  <div class='ocr_page' id='page_1' title='image "/cluster/home/n/w/nwhite01/storage/ocr_20150623/147/njp.32101010943429/350.png"; bbox 0 0 1925 3083; ppageno 0'>
   <div class='ocr_carea' id='block_1_1' title="bbox 87 100 138 134">
    <p class='ocr_par' dir='ltr' id='par_1_1' title="bbox 87 100 138 134">
     <span class='ocr_line' id='line_1_1' title="bbox 87 100 138 134; baseline 0 0"><span class='ocrx_word' id='word_1_1' title='bbox 87 100 138 134; x_wconf 76' lang='grc'><strong>677</strong></span> 
     </span>
    </p>
   </div>
   <div class='ocr_carea' id='block_1_2' title="bbox 694 97 1098 136">
    <p class='ocr_par' dir='ltr' id='par_1_2' title="bbox 694 97 1098 136">
     <span class='ocr_line' id='line_1_2' title="bbox 694 97 1098 136; baseline -0.01 -2"><span class='ocrx_word' id='word_1_2' title='bbox 694 104 893 136; x_wconf 78' lang='lat' dir='ltr'><strong>OPUSCULA</strong></span> <span class='ocrx_word' id='word_1_3' title='bbox 909 97 1098 133; x_wconf 69' lang='lat' dir='ltr'><strong>ASCETICA.</strong></span> 
     </span>
    </p>
   </div>
   <div class='ocr_carea' id='block_1_3' title="bbox 1667 100 1720 133">
    <p class='ocr_par' dir='ltr' id='par_1_3' title="bbox 1667 100 1720 133">
     <span class='ocr_line' id='line_1_3' title="bbox 1667 100 1720 133; baseline -0.038 0"><span class='ocrx_word' id='word_1_4' title='bbox 1667 100 1720 133; x_wconf 78' lang='lat'><strong>678</strong></span> 
     </span>
    </p>
   </div>
   <div class='ocr_carea' id='block_1_4' title="bbox 84 151 879 196">
    <p class='ocr_par' dir='ltr' id='par_1_4' title="bbox 84 151 876 195">
     <span class='ocr_line' id='line_1_4' title="bbox 84 151 876 195; baseline 0 -10"><span class='ocrx_word' id='word_1_5' title='bbox 84 167 157 195; x_wconf 81' lang='grc' dir='ltr'>ρημα</span> <span class='ocrx_word' id='word_1_6' title='bbox 165 158 223 191; x_wconf 79' lang='grc' dir='ltr'>τοῖς</span> <span class='ocrx_word' id='word_1_7' title='bbox 231 157 410 194; x_wconf 75' lang='grc' dir='ltr'>φοϐουμένοις</span> <span class='ocrx_word' id='word_1_8' title='bbox 423 156 504 186; x_wconf 70' lang='grc' dir='ltr'>αὐτόν</span> <span class='ocrx_word' id='word_1_9' title='bbox 514 164 520 173; x_wconf 91' lang='grc'>·</span> <span class='ocrx_word' id='word_1_10' title='bbox 539 167 548 184; x_wconf 76' lang='grc' dir='ltr'><strong>ι</strong></span> <span class='ocrx_word' id='word_1_11' title='bbox 561 157 620 189; x_wconf 82' lang='grc' dir='ltr'>καὶ,</span> <span class='ocrx_word' id='word_1_12' title='bbox 634 167 643 183; x_wconf 82' lang='grc' dir='ltr'><strong>ι</strong></span> <span class='ocrx_word' id='word_1_13' title='bbox 662 151 728 184; x_wconf 70' lang='grc' dir='ltr'><strong>’ἶδοῦ</strong></span> <span class='ocrx_word' id='word_1_14' title='bbox 736 157 822 189; x_wconf 72' lang='grc' dir='ltr'>οὕτως</span> <span class='ocrx_word' id='word_1_15' title='bbox 832 156 876 185; x_wconf 73' lang='grc' dir='ltr'><strong>εὑ-</strong></span> 
     </span>
    </p>
   </div>
   <div class='ocr_carea' id='block_1_5' title="bbox 930 151 1718 196">
    <p class='ocr_par' dir='ltr' id='par_1_5' title="bbox 930 159 1718 196">
     <span class='ocr_line' id='line_1_5' title="bbox 930 159 1718 196; baseline 0.001 -6"><span class='ocrx_word' id='word_1_16' title='bbox 930 163 966 190; x_wconf 79' lang='lat' dir='ltr'><strong>sic</strong></span> <span class='ocrx_word' id='word_1_17' title='bbox 995 162 1169 190; x_wconf 83' lang='lat' dir='ltr'><strong>benedicetur</strong></span> <span class='ocrx_word' id='word_1_18' title='bbox 1197 163 1287 192; x_wconf 83' lang='lat' dir='ltr'><strong>homo.</strong></span> <span class='ocrx_word' id='word_1_19' title='bbox 1315 159 1361 196; x_wconf 88' lang='lat' dir='ltr'><strong>qui</strong></span> <span class='ocrx_word' id='word_1_20' title='bbox 1382 160 1456 188; x_wconf 85' lang='lat' dir='ltr'><strong>tlmet</strong></span> <span class='ocrx_word' id='word_1_21' title='bbox 1488 160 1632 189; x_wconf 65' lang='lat' dir='ltr'><strong>[hominum</strong></span> <span class='ocrx_word' id='word_1_22' title='bbox 1656 162 1691 191; x_wconf 88' lang='lat'><strong>&quot;.</strong></span> <span class='ocrx_word' id='word_1_23' title='bbox 1708 163 1718 180; x_wconf 80' lang='lat'><strong>’</strong></span> 
     </span>
    </p>
   </div>
   <div class='ocr_carea' id='block_1_6' title="bbox 86 203 874 239">
    <p class='ocr_par' dir='ltr' id='par_1_6' title="bbox 86 203 874 239">
     <span class='ocr_line' id='line_1_6' title="bbox 86 203 874 239; baseline -0.004 -8"><span class='ocrx_word' id='word_1_24' title='bbox 86 203 451 239; x_wconf 77' lang='grc' dir='ltr'>λογηθήσεταιᾶνθρωπος,ὸ</span> <span class='ocrx_word' id='word_1_25' title='bbox 471 203 640 238; x_wconf 72' lang='grc' dir='ltr'>φοϐούμενος</span> <span class='ocrx_word' id='word_1_26' title='bbox 656 203 702 230; x_wconf 79' lang='grc' dir='ltr'><strong>τδν</strong></span> <span class='ocrx_word' id='word_1_27' title='bbox 719 203 820 238; x_wconf 85' lang='grc' dir='ltr'>Κύριον</span> <span class='ocrx_word' id='word_1_28' title='bbox 835 210 842 218; x_wconf 90' lang='grc'><strong>·</strong></span> <span class='ocrx_word' id='word_1_29' title='bbox 863 209 874 228; x_wconf 75' lang='grc' dir='ltr'><strong>ι</strong></span> 
     </span>
    </p>
   </div>
   <div class='ocr_carea' id='block_1_7' title="bbox 83 249 877 285">
    <p class='ocr_par' dir='ltr' id='par_1_7' title="bbox 83 249 877 285">
     <span class='ocr_line' id='line_1_7' title="bbox 83 249 877 285; baseline -0.001 -8"><span class='ocrx_word' id='word_1_30' title='bbox 83 250 140 283; x_wconf 76' lang='grc' dir='ltr'>καὶ,</span> <span class='ocrx_word' id='word_1_31' title='bbox 159 259 168 276; x_wconf 82' lang='grc' dir='ltr'><strong>ι</strong></span> <span class='ocrx_word' id='word_1_32' title='bbox 190 251 219 277; x_wconf 94' lang='lat'><strong>&#39;0</strong></span> <span class='ocrx_word' id='word_1_33' title='bbox 236 250 318 285; x_wconf 74' lang='grc' dir='ltr'>φόϐος</span> <span class='ocrx_word' id='word_1_34' title='bbox 335 250 437 284; x_wconf 83' lang='grc' dir='ltr'>Κυρίου</span> <span class='ocrx_word' id='word_1_35' title='bbox 458 249 551 284; x_wconf 77' lang='grc' dir='ltr'>ἁγνὸς,</span> <span class='ocrx_word' id='word_1_36' title='bbox 568 249 702 284; x_wconf 83' lang='grc' dir='ltr'><strong>διαμένων</strong></span> <span class='ocrx_word' id='word_1_37' title='bbox 729 250 769 281; x_wconf 76' lang='grc' dir='ltr'>είς</span> <span class='ocrx_word' id='word_1_38' title='bbox 790 249 877 277; x_wconf 82' lang='grc' dir='ltr'>αἰῶνα</span> 
     </span>
    </p>
   </div>
   <div class='ocr_carea' id='block_1_8' title="bbox 85 294 874 332">
    <p class='ocr_par' dir='ltr' id='par_1_8' title="bbox 85 294 874 332">
     <span class='ocr_line' id='line_1_8' title="bbox 85 294 874 332; baseline -0.005 -8"><span class='ocrx_word' id='word_1_39' title='bbox 85 298 192 329; x_wconf 76' lang='grc' dir='ltr'>αἰῶνος.</span> <span class='ocrx_word' id='word_1_40' title='bbox 204 306 213 323; x_wconf 74' lang='grc' dir='ltr'><strong>ι</strong></span> <span class='ocrx_word' id='word_1_41' title='bbox 225 296 365 332; x_wconf 79' lang='grc' dir='ltr'>Γράφειδὲ</span> <span class='ocrx_word' id='word_1_42' title='bbox 382 296 429 322; x_wconf 72' lang='grc' dir='ltr'><strong>καὶ</strong></span> <span class='ocrx_word' id='word_1_43' title='bbox 440 297 454 323; x_wconf 99' lang='lat'><strong>6</strong></span> <span class='ocrx_word' id='word_1_44' title='bbox 463 296 541 330; x_wconf 76' lang='grc' dir='ltr'>ἅγιος</span> <span class='ocrx_word' id='word_1_45' title='bbox 549 294 652 330; x_wconf 70' lang='grc' dir='ltr'>Πέτρος</span> <span class='ocrx_word' id='word_1_46' title='bbox 663 297 676 321; x_wconf 88' lang='grc' dir='ltr'><strong>ὀ</strong></span> <span class='ocrx_word' id='word_1_47' title='bbox 686 295 874 331; x_wconf 80' lang='grc' dir='ltr'>Δαμασκηνός·</span> 
     </span>
    </p>
   </div>
   <div class='ocr_carea' id='block_1_9' title="bbox 89 341 876 378">
    <p class='ocr_par' dir='ltr' id='par_1_9' title="bbox 89 341 876 378">
     <span class='ocr_line' id='line_1_9' title="bbox 89 341 876 378; baseline -0.003 -8"><span class='ocrx_word' id='word_1_48' title='bbox 89 354 98 370; x_wconf 80' lang='grc' dir='ltr'><strong>ι</strong></span> <span class='ocrx_word' id='word_1_49' title='bbox 109 344 225 378; x_wconf 85' lang='grc' dir='ltr'>Σημεῖον</span> <span class='ocrx_word' id='word_1_50' title='bbox 232 342 278 369; x_wconf 81' lang='grc' dir='ltr'>τοῦ</span> <span class='ocrx_word' id='word_1_51' title='bbox 291 341 400 377; x_wconf 78' lang='grc' dir='ltr'><strong>πρώτου</strong></span> <span class='ocrx_word' id='word_1_52' title='bbox 410 341 505 377; x_wconf 77' lang='grc' dir='ltr'>φόϐου,</span> <span class='ocrx_word' id='word_1_53' title='bbox 515 341 545 368; x_wconf 79' lang='grc' dir='ltr'>τὸ</span> <span class='ocrx_word' id='word_1_54' title='bbox 556 343 654 376; x_wconf 80' lang='grc' dir='ltr'><strong>μισεῖν,</strong></span> <span class='ocrx_word' id='word_1_55' title='bbox 663 341 710 367; x_wconf 73' lang='grc' dir='ltr'>καὶ</span> <span class='ocrx_word' id='word_1_56' title='bbox 720 341 876 375; x_wconf 82' lang='grc' dir='ltr'>ὀργίζεσθαι</span> 
     </span>
    </p>
   </div>
   <div class='ocr_carea' id='block_1_10' title="bbox 84 388 875 425">
    <p class='ocr_par' dir='ltr' id='par_1_10' title="bbox 84 388 875 425">
     <span class='ocr_line' id='line_1_10' title="bbox 84 388 875 425; baseline -0.003 -9"><span class='ocrx_word' id='word_1_57' title='bbox 84 391 132 425; x_wconf 77' lang='grc' dir='ltr'>τήν</span> <span class='ocrx_word' id='word_1_58' title='bbox 147 389 296 425; x_wconf 81' lang='grc' dir='ltr'><strong>ἁμαρτίαν,</strong></span> <span class='ocrx_word' id='word_1_59' title='bbox 311 388 348 420; x_wconf 83' lang='grc' dir='ltr'>ὡς</span> <span class='ocrx_word' id='word_1_60' title='bbox 363 390 378 416; x_wconf 89' lang='lat'><strong>6</strong></span> <span class='ocrx_word' id='word_1_61' title='bbox 393 389 507 424; x_wconf 71' lang='grc' dir='ltr'>πληγεὶς</span> <span class='ocrx_word' id='word_1_62' title='bbox 526 388 578 415; x_wconf 77' lang='grc' dir='ltr'>ὑπὸ</span> <span class='ocrx_word' id='word_1_63' title='bbox 599 388 681 423; x_wconf 55' lang='lat' dir='ltr'><strong>om;</strong></span> <span class='ocrx_word' id='word_1_64' title='bbox 700 396 707 404; x_wconf 84' lang='lat'><strong><em>-</em></strong></span> <span class='ocrx_word' id='word_1_65' title='bbox 719 388 765 414; x_wconf 80' lang='grc' dir='ltr'>τοῦ</span> <span class='ocrx_word' id='word_1_66' title='bbox 780 388 808 414; x_wconf 81' lang='grc' dir='ltr'>δὲ</span> <span class='ocrx_word' id='word_1_67' title='bbox 829 396 875 414; x_wconf 84' lang='grc' dir='ltr'>τε·</span> 
     </span>
    </p>
   </div>
   <div class='ocr_carea' id='block_1_11' title="bbox 85 434 875 473">
    <p class='ocr_par' dir='ltr' id='par_1_11' title="bbox 85 434 875 473">
     <span class='ocr_line' id='line_1_11' title="bbox 85 434 875 473; baseline -0.003 -11"><span class='ocrx_word' id='word_1_68' title='bbox 85 435 166 468; x_wconf 75' lang='grc' dir='ltr'>λείου,</span> <span class='ocrx_word' id='word_1_69' title='bbox 176 437 206 462; x_wconf 79' lang='grc' dir='ltr'>τὸ</span> <span class='ocrx_word' id='word_1_70' title='bbox 217 436 328 471; x_wconf 79' lang='grc' dir='ltr'>ἀγαπᾷν</span> <span class='ocrx_word' id='word_1_71' title='bbox 341 437 390 470; x_wconf 80' lang='grc' dir='ltr'>τὴν</span> <span class='ocrx_word' id='word_1_72' title='bbox 404 434 515 470; x_wconf 82' lang='grc' dir='ltr'>ἀρετὴν,</span> <span class='ocrx_word' id='word_1_73' title='bbox 524 434 580 473; x_wconf 34' lang='grc' dir='ltr'>’καὶ</span> <span class='ocrx_word' id='word_1_74' title='bbox 600 434 742 468; x_wconf 79' lang='grc' dir='ltr'>φοδείσθαι</span> <span class='ocrx_word' id='word_1_75' title='bbox 753 434 802 470; x_wconf 73' lang='grc' dir='ltr'>τὴν</span> <span class='ocrx_word' id='word_1_76' title='bbox 813 443 875 469; x_wconf 82' lang='grc' dir='ltr'>τρο-</span> 
     </span>
    </p>
   </div>
   <div class='ocr_carea' id='block_1_12' title="bbox 87 480 877 517">
    <p class='ocr_par' dir='ltr' id='par_1_12' title="bbox 87 480 877 517">
     <span class='ocr_line' id='line_1_12' title="bbox 87 480 877 517; baseline -0.001 -9"><span class='ocrx_word' id='word_1_77' title='bbox 87 483 148 517; x_wconf 84' lang='grc' dir='ltr'>πήν.</span> <span class='ocrx_word' id='word_1_78' title='bbox 160 483 214 509; x_wconf 76' lang='grc' dir='ltr'><strong>Καὶ</strong></span> <span class='ocrx_word' id='word_1_79' title='bbox 225 482 265 508; x_wconf 83' lang='grc' dir='ltr'>ὅτι</span> <span class='ocrx_word' id='word_1_80' title='bbox 275 482 362 512; x_wconf 78' lang='grc' dir='ltr'>οὐδεὶς</span> <span class='ocrx_word' id='word_1_81' title='bbox 372 481 551 513; x_wconf 80' lang='grc' dir='ltr'>ἀναλλοῖωτος</span> <span class='ocrx_word' id='word_1_82' title='bbox 560 486 566 493; x_wconf 94' lang='lat'>&#39;</span> <span class='ocrx_word' id='word_1_83' title='bbox 577 481 623 507; x_wconf 71' lang='grc' dir='ltr'><strong>καὶ</strong></span> <span class='ocrx_word' id='word_1_84' title='bbox 634 481 680 506; x_wconf 70' lang='grc' dir='ltr'><strong>ἐπὶ</strong></span> <span class='ocrx_word' id='word_1_85' title='bbox 692 481 791 512; x_wconf 76' lang='grc' dir='ltr'>παντὸς</span> <span class='ocrx_word' id='word_1_86' title='bbox 806 480 877 515; x_wconf 82' lang='grc' dir='ltr'>πρά-</span> 
     </span>
    </p>
   </div>
   <div class='ocr_carea' id='block_1_13' title="bbox 86 525 876 562">
    <p class='ocr_par' dir='ltr' id='par_1_13' title="bbox 86 525 876 562">
     <span class='ocr_line' id='line_1_13' title="bbox 86 525 876 562; baseline -0.003 -8"><span class='ocrx_word' id='word_1_87' title='bbox 86 536 190 562; x_wconf 85' lang='grc' dir='ltr'>γματος</span> <span class='ocrx_word' id='word_1_88' title='bbox 205 528 235 554; x_wconf 81' lang='grc' dir='ltr'>ὲν</span> <span class='ocrx_word' id='word_1_89' title='bbox 250 527 288 562; x_wconf 86' lang='grc' dir='ltr'>τῷ</span> <span class='ocrx_word' id='word_1_90' title='bbox 304 527 354 562; x_wconf 86' lang='grc' dir='ltr'><strong>βίῳ</strong></span> <span class='ocrx_word' id='word_1_91' title='bbox 374 527 472 562; x_wconf 75' lang='grc' dir='ltr'>τούτῳ,</span> <span class='ocrx_word' id='word_1_92' title='bbox 489 526 634 561; x_wconf 71' lang='grc' dir='ltr'><strong>ὀφείλομεν</strong></span> <span class='ocrx_word' id='word_1_93' title='bbox 650 527 693 553; x_wconf 79' lang='grc' dir='ltr'><strong>ἀεὶ</strong></span> <span class='ocrx_word' id='word_1_94' title='bbox 708 527 757 557; x_wconf 81' lang='grc' dir='ltr'>τὴν</span> <span class='ocrx_word' id='word_1_95' title='bbox 771 525 876 552; x_wconf 81' lang='grc' dir='ltr'>πτῶσιν</span> 
     </span>
    </p>
   </div>
   <div class='ocr_carea' id='block_1_14' title="bbox 87 571 878 608">
    <p class='ocr_par' dir='ltr' id='par_1_14' title="bbox 87 571 878 608">
     <span class='ocr_line' id='line_1_14' title="bbox 87 571 878 608; baseline -0.003 -8"><span class='ocrx_word' id='word_1_96' title='bbox 87 574 237 608; x_wconf 71' lang='grc' dir='ltr'>φοϐεῖσθαι.</span> <span class='ocrx_word' id='word_1_97' title='bbox 251 583 260 599; x_wconf 80' lang='grc' dir='ltr'><strong>ι</strong></span> <span class='ocrx_word' id='word_1_98' title='bbox 276 573 358 600; x_wconf 81' lang='grc' dir='ltr'>Ὅθεν</span> <span class='ocrx_word' id='word_1_99' title='bbox 389 573 437 600; x_wconf 80' lang='grc' dir='ltr'>καὶ</span> <span class='ocrx_word' id='word_1_100' title='bbox 450 573 532 605; x_wconf 78' lang='grc' dir='ltr'>αὐτὸς</span> <span class='ocrx_word' id='word_1_101' title='bbox 541 572 629 599; x_wconf 72' lang='grc' dir='ltr'>ταῦτα</span> <span class='ocrx_word' id='word_1_102' title='bbox 641 573 759 604; x_wconf 82' lang='grc' dir='ltr'><strong>συνετῶς</strong></span> <span class='ocrx_word' id='word_1_103' title='bbox 771 571 878 607; x_wconf 83' lang='grc' dir='ltr'>ἀκροώ-</span> 
     </span>
    </p>
   </div>
   <div class='ocr_carea' id='block_1_15' title="bbox 88 620 876 657">
    <p class='ocr_par' dir='ltr' id='par_1_15' title="bbox 88 620 876 657">
     <span class='ocr_line' id='line_1_15' title="bbox 88 620 876 657; baseline -0.003 -10"><span class='ocrx_word' id='word_1_104' title='bbox 88 629 177 657; x_wconf 83' lang='grc' dir='ltr'>μενος,</span> <span class='ocrx_word' id='word_1_105' title='bbox 194 620 347 647; x_wconf 78' lang='grc' dir='ltr'><strong>σπούδασον</strong></span> <span class='ocrx_word' id='word_1_106' title='bbox 371 620 441 654; x_wconf 78' lang='grc' dir='ltr'>μετὰ</span> <span class='ocrx_word' id='word_1_107' title='bbox 464 620 518 646; x_wconf 80' lang='grc' dir='ltr'>τῶν</span> <span class='ocrx_word' id='word_1_108' title='bbox 535 620 743 655; x_wconf 78' lang='grc' dir='ltr'><strong>προειρημένων</strong></span> <span class='ocrx_word' id='word_1_109' title='bbox 756 620 876 652; x_wconf 61' lang='grc' dir='ltr'>πάντων,</span> 
     </span>
    </p>
   </div>
   <div class='ocr_carea' id='block_1_16' title="bbox 86 665 878 702">
    <p class='ocr_par' dir='ltr' id='par_1_16' title="bbox 86 665 878 702">
     <span class='ocr_line' id='line_1_16' title="bbox 86 665 878 702; baseline -0.004 -8"><span class='ocrx_word' id='word_1_110' title='bbox 86 668 189 694; x_wconf 77' lang='grc' dir='ltr'>καὶτὸν</span> <span class='ocrx_word' id='word_1_111' title='bbox 199 667 307 702; x_wconf 80' lang='grc' dir='ltr'>πρῶτον</span> <span class='ocrx_word' id='word_1_112' title='bbox 320 667 422 702; x_wconf 78' lang='grc' dir='ltr'><strong>ἀρτίως</strong></span> <span class='ocrx_word' id='word_1_113' title='bbox 431 666 513 701; x_wconf 73' lang='grc' dir='ltr'>φόϐον</span> <span class='ocrx_word' id='word_1_114' title='bbox 541 666 616 701; x_wconf 76' lang='grc' dir='ltr'>παρὰ</span> <span class='ocrx_word' id='word_1_115' title='bbox 634 666 740 701; x_wconf 81' lang='grc' dir='ltr'>σεαυτῷ</span> <span class='ocrx_word' id='word_1_116' title='bbox 754 665 878 700; x_wconf 81' lang='grc' dir='ltr'><strong>κατέχειν</strong></span> 
     </span>
    </p>
   </div>
   <div class='ocr_carea' id='block_1_17' title="bbox 86 710 879 748">
    <p class='ocr_par' dir='ltr' id='par_1_17' title="bbox 86 710 879 748">
     <span class='ocr_line' id='line_1_17' title="bbox 86 710 879 748; baseline -0.003 -9"><span class='ocrx_word' id='word_1_117' title='bbox 86 713 268 744; x_wconf 78' lang='grc' dir='ltr'><strong>ἀδιαλείπτως</strong></span> <span class='ocrx_word' id='word_1_118' title='bbox 283 721 290 729; x_wconf 89' lang='grc'>·</span> <span class='ocrx_word' id='word_1_119' title='bbox 306 710 350 739; x_wconf 76' lang='grc' dir='ltr'>οἷα</span> <span class='ocrx_word' id='word_1_120' title='bbox 385 713 440 746; x_wconf 90' lang='grc' dir='ltr'><strong>γὰρ</strong></span> <span class='ocrx_word' id='word_1_121' title='bbox 465 712 720 748; x_wconf 78' lang='grc' dir='ltr'>Θησαυροφυλάκιον</span> <span class='ocrx_word' id='word_1_122' title='bbox 756 712 879 746; x_wconf 81' lang='grc' dir='ltr'>πέφυκεν</span> 
     </span>
    </p>
   </div>
   <div class='ocr_carea' id='block_1_18' title="bbox 88 757 878 796">
    <p class='ocr_par' dir='ltr' id='par_1_18' title="bbox 88 757 878 796">
     <span class='ocr_line' id='line_1_18' title="bbox 88 757 878 796; baseline -0.005 -9"><span class='ocrx_word' id='word_1_123' title='bbox 88 760 293 796; x_wconf 81' lang='grc' dir='ltr'>ἀσφαλέστατον</span> <span class='ocrx_word' id='word_1_124' title='bbox 321 760 412 795; x_wconf 71' lang='grc' dir='ltr'>πάσης</span> <span class='ocrx_word' id='word_1_125' title='bbox 436 759 542 795; x_wconf 78' lang='grc' dir='ltr'><strong>ἀγαθῆς</strong></span> <span class='ocrx_word' id='word_1_126' title='bbox 569 759 705 795; x_wconf 76' lang='grc' dir='ltr'>πράξεως.</span> <span class='ocrx_word' id='word_1_127' title='bbox 725 757 804 784; x_wconf 79' lang='grc' dir='ltr'>Οὕτω</span> <span class='ocrx_word' id='word_1_128' title='bbox 824 757 878 792; x_wconf 83' lang='grc' dir='ltr'><strong>γὰρ</strong></span> 
     </span>
    </p>
   </div>
   <div class='ocr_carea' id='block_1_19' title="bbox 88 803 878 842">
    <p class='ocr_par' dir='ltr' id='par_1_19' title="bbox 88 803 878 842">
     <span class='ocr_line' id='line_1_19' title="bbox 88 803 878 842; baseline -0.004 -8"><span class='ocrx_word' id='word_1_129' title='bbox 88 807 166 842; x_wconf 76' lang='grc' dir='ltr'>ἔχων,</span> <span class='ocrx_word' id='word_1_130' title='bbox 183 807 407 842; x_wconf 82' lang='grc' dir='ltr'>κατευθυνόμενα</span> <span class='ocrx_word' id='word_1_131' title='bbox 426 806 498 839; x_wconf 77' lang='grc' dir='ltr'>ἕξεις</span> <span class='ocrx_word' id='word_1_132' title='bbox 514 807 548 833; x_wconf 82' lang='grc' dir='ltr'><strong>τὰ</strong></span> <span class='ocrx_word' id='word_1_133' title='bbox 561 806 720 841; x_wconf 73' lang='grc' dir='ltr'>διαδήματά</span> <span class='ocrx_word' id='word_1_134' title='bbox 736 813 793 837; x_wconf 85' lang='grc' dir='ltr'>σου,</span> <span class='ocrx_word' id='word_1_135' title='bbox 811 803 878 839; x_wconf 73' lang='grc' dir='ltr'>πρὸς</span> 
     </span>
    </p>
   </div>
   <div class='ocr_carea' id='block_1_20' title="bbox 87 848 878 888">
    <p class='ocr_par' dir='ltr' id='par_1_20' title="bbox 87 848 878 888">
     <span class='ocr_line' id='line_1_20' title="bbox 87 848 878 888; baseline -0.003 -11"><span class='ocrx_word' id='word_1_136' title='bbox 87 853 134 886; x_wconf 78' lang='grc' dir='ltr'>τὴν</span> <span class='ocrx_word' id='word_1_137' title='bbox 154 853 288 887; x_wconf 73' lang='grc' dir='ltr'>ἐργασίαν</span> <span class='ocrx_word' id='word_1_138' title='bbox 313 851 408 879; x_wconf 81' lang='grc' dir='ltr'>πασῶν</span> <span class='ocrx_word' id='word_1_139' title='bbox 431 851 486 878; x_wconf 82' lang='grc' dir='ltr'><strong>τῶν</strong></span> <span class='ocrx_word' id='word_1_140' title='bbox 500 850 548 878; x_wconf 81' lang='grc' dir='ltr'>τοῦ</span> <span class='ocrx_word' id='word_1_141' title='bbox 563 852 667 888; x_wconf 79' lang='grc' dir='ltr'>Κυρίου</span> <span class='ocrx_word' id='word_1_142' title='bbox 686 850 767 886; x_wconf 77' lang='grc' dir='ltr'>ἡμῶν</span> <span class='ocrx_word' id='word_1_143' title='bbox 788 848 878 884; x_wconf 80' lang='grc' dir='ltr'>Ἰησοῦ</span> 
     </span>
    </p>
   </div>
   <div class='ocr_carea' id='block_1_21' title="bbox 88 896 880 935">
    <p class='ocr_par' dir='ltr' id='par_1_21' title="bbox 88 896 880 935">
     <span class='ocr_line' id='line_1_21' title="bbox 88 896 880 935; baseline -0.003 -9"><span class='ocrx_word' id='word_1_144' title='bbox 88 896 206 935; x_wconf 80' lang='grc' dir='ltr'><strong>Χριστοῦ</strong></span> <span class='ocrx_word' id='word_1_145' title='bbox 219 897 333 925; x_wconf 76' lang='grc' dir='ltr'><strong>ἐντολῶν</strong></span> <span class='ocrx_word' id='word_1_146' title='bbox 344 905 351 912; x_wconf 90' lang='grc'><strong><em>“</em></strong></span> <span class='ocrx_word' id='word_1_147' title='bbox 366 898 418 933; x_wconf 79' lang='grc' dir='ltr'>ὁδῷ</span> <span class='ocrx_word' id='word_1_148' title='bbox 433 898 461 925; x_wconf 80' lang='grc' dir='ltr'>δὲ</span> <span class='ocrx_word' id='word_1_149' title='bbox 476 898 642 933; x_wconf 74' lang='grc' dir='ltr'>προϐαίνων,</span> <span class='ocrx_word' id='word_1_150' title='bbox 656 898 817 933; x_wconf 84' lang='grc' dir='ltr'>προσκτήσῃ</span> <span class='ocrx_word' id='word_1_151' title='bbox 831 897 880 925; x_wconf 81' lang='grc' dir='ltr'>καὶ</span> 
     </span>
    </p>
   </div>
   <div class='ocr_carea' id='block_1_22' title="bbox 87 942 878 979">
    <p class='ocr_par' dir='ltr' id='par_1_22' title="bbox 87 942 878 979">
     <span class='ocr_line' id='line_1_22' title="bbox 87 942 878 979; baseline -0.003 -7"><span class='ocrx_word' id='word_1_152' title='bbox 87 945 131 972; x_wconf 83' lang='grc' dir='ltr'><strong>ἰδν</strong></span> <span class='ocrx_word' id='word_1_153' title='bbox 142 945 257 978; x_wconf 78' lang='grc' dir='ltr'>τέλειον,</span> <span class='ocrx_word' id='word_1_154' title='bbox 273 944 322 972; x_wconf 71' lang='grc' dir='ltr'>καὶ</span> <span class='ocrx_word' id='word_1_155' title='bbox 334 944 416 978; x_wconf 74' lang='grc' dir='ltr'>ἁγνὸν</span> <span class='ocrx_word' id='word_1_156' title='bbox 431 944 522 979; x_wconf 74' lang='grc' dir='ltr'>φόόον,</span> <span class='ocrx_word' id='word_1_157' title='bbox 540 943 578 979; x_wconf 78' lang='grc' dir='ltr'><strong>τῷ</strong></span> <span class='ocrx_word' id='word_1_158' title='bbox 594 943 670 979; x_wconf 73' lang='grc' dir='ltr'>πόθῳ</span> <span class='ocrx_word' id='word_1_159' title='bbox 687 943 742 969; x_wconf 83' lang='grc' dir='ltr'><strong>τῶν</strong></span> <span class='ocrx_word' id='word_1_160' title='bbox 761 942 878 979; x_wconf 82' lang='grc' dir='ltr'><strong>ἀρετῶν,</strong></span> 
     </span>
    </p>
   </div>
   <div class='ocr_carea' id='block_1_23' title="bbox 88 990 651 1027">
    <p class='ocr_par' dir='ltr' id='par_1_23' title="bbox 88 990 651 1027">
     <span class='ocr_line' id='line_1_23' title="bbox 88 990 651 1027; baseline -0.002 -8"><span class='ocrx_word' id='word_1_161' title='bbox 88 992 133 1019; x_wconf 75' lang='grc' dir='ltr'>καὶ</span> <span class='ocrx_word' id='word_1_162' title='bbox 147 991 187 1027; x_wconf 82' lang='grc' dir='ltr'>τῷ</span> <span class='ocrx_word' id='word_1_163' title='bbox 199 991 271 1018; x_wconf 71' lang='grc' dir='ltr'>ἐλέει</span> <span class='ocrx_word' id='word_1_164' title='bbox 287 991 336 1017; x_wconf 84' lang='grc' dir='ltr'>τοῦ</span> <span class='ocrx_word' id='word_1_165' title='bbox 353 990 458 1025; x_wconf 74' lang='grc' dir='ltr'>ἀγαθοῦ</span> <span class='ocrx_word' id='word_1_166' title='bbox 474 990 543 1017; x_wconf 78' lang='grc' dir='ltr'>Θεοῦ</span> <span class='ocrx_word' id='word_1_167' title='bbox 561 990 651 1026; x_wconf 78' lang='grc' dir='ltr'>ἡμῶν.</span> 
     </span>
    </p>
   </div>
   <div class='ocr_carea' id='block_1_24' title="bbox 87 1056 882 1094">
    <p class='ocr_par' dir='ltr' id='par_1_24' title="bbox 87 1056 882 1094">
     <span class='ocr_line' id='line_1_24' title="bbox 87 1056 882 1094; baseline -0.005 -6"><span class='ocrx_word' id='word_1_168' title='bbox 87 1060 150 1088; x_wconf 78' lang='grc' dir='ltr'>Ὀτι</span> <span class='ocrx_word' id='word_1_169' title='bbox 163 1060 252 1094; x_wconf 81' lang='grc' dir='ltr'>χάριν</span> <span class='ocrx_word' id='word_1_170' title='bbox 265 1060 326 1087; x_wconf 76' lang='grc' dir='ltr'>τῶν</span> <span class='ocrx_word' id='word_1_171' title='bbox 342 1058 486 1094; x_wconf 68' lang='grc' dir='ltr'>ἐντολῶν,</span> <span class='ocrx_word' id='word_1_172' title='bbox 499 1058 548 1085; x_wconf 80' lang='grc' dir='ltr'><strong>καί</strong></span> <span class='ocrx_word' id='word_1_173' title='bbox 574 1057 629 1091; x_wconf 79' lang='grc' dir='ltr'>τῆς</span> <span class='ocrx_word' id='word_1_174' title='bbox 643 1057 707 1094; x_wconf 64' lang='grc' dir='ltr'>κατ’</span> <span class='ocrx_word' id='word_1_175' title='bbox 722 1056 817 1094; x_wconf 80' lang='grc' dir='ltr'>αὑτὰς</span> <span class='ocrx_word' id='word_1_176' title='bbox 835 1057 882 1085; x_wconf 74' lang='grc' dir='ltr'>πί-</span> 
     </span>
    </p>
   </div>
   <div class='ocr_carea' id='block_1_25' title="bbox 120 1093 881 1129">
    <p class='ocr_par' dir='ltr' id='par_1_25' title="bbox 120 1093 881 1129">
     <span class='ocr_line' id='line_1_25' title="bbox 120 1093 881 1129; baseline -0.007 -6"><span class='ocrx_word' id='word_1_177' title='bbox 120 1093 217 1128; x_wconf 58' lang='lat' dir='ltr'><strong>arctoi;</strong></span> <span class='ocrx_word' id='word_1_178' title='bbox 231 1095 284 1122; x_wconf 86' lang='grc' dir='ltr'>τοῦ</span> <span class='ocrx_word' id='word_1_179' title='bbox 301 1095 412 1129; x_wconf 83' lang='grc' dir='ltr'>Κυρίου</span> <span class='ocrx_word' id='word_1_180' title='bbox 433 1093 538 1126; x_wconf 80' lang='grc' dir='ltr'>Ἰησοῦ</span> <span class='ocrx_word' id='word_1_181' title='bbox 558 1093 698 1129; x_wconf 74' lang='grc' dir='ltr'>Χριστοῦ,</span> <span class='ocrx_word' id='word_1_182' title='bbox 712 1093 816 1129; x_wconf 52' lang='grc' dir='ltr'>καιροῦ</span> <span class='ocrx_word' id='word_1_183' title='bbox 829 1101 881 1129; x_wconf 64' lang='grc' dir='ltr'>κρ-</span> 
     </span>
    </p>
   </div>
   <div class='ocr_carea' id='block_1_26' title="bbox 120 1127 882 1165">
    <p class='ocr_par' dir='ltr' id='par_1_26' title="bbox 120 1127 882 1165">
     <span class='ocr_line' id='line_1_26' title="bbox 120 1127 882 1165; baseline -0.005 -7"><span class='ocrx_word' id='word_1_184' title='bbox 120 1127 261 1163; x_wconf 65' lang='grc' dir='ltr'>λοῦντος,</span> <span class='ocrx_word' id='word_1_185' title='bbox 274 1127 433 1165; x_wconf 61' lang='grc' dir='ltr'>ὀφείλομεν</span> <span class='ocrx_word' id='word_1_186' title='bbox 446 1128 620 1164; x_wconf 79' lang='grc' dir='ltr'>μηδάὺτῆς</span> <span class='ocrx_word' id='word_1_187' title='bbox 634 1128 691 1162; x_wconf 71' lang='grc' dir='ltr'>τῆς</span> <span class='ocrx_word' id='word_1_188' title='bbox 707 1127 781 1161; x_wconf 74' lang='grc' dir='ltr'>ζωῆς</span> <span class='ocrx_word' id='word_1_189' title='bbox 795 1127 882 1163; x_wconf 71' lang='grc' dir='ltr'><strong>ἡμῶν</strong></span> 
     </span>
    </p>
   </div>
   <div class='ocr_carea' id='block_1_27' title="bbox 121 1167 296 1202">
    <p class='ocr_par' dir='ltr' id='par_1_27' title="bbox 121 1167 296 1202">
     <span class='ocr_line' id='line_1_27' title="bbox 121 1167 296 1202; baseline 0.006 -9"><span class='ocrx_word' id='word_1_190' title='bbox 121 1167 296 1202; x_wconf 63' lang='grc' dir='ltr'>φείσασθαι.</span> 
     </span>
    </p>
   </div>
   <div class='ocr_carea' id='block_1_28' title="bbox 123 1219 882 1260">
    <p class='ocr_par' dir='ltr' id='par_1_28' title="bbox 123 1219 882 1260">
     <span class='ocr_line' id='line_1_28' title="bbox 123 1219 882 1260; baseline -0.005 -9"><span class='ocrx_word' id='word_1_191' title='bbox 123 1224 169 1260; x_wconf 81' lang='grc' dir='ltr'><strong>ιη’.</strong></span> <span class='ocrx_word' id='word_1_192' title='bbox 185 1224 259 1259; x_wconf 71' lang='grc' dir='ltr'>Πρὸς</span> <span class='ocrx_word' id='word_1_193' title='bbox 269 1223 298 1250; x_wconf 83' lang='grc' dir='ltr'>δὲ</span> <span class='ocrx_word' id='word_1_194' title='bbox 317 1223 373 1254; x_wconf 77' lang='grc' dir='ltr'>τοῖς</span> <span class='ocrx_word' id='word_1_195' title='bbox 394 1222 562 1258; x_wconf 72' lang='grc' dir='ltr'>εἰρημένοις,</span> <span class='ocrx_word' id='word_1_196' title='bbox 580 1221 640 1248; x_wconf 83' lang='grc' dir='ltr'>δέον</span> <span class='ocrx_word' id='word_1_197' title='bbox 657 1221 705 1248; x_wconf 66' lang='grc' dir='ltr'>καὶ</span> <span class='ocrx_word' id='word_1_198' title='bbox 718 1220 797 1248; x_wconf 74' lang='grc' dir='ltr'>τοῦτο</span> <span class='ocrx_word' id='word_1_199' title='bbox 812 1219 882 1247; x_wconf 85' lang='grc' dir='ltr'>είδέ-</span> 
     </span>
    </p>
   </div>
   <div class='ocr_carea' id='block_1_29' title="bbox 85 1268 882 1305">
    <p class='ocr_par' dir='ltr' id='par_1_29' title="bbox 85 1268 882 1305">
     <span class='ocr_line' id='line_1_29' title="bbox 85 1268 882 1305; baseline -0.003 -8"><span class='ocrx_word' id='word_1_200' title='bbox 85 1279 128 1298; x_wconf 94' lang='grc' dir='ltr'><strong>ναι</strong></span> <span class='ocrx_word' id='word_1_201' title='bbox 141 1279 183 1303; x_wconf 87' lang='grc' dir='ltr'><strong>σε,</strong></span> <span class='ocrx_word' id='word_1_202' title='bbox 198 1270 305 1305; x_wconf 78' lang='grc' dir='ltr'>ὅτιπερ,</span> <span class='ocrx_word' id='word_1_203' title='bbox 323 1269 404 1305; x_wconf 80' lang='grc' dir='ltr'>χάριν</span> <span class='ocrx_word' id='word_1_204' title='bbox 418 1269 471 1295; x_wconf 84' lang='grc' dir='ltr'>τῶν</span> <span class='ocrx_word' id='word_1_205' title='bbox 486 1269 674 1304; x_wconf 75' lang='grc' dir='ltr'>ζωοπαρόχων</span> <span class='ocrx_word' id='word_1_206' title='bbox 695 1268 821 1300; x_wconf 78' lang='grc' dir='ltr'>ἐντολῶν,</span> <span class='ocrx_word' id='word_1_207' title='bbox 833 1268 882 1295; x_wconf 74' lang='grc' dir='ltr'>καὶ</span> 
     </span>
    </p>
   </div>
   <div class='ocr_carea' id='block_1_30' title="bbox 86 1315 881 1354">
    <p class='ocr_par' dir='ltr' id='par_1_30' title="bbox 86 1315 881 1354">
     <span class='ocr_line' id='line_1_30' title="bbox 86 1315 881 1354; baseline -0.004 -10"><span class='ocrx_word' id='word_1_208' title='bbox 86 1315 136 1354; x_wconf 78' lang='grc' dir='ltr'>τῆς</span> <span class='ocrx_word' id='word_1_209' title='bbox 154 1317 217 1344; x_wconf 81' lang='grc' dir='ltr'>κατ’</span> <span class='ocrx_word' id='word_1_210' title='bbox 228 1317 312 1348; x_wconf 68' lang='grc' dir='ltr'>αὐτὰς</span> <span class='ocrx_word' id='word_1_211' title='bbox 326 1317 445 1348; x_wconf 81' lang='grc' dir='ltr'>πίστεως</span> <span class='ocrx_word' id='word_1_212' title='bbox 457 1315 504 1342; x_wconf 82' lang='grc' dir='ltr'>τοῦ</span> <span class='ocrx_word' id='word_1_213' title='bbox 520 1315 624 1351; x_wconf 75' lang='grc' dir='ltr'>Κυρίου</span> <span class='ocrx_word' id='word_1_214' title='bbox 649 1315 736 1350; x_wconf 76' lang='grc' dir='ltr'>Ἰησοῦ</span> <span class='ocrx_word' id='word_1_215' title='bbox 750 1315 881 1350; x_wconf 81' lang='grc' dir='ltr'>Χριστοῦ,</span> 
     </span>
    </p>
   </div>
   <div class='ocr_carea' id='block_1_31' title="bbox 86 1360 880 1398">
    <p class='ocr_par' dir='ltr' id='par_1_31' title="bbox 86 1360 880 1398">
     <span class='ocr_line' id='line_1_31' title="bbox 86 1360 880 1398; baseline -0.005 -8"><span class='ocrx_word' id='word_1_216' title='bbox 86 1363 231 1398; x_wconf 70' lang='grc' dir='ltr'>ὀφείλομεν</span> <span class='ocrx_word' id='word_1_217' title='bbox 241 1383 249 1396; x_wconf 93' lang='grc'><strong>,</strong></span> <span class='ocrx_word' id='word_1_218' title='bbox 266 1361 363 1396; x_wconf 73' lang='grc' dir='ltr'>καιροῦ</span> <span class='ocrx_word' id='word_1_219' title='bbox 378 1361 525 1392; x_wconf 78' lang='grc' dir='ltr'>καλοῦντος</span> <span class='ocrx_word' id='word_1_220' title='bbox 536 1381 544 1392; x_wconf 95' lang='grc'><strong>,</strong></span> <span class='ocrx_word' id='word_1_221' title='bbox 560 1361 608 1388; x_wconf 78' lang='grc' dir='ltr'>καὶ</span> <span class='ocrx_word' id='word_1_222' title='bbox 624 1361 707 1396; x_wconf 81' lang='grc' dir='ltr'>αὐτὴν</span> <span class='ocrx_word' id='word_1_223' title='bbox 721 1361 771 1396; x_wconf 82' lang='grc' dir='ltr'>τὴν</span> <span class='ocrx_word' id='word_1_224' title='bbox 789 1360 880 1396; x_wconf 77' lang='grc' dir='ltr'>ψυχὴν</span> 
     </span>
    </p>
   </div>
   <div class='ocr_carea' id='block_1_32' title="bbox 87 1406 876 1443">
    <p class='ocr_par' dir='ltr' id='par_1_32' title="bbox 87 1406 876 1443">
     <span class='ocr_line' id='line_1_32' title="bbox 87 1406 876 1443; baseline -0.006 -7"><span class='ocrx_word' id='word_1_225' title='bbox 87 1409 221 1436; x_wconf 77' lang='grc' dir='ltr'>ἀπολέσαι</span> <span class='ocrx_word' id='word_1_226' title='bbox 244 1408 387 1443; x_wconf 71' lang='grc' dir='ltr'>ἁσμένως·</span> <span class='ocrx_word' id='word_1_227' title='bbox 405 1408 465 1443; x_wconf 74' lang='grc' dir='ltr'>ἤτοι</span> <span class='ocrx_word' id='word_1_228' title='bbox 482 1407 546 1442; x_wconf 85' lang='grc' dir='ltr'>μηδ’</span> <span class='ocrx_word' id='word_1_229' title='bbox 558 1407 644 1441; x_wconf 75' lang='grc' dir='ltr'>αὐτῆς</span> <span class='ocrx_word' id='word_1_230' title='bbox 668 1406 813 1439; x_wconf 75' lang='grc' dir='ltr'>φείσασῧαι</span> <span class='ocrx_word' id='word_1_231' title='bbox 826 1406 876 1441; x_wconf 85' lang='grc' dir='ltr'>τῆς</span> 
     </span>
    </p>
   </div>
   <div class='ocr_carea' id='block_1_33' title="bbox 87 1452 882 1492">
    <p class='ocr_par' dir='ltr' id='par_1_33' title="bbox 87 1452 882 1492">
     <span class='ocr_line' id='line_1_33' title="bbox 87 1452 882 1492; baseline -0.006 -9"><span class='ocrx_word' id='word_1_232' title='bbox 87 1457 160 1492; x_wconf 77' lang='grc' dir='ltr'>ζωῆς</span> <span class='ocrx_word' id='word_1_233' title='bbox 180 1454 269 1491; x_wconf 79' lang='grc' dir='ltr'>ἡμῶν.</span> <span class='ocrx_word' id='word_1_234' title='bbox 285 1455 329 1487; x_wconf 78' lang='grc' dir='ltr'>Ὠς</span> <span class='ocrx_word' id='word_1_235' title='bbox 344 1456 407 1490; x_wconf 67' lang='grc' dir='ltr'>περὶ</span> <span class='ocrx_word' id='word_1_236' title='bbox 423 1454 520 1481; x_wconf 78' lang='grc' dir='ltr'>τούτου</span> <span class='ocrx_word' id='word_1_237' title='bbox 532 1453 612 1485; x_wconf 73' lang='grc' dir='ltr'>αὐτὸς</span> <span class='ocrx_word' id='word_1_238' title='bbox 626 1454 640 1480; x_wconf 80' lang='lat'><strong>6</strong></span> <span class='ocrx_word' id='word_1_239' title='bbox 658 1453 760 1489; x_wconf 75' lang='grc' dir='ltr'>Κύριος</span> <span class='ocrx_word' id='word_1_240' title='bbox 777 1452 882 1487; x_wconf 75' lang='grc' dir='ltr'>Ἰησοῦς</span> 
     </span>
    </p>
   </div>
   <div class='ocr_carea' id='block_1_34' title="bbox 928 207 1718 243">
    <p class='ocr_par' dir='ltr' id='par_1_34' title="bbox 928 207 1718 243">
     <span class='ocr_line' id='line_1_34' title="bbox 928 207 1718 243; baseline 0 -8"><span class='ocrx_word' id='word_1_241' title='bbox 928 207 971 240; x_wconf 85' lang='lat' dir='ltr'><strong>Et,</strong></span> <span class='ocrx_word' id='word_1_242' title='bbox 989 208 1084 236; x_wconf 86' lang='lat' dir='ltr'><strong>Timor</strong></span> <span class='ocrx_word' id='word_1_243' title='bbox 1104 207 1211 235; x_wconf 82' lang='lat' dir='ltr'><strong>Domini</strong></span> <span class='ocrx_word' id='word_1_244' title='bbox 1232 213 1336 240; x_wconf 80' lang='lat' dir='ltr'><strong>rastus,</strong></span> <span class='ocrx_word' id='word_1_245' title='bbox 1356 215 1520 243; x_wconf 77' lang='lat' dir='ltr'><strong>permanens</strong></span> <span class='ocrx_word' id='word_1_246' title='bbox 1538 208 1564 234; x_wconf 94' lang='lat' dir='ltr'><strong>in</strong></span> <span class='ocrx_word' id='word_1_247' title='bbox 1589 208 1718 235; x_wconf 82' lang='lat' dir='ltr'><strong>saeculum</strong></span> 
     </span>
    </p>
   </div>
   <div class='ocr_carea' id='block_1_35' title="bbox 927 253 1719 282">
    <p class='ocr_par' dir='ltr' id='par_1_35' title="bbox 927 253 1719 282">
     <span class='ocr_line' id='line_1_35' title="bbox 927 253 1719 282; baseline 0 0"><span class='ocrx_word' id='word_1_248' title='bbox 927 255 1018 282; x_wconf 64' lang='lat' dir='ltr'><strong>surculi</strong></span> <span class='ocrx_word' id='word_1_249' title='bbox 1032 255 1066 281; x_wconf 84' lang='grc'><strong>⁸⁷.</strong></span> <span class='ocrx_word' id='word_1_250' title='bbox 1087 264 1096 280; x_wconf 73' lang='grc' dir='ltr'><strong>ι</strong></span> <span class='ocrx_word' id='word_1_251' title='bbox 1113 254 1212 282; x_wconf 82' lang='lat' dir='ltr'><strong>Scribit</strong></span> <span class='ocrx_word' id='word_1_252' title='bbox 1223 259 1315 281; x_wconf 90' lang='lat' dir='ltr'><strong>autem</strong></span> <span class='ocrx_word' id='word_1_253' title='bbox 1329 259 1355 281; x_wconf 90' lang='lat' dir='ltr'><strong>et</strong></span> <span class='ocrx_word' id='word_1_254' title='bbox 1369 259 1483 282; x_wconf 86' lang='lat' dir='ltr'><strong>sanctus</strong></span> <span class='ocrx_word' id='word_1_255' title='bbox 1498 253 1595 282; x_wconf 86' lang='lat' dir='ltr'><strong>Petrus</strong></span> <span class='ocrx_word' id='word_1_256' title='bbox 1618 256 1719 282; x_wconf 89' lang='lat' dir='ltr'><strong>Dama-</strong></span> 
     </span>
    </p>
   </div>
   <div class='ocr_carea' id='block_1_36' title="bbox 927 300 1719 336">
    <p class='ocr_par' dir='ltr' id='par_1_36' title="bbox 927 300 1719 336">
     <span class='ocr_line' id='line_1_36' title="bbox 927 300 1719 336; baseline 0.003 -10"><span class='ocrx_word' id='word_1_257' title='bbox 927 308 1027 328; x_wconf 82' lang='lat' dir='ltr'><strong>seenus</strong></span> <span class='ocrx_word' id='word_1_258' title='bbox 1040 309 1047 328; x_wconf 89' lang='lat'><em>:</em></span> <span class='ocrx_word' id='word_1_259' title='bbox 1061 300 1164 328; x_wconf 82' lang='lat' dir='ltr'><strong>Prioris</strong></span> <span class='ocrx_word' id='word_1_260' title='bbox 1185 302 1289 328; x_wconf 73' lang='lat' dir='ltr'><strong>timoris</strong></span> <span class='ocrx_word' id='word_1_261' title='bbox 1322 300 1441 336; x_wconf 73' lang='lat' dir='ltr'><strong>signum,</strong></span> <span class='ocrx_word' id='word_1_262' title='bbox 1458 306 1499 328; x_wconf 82' lang='lat' dir='ltr'><strong>cst</strong></span> <span class='ocrx_word' id='word_1_263' title='bbox 1514 301 1605 328; x_wconf 91' lang='lat' dir='ltr'><strong>odium</strong></span> <span class='ocrx_word' id='word_1_264' title='bbox 1632 308 1659 328; x_wconf 87' lang='lat' dir='ltr'><strong>et</strong></span> <span class='ocrx_word' id='word_1_265' title='bbox 1680 301 1719 328; x_wconf 83' lang='lat' dir='ltr'><strong>ira</strong></span> 
     </span>
    </p>
   </div>
   <div class='ocr_carea' id='block_1_37' title="bbox 927 346 1719 381">
    <p class='ocr_par' dir='ltr' id='par_1_37' title="bbox 927 346 1719 381">
     <span class='ocr_line' id='line_1_37' title="bbox 927 346 1719 381; baseline 0.001 -9"><span class='ocrx_word' id='word_1_266' title='bbox 927 346 955 372; x_wconf 92' lang='lat' dir='ltr'><strong>in</strong></span> <span class='ocrx_word' id='word_1_267' title='bbox 974 350 1127 380; x_wconf 86' lang='lat' dir='ltr'><strong>peccatum,</strong></span> <span class='ocrx_word' id='word_1_268' title='bbox 1145 351 1273 381; x_wconf 88' lang='lat' dir='ltr'><strong>tanquam</strong></span> <span class='ocrx_word' id='word_1_269' title='bbox 1290 347 1340 374; x_wconf 91' lang='lat' dir='ltr'><strong>sia</strong></span> <span class='ocrx_word' id='word_1_270' title='bbox 1354 347 1442 374; x_wconf 86' lang='lat' dir='ltr'><strong>bestia</strong></span> <span class='ocrx_word' id='word_1_271' title='bbox 1463 348 1525 381; x_wconf 85' lang='lat' dir='ltr'><strong>quis</strong></span> <span class='ocrx_word' id='word_1_272' title='bbox 1541 347 1719 381; x_wconf 71' lang='lat' dir='ltr'><strong>vulneretur;</strong></span> 
     </span>
    </p>
   </div>
   <div class='ocr_carea' id='block_1_38' title="bbox 928 391 1720 426">
    <p class='ocr_par' dir='ltr' id='par_1_38' title="bbox 928 391 1720 426">
     <span class='ocr_line' id='line_1_38' title="bbox 928 391 1720 426; baseline 0.003 -8"><span class='ocrx_word' id='word_1_273' title='bbox 928 391 1042 426; x_wconf 80' lang='lat' dir='ltr'><strong>perfecti</strong></span> <span class='ocrx_word' id='word_1_274' title='bbox 1061 400 1127 419; x_wconf 84' lang='lat' dir='ltr'><strong>vero</strong></span> <span class='ocrx_word' id='word_1_275' title='bbox 1139 398 1179 420; x_wconf 77' lang='lat' dir='ltr'><strong>est</strong></span> <span class='ocrx_word' id='word_1_276' title='bbox 1198 393 1308 421; x_wconf 76' lang='lat' dir='ltr'><strong>virtutis</strong></span> <span class='ocrx_word' id='word_1_277' title='bbox 1323 400 1400 420; x_wconf 85' lang='lat' dir='ltr'><strong>amor</strong></span> <span class='ocrx_word' id='word_1_278' title='bbox 1420 398 1447 419; x_wconf 82' lang='lat' dir='ltr'><strong>ct</strong></span> <span class='ocrx_word' id='word_1_279' title='bbox 1473 393 1632 420; x_wconf 90' lang='lat' dir='ltr'><strong>mutationis</strong></span> <span class='ocrx_word' id='word_1_280' title='bbox 1663 402 1720 420; x_wconf 78' lang='lat' dir='ltr'><strong>me-</strong></span> 
     </span>
    </p>
   </div>
   <div class='ocr_carea' id='block_1_39' title="bbox 929 439 1719 471">
    <p class='ocr_par' dir='ltr' id='par_1_39' title="bbox 929 439 1719 471">
     <span class='ocr_line' id='line_1_39' title="bbox 929 439 1719 471; baseline 0.001 -6"><span class='ocrx_word' id='word_1_281' title='bbox 929 442 985 465; x_wconf 90' lang='lat' dir='ltr'><strong>lus.</strong></span> <span class='ocrx_word' id='word_1_282' title='bbox 1002 447 1011 464; x_wconf 78' lang='grc' dir='ltr'><strong>ι</strong></span> <span class='ocrx_word' id='word_1_283' title='bbox 1032 439 1063 465; x_wconf 90' lang='grc' dir='ltr'>Ει</span> <span class='ocrx_word' id='word_1_284' title='bbox 1086 439 1170 470; x_wconf 85' lang='lat' dir='ltr'><strong>addit,</strong></span> <span class='ocrx_word' id='word_1_285' title='bbox 1192 441 1330 467; x_wconf 88' lang='lat' dir='ltr'><strong>neminem</strong></span> <span class='ocrx_word' id='word_1_286' title='bbox 1346 447 1407 467; x_wconf 82' lang='lat' dir='ltr'><strong>esse</strong></span> <span class='ocrx_word' id='word_1_287' title='bbox 1422 439 1632 471; x_wconf 87' lang='lat' dir='ltr'><strong>immutabilem,</strong></span> <span class='ocrx_word' id='word_1_288' title='bbox 1647 444 1673 466; x_wconf 89' lang='lat' dir='ltr'><strong>ct</strong></span> <span class='ocrx_word' id='word_1_289' title='bbox 1693 440 1719 466; x_wconf 91' lang='lat' dir='ltr'><strong>in</strong></span> 
     </span>
    </p>
   </div>
   <div class='ocr_carea' id='block_1_40' title="bbox 929 485 1721 513">
    <p class='ocr_par' dir='ltr' id='par_1_40' title="bbox 929 485 1721 513">
     <span class='ocr_line' id='line_1_40' title="bbox 929 485 1721 513; baseline 0.001 -1"><span class='ocrx_word' id='word_1_290' title='bbox 929 485 1058 512; x_wconf 85' lang='lat' dir='ltr'><strong>omnibus</strong></span> <span class='ocrx_word' id='word_1_291' title='bbox 1077 486 1137 512; x_wconf 73' lang='lat' dir='ltr'><strong>ritte</strong></span> <span class='ocrx_word' id='word_1_292' title='bbox 1150 487 1255 513; x_wconf 77' lang='lat' dir='ltr'><strong>aclibus</strong></span> <span class='ocrx_word' id='word_1_293' title='bbox 1269 486 1347 513; x_wconf 87' lang='lat' dir='ltr'><strong>nobis</strong></span> <span class='ocrx_word' id='word_1_294' title='bbox 1366 487 1515 513; x_wconf 89' lang='lat' dir='ltr'><strong>timendum</strong></span> <span class='ocrx_word' id='word_1_295' title='bbox 1531 494 1592 513; x_wconf 85' lang='lat' dir='ltr'><strong>esse</strong></span> <span class='ocrx_word' id='word_1_296' title='bbox 1610 493 1644 512; x_wconf 69' lang='lat' dir='ltr'><strong>ne.</strong></span> <span class='ocrx_word' id='word_1_297' title='bbox 1673 486 1721 513; x_wconf 89' lang='lat' dir='ltr'><strong>de-</strong></span> 
     </span>
    </p>
   </div>
   <div class='ocr_carea' id='block_1_41' title="bbox 928 530 1719 567">
    <p class='ocr_par' dir='ltr' id='par_1_41' title="bbox 928 530 1719 567">
     <span class='ocr_line' id='line_1_41' title="bbox 928 530 1719 567; baseline 0 -9"><span class='ocrx_word' id='word_1_298' title='bbox 928 530 1063 558; x_wconf 79' lang='lat' dir='ltr'><strong>cidamus.</strong></span> <span class='ocrx_word' id='word_1_299' title='bbox 1085 541 1094 557; x_wconf 85' lang='grc'><strong>›</strong></span> <span class='ocrx_word' id='word_1_300' title='bbox 1118 531 1194 559; x_wconf 83' lang='lat' dir='ltr'><strong>Unde</strong></span> <span class='ocrx_word' id='word_1_301' title='bbox 1207 533 1245 565; x_wconf 72' lang='grc' dir='ltr'>ζει</span> <span class='ocrx_word' id='word_1_302' title='bbox 1261 537 1288 558; x_wconf 92' lang='grc' dir='ltr'><strong>ιιι</strong></span> <span class='ocrx_word' id='word_1_303' title='bbox 1313 532 1369 560; x_wconf 53' lang='lat' dir='ltr'><strong>hac</strong></span> <span class='ocrx_word' id='word_1_304' title='bbox 1386 533 1534 567; x_wconf 71' lang='lat' dir='ltr'><strong>prudenter</strong></span> <span class='ocrx_word' id='word_1_305' title='bbox 1552 532 1719 566; x_wconf 73' lang='lat' dir='ltr'><strong>intelligens,</strong></span> 
     </span>
    </p>
   </div>
   <div class='ocr_carea' id='block_1_42' title="bbox 929 579 1719 613">
    <p class='ocr_par' dir='ltr' id='par_1_42' title="bbox 929 579 1719 613">
     <span class='ocr_line' id='line_1_42' title="bbox 929 579 1719 613; baseline 0.001 -9"><span class='ocrx_word' id='word_1_306' title='bbox 929 585 1028 604; x_wconf 85' lang='lat' dir='ltr'><strong>conare</strong></span> <span class='ocrx_word' id='word_1_307' title='bbox 1044 586 1105 604; x_wconf 75' lang='lat' dir='ltr'><strong>eum</strong></span> <span class='ocrx_word' id='word_1_308' title='bbox 1123 579 1260 612; x_wconf 68' lang='lat' dir='ltr'><strong>praedictis</strong></span> <span class='ocrx_word' id='word_1_309' title='bbox 1273 579 1402 606; x_wconf 89' lang='lat' dir='ltr'><strong>omnibus</strong></span> <span class='ocrx_word' id='word_1_310' title='bbox 1432 579 1492 606; x_wconf 88' lang='lat' dir='ltr'><strong>aliis</strong></span> <span class='ocrx_word' id='word_1_311' title='bbox 1507 580 1623 613; x_wconf 83' lang='lat' dir='ltr'><strong>priorem</strong></span> <span class='ocrx_word' id='word_1_312' title='bbox 1643 579 1719 605; x_wconf 86' lang='lat' dir='ltr'><strong>illum</strong></span> 
     </span>
    </p>
   </div>
   <div class='ocr_carea' id='block_1_43' title="bbox 930 624 1718 659">
    <p class='ocr_par' dir='ltr' id='par_1_43' title="bbox 930 624 1718 659">
     <span class='ocr_line' id='line_1_43' title="bbox 930 624 1718 659; baseline 0.003 -9"><span class='ocrx_word' id='word_1_313' title='bbox 930 625 1056 651; x_wconf 88' lang='lat' dir='ltr'><strong>titnorem</strong></span> <span class='ocrx_word' id='word_1_314' title='bbox 1070 624 1095 651; x_wconf 93' lang='lat' dir='ltr'><strong>in</strong></span> <span class='ocrx_word' id='word_1_315' title='bbox 1119 629 1145 651; x_wconf 91' lang='lat' dir='ltr'><strong>te</strong></span> <span class='ocrx_word' id='word_1_316' title='bbox 1161 626 1220 659; x_wconf 83' lang='lat' dir='ltr'><strong>ipso</strong></span> <span class='ocrx_word' id='word_1_317' title='bbox 1252 626 1438 653; x_wconf 68' lang='lat' dir='ltr'><strong>indesinenter</strong></span> <span class='ocrx_word' id='word_1_318' title='bbox 1463 627 1611 654; x_wconf 80' lang='lat' dir='ltr'><strong>custodire.</strong></span> <span class='ocrx_word' id='word_1_319' title='bbox 1639 626 1718 654; x_wconf 84' lang='lat' dir='ltr'><strong>Solus</strong></span> 
     </span>
    </p>
   </div>
   <div class='ocr_carea' id='block_1_44' title="bbox 929 671 1719 700">
    <p class='ocr_par' dir='ltr' id='par_1_44' title="bbox 929 671 1719 700">
     <span class='ocr_line' id='line_1_44' title="bbox 929 671 1719 700; baseline 0.003 -2"><span class='ocrx_word' id='word_1_320' title='bbox 929 671 1001 698; x_wconf 86' lang='lat' dir='ltr'><strong>enim</strong></span> <span class='ocrx_word' id='word_1_321' title='bbox 1016 675 1058 697; x_wconf 77' lang='lat' dir='ltr'><strong>est</strong></span> <span class='ocrx_word' id='word_1_322' title='bbox 1085 672 1175 698; x_wconf 88' lang='lat' dir='ltr'><strong>omnis</strong></span> <span class='ocrx_word' id='word_1_323' title='bbox 1207 671 1284 700; x_wconf 75' lang='lat' dir='ltr'><strong>bona:</strong></span> <span class='ocrx_word' id='word_1_324' title='bbox 1305 674 1424 700; x_wconf 81' lang='lat' dir='ltr'><strong>actionis</strong></span> <span class='ocrx_word' id='word_1_325' title='bbox 1455 673 1612 699; x_wconf 78' lang='lat' dir='ltr'><strong>thesauxus.</strong></span> <span class='ocrx_word' id='word_1_326' title='bbox 1641 672 1668 700; x_wconf 89' lang='lat' dir='ltr'><strong>Si</strong></span> <span class='ocrx_word' id='word_1_327' title='bbox 1694 679 1719 700; x_wconf 90' lang='lat' dir='ltr'><strong>te</strong></span> 
     </span>
    </p>
   </div>
   <div class='ocr_carea' id='block_1_45' title="bbox 930 716 1719 753">
    <p class='ocr_par' dir='ltr' id='par_1_45' title="bbox 930 716 1719 753">
     <span class='ocr_line' id='line_1_45' title="bbox 930 716 1719 753; baseline 0.003 -10"><span class='ocrx_word' id='word_1_328' title='bbox 930 716 1018 751; x_wconf 86' lang='lat' dir='ltr'><strong>ipsum</strong></span> <span class='ocrx_word' id='word_1_329' title='bbox 1034 718 1086 744; x_wconf 90' lang='lat' dir='ltr'><strong>hoc</strong></span> <span class='ocrx_word' id='word_1_330' title='bbox 1110 717 1191 745; x_wconf 89' lang='lat' dir='ltr'><strong>modo</strong></span> <span class='ocrx_word' id='word_1_331' title='bbox 1209 717 1321 751; x_wconf 78' lang='lat' dir='ltr'><strong>habeas,</strong></span> <span class='ocrx_word' id='word_1_332' title='bbox 1344 726 1439 746; x_wconf 87' lang='lat' dir='ltr'><strong>omnes</strong></span> <span class='ocrx_word' id='word_1_333' title='bbox 1467 726 1578 753; x_wconf 80' lang='lat' dir='ltr'><strong>gressus</strong></span> <span class='ocrx_word' id='word_1_334' title='bbox 1606 719 1644 745; x_wconf 94' lang='lat' dir='ltr'><strong>lui</strong></span> <span class='ocrx_word' id='word_1_335' title='bbox 1675 718 1719 745; x_wconf 92' lang='lat' dir='ltr'><strong>di-</strong></span> 
     </span>
    </p>
   </div>
   <div class='ocr_carea' id='block_1_46' title="bbox 930 762 1718 792">
    <p class='ocr_par' dir='ltr' id='par_1_46' title="bbox 930 762 1718 792">
     <span class='ocr_line' id='line_1_46' title="bbox 930 762 1718 792; baseline 0.003 -3"><span class='ocrx_word' id='word_1_336' title='bbox 930 762 996 790; x_wconf 86' lang='lat' dir='ltr'><strong>recti</strong></span> <span class='ocrx_word' id='word_1_337' title='bbox 1022 767 1104 790; x_wconf 82' lang='lat' dir='ltr'><strong>erunt</strong></span> <span class='ocrx_word' id='word_1_338' title='bbox 1121 764 1154 790; x_wconf 89' lang='lat' dir='ltr'><strong>ad</strong></span> <span class='ocrx_word' id='word_1_339' title='bbox 1183 763 1352 791; x_wconf 83' lang='lat' dir='ltr'><strong>observanda</strong></span> <span class='ocrx_word' id='word_1_340' title='bbox 1371 765 1463 792; x_wconf 81' lang='lat' dir='ltr'><strong>omnia</strong></span> <span class='ocrx_word' id='word_1_341' title='bbox 1495 764 1601 792; x_wconf 88' lang='lat' dir='ltr'><strong>Domini</strong></span> <span class='ocrx_word' id='word_1_342' title='bbox 1631 765 1718 792; x_wconf 77' lang='lat' dir='ltr'><strong>nostri</strong></span> 
     </span>
    </p>
   </div>
   <div class='ocr_carea' id='block_1_47' title="bbox 929 808 1719 846">
    <p class='ocr_par' dir='ltr' id='par_1_47' title="bbox 929 808 1719 846">
     <span class='ocr_line' id='line_1_47' title="bbox 929 808 1719 846; baseline 0.004 -10"><span class='ocrx_word' id='word_1_343' title='bbox 929 808 992 837; x_wconf 79' lang='lat' dir='ltr'><strong>Jcsu</strong></span> <span class='ocrx_word' id='word_1_344' title='bbox 1010 809 1112 837; x_wconf 86' lang='lat' dir='ltr'><strong>Christi</strong></span> <span class='ocrx_word' id='word_1_345' title='bbox 1128 812 1273 844; x_wconf 85' lang='lat' dir='ltr'><strong>mandata;</strong></span> <span class='ocrx_word' id='word_1_346' title='bbox 1297 812 1349 839; x_wconf 92' lang='lat' dir='ltr'><strong>hac</strong></span> <span class='ocrx_word' id='word_1_347' title='bbox 1364 811 1406 838; x_wconf 84' lang='lat' dir='ltr'><strong>via</strong></span> <span class='ocrx_word' id='word_1_348' title='bbox 1430 813 1582 846; x_wconf 79' lang='lat' dir='ltr'><strong>procedens</strong></span> <span class='ocrx_word' id='word_1_349' title='bbox 1608 813 1641 838; x_wconf 85' lang='lat' dir='ltr'><strong>ad</strong></span> <span class='ocrx_word' id='word_1_350' title='bbox 1657 819 1719 846; x_wconf 89' lang='lat' dir='ltr'><strong>per-</strong></span> 
     </span>
    </p>
   </div>
   <div class='ocr_carea' id='block_1_48' title="bbox 929 856 1719 893">
    <p class='ocr_par' dir='ltr' id='par_1_48' title="bbox 929 856 1719 893">
     <span class='ocr_line' id='line_1_48' title="bbox 929 856 1719 893; baseline 0.001 -10"><span class='ocrx_word' id='word_1_351' title='bbox 929 856 1029 884; x_wconf 80' lang='lat' dir='ltr'><strong>fectum</strong></span> <span class='ocrx_word' id='word_1_352' title='bbox 1043 865 1151 892; x_wconf 82' lang='lat' dir='ltr'><strong>quoque</strong></span> <span class='ocrx_word' id='word_1_353' title='bbox 1162 861 1191 885; x_wconf 86' lang='lat' dir='ltr'><strong>ct</strong></span> <span class='ocrx_word' id='word_1_354' title='bbox 1207 863 1333 886; x_wconf 84' lang='lat' dir='ltr'><strong>sanctum</strong></span> <span class='ocrx_word' id='word_1_355' title='bbox 1352 858 1477 886; x_wconf 84' lang='lat' dir='ltr'><strong>timorem</strong></span> <span class='ocrx_word' id='word_1_356' title='bbox 1506 859 1647 893; x_wconf 78' lang='lat' dir='ltr'><strong>pervenies</strong></span> <span class='ocrx_word' id='word_1_357' title='bbox 1663 859 1719 885; x_wconf 89' lang='lat' dir='ltr'><strong>vir-</strong></span> 
     </span>
    </p>
   </div>
   <div class='ocr_carea' id='block_1_49' title="bbox 929 903 1719 940">
    <p class='ocr_par' dir='ltr' id='par_1_49' title="bbox 929 903 1719 940">
     <span class='ocr_line' id='line_1_49' title="bbox 929 903 1719 940; baseline 0.003 -10"><span class='ocrx_word' id='word_1_358' title='bbox 929 907 1016 931; x_wconf 91' lang='lat' dir='ltr'><strong>tutum</strong></span> <span class='ocrx_word' id='word_1_359' title='bbox 1027 903 1163 932; x_wconf 78' lang='lat' dir='ltr'><strong>desiderio</strong></span> <span class='ocrx_word' id='word_1_360' title='bbox 1181 908 1208 932; x_wconf 81' lang='lat' dir='ltr'><strong>et</strong></span> <span class='ocrx_word' id='word_1_361' title='bbox 1228 905 1323 940; x_wconf 82' lang='lat' dir='ltr'><strong>optimi</strong></span> <span class='ocrx_word' id='word_1_362' title='bbox 1340 905 1386 932; x_wconf 86' lang='lat' dir='ltr'><strong>Dei</strong></span> <span class='ocrx_word' id='word_1_363' title='bbox 1401 905 1488 933; x_wconf 81' lang='lat' dir='ltr'><strong>nostri</strong></span> <span class='ocrx_word' id='word_1_364' title='bbox 1518 905 1719 934; x_wconf 80' lang='lat' dir='ltr'><strong>misericordia.</strong></span> 
     </span>
    </p>
   </div>
   <div class='ocr_carea' id='block_1_50' title="bbox 929 1058 1720 1096">
    <p class='ocr_par' dir='ltr' id='par_1_50' title="bbox 929 1058 1720 1096">
     <span class='ocr_line' id='line_1_50' title="bbox 929 1058 1720 1096; baseline 0.006 -11"><span class='ocrx_word' id='word_1_365' title='bbox 929 1058 1005 1096; x_wconf 66' lang='lat' dir='ltr'><strong>Quod</strong></span> <span class='ocrx_word' id='word_1_366' title='bbox 1032 1060 1330 1089; x_wconf 74' lang='lat' dir='ltr'><strong>mandatorunt,causa</strong></span> <span class='ocrx_word' id='word_1_367' title='bbox 1359 1065 1385 1089; x_wconf 82' lang='lat' dir='ltr'><strong>et</strong></span> <span class='ocrx_word' id='word_1_368' title='bbox 1407 1061 1470 1096; x_wconf 76' lang='lat' dir='ltr'><strong>ﬁdei</strong></span> <span class='ocrx_word' id='word_1_369' title='bbox 1498 1062 1604 1090; x_wconf 77' lang='lat' dir='ltr'><strong>Domini</strong></span> <span class='ocrx_word' id='word_1_370' title='bbox 1636 1063 1720 1091; x_wconf 69' lang='lat' dir='ltr'><strong>nostri</strong></span> 
     </span>
    </p>
   </div>
   <div class='ocr_carea' id='block_1_51' title="bbox 961 1094 1718 1133">
    <p class='ocr_par' dir='ltr' id='par_1_51' title="bbox 961 1094 1718 1133">
     <span class='ocr_line' id='line_1_51' title="bbox 961 1094 1718 1133; baseline 0.007 -11"><span class='ocrx_word' id='word_1_371' title='bbox 961 1094 1026 1122; x_wconf 72' lang='lat' dir='ltr'><strong>Iesu</strong></span> <span class='ocrx_word' id='word_1_372' title='bbox 1042 1096 1275 1133; x_wconf 68' lang='lat' dir='ltr'><strong>Christi,_urgenle</strong></span> <span class='ocrx_word' id='word_1_373' title='bbox 1292 1094 1438 1130; x_wconf 70' lang='lat' dir='ltr'><strong>occasione,</strong></span> <span class='ocrx_word' id='word_1_374' title='bbox 1459 1099 1511 1133; x_wconf 70' lang='lat' dir='ltr'><strong>ipsi</strong></span> <span class='ocrx_word' id='word_1_375' title='bbox 1534 1099 1594 1126; x_wconf 68' lang='lat' dir='ltr'><strong>vita</strong></span> <span class='ocrx_word' id='word_1_376' title='bbox 1618 1105 1718 1127; x_wconf 63' lang='lat' dir='ltr'><strong>nostra</strong></span> 
     </span>
    </p>
   </div>
   <div class='ocr_carea' id='block_1_52' title="bbox 961 1131 1284 1163">
    <p class='ocr_par' dir='ltr' id='par_1_52' title="bbox 961 1131 1284 1163">
     <span class='ocr_line' id='line_1_52' title="bbox 961 1131 1284 1163; baseline 0.006 -6"><span class='ocrx_word' id='word_1_377' title='bbox 961 1138 1070 1163; x_wconf 77' lang='lat' dir='ltr'><strong>parcere</strong></span> <span class='ocrx_word' id='word_1_378' title='bbox 1086 1140 1137 1158; x_wconf 82' lang='lat' dir='ltr'><strong>non</strong></span> <span class='ocrx_word' id='word_1_379' title='bbox 1150 1131 1284 1159; x_wconf 76' lang='lat' dir='ltr'><strong>debemus.</strong></span> 
     </span>
    </p>
   </div>
   <div class='ocr_carea' id='block_1_53' title="bbox 966 1220 1719 1257">
    <p class='ocr_par' dir='ltr' id='par_1_53' title="bbox 966 1220 1719 1257">
     <span class='ocr_line' id='line_1_53' title="bbox 966 1220 1719 1257; baseline 0.007 -9"><span class='ocrx_word' id='word_1_380' title='bbox 966 1221 1009 1249; x_wconf 84' lang='lat' dir='ltr'><strong>l8.</strong></span> <span class='ocrx_word' id='word_1_381' title='bbox 1030 1220 1070 1248; x_wconf 79' lang='lat' dir='ltr'><strong>Ad</strong></span> <span class='ocrx_word' id='word_1_382' title='bbox 1092 1221 1150 1249; x_wconf 67' lang='lat' dir='ltr'><strong>lucc</strong></span> <span class='ocrx_word' id='word_1_383' title='bbox 1165 1229 1226 1256; x_wconf 63' lang='lat' dir='ltr'><strong>quae</strong></span> <span class='ocrx_word' id='word_1_384' title='bbox 1244 1222 1316 1248; x_wconf 84' lang='lat' dir='ltr'><strong>dicta</strong></span> <span class='ocrx_word' id='word_1_385' title='bbox 1330 1228 1405 1254; x_wconf 81' lang='lat' dir='ltr'><strong>sunt,</strong></span> <span class='ocrx_word' id='word_1_386' title='bbox 1433 1227 1542 1257; x_wconf 85' lang='lat' dir='ltr'><strong>oportet</strong></span> <span class='ocrx_word' id='word_1_387' title='bbox 1560 1229 1585 1251; x_wconf 85' lang='lat' dir='ltr'><strong>te</strong></span> <span class='ocrx_word' id='word_1_388' title='bbox 1612 1229 1638 1252; x_wconf 88' lang='lat' dir='ltr'><strong>ct</strong></span> <span class='ocrx_word' id='word_1_389' title='bbox 1667 1225 1719 1253; x_wconf 91' lang='lat' dir='ltr'><strong>hoc</strong></span> 
     </span>
    </p>
   </div>
   <div class='ocr_carea' id='block_1_54' title="bbox 927 1268 1717 1301">
    <p class='ocr_par' dir='ltr' id='par_1_54' title="bbox 927 1268 1717 1301">
     <span class='ocr_line' id='line_1_54' title="bbox 927 1268 1717 1301; baseline 0.004 -7"><span class='ocrx_word' id='word_1_390' title='bbox 927 1268 1165 1298; x_wconf 76' lang='lat' dir='ltr'><strong>animadvertere,</strong></span> <span class='ocrx_word' id='word_1_391' title='bbox 1212 1268 1283 1301; x_wconf 88' lang='lat' dir='ltr'><strong>quod</strong></span> <span class='ocrx_word' id='word_1_392' title='bbox 1327 1268 1494 1296; x_wconf 77' lang='lat' dir='ltr'><strong>vivuﬁcorum</strong></span> <span class='ocrx_word' id='word_1_393' title='bbox 1528 1271 1717 1298; x_wconf 85' lang='lat' dir='ltr'><strong>mandatorum</strong></span> 
     </span>
    </p>
   </div>
   <div class='ocr_carea' id='block_1_55' title="bbox 927 1313 1718 1348">
    <p class='ocr_par' dir='ltr' id='par_1_55' title="bbox 927 1313 1718 1348">
     <span class='ocr_line' id='line_1_55' title="bbox 927 1313 1718 1348; baseline 0.003 -7"><span class='ocrx_word' id='word_1_394' title='bbox 927 1321 1007 1342; x_wconf 77' lang='lat' dir='ltr'><strong>causa</strong></span> <span class='ocrx_word' id='word_1_395' title='bbox 1023 1319 1049 1341; x_wconf 76' lang='lat' dir='ltr'><strong>et</strong></span> <span class='ocrx_word' id='word_1_396' title='bbox 1066 1313 1172 1341; x_wconf 87' lang='lat' dir='ltr'><strong>Domini</strong></span> <span class='ocrx_word' id='word_1_397' title='bbox 1185 1314 1272 1342; x_wconf 74' lang='lat' dir='ltr'><strong>nostri</strong></span> <span class='ocrx_word' id='word_1_398' title='bbox 1285 1313 1348 1341; x_wconf 80' lang='lat' dir='ltr'><strong>Jesu</strong></span> <span class='ocrx_word' id='word_1_399' title='bbox 1376 1315 1477 1342; x_wconf 81' lang='lat' dir='ltr'><strong>Christi</strong></span> <span class='ocrx_word' id='word_1_400' title='bbox 1496 1315 1570 1348; x_wconf 85' lang='lat' dir='ltr'><strong>lidei,</strong></span> <span class='ocrx_word' id='word_1_401' title='bbox 1587 1317 1718 1344; x_wconf 82' lang='lat' dir='ltr'><strong>debemus</strong></span> 
     </span>
    </p>
   </div>
   <div class='ocr_carea' id='block_1_56' title="bbox 928 1359 1720 1394">
    <p class='ocr_par' dir='ltr' id='par_1_56' title="bbox 928 1359 1720 1394">
     <span class='ocr_line' id='line_1_56' title="bbox 928 1359 1720 1394; baseline 0.005 -8"><span class='ocrx_word' id='word_1_402' title='bbox 928 1363 1040 1394; x_wconf 73' lang='lat' dir='ltr'><strong>urgente</strong></span> <span class='ocrx_word' id='word_1_403' title='bbox 1052 1360 1205 1392; x_wconf 78' lang='lat' dir='ltr'><strong>ocrasione,</strong></span> <span class='ocrx_word' id='word_1_404' title='bbox 1220 1364 1247 1386; x_wconf 90' lang='lat' dir='ltr'><strong>ct</strong></span> <span class='ocrx_word' id='word_1_405' title='bbox 1275 1359 1361 1394; x_wconf 81' lang='lat' dir='ltr'><strong>ipsam</strong></span> <span class='ocrx_word' id='word_1_406' title='bbox 1391 1361 1511 1387; x_wconf 87' lang='lat' dir='ltr'><strong>animam</strong></span> <span class='ocrx_word' id='word_1_407' title='bbox 1531 1362 1647 1388; x_wconf 88' lang='lat' dir='ltr'><strong>libenter</strong></span> <span class='ocrx_word' id='word_1_408' title='bbox 1668 1363 1720 1390; x_wconf 87' lang='lat' dir='ltr'><strong>im-</strong></span> 
     </span>
    </p>
   </div>
   <div class='ocr_carea' id='block_1_57' title="bbox 928 1405 1719 1442">
    <p class='ocr_par' dir='ltr' id='par_1_57' title="bbox 928 1405 1719 1442">
     <span class='ocr_line' id='line_1_57' title="bbox 928 1405 1719 1442; baseline 0.005 -10"><span class='ocrx_word' id='word_1_409' title='bbox 928 1406 1055 1441; x_wconf 83' lang='lat' dir='ltr'><strong>pendere,</strong></span> <span class='ocrx_word' id='word_1_410' title='bbox 1069 1412 1156 1440; x_wconf 83' lang='lat' dir='ltr'><strong>neque</strong></span> <span class='ocrx_word' id='word_1_411' title='bbox 1170 1405 1231 1432; x_wconf 70' lang='lat' dir='ltr'><strong>vitm</strong></span> <span class='ocrx_word' id='word_1_412' title='bbox 1249 1405 1299 1440; x_wconf 92' lang='lat' dir='ltr'><strong>ipsi</strong></span> <span class='ocrx_word' id='word_1_413' title='bbox 1317 1411 1417 1432; x_wconf 55' lang='lat' dir='ltr'><strong>nostra!</strong></span> <span class='ocrx_word' id='word_1_414' title='bbox 1429 1414 1560 1440; x_wconf 86' lang='lat' dir='ltr'><strong>parcere:</strong></span> <span class='ocrx_word' id='word_1_415' title='bbox 1588 1409 1719 1442; x_wconf 83' lang='lat' dir='ltr'><strong>quemad-</strong></span> 
     </span>
    </p>
   </div>
   <div class='ocr_carea' id='block_1_58' title="bbox 928 1452 1720 1482">
    <p class='ocr_par' dir='ltr' id='par_1_58' title="bbox 928 1452 1720 1482">
     <span class='ocr_line' id='line_1_58' title="bbox 928 1452 1720 1482; baseline 0.003 -2"><span class='ocrx_word' id='word_1_416' title='bbox 928 1454 1039 1480; x_wconf 76' lang='lat' dir='ltr'><strong>modum</strong></span> <span class='ocrx_word' id='word_1_417' title='bbox 1053 1453 1086 1479; x_wconf 86' lang='lat' dir='ltr'><strong>de</strong></span> <span class='ocrx_word' id='word_1_418' title='bbox 1112 1452 1163 1480; x_wconf 77' lang='lat' dir='ltr'><strong>hnc.</strong></span> <span class='ocrx_word' id='word_1_419' title='bbox 1189 1452 1353 1480; x_wconf 79' lang='lat' dir='ltr'><strong>necessitate</strong></span> <span class='ocrx_word' id='word_1_420' title='bbox 1382 1452 1513 1480; x_wconf 85' lang='lat' dir='ltr'><strong>Dominus</strong></span> <span class='ocrx_word' id='word_1_421' title='bbox 1534 1460 1628 1482; x_wconf 86' lang='lat' dir='ltr'><strong>noster</strong></span> <span class='ocrx_word' id='word_1_422' title='bbox 1641 1453 1720 1482; x_wconf 81' lang='lat' dir='ltr'><strong>Jesus</strong></span> 
     </span>
    </p>
   </div>
   <div class='ocr_carea' id='block_1_59' title="bbox 87 1498 879 1539">
    <p class='ocr_par' dir='ltr' id='par_1_59' title="bbox 87 1498 879 1539">
     <span class='ocr_line' id='line_1_59' title="bbox 87 1498 879 1539; baseline -0.008 -8"><span class='ocrx_word' id='word_1_423' title='bbox 87 1503 205 1539; x_wconf 82' lang='grc' dir='ltr'>Χριστός</span> <span class='ocrx_word' id='word_1_424' title='bbox 228 1511 321 1537; x_wconf 74' lang='grc' dir='ltr'>φησιν,</span> <span class='ocrx_word' id='word_1_425' title='bbox 340 1503 381 1528; x_wconf 83' lang='grc' dir='ltr'>ὅτι</span> <span class='ocrx_word' id='word_1_426' title='bbox 399 1511 408 1527; x_wconf 85' lang='grc' dir='ltr'><strong>ι</strong></span> <span class='ocrx_word' id='word_1_427' title='bbox 429 1502 458 1528; x_wconf 92' lang='grc' dir='ltr'><strong>Ὀ</strong></span> <span class='ocrx_word' id='word_1_428' title='bbox 477 1500 614 1531; x_wconf 79' lang='grc' dir='ltr'>ἀπολέσας</span> <span class='ocrx_word' id='word_1_429' title='bbox 627 1499 675 1536; x_wconf 78' lang='grc' dir='ltr'>τὴν</span> <span class='ocrx_word' id='word_1_430' title='bbox 694 1499 783 1535; x_wconf 68' lang='grc' dir='ltr'>ψυχὴν</span> <span class='ocrx_word' id='word_1_431' title='bbox 799 1498 879 1525; x_wconf 70' lang='grc' dir='ltr'>αὐτοῦ</span> 
     </span>
    </p>
   </div>
   <div class='ocr_carea' id='block_1_60' title="bbox 930 1498 1718 1539">
    <p class='ocr_par' dir='ltr' id='par_1_60' title="bbox 930 1498 1718 1534">
     <span class='ocr_line' id='line_1_60' title="bbox 930 1498 1718 1534; baseline -0.001 -6"><span class='ocrx_word' id='word_1_432' title='bbox 930 1500 1055 1528; x_wconf 79' lang='lat' dir='ltr'><strong>Christus</strong></span> <span class='ocrx_word' id='word_1_433' title='bbox 1077 1499 1160 1526; x_wconf 83' lang='lat' dir='ltr'><strong>dicit:</strong></span> <span class='ocrx_word' id='word_1_434' title='bbox 1187 1507 1197 1524; x_wconf 82' lang='grc' dir='ltr'><strong>ι</strong></span> <span class='ocrx_word' id='word_1_435' title='bbox 1226 1498 1278 1532; x_wconf 84' lang='lat' dir='ltr'><strong>Qui</strong></span> <span class='ocrx_word' id='word_1_436' title='bbox 1307 1499 1454 1534; x_wconf 74' lang='lat' dir='ltr'><strong>perdiderit</strong></span> <span class='ocrx_word' id='word_1_437' title='bbox 1484 1500 1601 1527; x_wconf 83' lang='lat' dir='ltr'><strong>animam</strong></span> <span class='ocrx_word' id='word_1_438' title='bbox 1640 1508 1718 1528; x_wconf 90' lang='lat' dir='ltr'><strong>suam</strong></span> 
     </span>
    </p>
   </div>
   <div class='ocr_carea' id='block_1_61' title="bbox 86 1544 879 1583">
    <p class='ocr_par' dir='ltr' id='par_1_61' title="bbox 86 1544 879 1583">
     <span class='ocr_line' id='line_1_61' title="bbox 86 1544 879 1583; baseline -0.006 -7"><span class='ocrx_word' id='word_1_439' title='bbox 86 1550 180 1576; x_wconf 70' lang='grc' dir='ltr'>ἕνεκεν</span> <span class='ocrx_word' id='word_1_440' title='bbox 189 1549 269 1583; x_wconf 76' lang='grc' dir='ltr'>ἐμοῦ,</span> <span class='ocrx_word' id='word_1_441' title='bbox 280 1549 327 1575; x_wconf 73' lang='grc' dir='ltr'>καὶ</span> <span class='ocrx_word' id='word_1_442' title='bbox 340 1548 386 1574; x_wconf 74' lang='grc' dir='ltr'>τοῦ</span> <span class='ocrx_word' id='word_1_443' title='bbox 395 1547 574 1582; x_wconf 75' lang='grc' dir='ltr'>Εὕαγγελίου,</span> <span class='ocrx_word' id='word_1_444' title='bbox 585 1544 663 1578; x_wconf 76' lang='grc' dir='ltr'>οὗτος</span> <span class='ocrx_word' id='word_1_445' title='bbox 677 1547 759 1572; x_wconf 80' lang='grc' dir='ltr'>σώσει</span> <span class='ocrx_word' id='word_1_446' title='bbox 768 1546 863 1581; x_wconf 69' lang='grc' dir='ltr'>αὑτήν*</span> <span class='ocrx_word' id='word_1_447' title='bbox 870 1554 879 1570; x_wconf 80' lang='grc' dir='ltr'><strong>ι</strong></span> 
     </span>
    </p>
   </div>
   <div class='ocr_carea' id='block_1_62' title="bbox 86 1591 882 1632">
    <p class='ocr_par' dir='ltr' id='par_1_62' title="bbox 86 1591 882 1632">
     <span class='ocr_line' id='line_1_62' title="bbox 86 1591 882 1632; baseline -0.008 -9"><span class='ocrx_word' id='word_1_448' title='bbox 86 1595 287 1632; x_wconf 76' lang='grc' dir='ltr'>ἀναμφιϐόλως</span> <span class='ocrx_word' id='word_1_449' title='bbox 325 1594 472 1626; x_wconf 85' lang='grc' dir='ltr'>πιστεύων,</span> <span class='ocrx_word' id='word_1_450' title='bbox 494 1594 540 1619; x_wconf 82' lang='grc' dir='ltr'>καὶ</span> <span class='ocrx_word' id='word_1_451' title='bbox 556 1593 592 1628; x_wconf 85' lang='grc' dir='ltr'>μὴ</span> <span class='ocrx_word' id='word_1_452' title='bbox 610 1591 825 1627; x_wconf 82' lang='grc' dir='ltr'>διακρινόμενος,</span> <span class='ocrx_word' id='word_1_453' title='bbox 841 1591 882 1618; x_wconf 76' lang='grc' dir='ltr'>ὅτι</span> 
     </span>
    </p>
   </div>
   <div class='ocr_carea' id='block_1_63' title="bbox 86 1639 881 1675">
    <p class='ocr_par' dir='ltr' id='par_1_63' title="bbox 86 1639 881 1675">
     <span class='ocr_line' id='line_1_63' title="bbox 86 1639 881 1675; baseline -0.008 -6"><span class='ocrx_word' id='word_1_454' title='bbox 86 1644 132 1669; x_wconf 73' lang='grc' dir='ltr'><strong>καὶ</strong></span> <span class='ocrx_word' id='word_1_455' title='bbox 152 1642 313 1673; x_wconf 77' lang='grc' dir='ltr'>ἀνάστασις,</span> <span class='ocrx_word' id='word_1_456' title='bbox 342 1641 390 1667; x_wconf 71' lang='grc' dir='ltr'>καὶ</span> <span class='ocrx_word' id='word_1_457' title='bbox 410 1639 477 1675; x_wconf 75' lang='grc' dir='ltr'>ζωὴ,</span> <span class='ocrx_word' id='word_1_458' title='bbox 495 1640 543 1666; x_wconf 77' lang='grc' dir='ltr'>καὶ</span> <span class='ocrx_word' id='word_1_459' title='bbox 567 1639 622 1665; x_wconf 77' lang='grc' dir='ltr'>πᾶν</span> <span class='ocrx_word' id='word_1_460' title='bbox 645 1639 671 1664; x_wconf 72' lang='lat' dir='ltr'><strong>El</strong></span> <span class='ocrx_word' id='word_1_461' title='bbox 688 1647 715 1664; x_wconf 89' lang='grc' dir='ltr'><strong>τι</strong></span> <span class='ocrx_word' id='word_1_462' title='bbox 735 1640 881 1673; x_wconf 76' lang='grc' dir='ltr'>σωτήριον,</span> 
     </span>
    </p>
   </div>
   <div class='ocr_carea' id='block_1_64' title="bbox 87 1685 883 1723">
    <p class='ocr_par' dir='ltr' id='par_1_64' title="bbox 87 1685 883 1723">
     <span class='ocr_line' id='line_1_64' title="bbox 87 1685 883 1723; baseline -0.008 -6"><span class='ocrx_word' id='word_1_463' title='bbox 87 1689 168 1721; x_wconf 73' lang='grc' dir='ltr'>αὐτὸς</span> <span class='ocrx_word' id='word_1_464' title='bbox 178 1690 253 1716; x_wconf 74' lang='grc' dir='ltr'>ἐστιν</span> <span class='ocrx_word' id='word_1_465' title='bbox 264 1690 278 1716; x_wconf 88' lang='grc' dir='ltr'><strong>ὁ</strong></span> <span class='ocrx_word' id='word_1_466' title='bbox 292 1688 468 1723; x_wconf 83' lang='grc' dir='ltr'>ϐεάνθρωπος</span> <span class='ocrx_word' id='word_1_467' title='bbox 486 1686 589 1719; x_wconf 71' lang='grc' dir='ltr'>Ἰησοῦς</span> <span class='ocrx_word' id='word_1_468' title='bbox 601 1687 615 1712; x_wconf 88' lang='lat'><strong>6</strong></span> <span class='ocrx_word' id='word_1_469' title='bbox 630 1686 736 1721; x_wconf 82' lang='grc' dir='ltr'>Σωτὴρ,</span> <span class='ocrx_word' id='word_1_470' title='bbox 752 1685 790 1715; x_wconf 86' lang='grc' dir='ltr'><strong>ὡς</strong></span> <span class='ocrx_word' id='word_1_471' title='bbox 801 1685 883 1718; x_wconf 69' lang='grc' dir='ltr'>αὺτὺς</span> 
     </span>
    </p>
   </div>
   <div class='ocr_carea' id='block_1_65' title="bbox 87 1732 882 1772">
    <p class='ocr_par' dir='ltr' id='par_1_65' title="bbox 87 1732 882 1772">
     <span class='ocr_line' id='line_1_65' title="bbox 87 1732 882 1772; baseline -0.006 -9"><span class='ocrx_word' id='word_1_472' title='bbox 87 1737 212 1772; x_wconf 74' lang='grc' dir='ltr'>εἴρηκεν,</span> <span class='ocrx_word' id='word_1_473' title='bbox 225 1735 266 1762; x_wconf 83' lang='grc' dir='ltr'>ὄτι</span> <span class='ocrx_word' id='word_1_474' title='bbox 290 1744 301 1762; x_wconf 72' lang='grc' dir='ltr'><strong>ι</strong></span> <span class='ocrx_word' id='word_1_475' title='bbox 321 1734 392 1770; x_wconf 79' lang='grc' dir='ltr'><strong>Ἐγώ</strong></span> <span class='ocrx_word' id='word_1_476' title='bbox 409 1735 465 1768; x_wconf 80' lang='grc' dir='ltr'>ειμι</span> <span class='ocrx_word' id='word_1_477' title='bbox 477 1734 494 1769; x_wconf 85' lang='grc' dir='ltr'><strong>ὴ</strong></span> <span class='ocrx_word' id='word_1_478' title='bbox 512 1733 670 1766; x_wconf 76' lang='grc' dir='ltr'>ἀνάστασις,</span> <span class='ocrx_word' id='word_1_479' title='bbox 686 1733 761 1768; x_wconf 74' lang='grc' dir='ltr'>καὶὴ</span> <span class='ocrx_word' id='word_1_480' title='bbox 777 1732 833 1768; x_wconf 77' lang='grc' dir='ltr'><strong>ζωή</strong></span> <span class='ocrx_word' id='word_1_481' title='bbox 844 1740 851 1748; x_wconf 83' lang='grc'><em>’</em></span> <span class='ocrx_word' id='word_1_482' title='bbox 868 1732 882 1758; x_wconf 82' lang='grc' dir='ltr'><strong>ὁ</strong></span> 
     </span>
    </p>
   </div>
   <div class='ocr_carea' id='block_1_66' title="bbox 87 1777 882 1816">
    <p class='ocr_par' dir='ltr' id='par_1_66' title="bbox 87 1777 882 1816">
     <span class='ocr_line' id='line_1_66' title="bbox 87 1777 882 1816; baseline -0.008 -7"><span class='ocrx_word' id='word_1_483' title='bbox 87 1781 226 1809; x_wconf 76' lang='grc' dir='ltr'>πιστεύων</span> <span class='ocrx_word' id='word_1_484' title='bbox 236 1782 276 1813; x_wconf 78' lang='grc' dir='ltr'><strong>εἰς</strong></span> <span class='ocrx_word' id='word_1_485' title='bbox 288 1781 348 1816; x_wconf 75' lang='grc' dir='ltr'>ἐμὲ,</span> <span class='ocrx_word' id='word_1_486' title='bbox 360 1779 410 1807; x_wconf 71' lang='grc' dir='ltr'>κᾶν</span> <span class='ocrx_word' id='word_1_487' title='bbox 422 1779 558 1816; x_wconf 78' lang='grc' dir='ltr'>ἀποθάνῃ,</span> <span class='ocrx_word' id='word_1_488' title='bbox 573 1779 696 1814; x_wconf 73' lang='grc' dir='ltr'>ζήσεται·</span> <span class='ocrx_word' id='word_1_489' title='bbox 711 1787 720 1804; x_wconf 75' lang='grc' dir='ltr'><strong>ι</strong></span> <span class='ocrx_word' id='word_1_490' title='bbox 731 1778 788 1810; x_wconf 80' lang='grc' dir='ltr'>καὶ,</span> <span class='ocrx_word' id='word_1_491' title='bbox 804 1787 813 1803; x_wconf 83' lang='grc' dir='ltr'><strong>ι</strong></span> <span class='ocrx_word' id='word_1_492' title='bbox 824 1777 882 1808; x_wconf 75' lang='grc' dir='ltr'>Πᾶς</span> 
     </span>
    </p>
   </div>
   <div class='ocr_carea' id='block_1_67' title="bbox 84 1823 881 1861">
    <p class='ocr_par' dir='ltr' id='par_1_67' title="bbox 84 1823 881 1861">
     <span class='ocr_line' id='line_1_67' title="bbox 84 1823 881 1861; baseline -0.01 -5"><span class='ocrx_word' id='word_1_493' title='bbox 84 1830 100 1856; x_wconf 81' lang='lat'><strong>6</strong></span> <span class='ocrx_word' id='word_1_494' title='bbox 115 1829 171 1861; x_wconf 81' lang='grc' dir='ltr'><strong>ζῶν</strong></span> <span class='ocrx_word' id='word_1_495' title='bbox 187 1827 235 1855; x_wconf 72' lang='grc' dir='ltr'>καὶ</span> <span class='ocrx_word' id='word_1_496' title='bbox 255 1826 390 1854; x_wconf 86' lang='grc' dir='ltr'>πιστεῦων</span> <span class='ocrx_word' id='word_1_497' title='bbox 405 1827 445 1858; x_wconf 76' lang='grc' dir='ltr'>εἰς</span> <span class='ocrx_word' id='word_1_498' title='bbox 462 1825 524 1861; x_wconf 78' lang='grc' dir='ltr'>ἐμὲ,</span> <span class='ocrx_word' id='word_1_499' title='bbox 547 1825 578 1851; x_wconf 84' lang='grc' dir='ltr'>οὑ</span> <span class='ocrx_word' id='word_1_500' title='bbox 593 1825 630 1860; x_wconf 82' lang='grc' dir='ltr'>μὴ</span> <span class='ocrx_word' id='word_1_501' title='bbox 646 1823 768 1858; x_wconf 77' lang='grc' dir='ltr'>ἀποθάνῃ</span> <span class='ocrx_word' id='word_1_502' title='bbox 783 1823 821 1854; x_wconf 87' lang='grc' dir='ltr'><strong>είς</strong></span> <span class='ocrx_word' id='word_1_503' title='bbox 834 1823 881 1849; x_wconf 86' lang='grc' dir='ltr'><strong>τδν</strong></span> 
     </span>
    </p>
   </div>
   <div class='ocr_carea' id='block_1_68' title="bbox 87 1868 881 1907">
    <p class='ocr_par' dir='ltr' id='par_1_68' title="bbox 87 1868 881 1907">
     <span class='ocr_line' id='line_1_68' title="bbox 87 1868 881 1907; baseline -0.011 -5"><span class='ocrx_word' id='word_1_504' title='bbox 87 1875 192 1902; x_wconf 83' lang='grc' dir='ltr'>αἰῶνα·</span> <span class='ocrx_word' id='word_1_505' title='bbox 207 1883 217 1900; x_wconf 69' lang='grc' dir='ltr'><strong>ι</strong></span> <span class='ocrx_word' id='word_1_506' title='bbox 235 1873 292 1905; x_wconf 74' lang='grc' dir='ltr'>καὶ,</span> <span class='ocrx_word' id='word_1_507' title='bbox 305 1883 314 1899; x_wconf 86' lang='grc' dir='ltr'><strong>ι</strong></span> <span class='ocrx_word' id='word_1_508' title='bbox 327 1872 422 1904; x_wconf 76' lang='grc' dir='ltr'>Οὕτως</span> <span class='ocrx_word' id='word_1_509' title='bbox 433 1872 578 1907; x_wconf 76' lang='grc' dir='ltr'>ἠγάπησεν</span> <span class='ocrx_word' id='word_1_510' title='bbox 591 1871 604 1898; x_wconf 86' lang='lat'><strong>6</strong></span> <span class='ocrx_word' id='word_1_511' title='bbox 618 1870 685 1901; x_wconf 83' lang='grc' dir='ltr'>Θεδς</span> <span class='ocrx_word' id='word_1_512' title='bbox 701 1869 746 1895; x_wconf 82' lang='grc' dir='ltr'>τὸν</span> <span class='ocrx_word' id='word_1_513' title='bbox 766 1868 881 1903; x_wconf 82' lang='grc' dir='ltr'>κόσμον,</span> 
     </span>
    </p>
   </div>
   <div class='ocr_carea' id='block_1_69' title="bbox 85 1909 881 1953">
    <p class='ocr_par' dir='ltr' id='par_1_69' title="bbox 85 1909 881 1953">
     <span class='ocr_line' id='line_1_69' title="bbox 85 1909 881 1953; baseline -0.011 -6"><span class='ocrx_word' id='word_1_514' title='bbox 85 1920 159 1947; x_wconf 69' lang='grc' dir='ltr'>ὥστε.</span> <span class='ocrx_word' id='word_1_515' title='bbox 174 1920 222 1946; x_wconf 80' lang='grc' dir='ltr'>τὸν</span> <span class='ocrx_word' id='word_1_516' title='bbox 240 1918 305 1945; x_wconf 86' lang='grc' dir='ltr'>Υίδν</span> <span class='ocrx_word' id='word_1_517' title='bbox 321 1918 402 1946; x_wconf 79' lang='grc' dir='ltr'>αὐτοῦ</span> <span class='ocrx_word' id='word_1_518' title='bbox 418 1909 464 1944; x_wconf 59' lang='grc' dir='ltr'><strong>τον</strong></span> <span class='ocrx_word' id='word_1_519' title='bbox 480 1916 612 1953; x_wconf 85' lang='grc' dir='ltr'>μονογενῆ</span> <span class='ocrx_word' id='word_1_520' title='bbox 627 1915 737 1946; x_wconf 80' lang='grc' dir='ltr'>ἔδωκεν,</span> <span class='ocrx_word' id='word_1_521' title='bbox 759 1913 803 1940; x_wconf 82' lang='grc' dir='ltr'><strong>ἴνα</strong></span> <span class='ocrx_word' id='word_1_522' title='bbox 827 1913 881 1945; x_wconf 70' lang='grc' dir='ltr'>πᾶς</span> 
     </span>
    </p>
   </div>
   <div class='ocr_carea' id='block_1_70' title="bbox 85 1958 882 1998">
    <p class='ocr_par' dir='ltr' id='par_1_70' title="bbox 85 1958 882 1998">
     <span class='ocr_line' id='line_1_70' title="bbox 85 1958 882 1998; baseline -0.01 -6"><span class='ocrx_word' id='word_1_523' title='bbox 85 1967 99 1992; x_wconf 86' lang='lat'><strong>6</strong></span> <span class='ocrx_word' id='word_1_524' title='bbox 112 1965 251 1992; x_wconf 77' lang='grc' dir='ltr'>πιστεύων</span> <span class='ocrx_word' id='word_1_525' title='bbox 266 1965 306 1997; x_wconf 88' lang='grc' dir='ltr'><strong>εἰς</strong></span> <span class='ocrx_word' id='word_1_526' title='bbox 326 1964 419 1995; x_wconf 68' lang='grc' dir='ltr'>αὐτὶν,</span> <span class='ocrx_word' id='word_1_527' title='bbox 438 1963 475 1998; x_wconf 81' lang='grc' dir='ltr'>μὴ</span> <span class='ocrx_word' id='word_1_528' title='bbox 501 1962 647 1997; x_wconf 78' lang='grc' dir='ltr'>ἀπόληται,</span> <span class='ocrx_word' id='word_1_529' title='bbox 671 1959 730 1987; x_wconf 80' lang='grc' dir='ltr'>ἀλλ’</span> <span class='ocrx_word' id='word_1_530' title='bbox 745 1959 794 1995; x_wconf 75' lang='grc' dir='ltr'><strong>ἔχῃ</strong></span> <span class='ocrx_word' id='word_1_531' title='bbox 810 1958 882 1994; x_wconf 80' lang='grc' dir='ltr'>ζωὴν</span> 
     </span>
    </p>
   </div>
   <div class='ocr_carea' id='block_1_71' title="bbox 85 2006 878 2045">
    <p class='ocr_par' dir='ltr' id='par_1_71' title="bbox 85 2006 878 2045">
     <span class='ocr_line' id='line_1_71' title="bbox 85 2006 878 2045; baseline -0.01 -6"><span class='ocrx_word' id='word_1_532' title='bbox 85 2012 199 2039; x_wconf 77' lang='grc' dir='ltr'>αἰώνιον</span> <span class='ocrx_word' id='word_1_533' title='bbox 210 2019 217 2027; x_wconf 91' lang='grc'><strong>·</strong></span> <span class='ocrx_word' id='word_1_534' title='bbox 230 2020 240 2037; x_wconf 70' lang='grc' dir='ltr'><strong>ι</strong></span> <span class='ocrx_word' id='word_1_535' title='bbox 254 2012 309 2044; x_wconf 72' lang='grc' dir='ltr'>καὶ,</span> <span class='ocrx_word' id='word_1_536' title='bbox 323 2020 332 2036; x_wconf 84' lang='grc' dir='ltr'><strong>ι</strong></span> <span class='ocrx_word' id='word_1_537' title='bbox 348 2010 421 2044; x_wconf 83' lang='grc' dir='ltr'><strong>Ὲγὼ</strong></span> <span class='ocrx_word' id='word_1_538' title='bbox 429 2007 510 2045; x_wconf 83' lang='grc' dir='ltr'>ἦλθον</span> <span class='ocrx_word' id='word_1_539' title='bbox 522 2009 565 2035; x_wconf 86' lang='grc' dir='ltr'>ἵνα</span> <span class='ocrx_word' id='word_1_540' title='bbox 575 2007 646 2043; x_wconf 78' lang='grc' dir='ltr'>ζωὴν</span> <span class='ocrx_word' id='word_1_541' title='bbox 659 2007 753 2042; x_wconf 73' lang='grc' dir='ltr'>ἔχωσι,</span> <span class='ocrx_word' id='word_1_542' title='bbox 769 2006 816 2032; x_wconf 75' lang='grc' dir='ltr'>καὶ</span> <span class='ocrx_word' id='word_1_543' title='bbox 827 2013 878 2031; x_wconf 75' lang='grc' dir='ltr'>πε-</span> 
     </span>
    </p>
   </div>
   <div class='ocr_carea' id='block_1_72' title="bbox 87 2051 882 2093">
    <p class='ocr_par' dir='ltr' id='par_1_72' title="bbox 87 2051 882 2093">
     <span class='ocr_line' id='line_1_72' title="bbox 87 2051 882 2093; baseline -0.009 -8"><span class='ocrx_word' id='word_1_544' title='bbox 87 2058 183 2091; x_wconf 78' lang='grc' dir='ltr'>ρισσὸν</span> <span class='ocrx_word' id='word_1_545' title='bbox 198 2058 307 2093; x_wconf 76' lang='grc' dir='ltr'>ἔχωσιν.</span> <span class='ocrx_word' id='word_1_546' title='bbox 322 2066 332 2083; x_wconf 69' lang='grc' dir='ltr'><strong>ι</strong></span> <span class='ocrx_word' id='word_1_547' title='bbox 348 2057 441 2088; x_wconf 80' lang='grc' dir='ltr'>Οὕτως</span> <span class='ocrx_word' id='word_1_548' title='bbox 454 2055 499 2083; x_wconf 83' lang='grc' dir='ltr'>οὖν</span> <span class='ocrx_word' id='word_1_549' title='bbox 514 2055 592 2090; x_wconf 71' lang='grc' dir='ltr'>ἔχων,</span> <span class='ocrx_word' id='word_1_550' title='bbox 605 2054 647 2081; x_wconf 84' lang='grc' dir='ltr'><strong>ἀει</strong></span> <span class='ocrx_word' id='word_1_551' title='bbox 664 2062 693 2080; x_wconf 83' lang='grc' dir='ltr'><strong>τε</strong></span> <span class='ocrx_word' id='word_1_552' title='bbox 708 2053 761 2080; x_wconf 83' lang='grc' dir='ltr'>τῶν</span> <span class='ocrx_word' id='word_1_553' title='bbox 771 2051 882 2079; x_wconf 76' lang='grc' dir='ltr'>δπισοεν</span> 
     </span>
    </p>
   </div>
   <div class='ocr_carea' id='block_1_73' title="bbox 85 2098 882 2137">
    <p class='ocr_par' dir='ltr' id='par_1_73' title="bbox 85 2098 882 2137">
     <span class='ocr_line' id='line_1_73' title="bbox 85 2098 882 2137; baseline -0.009 -7"><span class='ocrx_word' id='word_1_554' title='bbox 85 2102 347 2137; x_wconf 73' lang='grc' dir='ltr'>ἐπιλανθανόμενος,</span> <span class='ocrx_word' id='word_1_555' title='bbox 366 2102 414 2128; x_wconf 82' lang='grc' dir='ltr'>καὶ</span> <span class='ocrx_word' id='word_1_556' title='bbox 434 2102 490 2132; x_wconf 80' lang='grc' dir='ltr'>τοῖς</span> <span class='ocrx_word' id='word_1_557' title='bbox 516 2099 674 2136; x_wconf 68' lang='grc' dir='ltr'>ἔμπροσθεν</span> <span class='ocrx_word' id='word_1_558' title='bbox 689 2098 882 2133; x_wconf 75' lang='grc' dir='ltr'>ἐπεκτεινόμε-</span> 
     </span>
    </p>
   </div>
   <div class='ocr_carea' id='block_1_74' title="bbox 84 2144 882 2185">
    <p class='ocr_par' dir='ltr' id='par_1_74' title="bbox 84 2144 882 2185">
     <span class='ocr_line' id='line_1_74' title="bbox 84 2144 882 2185; baseline -0.009 -8"><span class='ocrx_word' id='word_1_559' title='bbox 84 2159 143 2183; x_wconf 84' lang='grc' dir='ltr'>νος,</span> <span class='ocrx_word' id='word_1_560' title='bbox 161 2150 200 2182; x_wconf 80' lang='grc' dir='ltr'>ὡς</span> <span class='ocrx_word' id='word_1_561' title='bbox 211 2150 331 2185; x_wconf 77' lang='grc' dir='ltr'>εἴρηται,</span> <span class='ocrx_word' id='word_1_562' title='bbox 344 2149 437 2184; x_wconf 80' lang='grc' dir='ltr'>τρέχε,</span> <span class='ocrx_word' id='word_1_563' title='bbox 452 2149 499 2175; x_wconf 83' lang='grc' dir='ltr'>σὺν</span> <span class='ocrx_word' id='word_1_564' title='bbox 507 2146 617 2182; x_wconf 77' lang='grc' dir='ltr'>Χριστῷ</span> <span class='ocrx_word' id='word_1_565' title='bbox 637 2145 724 2181; x_wconf 77' lang='grc' dir='ltr'><strong>Ἰησοῦ</strong></span> <span class='ocrx_word' id='word_1_566' title='bbox 737 2146 776 2180; x_wconf 86' lang='grc' dir='ltr'>τῷ</span> <span class='ocrx_word' id='word_1_567' title='bbox 787 2144 882 2179; x_wconf 82' lang='grc' dir='ltr'>Κυρίῳ</span> 
     </span>
    </p>
   </div>
   <div class='ocr_carea' id='block_1_75' title="bbox 86 2191 882 2232">
    <p class='ocr_par' dir='ltr' id='par_1_75' title="bbox 86 2191 882 2232">
     <span class='ocr_line' id='line_1_75' title="bbox 86 2191 882 2232; baseline -0.008 -8"><span class='ocrx_word' id='word_1_568' title='bbox 86 2197 187 2232; x_wconf 76' lang='grc' dir='ltr'>ἡμῶν,</span> <span class='ocrx_word' id='word_1_569' title='bbox 203 2196 410 2231; x_wconf 76' lang='grc' dir='ltr'>ἀμεταστρεπτὶ</span> <span class='ocrx_word' id='word_1_570' title='bbox 426 2196 472 2221; x_wconf 69' lang='grc' dir='ltr'>τὶν</span> <span class='ocrx_word' id='word_1_571' title='bbox 497 2195 542 2220; x_wconf 72' lang='grc' dir='ltr'><strong>σὺν</strong></span> <span class='ocrx_word' id='word_1_572' title='bbox 554 2193 654 2229; x_wconf 82' lang='grc' dir='ltr'>δρόμον</span> <span class='ocrx_word' id='word_1_573' title='bbox 667 2192 776 2220; x_wconf 81' lang='grc' dir='ltr'>οὑτωσί.</span> <span class='ocrx_word' id='word_1_574' title='bbox 792 2191 882 2218; x_wconf 73' lang='grc' dir='ltr'>Καλὸν</span> 
     </span>
    </p>
   </div>
   <div class='ocr_carea' id='block_1_76' title="bbox 86 2236 883 2277">
    <p class='ocr_par' dir='ltr' id='par_1_76' title="bbox 86 2236 883 2277">
     <span class='ocr_line' id='line_1_76' title="bbox 86 2236 883 2277; baseline -0.01 -7"><span class='ocrx_word' id='word_1_575' title='bbox 86 2244 127 2274; x_wconf 74' lang='grc' dir='ltr'>δὲ,</span> <span class='ocrx_word' id='word_1_576' title='bbox 148 2243 187 2274; x_wconf 83' lang='grc' dir='ltr'>ὡς</span> <span class='ocrx_word' id='word_1_577' title='bbox 205 2242 272 2277; x_wconf 80' lang='grc' dir='ltr'>ἡμῖν</span> <span class='ocrx_word' id='word_1_578' title='bbox 295 2242 378 2272; x_wconf 79' lang='grc' dir='ltr'>δοκεῖ,</span> <span class='ocrx_word' id='word_1_579' title='bbox 402 2240 449 2267; x_wconf 73' lang='grc' dir='ltr'>καὶ</span> <span class='ocrx_word' id='word_1_580' title='bbox 477 2239 550 2275; x_wconf 84' lang='grc' dir='ltr'>μάλα</span> <span class='ocrx_word' id='word_1_581' title='bbox 565 2239 732 2274; x_wconf 82' lang='grc' dir='ltr'>πρόσφορον,</span> <span class='ocrx_word' id='word_1_582' title='bbox 750 2236 883 2272; x_wconf 81' lang='grc' dir='ltr'>πρότερον</span> 
     </span>
    </p>
   </div>
   <div class='ocr_carea' id='block_1_77' title="bbox 86 2282 881 2323">
    <p class='ocr_par' dir='ltr' id='par_1_77' title="bbox 86 2282 881 2323">
     <span class='ocr_line' id='line_1_77' title="bbox 86 2282 881 2323; baseline -0.01 -7"><span class='ocrx_word' id='word_1_583' title='bbox 86 2288 219 2316; x_wconf 71' lang='grc' dir='ltr'>ἐκθέσθαι</span> <span class='ocrx_word' id='word_1_584' title='bbox 236 2288 283 2315; x_wconf 82' lang='grc' dir='ltr'>τοῦ</span> <span class='ocrx_word' id='word_1_585' title='bbox 312 2286 523 2323; x_wconf 82' lang='grc' dir='ltr'>μακαριωτάτου</span> <span class='ocrx_word' id='word_1_586' title='bbox 538 2284 699 2320; x_wconf 79' lang='grc' dir='ltr'>Νικηφόρον</span> <span class='ocrx_word' id='word_1_587' title='bbox 726 2282 774 2310; x_wconf 84' lang='grc' dir='ltr'>τοῦ</span> <span class='ocrx_word' id='word_1_588' title='bbox 799 2283 881 2315; x_wconf 83' lang='grc' dir='ltr'>πάνυ,</span> 
     </span>
    </p>
   </div>
   <div class='ocr_carea' id='block_1_78' title="bbox 87 2328 883 2371">
    <p class='ocr_par' dir='ltr' id='par_1_78' title="bbox 87 2328 883 2371">
     <span class='ocr_line' id='line_1_78' title="bbox 87 2328 883 2371; baseline -0.009 -10"><span class='ocrx_word' id='word_1_589' title='bbox 87 2335 155 2371; x_wconf 75' lang='grc' dir='ltr'>περὶ</span> <span class='ocrx_word' id='word_1_590' title='bbox 178 2334 229 2369; x_wconf 82' lang='grc' dir='ltr'>τῆς</span> <span class='ocrx_word' id='word_1_591' title='bbox 267 2333 341 2360; x_wconf 76' lang='grc' dir='ltr'>ἔνδον</span> <span class='ocrx_word' id='word_1_592' title='bbox 367 2332 481 2368; x_wconf 86' lang='grc' dir='ltr'>καρδίας</span> <span class='ocrx_word' id='word_1_593' title='bbox 499 2331 533 2358; x_wconf 87' lang='grc' dir='ltr'>δι’</span> <span class='ocrx_word' id='word_1_594' title='bbox 559 2330 688 2364; x_wconf 81' lang='grc' dir='ltr'>είσπνοῆς</span> <span class='ocrx_word' id='word_1_595' title='bbox 726 2328 800 2364; x_wconf 78' lang='grc' dir='ltr'>ῥινὸς</span> <span class='ocrx_word' id='word_1_596' title='bbox 825 2328 883 2355; x_wconf 80' lang='grc' dir='ltr'>εἱσ-</span> 
     </span>
    </p>
   </div>
   <div class='ocr_carea' id='block_1_79' title="bbox 85 2373 883 2415">
    <p class='ocr_par' dir='ltr' id='par_1_79' title="bbox 85 2373 883 2415">
     <span class='ocr_line' id='line_1_79' title="bbox 85 2373 883 2415; baseline -0.011 -7"><span class='ocrx_word' id='word_1_597' title='bbox 85 2377 152 2408; x_wconf 77' lang='grc' dir='ltr'>όδου</span> <span class='ocrx_word' id='word_1_598' title='bbox 169 2379 290 2415; x_wconf 76' lang='grc' dir='ltr'>φυσικήν</span> <span class='ocrx_word' id='word_1_599' title='bbox 314 2387 376 2405; x_wconf 82' lang='grc' dir='ltr'>τινα</span> <span class='ocrx_word' id='word_1_600' title='bbox 400 2377 521 2412; x_wconf 76' lang='grc' dir='ltr'>μέθοῐον,</span> <span class='ocrx_word' id='word_1_601' title='bbox 551 2374 741 2402; x_wconf 71' lang='grc' dir='ltr'>ωντείνουσὰν</span> <span class='ocrx_word' id='word_1_602' title='bbox 756 2382 814 2405; x_wconf 87' lang='grc' dir='ltr'><strong>πως</strong></span> <span class='ocrx_word' id='word_1_603' title='bbox 837 2373 883 2400; x_wconf 75' lang='grc' dir='ltr'>καὶ</span> 
     </span>
    </p>
   </div>
   <div class='ocr_carea' id='block_1_80' title="bbox 85 2419 881 2463">
    <p class='ocr_par' dir='ltr' id='par_1_80' title="bbox 85 2419 881 2463">
     <span class='ocr_line' id='line_1_80' title="bbox 85 2419 881 2463; baseline -0.009 -10"><span class='ocrx_word' id='word_1_604' title='bbox 85 2428 158 2463; x_wconf 77' lang='grc' dir='ltr'>πρὸς</span> <span class='ocrx_word' id='word_1_605' title='bbox 175 2426 225 2462; x_wconf 81' lang='grc' dir='ltr'>τὴν</span> <span class='ocrx_word' id='word_1_606' title='bbox 236 2426 286 2461; x_wconf 81' lang='grc' dir='ltr'>τῆς</span> <span class='ocrx_word' id='word_1_607' title='bbox 299 2425 418 2456; x_wconf 82' lang='grc' dir='ltr'>διανοίας</span> <span class='ocrx_word' id='word_1_608' title='bbox 430 2422 641 2458; x_wconf 78' lang='grc' dir='ltr'>ἐπισυναγωγὴν</span> <span class='ocrx_word' id='word_1_609' title='bbox 651 2430 658 2438; x_wconf 89' lang='grc'>·</span> <span class='ocrx_word' id='word_1_610' title='bbox 675 2421 709 2448; x_wconf 81' lang='grc' dir='ltr'><strong>ἶν’</strong></span> <span class='ocrx_word' id='word_1_611' title='bbox 721 2420 807 2451; x_wconf 81' lang='grc' dir='ltr'>οὓτως</span> <span class='ocrx_word' id='word_1_612' title='bbox 820 2419 881 2447; x_wconf 81' lang='grc' dir='ltr'>καθ’</span> 
     </span>
    </p>
   </div>
   <div class='ocr_carea' id='block_1_81' title="bbox 85 2463 882 2509">
    <p class='ocr_par' dir='ltr' id='par_1_81' title="bbox 85 2463 882 2509">
     <span class='ocr_line' id='line_1_81' title="bbox 85 2463 882 2509; baseline -0.011 -9"><span class='ocrx_word' id='word_1_613' title='bbox 85 2474 197 2509; x_wconf 72' lang='grc' dir='ltr'>εἱρμὸν,</span> <span class='ocrx_word' id='word_1_614' title='bbox 213 2471 264 2499; x_wconf 75' lang='grc' dir='ltr'><strong>σὺν</strong></span> <span class='ocrx_word' id='word_1_615' title='bbox 279 2471 350 2506; x_wconf 82' lang='grc' dir='ltr'><strong>Θεῷ,</strong></span> <span class='ocrx_word' id='word_1_616' title='bbox 365 2471 382 2506; x_wconf 81' lang='grc' dir='ltr'><strong>ή</strong></span> <span class='ocrx_word' id='word_1_617' title='bbox 395 2470 521 2506; x_wconf 83' lang='grc' dir='ltr'>παροῦσα</span> <span class='ocrx_word' id='word_1_618' title='bbox 535 2469 714 2504; x_wconf 83' lang='grc' dir='ltr'>πραγματεία</span> <span class='ocrx_word' id='word_1_619' title='bbox 729 2465 818 2502; x_wconf 73' lang='grc' dir='ltr'>προσῇ</span> <span class='ocrx_word' id='word_1_620' title='bbox 834 2463 882 2491; x_wconf 79' lang='grc' dir='ltr'><strong>εὖ-</strong></span> 
     </span>
    </p>
   </div>
   <div class='ocr_carea' id='block_1_82' title="bbox 85 2509 883 2552">
    <p class='ocr_par' dir='ltr' id='par_1_82' title="bbox 85 2509 883 2552">
     <span class='ocr_line' id='line_1_82' title="bbox 85 2509 883 2552; baseline -0.011 -7"><span class='ocrx_word' id='word_1_621' title='bbox 85 2519 178 2545; x_wconf 76' lang='grc' dir='ltr'>Θετον.</span> <span class='ocrx_word' id='word_1_622' title='bbox 192 2517 276 2552; x_wconf 83' lang='grc' dir='ltr'>Λέγει</span> <span class='ocrx_word' id='word_1_623' title='bbox 289 2515 380 2542; x_wconf 88' lang='grc' dir='ltr'>τοίνυν</span> <span class='ocrx_word' id='word_1_624' title='bbox 404 2516 418 2541; x_wconf 78' lang='lat'><strong>6</strong></span> <span class='ocrx_word' id='word_1_625' title='bbox 433 2515 505 2546; x_wconf 81' lang='grc' dir='ltr'>θεῖος</span> <span class='ocrx_word' id='word_1_626' title='bbox 523 2514 627 2545; x_wconf 74' lang='grc' dir='ltr'>ἐκεῖνος</span> <span class='ocrx_word' id='word_1_627' title='bbox 643 2511 724 2548; x_wconf 79' lang='grc' dir='ltr'>ἀνὴρ,</span> <span class='ocrx_word' id='word_1_628' title='bbox 744 2511 794 2538; x_wconf 79' lang='grc' dir='ltr'>σὺν</span> <span class='ocrx_word' id='word_1_629' title='bbox 815 2509 883 2537; x_wconf 82' lang='grc' dir='ltr'>πολ-</span> 
     </span>
    </p>
   </div>
   <div class='ocr_carea' id='block_1_83' title="bbox 84 2555 884 2597">
    <p class='ocr_par' dir='ltr' id='par_1_83' title="bbox 84 2555 884 2597">
     <span class='ocr_line' id='line_1_83' title="bbox 84 2555 884 2597; baseline -0.01 -6"><span class='ocrx_word' id='word_1_630' title='bbox 84 2564 145 2596; x_wconf 79' lang='grc' dir='ltr'>λοῖς</span> <span class='ocrx_word' id='word_1_631' title='bbox 171 2563 276 2596; x_wconf 79' lang='grc' dir='ltr'>ἄλλοις,</span> <span class='ocrx_word' id='word_1_632' title='bbox 291 2563 322 2589; x_wconf 88' lang='grc' dir='ltr'><strong>τδ</strong></span> <span class='ocrx_word' id='word_1_633' title='bbox 338 2561 423 2597; x_wconf 81' lang='grc' dir='ltr'>κῦρος</span> <span class='ocrx_word' id='word_1_634' title='bbox 446 2560 513 2597; x_wconf 75' lang='grc' dir='ltr'>παρ’</span> <span class='ocrx_word' id='word_1_635' title='bbox 527 2558 710 2595; x_wconf 83' lang='grc' dir='ltr'>ἁναγράπτων</span> <span class='ocrx_word' id='word_1_636' title='bbox 725 2555 884 2594; x_wconf 78' lang='grc' dir='ltr'>μαρτυριῶν</span> 
     </span>
    </p>
   </div>
   <div class='ocr_carea' id='block_1_84' title="bbox 85 2607 519 2644">
    <p class='ocr_par' dir='ltr' id='par_1_84' title="bbox 85 2607 519 2644">
     <span class='ocr_line' id='line_1_84' title="bbox 85 2607 519 2644; baseline -0.012 -6"><span class='ocrx_word' id='word_1_637' title='bbox 85 2611 144 2638; x_wconf 83' lang='grc' dir='ltr'><strong>τῶν</strong></span> <span class='ocrx_word' id='word_1_638' title='bbox 162 2610 249 2644; x_wconf 73' lang='grc' dir='ltr'>ἁγίων</span> <span class='ocrx_word' id='word_1_639' title='bbox 264 2608 367 2644; x_wconf 78' lang='grc' dir='ltr'>ἔχουσι,</span> <span class='ocrx_word' id='word_1_640' title='bbox 380 2607 428 2635; x_wconf 79' lang='grc' dir='ltr'>καὶ</span> <span class='ocrx_word' id='word_1_641' title='bbox 439 2607 519 2634; x_wconf 80' lang='grc' dir='ltr'>τάδε-</span> 
     </span>
    </p>
   </div>
   <div class='ocr_carea' id='block_1_85' title="bbox 130 2831 722 2865">
    <p class='ocr_par' dir='ltr' id='par_1_85' title="bbox 130 2831 722 2865">
     <span class='ocr_line' id='line_1_85' title="bbox 130 2831 722 2865; baseline -0.012 0"><span class='ocrx_word' id='word_1_642' title='bbox 130 2839 155 2854; x_wconf 80' lang='grc'>⁶⁶</span> <span class='ocrx_word' id='word_1_643' title='bbox 170 2836 234 2865; x_wconf 80' lang='lat' dir='ltr'><strong>Psal</strong></span> <span class='ocrx_word' id='word_1_644' title='bbox 261 2842 365 2864; x_wconf 81' lang='lat' dir='ltr'><strong>cxxvu,</strong></span> <span class='ocrx_word' id='word_1_645' title='bbox 385 2832 412 2859; x_wconf 78' lang='grc' dir='ltr'>ι.</span> <span class='ocrx_word' id='word_1_646' title='bbox 460 2831 562 2860; x_wconf 81' lang='lat' dir='ltr'><strong>&quot;Psal.</strong></span> <span class='ocrx_word' id='word_1_647' title='bbox 586 2840 660 2865; x_wconf 76' lang='lat' dir='ltr'><strong>XVIII,</strong></span> <span class='ocrx_word' id='word_1_648' title='bbox 679 2832 722 2859; x_wconf 89' lang='lat' dir='ltr'><strong>l0.</strong></span> 
     </span>
    </p>
   </div>
   <div class='ocr_carea' id='block_1_86' title="bbox 96 2867 511 2901">
    <p class='ocr_par' dir='ltr' id='par_1_86' title="bbox 96 2867 511 2901">
     <span class='ocr_line' id='line_1_86' title="bbox 96 2867 511 2901; baseline -0.017 0"><span class='ocrx_word' id='word_1_649' title='bbox 96 2873 206 2901; x_wconf 74' lang='lat' dir='ltr'><strong>l5.16.</strong></span> <span class='ocrx_word' id='word_1_650' title='bbox 259 2871 282 2888; x_wconf 83' lang='grc'><strong>⁹¹</strong></span> <span class='ocrx_word' id='word_1_651' title='bbox 300 2869 380 2897; x_wconf 73' lang='lat' dir='ltr'><strong>Joan.</strong></span> <span class='ocrx_word' id='word_1_652' title='bbox 405 2875 433 2898; x_wconf 76' lang='grc' dir='ltr'>ι.</span> <span class='ocrx_word' id='word_1_653' title='bbox 468 2867 511 2895; x_wconf 82' lang='grc'><strong>10.</strong></span> 
     </span>
    </p>
   </div>
   <div class='ocr_carea' id='block_1_87' title="bbox 893 2179 916 2207">
    <p class='ocr_par' dir='ltr' id='par_1_87' title="bbox 893 2179 916 2207">
     <span class='ocr_line' id='line_1_87' title="bbox 893 2179 916 2207; baseline 0 0"><span class='ocrx_word' id='word_1_654' title='bbox 893 2179 916 2207; x_wconf 87' lang='lat' dir='ltr'><strong>D</strong></span> 
     </span>
    </p>
   </div>
   <div class='ocr_carea' id='block_1_88' title="bbox 772 2829 1009 2864">
    <p class='ocr_par' dir='ltr' id='par_1_88' title="bbox 772 2829 1009 2864">
     <span class='ocr_line' id='line_1_88' title="bbox 772 2829 1009 2864; baseline -0.008 -6"><span class='ocrx_word' id='word_1_655' title='bbox 772 2829 795 2846; x_wconf 80' lang='lat'><strong><em>&quot;</em></strong></span> <span class='ocrx_word' id='word_1_656' title='bbox 809 2830 902 2858; x_wconf 79' lang='lat' dir='ltr'><strong>Matth.</strong></span> <span class='ocrx_word' id='word_1_657' title='bbox 923 2838 950 2864; x_wconf 76' lang='grc' dir='ltr'><strong>ιι,</strong></span> <span class='ocrx_word' id='word_1_658' title='bbox 965 2829 1009 2857; x_wconf 82' lang='lat' dir='ltr'><strong>5t).</strong></span> 
     </span>
    </p>
   </div>
   <div class='ocr_carea' id='block_1_89' title="bbox 929 1545 1715 1583">
    <p class='ocr_par' dir='ltr' id='par_1_89' title="bbox 929 1545 1715 1583">
     <span class='ocr_line' id='line_1_89' title="bbox 929 1545 1715 1583; baseline -0.001 -9"><span class='ocrx_word' id='word_1_659' title='bbox 929 1550 1040 1583; x_wconf 87' lang='lat' dir='ltr'><strong>propter</strong></span> <span class='ocrx_word' id='word_1_660' title='bbox 1071 1553 1113 1572; x_wconf 87' lang='lat' dir='ltr'><strong>me</strong></span> <span class='ocrx_word' id='word_1_661' title='bbox 1147 1550 1174 1572; x_wconf 88' lang='lat' dir='ltr'><strong>et</strong></span> <span class='ocrx_word' id='word_1_662' title='bbox 1198 1545 1393 1580; x_wconf 77' lang='lat' dir='ltr'><strong>Erangelium,</strong></span> <span class='ocrx_word' id='word_1_663' title='bbox 1419 1546 1539 1573; x_wconf 83' lang='lat' dir='ltr'><strong>servabit</strong></span> <span class='ocrx_word' id='word_1_664' title='bbox 1573 1554 1632 1574; x_wconf 83' lang='lat' dir='ltr'><strong>ram</strong></span> <span class='ocrx_word' id='word_1_665' title='bbox 1649 1547 1686 1578; x_wconf 73' lang='grc' dir='ltr'>ἐς</span> <span class='ocrx_word' id='word_1_666' title='bbox 1706 1556 1715 1573; x_wconf 75' lang='grc' dir='ltr'><strong>ι</strong></span> 
     </span>
    </p>
   </div>
   <div class='ocr_carea' id='block_1_90' title="bbox 929 1592 1717 1627">
    <p class='ocr_par' dir='ltr' id='par_1_90' title="bbox 929 1592 1717 1627">
     <span class='ocr_line' id='line_1_90' title="bbox 929 1592 1717 1627; baseline 0.001 -7"><span class='ocrx_word' id='word_1_667' title='bbox 929 1593 1041 1620; x_wconf 87' lang='lat' dir='ltr'><strong>credens</strong></span> <span class='ocrx_word' id='word_1_668' title='bbox 1066 1592 1253 1619; x_wconf 84' lang='lat' dir='ltr'><strong>indubitanter</strong></span> <span class='ocrx_word' id='word_1_669' title='bbox 1278 1596 1305 1619; x_wconf 89' lang='lat' dir='ltr'><strong>et</strong></span> <span class='ocrx_word' id='word_1_670' title='bbox 1320 1592 1424 1627; x_wconf 83' lang='lat' dir='ltr'><strong>absque</strong></span> <span class='ocrx_word' id='word_1_671' title='bbox 1442 1592 1612 1621; x_wconf 57' lang='lat' dir='ltr'><strong>[imitatione</strong></span> <span class='ocrx_word' id='word_1_672' title='bbox 1633 1593 1717 1621; x_wconf 86' lang='lat' dir='ltr'><strong>Deum</strong></span> 
     </span>
    </p>
   </div>
   <div class='ocr_carea' id='block_1_91' title="bbox 928 1629 1720 1668">
    <p class='ocr_par' dir='ltr' id='par_1_91' title="bbox 928 1629 1720 1668">
     <span class='ocr_line' id='line_1_91' title="bbox 928 1629 1720 1668; baseline -0.001 0"><span class='ocrx_word' id='word_1_673' title='bbox 928 1644 957 1668; x_wconf 86' lang='lat' dir='ltr'><strong>et</strong></span> <span class='ocrx_word' id='word_1_674' title='bbox 969 1640 1106 1667; x_wconf 87' lang='lat' dir='ltr'><strong>hominem</strong></span> <span class='ocrx_word' id='word_1_675' title='bbox 1122 1638 1289 1666; x_wconf 86' lang='lat' dir='ltr'><strong>Salvatorem</strong></span> <span class='ocrx_word' id='word_1_676' title='bbox 1303 1637 1397 1666; x_wconf 78' lang='lat' dir='ltr'><strong>Jesutn</strong></span> <span class='ocrx_word' id='word_1_677' title='bbox 1414 1629 1477 1666; x_wconf 77' lang='lat' dir='ltr'><strong>esse</strong></span> <span class='ocrx_word' id='word_1_678' title='bbox 1489 1629 1528 1666; x_wconf 43' lang='lat' dir='ltr'><strong>et.</strong></span> <span class='ocrx_word' id='word_1_679' title='bbox 1541 1640 1720 1667; x_wconf 88' lang='lat' dir='ltr'><strong>resurrectio-</strong></span> 
     </span>
    </p>
   </div>
   <div class='ocr_carea' id='block_1_92' title="bbox 929 1685 1719 1721">
    <p class='ocr_par' dir='ltr' id='par_1_92' title="bbox 929 1685 1719 1721">
     <span class='ocr_line' id='line_1_92' title="bbox 929 1685 1719 1721; baseline -0.003 -6"><span class='ocrx_word' id='word_1_680' title='bbox 929 1695 991 1715; x_wconf 90' lang='lat' dir='ltr'><strong>nem</strong></span> <span class='ocrx_word' id='word_1_681' title='bbox 1007 1691 1034 1714; x_wconf 88' lang='lat' dir='ltr'><strong>ct</strong></span> <span class='ocrx_word' id='word_1_682' title='bbox 1048 1687 1129 1713; x_wconf 84' lang='lat' dir='ltr'><strong>vitam</strong></span> <span class='ocrx_word' id='word_1_683' title='bbox 1155 1691 1183 1713; x_wconf 87' lang='lat' dir='ltr'><strong>et</strong></span> <span class='ocrx_word' id='word_1_684' title='bbox 1208 1685 1341 1721; x_wconf 79' lang='lat' dir='ltr'><strong>quidquid</strong></span> <span class='ocrx_word' id='word_1_685' title='bbox 1374 1685 1496 1712; x_wconf 81' lang='lat' dir='ltr'><strong>salutare</strong></span> <span class='ocrx_word' id='word_1_686' title='bbox 1512 1691 1565 1718; x_wconf 91' lang='lat' dir='ltr'><strong>est,</strong></span> <span class='ocrx_word' id='word_1_687' title='bbox 1601 1690 1630 1712; x_wconf 82' lang='lat' dir='ltr'><strong>ut</strong></span> <span class='ocrx_word' id='word_1_688' title='bbox 1660 1686 1719 1720; x_wconf 83' lang='lat' dir='ltr'><strong>ipse</strong></span> 
     </span>
    </p>
   </div>
   <div class='ocr_carea' id='block_1_93' title="bbox 929 1731 1717 1767">
    <p class='ocr_par' dir='ltr' id='par_1_93' title="bbox 929 1731 1717 1767">
     <span class='ocr_line' id='line_1_93' title="bbox 929 1731 1717 1767; baseline -0.003 -6"><span class='ocrx_word' id='word_1_689' title='bbox 929 1733 1019 1761; x_wconf 77' lang='lat' dir='ltr'><strong>dixit:</strong></span> <span class='ocrx_word' id='word_1_690' title='bbox 1037 1742 1047 1759; x_wconf 82' lang='grc' dir='ltr'><strong>ι</strong></span> <span class='ocrx_word' id='word_1_691' title='bbox 1066 1732 1124 1767; x_wconf 80' lang='lat' dir='ltr'><strong>Ego</strong></span> <span class='ocrx_word' id='word_1_692' title='bbox 1135 1740 1196 1760; x_wconf 90' lang='lat' dir='ltr'><strong>sum</strong></span> <span class='ocrx_word' id='word_1_693' title='bbox 1214 1731 1379 1759; x_wconf 80' lang='lat' dir='ltr'><strong>reSurrectio</strong></span> <span class='ocrx_word' id='word_1_694' title='bbox 1391 1736 1417 1759; x_wconf 88' lang='lat' dir='ltr'><strong>et</strong></span> <span class='ocrx_word' id='word_1_695' title='bbox 1430 1732 1484 1758; x_wconf 85' lang='lat' dir='ltr'><strong>rita</strong></span> <span class='ocrx_word' id='word_1_696' title='bbox 1500 1740 1507 1764; x_wconf 85' lang='lat'><strong><em>;</em></strong></span> <span class='ocrx_word' id='word_1_697' title='bbox 1528 1732 1574 1767; x_wconf 87' lang='lat' dir='ltr'><strong>qui</strong></span> <span class='ocrx_word' id='word_1_698' title='bbox 1591 1732 1676 1759; x_wconf 90' lang='lat' dir='ltr'><strong>credit</strong></span> <span class='ocrx_word' id='word_1_699' title='bbox 1691 1732 1717 1759; x_wconf 90' lang='lat' dir='ltr'><strong>in</strong></span> 
     </span>
    </p>
   </div>
   <div class='ocr_carea' id='block_1_94' title="bbox 929 1777 1716 1811">
    <p class='ocr_par' dir='ltr' id='par_1_94' title="bbox 929 1777 1716 1811">
     <span class='ocr_line' id='line_1_94' title="bbox 929 1777 1716 1811; baseline -0.003 -4"><span class='ocrx_word' id='word_1_700' title='bbox 929 1787 985 1811; x_wconf 82' lang='lat' dir='ltr'><strong>me,</strong></span> <span class='ocrx_word' id='word_1_701' title='bbox 1006 1779 1111 1807; x_wconf 77' lang='lat' dir='ltr'><strong>etiamsi</strong></span> <span class='ocrx_word' id='word_1_702' title='bbox 1141 1783 1264 1806; x_wconf 91' lang='lat' dir='ltr'><strong>mortuus</strong></span> <span class='ocrx_word' id='word_1_703' title='bbox 1283 1777 1376 1809; x_wconf 78' lang='lat' dir='ltr'><strong>fuerit.</strong></span> <span class='ocrx_word' id='word_1_704' title='bbox 1400 1778 1473 1805; x_wconf 86' lang='lat' dir='ltr'><strong>vivet</strong></span> <span class='ocrx_word' id='word_1_705' title='bbox 1488 1778 1531 1811; x_wconf 87' lang='lat'><strong>&quot;;</strong></span> <span class='ocrx_word' id='word_1_706' title='bbox 1553 1788 1562 1804; x_wconf 78' lang='grc' dir='ltr'><strong>ι</strong></span> <span class='ocrx_word' id='word_1_707' title='bbox 1583 1782 1621 1810; x_wconf 84' lang='grc' dir='ltr'><strong>οι,</strong></span> <span class='ocrx_word' id='word_1_708' title='bbox 1639 1787 1649 1803; x_wconf 78' lang='grc' dir='ltr'><strong>ι</strong></span> <span class='ocrx_word' id='word_1_709' title='bbox 1665 1777 1716 1811; x_wconf 89' lang='lat' dir='ltr'><strong>Qui</strong></span> 
     </span>
    </p>
   </div>
   <div class='ocr_carea' id='block_1_95' title="bbox 929 1823 1715 1854">
    <p class='ocr_par' dir='ltr' id='par_1_95' title="bbox 929 1823 1715 1854">
     <span class='ocr_line' id='line_1_95' title="bbox 929 1823 1715 1854; baseline -0.005 0"><span class='ocrx_word' id='word_1_710' title='bbox 929 1827 997 1854; x_wconf 78' lang='lat' dir='ltr'><strong>vivit</strong></span> <span class='ocrx_word' id='word_1_711' title='bbox 1007 1831 1032 1853; x_wconf 90' lang='lat' dir='ltr'><strong>et</strong></span> <span class='ocrx_word' id='word_1_712' title='bbox 1048 1825 1135 1853; x_wconf 89' lang='lat' dir='ltr'><strong>credit</strong></span> <span class='ocrx_word' id='word_1_713' title='bbox 1147 1824 1174 1850; x_wconf 86' lang='lat' dir='ltr'><strong>in</strong></span> <span class='ocrx_word' id='word_1_714' title='bbox 1189 1831 1230 1850; x_wconf 90' lang='lat' dir='ltr'><strong>me</strong></span> <span class='ocrx_word' id='word_1_715' title='bbox 1242 1831 1296 1850; x_wconf 85' lang='lat' dir='ltr'><strong>non</strong></span> <span class='ocrx_word' id='word_1_716' title='bbox 1314 1823 1447 1850; x_wconf 88' lang='lat' dir='ltr'><strong>morietur</strong></span> <span class='ocrx_word' id='word_1_717' title='bbox 1463 1823 1489 1849; x_wconf 91' lang='lat' dir='ltr'><strong>in</strong></span> <span class='ocrx_word' id='word_1_718' title='bbox 1507 1828 1640 1850; x_wconf 69' lang='lat' dir='ltr'><strong>teternum</strong></span> <span class='ocrx_word' id='word_1_719' title='bbox 1655 1823 1690 1850; x_wconf 74' lang='grc' dir='ltr'><strong>ὀ.</strong></span> <span class='ocrx_word' id='word_1_720' title='bbox 1706 1833 1715 1849; x_wconf 78' lang='grc' dir='ltr'><strong>ι</strong></span> 
     </span>
    </p>
   </div>
   <div class='ocr_carea' id='block_1_96' title="bbox 929 1868 1716 1905">
    <p class='ocr_par' dir='ltr' id='par_1_96' title="bbox 929 1868 1716 1905">
     <span class='ocr_line' id='line_1_96' title="bbox 929 1868 1716 1905; baseline -0.006 -4"><span class='ocrx_word' id='word_1_721' title='bbox 929 1874 973 1905; x_wconf 83' lang='grc' dir='ltr'><strong>Ει,</strong></span> <span class='ocrx_word' id='word_1_722' title='bbox 994 1882 1003 1898; x_wconf 85' lang='grc' dir='ltr'><strong>ι</strong></span> <span class='ocrx_word' id='word_1_723' title='bbox 1021 1873 1061 1900; x_wconf 87' lang='lat' dir='ltr'><strong>sic</strong></span> <span class='ocrx_word' id='word_1_724' title='bbox 1089 1871 1160 1899; x_wconf 89' lang='lat' dir='ltr'><strong>Detts</strong></span> <span class='ocrx_word' id='word_1_725' title='bbox 1186 1869 1283 1898; x_wconf 79' lang='lat' dir='ltr'><strong>dilexit</strong></span> <span class='ocrx_word' id='word_1_726' title='bbox 1296 1869 1439 1902; x_wconf 87' lang='lat' dir='ltr'><strong>mundum,</strong></span> <span class='ocrx_word' id='word_1_727' title='bbox 1470 1874 1499 1896; x_wconf 92' lang='lat' dir='ltr'><strong>ut</strong></span> <span class='ocrx_word' id='word_1_728' title='bbox 1516 1868 1615 1896; x_wconf 87' lang='lat' dir='ltr'><strong>Filium</strong></span> <span class='ocrx_word' id='word_1_729' title='bbox 1636 1877 1716 1896; x_wconf 89' lang='lat' dir='ltr'><strong>suum</strong></span> 
     </span>
    </p>
   </div>
   <div class='ocr_carea' id='block_1_97' title="bbox 930 1915 1717 1955">
    <p class='ocr_par' dir='ltr' id='par_1_97' title="bbox 930 1915 1717 1955">
     <span class='ocr_line' id='line_1_97' title="bbox 930 1915 1717 1955; baseline -0.008 -7"><span class='ocrx_word' id='word_1_730' title='bbox 930 1919 1099 1955; x_wconf 76' lang='lat' dir='ltr'><strong>unigenitum</strong></span> <span class='ocrx_word' id='word_1_731' title='bbox 1114 1918 1203 1950; x_wconf 87' lang='lat' dir='ltr'><strong>daret,</strong></span> <span class='ocrx_word' id='word_1_732' title='bbox 1220 1920 1247 1943; x_wconf 87' lang='lat' dir='ltr'><strong>ut</strong></span> <span class='ocrx_word' id='word_1_733' title='bbox 1267 1916 1355 1942; x_wconf 88' lang='lat' dir='ltr'><strong>omnis</strong></span> <span class='ocrx_word' id='word_1_734' title='bbox 1364 1915 1409 1950; x_wconf 91' lang='lat' dir='ltr'><strong>qui</strong></span> <span class='ocrx_word' id='word_1_735' title='bbox 1428 1916 1514 1942; x_wconf 89' lang='lat' dir='ltr'><strong>credit</strong></span> <span class='ocrx_word' id='word_1_736' title='bbox 1529 1915 1555 1942; x_wconf 94' lang='lat' dir='ltr'><strong>in</strong></span> <span class='ocrx_word' id='word_1_737' title='bbox 1573 1922 1648 1946; x_wconf 86' lang='lat' dir='ltr'><strong>eum,</strong></span> <span class='ocrx_word' id='word_1_738' title='bbox 1663 1922 1717 1942; x_wconf 92' lang='lat' dir='ltr'><strong>non</strong></span> 
     </span>
    </p>
   </div>
   <div class='ocr_carea' id='block_1_98' title="bbox 930 1960 1718 2004">
    <p class='ocr_par' dir='ltr' id='par_1_98' title="bbox 930 1960 1718 2004">
     <span class='ocr_line' id='line_1_98' title="bbox 930 1960 1718 2004; baseline -0.011 -9"><span class='ocrx_word' id='word_1_739' title='bbox 930 1970 1034 2004; x_wconf 86' lang='lat' dir='ltr'><strong>pereat,</strong></span> <span class='ocrx_word' id='word_1_740' title='bbox 1056 1965 1103 1993; x_wconf 87' lang='lat' dir='ltr'><strong>sed</strong></span> <span class='ocrx_word' id='word_1_741' title='bbox 1125 1964 1225 1991; x_wconf 83' lang='lat' dir='ltr'><strong>habeat</strong></span> <span class='ocrx_word' id='word_1_742' title='bbox 1239 1963 1321 1989; x_wconf 88' lang='lat' dir='ltr'><strong>vitam</strong></span> <span class='ocrx_word' id='word_1_743' title='bbox 1346 1962 1507 1989; x_wconf 65' lang='lat' dir='ltr'><strong>a&#39;ternatn“</strong></span> <span class='ocrx_word' id='word_1_744' title='bbox 1521 1970 1528 1994; x_wconf 85' lang='lat'><strong><em>;</em></strong></span> <span class='ocrx_word' id='word_1_745' title='bbox 1543 1970 1553 1987; x_wconf 75' lang='grc' dir='ltr'><strong>ι</strong></span> <span class='ocrx_word' id='word_1_746' title='bbox 1568 1965 1606 1992; x_wconf 86' lang='lat' dir='ltr'><strong>et,</strong></span> <span class='ocrx_word' id='word_1_747' title='bbox 1632 1969 1642 1986; x_wconf 79' lang='grc' dir='ltr'><strong>ι</strong></span> <span class='ocrx_word' id='word_1_748' title='bbox 1661 1960 1718 1995; x_wconf 77' lang='grc' dir='ltr'><strong>Εᾳο</strong></span> 
     </span>
    </p>
   </div>
   <div class='ocr_carea' id='block_1_99' title="bbox 930 2006 1714 2042">
    <p class='ocr_par' dir='ltr' id='par_1_99' title="bbox 930 2006 1714 2042">
     <span class='ocr_line' id='line_1_99' title="bbox 930 2006 1714 2042; baseline -0.011 -1"><span class='ocrx_word' id='word_1_749' title='bbox 930 2014 991 2041; x_wconf 84' lang='lat' dir='ltr'><strong>veni</strong></span> <span class='ocrx_word' id='word_1_750' title='bbox 1009 2017 1037 2040; x_wconf 91' lang='lat' dir='ltr'><strong>ut</strong></span> <span class='ocrx_word' id='word_1_751' title='bbox 1055 2013 1136 2039; x_wconf 87' lang='lat' dir='ltr'><strong>vitam</strong></span> <span class='ocrx_word' id='word_1_752' title='bbox 1151 2010 1278 2042; x_wconf 86' lang='lat' dir='ltr'><strong>habeant,</strong></span> <span class='ocrx_word' id='word_1_753' title='bbox 1294 2011 1321 2036; x_wconf 87' lang='lat' dir='ltr'><strong>et</strong></span> <span class='ocrx_word' id='word_1_754' title='bbox 1339 2008 1505 2035; x_wconf 88' lang='lat' dir='ltr'><strong>abundatius</strong></span> <span class='ocrx_word' id='word_1_755' title='bbox 1520 2007 1638 2034; x_wconf 86' lang='lat' dir='ltr'><strong>habeant</strong></span> <span class='ocrx_word' id='word_1_756' title='bbox 1661 2006 1714 2032; x_wconf 70' lang='grc' dir='ltr'><strong>θ’.»</strong></span> 
     </span>
    </p>
   </div>
   <div class='ocr_carea' id='block_1_100' title="bbox 932 2057 1718 2090">
    <p class='ocr_par' dir='ltr' id='par_1_100' title="bbox 932 2057 1718 2090">
     <span class='ocr_line' id='line_1_100' title="bbox 932 2057 1718 2090; baseline -0.011 -2"><span class='ocrx_word' id='word_1_757' title='bbox 932 2060 979 2088; x_wconf 90' lang='lat' dir='ltr'><strong>Sic</strong></span> <span class='ocrx_word' id='word_1_758' title='bbox 1006 2064 1032 2087; x_wconf 89' lang='lat' dir='ltr'><strong>te</strong></span> <span class='ocrx_word' id='word_1_759' title='bbox 1061 2059 1183 2090; x_wconf 85' lang='lat' dir='ltr'><strong>habens,</strong></span> <span class='ocrx_word' id='word_1_760' title='bbox 1215 2062 1378 2090; x_wconf 86' lang='lat' dir='ltr'><strong>semperque</strong></span> <span class='ocrx_word' id='word_1_761' title='bbox 1408 2061 1440 2081; x_wconf 86' lang='lat' dir='ltr'><strong>ea</strong></span> <span class='ocrx_word' id='word_1_762' title='bbox 1466 2061 1526 2089; x_wconf 71' lang='lat' dir='ltr'><strong>qua:</strong></span> <span class='ocrx_word' id='word_1_763' title='bbox 1550 2058 1624 2080; x_wconf 87' lang='lat' dir='ltr'><strong>retro</strong></span> <span class='ocrx_word' id='word_1_764' title='bbox 1652 2057 1718 2080; x_wconf 87' lang='lat' dir='ltr'><strong>sunt</strong></span> 
     </span>
    </p>
   </div>
   <div class='ocr_carea' id='block_1_101' title="bbox 931 2098 1717 2136">
    <p class='ocr_par' dir='ltr' id='par_1_101' title="bbox 931 2098 1717 2136">
     <span class='ocr_line' id='line_1_101' title="bbox 931 2098 1717 2136; baseline -0.015 -1"><span class='ocrx_word' id='word_1_765' title='bbox 931 2106 1108 2136; x_wconf 87' lang='lat' dir='ltr'><strong>obliviscens,</strong></span> <span class='ocrx_word' id='word_1_766' title='bbox 1119 2108 1146 2131; x_wconf 88' lang='lat' dir='ltr'><strong>et</strong></span> <span class='ocrx_word' id='word_1_767' title='bbox 1166 2102 1200 2130; x_wconf 91' lang='lat' dir='ltr'><strong>ad</strong></span> <span class='ocrx_word' id='word_1_768' title='bbox 1215 2109 1246 2129; x_wconf 83' lang='lat' dir='ltr'><strong>ea</strong></span> <span class='ocrx_word' id='word_1_769' title='bbox 1261 2107 1322 2136; x_wconf 69' lang='lat' dir='ltr'><strong>quae</strong></span> <span class='ocrx_word' id='word_1_770' title='bbox 1346 2104 1409 2127; x_wconf 85' lang='lat' dir='ltr'><strong>sunt</strong></span> <span class='ocrx_word' id='word_1_771' title='bbox 1429 2103 1492 2126; x_wconf 91' lang='lat' dir='ltr'><strong>ante</strong></span> <span class='ocrx_word' id='word_1_772' title='bbox 1514 2103 1539 2126; x_wconf 87' lang='lat' dir='ltr'><strong>te</strong></span> <span class='ocrx_word' id='word_1_773' title='bbox 1566 2098 1717 2125; x_wconf 74' lang='lat' dir='ltr'><strong>extendens</strong></span> 
     </span>
    </p>
   </div>
   <div class='ocr_carea' id='block_1_102' title="bbox 933 2143 1715 2188">
    <p class='ocr_par' dir='ltr' id='par_1_102' title="bbox 933 2143 1715 2188">
     <span class='ocr_line' id='line_1_102' title="bbox 933 2143 1715 2188; baseline -0.014 -8"><span class='ocrx_word' id='word_1_774' title='bbox 933 2154 1058 2188; x_wconf 87' lang='lat' dir='ltr'><strong>teipsum,</strong></span> <span class='ocrx_word' id='word_1_775' title='bbox 1073 2156 1102 2178; x_wconf 90' lang='lat' dir='ltr'><strong>ut</strong></span> <span class='ocrx_word' id='word_1_776' title='bbox 1119 2150 1221 2177; x_wconf 91' lang='lat' dir='ltr'><strong>dictum</strong></span> <span class='ocrx_word' id='word_1_777' title='bbox 1251 2153 1303 2180; x_wconf 86' lang='lat' dir='ltr'><strong>est,</strong></span> <span class='ocrx_word' id='word_1_778' title='bbox 1319 2153 1410 2178; x_wconf 88' lang='lat' dir='ltr'><strong>curre,</strong></span> <span class='ocrx_word' id='word_1_779' title='bbox 1444 2153 1506 2173; x_wconf 88' lang='lat' dir='ltr'><strong>cum</strong></span> <span class='ocrx_word' id='word_1_780' title='bbox 1523 2143 1632 2172; x_wconf 87' lang='lat' dir='ltr'><strong>Christo</strong></span> <span class='ocrx_word' id='word_1_781' title='bbox 1650 2143 1715 2171; x_wconf 84' lang='lat' dir='ltr'><strong>Jcsu</strong></span> 
     </span>
    </p>
   </div>
   <div class='ocr_carea' id='block_1_103' title="bbox 929 2193 1715 2229">
    <p class='ocr_par' dir='ltr' id='par_1_103' title="bbox 929 2193 1715 2229">
     <span class='ocr_line' id='line_1_103' title="bbox 929 2193 1715 2229; baseline -0.014 -1"><span class='ocrx_word' id='word_1_782' title='bbox 929 2200 1046 2228; x_wconf 90' lang='lat' dir='ltr'><strong>Domino</strong></span> <span class='ocrx_word' id='word_1_783' title='bbox 1066 2202 1171 2229; x_wconf 81' lang='lat' dir='ltr'><strong>nostro,</strong></span> <span class='ocrx_word' id='word_1_784' title='bbox 1188 2195 1292 2229; x_wconf 86' lang='lat' dir='ltr'><strong>absque</strong></span> <span class='ocrx_word' id='word_1_785' title='bbox 1305 2193 1494 2223; x_wconf 78' lang='lat' dir='ltr'><strong>conversione.</strong></span> <span class='ocrx_word' id='word_1_786' title='bbox 1513 2198 1624 2219; x_wconf 88' lang='lat' dir='ltr'><strong>cursum</strong></span> <span class='ocrx_word' id='word_1_787' title='bbox 1637 2195 1715 2217; x_wconf 88' lang='lat' dir='ltr'><strong>tuttm</strong></span> 
     </span>
    </p>
   </div>
   <div class='ocr_carea' id='block_1_104' title="bbox 927 2236 1718 2274">
    <p class='ocr_par' dir='ltr' id='par_1_104' title="bbox 927 2236 1718 2274">
     <span class='ocr_line' id='line_1_104' title="bbox 927 2236 1718 2274; baseline -0.016 0"><span class='ocrx_word' id='word_1_788' title='bbox 927 2246 982 2274; x_wconf 85' lang='lat' dir='ltr'><strong>hoc</strong></span> <span class='ocrx_word' id='word_1_789' title='bbox 997 2244 1088 2272; x_wconf 89' lang='lat' dir='ltr'><strong>modo.</strong></span> <span class='ocrx_word' id='word_1_790' title='bbox 1107 2242 1211 2268; x_wconf 86' lang='lat' dir='ltr'><strong>Bonum</strong></span> <span class='ocrx_word' id='word_1_791' title='bbox 1229 2247 1294 2267; x_wconf 91' lang='lat' dir='ltr'><strong>vero</strong></span> <span class='ocrx_word' id='word_1_792' title='bbox 1318 2243 1372 2272; x_wconf 90' lang='lat' dir='ltr'><strong>est,</strong></span> <span class='ocrx_word' id='word_1_793' title='bbox 1392 2243 1423 2265; x_wconf 92' lang='lat' dir='ltr'><strong>ut</strong></span> <span class='ocrx_word' id='word_1_794' title='bbox 1450 2236 1530 2264; x_wconf 90' lang='lat' dir='ltr'><strong>nobis</strong></span> <span class='ocrx_word' id='word_1_795' title='bbox 1545 2236 1662 2268; x_wconf 80' lang='lat' dir='ltr'><strong>videtur,</strong></span> <span class='ocrx_word' id='word_1_796' title='bbox 1691 2239 1718 2262; x_wconf 85' lang='lat' dir='ltr'><strong>et</strong></span> 
     </span>
    </p>
   </div>
   <div class='ocr_carea' id='block_1_105' title="bbox 930 2282 1718 2320">
    <p class='ocr_par' dir='ltr' id='par_1_105' title="bbox 930 2282 1718 2320">
     <span class='ocr_line' id='line_1_105' title="bbox 930 2282 1718 2320; baseline -0.016 0"><span class='ocrx_word' id='word_1_797' title='bbox 930 2292 1077 2320; x_wconf 85' lang='lat' dir='ltr'><strong>admodum</strong></span> <span class='ocrx_word' id='word_1_798' title='bbox 1101 2288 1177 2320; x_wconf 84' lang='lat' dir='ltr'><strong>utile,</strong></span> <span class='ocrx_word' id='word_1_799' title='bbox 1210 2285 1359 2314; x_wconf 85' lang='lat' dir='ltr'><strong>beatissimi</strong></span> <span class='ocrx_word' id='word_1_800' title='bbox 1397 2282 1543 2317; x_wconf 80' lang='lat' dir='ltr'><strong>Nicephori</strong></span> <span class='ocrx_word' id='word_1_801' title='bbox 1583 2289 1718 2316; x_wconf 88' lang='lat' dir='ltr'><strong>exponere</strong></span> 
     </span>
    </p>
   </div>
   <div class='ocr_carea' id='block_1_106' title="bbox 931 2327 1716 2372">
    <p class='ocr_par' dir='ltr' id='par_1_106' title="bbox 931 2327 1716 2372">
     <span class='ocr_line' id='line_1_106' title="bbox 931 2327 1716 2372; baseline -0.017 -6"><span class='ocrx_word' id='word_1_802' title='bbox 931 2338 1083 2367; x_wconf 88' lang='lat' dir='ltr'><strong>naturalem</strong></span> <span class='ocrx_word' id='word_1_803' title='bbox 1099 2335 1245 2372; x_wconf 86' lang='lat' dir='ltr'><strong>quamdam</strong></span> <span class='ocrx_word' id='word_1_804' title='bbox 1259 2331 1416 2360; x_wconf 81' lang='lat' dir='ltr'><strong>methodum</strong></span> <span class='ocrx_word' id='word_1_805' title='bbox 1434 2328 1613 2356; x_wconf 85' lang='lat' dir='ltr'><strong>deiuterioris</strong></span> <span class='ocrx_word' id='word_1_806' title='bbox 1625 2327 1716 2355; x_wconf 87' lang='lat' dir='ltr'><strong>cordis</strong></span> 
     </span>
    </p>
   </div>
   <div class='ocr_carea' id='block_1_107' title="bbox 929 2374 1715 2422">
    <p class='ocr_par' dir='ltr' id='par_1_107' title="bbox 929 2374 1715 2422">
     <span class='ocr_line' id='line_1_107' title="bbox 929 2374 1715 2422; baseline -0.017 -9"><span class='ocrx_word' id='word_1_807' title='bbox 929 2394 976 2422; x_wconf 85' lang='lat' dir='ltr'><strong>per</strong></span> <span class='ocrx_word' id='word_1_808' title='bbox 994 2386 1099 2412; x_wconf 83' lang='lat' dir='ltr'><strong>narium</strong></span> <span class='ocrx_word' id='word_1_809' title='bbox 1113 2381 1317 2417; x_wconf 81' lang='lat' dir='ltr'><strong>inspirationem</strong></span> <span class='ocrx_word' id='word_1_810' title='bbox 1330 2378 1417 2410; x_wconf 85' lang='lat' dir='ltr'><strong>aditu,</strong></span> <span class='ocrx_word' id='word_1_811' title='bbox 1433 2376 1631 2412; x_wconf 85' lang='lat' dir='ltr'><strong>quodammodo</strong></span> <span class='ocrx_word' id='word_1_812' title='bbox 1640 2378 1666 2401; x_wconf 87' lang='lat' dir='ltr'><strong>et</strong></span> <span class='ocrx_word' id='word_1_813' title='bbox 1680 2374 1715 2401; x_wconf 88' lang='lat' dir='ltr'><strong>ad</strong></span> 
     </span>
    </p>
   </div>
   <div class='ocr_carea' id='block_1_108' title="bbox 930 2422 1717 2461">
    <p class='ocr_par' dir='ltr' id='par_1_108' title="bbox 930 2422 1717 2461">
     <span class='ocr_line' id='line_1_108' title="bbox 930 2422 1717 2461; baseline -0.02 0"><span class='ocrx_word' id='word_1_814' title='bbox 930 2433 1030 2461; x_wconf 88' lang='lat' dir='ltr'><strong>mentis</strong></span> <span class='ocrx_word' id='word_1_815' title='bbox 1045 2429 1265 2458; x_wconf 88' lang='lat' dir='ltr'><strong>recollectionem</strong></span> <span class='ocrx_word' id='word_1_816' title='bbox 1281 2425 1472 2461; x_wconf 83' lang='lat' dir='ltr'><strong>pertinentem,</strong></span> <span class='ocrx_word' id='word_1_817' title='bbox 1502 2426 1532 2448; x_wconf 84' lang='lat' dir='ltr'><strong>ut</strong></span> <span class='ocrx_word' id='word_1_818' title='bbox 1555 2422 1592 2448; x_wconf 78' lang='lat' dir='ltr'><strong>ita</strong></span> <span class='ocrx_word' id='word_1_819' title='bbox 1609 2427 1657 2455; x_wconf 89' lang='lat' dir='ltr'><strong>per</strong></span> <span class='ocrx_word' id='word_1_820' title='bbox 1674 2427 1717 2447; x_wconf 85' lang='lat' dir='ltr'><strong>se-</strong></span> 
     </span>
    </p>
   </div>
   <div class='ocr_carea' id='block_1_109' title="bbox 932 2467 1718 2509">
    <p class='ocr_par' dir='ltr' id='par_1_109' title="bbox 932 2467 1718 2509">
     <span class='ocr_line' id='line_1_109' title="bbox 932 2467 1718 2509; baseline -0.018 -2"><span class='ocrx_word' id='word_1_821' title='bbox 932 2481 1025 2507; x_wconf 82' lang='lat' dir='ltr'><strong>mitam</strong></span> <span class='ocrx_word' id='word_1_822' title='bbox 1053 2477 1122 2504; x_wconf 86' lang='lat' dir='ltr'><strong>bene</strong></span> <span class='ocrx_word' id='word_1_823' title='bbox 1147 2474 1306 2509; x_wconf 88' lang='lat' dir='ltr'><strong>dispositam</strong></span> <span class='ocrx_word' id='word_1_824' title='bbox 1335 2477 1454 2506; x_wconf 60' lang='lat' dir='ltr'><strong>pralsens</strong></span> <span class='ocrx_word' id='word_1_825' title='bbox 1474 2467 1600 2495; x_wconf 84' lang='lat' dir='ltr'><strong>tractatio</strong></span> <span class='ocrx_word' id='word_1_826' title='bbox 1622 2473 1718 2501; x_wconf 90' lang='lat' dir='ltr'><strong>procc-</strong></span> 
     </span>
    </p>
   </div>
   <div class='ocr_carea' id='block_1_110' title="bbox 931 2513 1714 2558">
    <p class='ocr_par' dir='ltr' id='par_1_110' title="bbox 931 2513 1714 2558">
     <span class='ocr_line' id='line_1_110' title="bbox 931 2513 1714 2558; baseline -0.019 -4"><span class='ocrx_word' id='word_1_827' title='bbox 931 2528 987 2554; x_wconf 79' lang='lat' dir='ltr'><strong>dat.</strong></span> <span class='ocrx_word' id='word_1_828' title='bbox 1006 2524 1076 2551; x_wconf 88' lang='lat' dir='ltr'><strong>Dicit</strong></span> <span class='ocrx_word' id='word_1_829' title='bbox 1099 2522 1180 2558; x_wconf 73' lang='lat' dir='ltr'><strong>igitur</strong></span> <span class='ocrx_word' id='word_1_830' title='bbox 1194 2520 1304 2547; x_wconf 84' lang='lat' dir='ltr'><strong>divinus</strong></span> <span class='ocrx_word' id='word_1_831' title='bbox 1327 2518 1371 2545; x_wconf 84' lang='lat' dir='ltr'><strong>ille.</strong></span> <span class='ocrx_word' id='word_1_832' title='bbox 1386 2516 1427 2543; x_wconf 74' lang='lat' dir='ltr'><strong>vir</strong></span> <span class='ocrx_word' id='word_1_833' title='bbox 1447 2523 1509 2543; x_wconf 90' lang='lat' dir='ltr'><strong>cum</strong></span> <span class='ocrx_word' id='word_1_834' title='bbox 1529 2513 1621 2540; x_wconf 87' lang='lat' dir='ltr'><strong>multis</strong></span> <span class='ocrx_word' id='word_1_835' title='bbox 1641 2513 1714 2544; x_wconf 85' lang='lat' dir='ltr'><strong>aliis,</strong></span> 
     </span>
    </p>
   </div>
   <div class='ocr_carea' id='block_1_111' title="bbox 932 2559 1717 2600">
    <p class='ocr_par' dir='ltr' id='par_1_111' title="bbox 932 2559 1717 2600">
     <span class='ocr_line' id='line_1_111' title="bbox 932 2559 1717 2600; baseline -0.019 0"><span class='ocrx_word' id='word_1_836' title='bbox 932 2571 1127 2600; x_wconf 90' lang='lat' dir='ltr'><strong>auctoritatem</strong></span> <span class='ocrx_word' id='word_1_837' title='bbox 1141 2575 1174 2595; x_wconf 79' lang='lat' dir='ltr'><strong>ex</strong></span> <span class='ocrx_word' id='word_1_838' title='bbox 1190 2569 1349 2594; x_wconf 85' lang='lat' dir='ltr'><strong>sanctorum</strong></span> <span class='ocrx_word' id='word_1_839' title='bbox 1381 2562 1473 2590; x_wconf 84' lang='lat' dir='ltr'><strong>relatis</strong></span> <span class='ocrx_word' id='word_1_840' title='bbox 1489 2559 1653 2588; x_wconf 81' lang='lat' dir='ltr'><strong>testimoniis</strong></span> <span class='ocrx_word' id='word_1_841' title='bbox 1668 2559 1717 2586; x_wconf 86' lang='lat' dir='ltr'><strong>ba-</strong></span> 
     </span>
    </p>
   </div>
   <div class='ocr_carea' id='block_1_112' title="bbox 921 2610 1273 2648">
    <p class='ocr_par' dir='ltr' id='par_1_112' title="bbox 921 2610 1273 2648">
     <span class='ocr_line' id='line_1_112' title="bbox 921 2610 1273 2648; baseline -0.028 -2"><span class='ocrx_word' id='word_1_842' title='bbox 921 2610 1069 2648; x_wconf 64' lang='lat' dir='ltr'><strong>bentibus,</strong></span> <span class='ocrx_word' id='word_1_843' title='bbox 1079 2619 1103 2642; x_wconf 88' lang='lat' dir='ltr'><strong>et</strong></span> <span class='ocrx_word' id='word_1_844' title='bbox 1120 2611 1273 2647; x_wconf 82' lang='lat' dir='ltr'><strong>sequentia.</strong></span> 
     </span>
    </p>
   </div>
   <div class='ocr_carea' id='block_1_113' title="bbox 1065 2813 1708 2855">
    <p class='ocr_par' dir='ltr' id='par_1_113' title="bbox 1065 2813 1708 2855">
     <span class='ocr_line' id='line_1_113' title="bbox 1065 2813 1708 2855; baseline -0.02 -1"><span class='ocrx_word' id='word_1_845' title='bbox 1065 2826 1086 2842; x_wconf 69' lang='grc'><strong>⁸³</strong></span> <span class='ocrx_word' id='word_1_846' title='bbox 1103 2823 1181 2853; x_wconf 80' lang='lat' dir='ltr'><strong>Joan.</strong></span> <span class='ocrx_word' id='word_1_847' title='bbox 1198 2829 1237 2855; x_wconf 80' lang='lat' dir='ltr'><strong>xi,</strong></span> <span class='ocrx_word' id='word_1_848' title='bbox 1265 2819 1310 2846; x_wconf 66' lang='grc' dir='ltr'><strong>εδ.</strong></span> <span class='ocrx_word' id='word_1_849' title='bbox 1348 2817 1372 2834; x_wconf 79' lang='grc'><strong>⁸⁸</strong></span> <span class='ocrx_word' id='word_1_850' title='bbox 1391 2814 1517 2844; x_wconf 79' lang='lat' dir='ltr'><strong>ibid.26.</strong></span> <span class='ocrx_word' id='word_1_851' title='bbox 1532 2815 1554 2831; x_wconf 86' lang='lat'><strong>&quot;</strong></span> <span class='ocrx_word' id='word_1_852' title='bbox 1573 2813 1652 2842; x_wconf 84' lang='lat' dir='ltr'><strong>Joan.</strong></span> <span class='ocrx_word' id='word_1_853' title='bbox 1665 2821 1708 2847; x_wconf 89' lang='lat' dir='ltr'><strong>ut,</strong></span> 
     </span>
    </p>
   </div>
  </div>
