1925 3083
140 230 210 256 πάνυ
234 234 323 266 σοφῶς
347 235 569 273 διετυπώθησαν,
591 242 644 278 ὅλῳ
670 244 744 278 μένει
761 247 849 284 ψυχῆς
870 251 909 277 ἀπ

136 275 289 310 ωθούμενος
298 279 347 314 τὴν
355 280 463 316 ἀργίαν,
474 284 512 316 ὡς
523 286 613 323 πάσης
629 275 731 322 κακίας
744 275 914 322 διὲάᾏὲᾢῷζ·

137 321 182 346 καὶ
198 324 268 356 μετά
282 325 336 351 τῶν
349 327 455 359 παθῶν,
479 331 525 357 καὶ
540 321 595 364 τάξ
613 321 739 370 ἀφορμὰς
752 339 851 372 αὐτῶν,
866 343 918 368 κᾶν

134 368 230 402 μικραί
243 377 315 402 τινες
334 370 404 399 εἶναι
422 374 534 410 δοκῶσι,
553 379 599 405 καὶ
614 368 742 415 ἀὸλαθεῖς
755 368 914 417 φαίνωνται.

745 190 940 223 OPUSCULA

135 444 201 486 Περὶ
222 453 274 478 πα]
283 450 444 491 ςφυλακῆς
472 452 530 491 ἀπὸ
548 488 553 491 Δ
569 454 623 488 τῆς
653 457 772 491 ἀργίαςι
795 461 842 487 καί
871 461 916 489 ὅτι

654 480 668 483 _
710 480 739 483 ...
795 480 842 487 ...ην
871 480 915 489 υ..

165 480 332 530 ιέναγκαῑόιν
343 480 445 530 τῃρεξιῖ·
463 487 529 530 rh};
541 480 804 528 ἐκκλησίᾶίγτιῖιὴν
819 496 915 530 πικρά-

165 515 254 542 ὃοσιν
266 517 317 544 καὶ
337 515 390 545 tot;
405 515 605 556 ἠσυχὶὶζοντιιξ

165 606 218 635 κη’.
240 600 341 633 Καθὼς
361 602 464 636 λέγειὸ
478 604 556 637 ἅγιος
576 606 684 632 Ἰσαάκ·
704 615 714 632 ι
732 607 912 642 Παραφυλάτ-

131 646 219 678 τεσθε,
237 643 259 673 ὦ
273 647 422 683 ἀγαπητοὶ,
440 649 493 675 ἀπὸ
503 650 551 684 τῆς
565 651 663 685 ἀργίας
676 660 683 667 ⁸
697 652 764 678 διότι
777 654 912 688 ἑγκέκρυ-

129 699 194 716 πται
217 691 246 717 ὲν
268 692 336 726 αὑτῇ
360 693 530 728 ἐγνωσμένος
550 694 682 727 θάνατος·
709 696 803 723 καθότι
828 699 913 732 χωρὶς

127 737 223 771 αὐτῆς,
242 739 303 769 ταῖς
321 739 399 772 χερσὶ
425 739 480 765 τῶν
505 740 703 775 αἰχμαλωτίσαι
726 742 772 768 τὸν
798 744 914 778 μοναχὸν

127 782 309 815 σπευδόντων,
323 784 472 818 ἐμπίπτειν
487 786 537 811 οὐκ
551 786 638 814 ἔσται.
660 787 698 813 Οὐ
719 788 783 824 περὶ
798 789 914 824 ψαλμῶν

126 829 156 854 ἐν
169 829 203 864 τῇ
219 829 310 864 ἡμέρᾳ
325 831 416 865 ἐκείνῃ
435 833 596 866 κατακρινεῖ
621 833 694 867 ἡμᾶς
712 833 726 858 δ
750 833 832 865 Θεὸς,
853 834 914 861 οὐδὲ

127 874 192 909 περὶ
207 874 256 908 τῆς
270 875 322 909 τῆς
339 877 493 911 προσευχῆς
504 877 613 910 ἀργίας·
626 877 684 904 ἀλλ’
696 879 777 914 ὅτιτῇ
788 880 913 906 καταλεί-

965 196 1141 231 ASCETICA
1148 226 1156 235 .
1717 226 1770 259 690

910 266 920 271 -
939 254 961 282 A
977 254 1108 291 gistram;
1135 267 1169 288 ac
1196 262 1280 292 slmul
1299 268 1466 302 cupiditates
1500 279 1528 302 et
1552 284 1647 306 eorum
1679 282 1767 317 initia,

975 305 1105 337 quamvis
1119 315 1202 342 parva
1216 319 1278 340 esse
1295 315 1443 346 videantur
1456 325 1483 348 et
1501 322 1623 354 innoxia.

971 453 1010 482 De
1021 460 1143 508 ﬁtutodia
1161 462 1194 488 ab
1210 465 1399 508 aliasilaleiet
1424 473 1493 504 quod
1521 477 1697 504 necessarium
1723 488 1762 508 ex:

1034 492 1040 498 I
1331 492 1357 499 .,
1375 492 1397 496 η.
1424 492 1492 504 Ἱππ..
1521 492 1697 504 νιν-»ινδιηιιιιυι
1723 492 1760 508 ext

1098 503 1157 541 eum
1169 499 1220 541 [qui
1235 503 1395 536 tranquillus
1420 510 1458 532 est
1483 510 1691 539 ecclesiasticam
1706 519 1760 541 tra-

1004 527 1131 556 ditionem
1148 527 1296 562 obseruare.

1001 583 1047 612 28.
1064 585 1298 619 Quemadmodum
1312 594 1378 621 dicit
1395 603 1509 627 sanctus
1525 602 1602 630 lsaac
1619 613 1645 630 ει
1658 591 1757 633 Gustu.

965 627 1022 656 dite
1039 638 1097 663 vos,
1110 640 1126 660 ο
1139 633 1305 672 cbarissimi,
1317 640 1351 668 ab
1366 642 1506 673 otiositate
1520 656 1527 679 ;
1542 651 1670 681 quoniam
1682 653 1708 678 in
1724 662 1755 681 ea

966 678 1127 706 reconditur
1143 690 1218 710 mors
1232 687 1402 723 certissima;
1432 695 1460 718 ut
1483 697 1511 720 et
1536 695 1640 730 absque
1669 699 1712 726 illa
1728 701 1753 727 in

964 729 1063 751 manus
1079 733 1176 754 eorum
1193 730 1240 764 qui
1268 735 1431 762 monaclmm
1458 741 1693 773 comprehendere
1718 744 1758 772 Γυέ

962 769 1076 802 stinant.
1088 772 1210 802 incidere
1233 784 1286 804 non
1312 779 1384 808 licet.
1406 782 1464 811 Non
1482 784 1516 812 de
1530 788 1643 819 psalmis
1661 790 1688 818 in
1708 792 1752 819 illa

961 813 1005 841 die
1026 815 1163 849 judicabit
1181 829 1231 850 nos
1255 823 1338 857 Deus.
1352 835 1440 862 neque
1467 830 1500 859 de
1513 813 1646 864 orationis
1661 813 1752 872 pigri-

1397 861 1401 862 ν
1592 861 1595 862 ,
1614 861 1617 862 ,
1633 861 1644 864 _
1669 861 1737 872 Π...

961 861 1017 894 tia;
1037 864 1084 891 sed
1116 867 1199 900 quod,
1225 877 1319 899 eorum
1347 875 1507 910 omissioue,
1534 879 1678 911 daamouiis
1707 885 1750 912 in-

127 920 173 955 ψει
188 921 302 955 τούτων,
322 922 425 953 εἴσοδος
448 923 553 957 γίνεται
568 924 624 955 τοῖς
647 924 782 959 δαίμοσιν.
816 925 897 952 Ὴνὶχι

959 915 1071 941 gressus
1092 912 1181 941 datur.
1206 915 1355 953 Postquam
1376 927 1467 951 autem
1484 925 1573 954 locum
1596 928 1751 959 invenerim

124 965 147 993 δ’
163 967 196 993 ἆν
206 966 308 1003 εὕρωσι
323 967 426 1004 χώραν,
439 969 485 995 καὶ
498 969 648 1003 εἰσέλθωσι,
665 970 712 997 καὶ
724 971 908 1004 συγκλείσωσι

125 1011 173 1042 τὰς
188 1012 274 1046 Θύρας
287 1013 341 1040 τῶν
356 1015 504 1050 ὀφθαλμῶν
529 1016 618 1051 ἡμῶν,
642 1017 704 1043 τότε
721 1016 912 1053 πληρώσουσιν

122 1063 197 1097 ἡμᾶς
212 1065 382 1100 τυραννικῶς
402 1066 449 1092 καὶ
472 1067 652 1103 ἀκαθάρτως,
677 1071 757 1097 ἅτινα
784 1070 836 1097 ὑπὸ
858 1071 910 1106 τὴν

122 1108 198 1134 θείαν
213 1109 352 1144 ἀπόφασιν
363 1111 504 1146 συνέχουσι
513 1114 575 1145 τοὺς
591 1114 709 1149 ἐργάτας
725 1116 825 1148 αὐτῶν,
839 1116 908 1150 μετὰ

121 1154 288 1189 ἐκδικήσεως
311 1157 495 1193 σφοδροτάτης
506 1167 513 1174 ·
530 1159 577 1185 καὶ
594 1160 727 1195 γινόμεθα
744 1161 906 1197 ὑποχείριοι.

121 1200 200 1234 χάριν
216 1200 266 1234 τῆς
281 1202 499 1237 ὲγκαταλείψεωε
510 1204 564 1230 τῶν
578 1205 692 1241 μικρῶν,
711 1206 789 1233 ἆτινα
806 1207 851 1234 διὰ
859 1207 907 1235 τδν

121 1246 237 1280 Χριστὸν
255 1247 396 1282 φροντίδος
413 1249 562 1282 ἀξιοῦνται,
588 1250 625 1283 ὡς
652 1252 808 1287 γέγραπται
830 1253 906 1288 παρὰ

119 1291 173 1317 τῶν
187 1293 351 1326 σοφωτάτων
362 1303 368 1308 ·
380 1295 408 1321 'O
421 1294 458 1329 μὴ
474 1295 637 1324 ὑποτάσσων
649 1298 687 1333 τῷ
695 1298 754 1333 Θεῷ
764 1299 795 1326 τὸ
808 1299 905 1327 ἑαυτοῦ

120 1336 236 1370 θέλημα,
253 1338 454 1373 ὑποταγήσεται
479 1339 517 1375 τῷ
543 1341 671 1377 ἀντιδίκῳ
699 1342 793 1369 αὑτοῦ.
814 1343 904 1370 ,Ὥστε

120 1380 207 1406 ταῦτα
221 1382 256 1407 τὰ
270 1382 356 1417 μικρά
373 1391 414 1409 σοι
438 1384 598 1420 φαινόμενα,
619 1386 657 1417 ὡς
677 1387 753 1422 τείχη
768 1396 810 1415 σοι
829 1388 902 1423 λογι-

119 1425 262 1460 σθήσονται
290 1428 433 1456 κατέναντι
455 1429 511 1456 τῶν
533 1431 786 1465 αίχμαλωτιζόντων
813 1434 902 1469 ἡμᾶς,

117 1468 237 1498 ὧντινων
266 1473 282 1507 ὴ
306 1473 444 1506 τελείωσις
465 1474 571 1502 ἔνδοθεν
585 1476 633 1502 τοῦ
657 1477 763 1505 κελλίου
780 1479 832 1505 ὑπὸ
844 1479 900 1506 τῶν

116 1518 289 1552 κρατούντων
301 1519 350 1554 τὴν
361 1520 438 1553 τάξιν
448 1521 497 1556 τῆς
519 1521 682 1557 Ἐκκλησίας
697 1525 786 1559 σοφῶς
798 1524 902 1552 τέθειν-

115 1571 172 1596 ται,
189 1563 258 1598 πρὸς
274 1565 398 1600 φυλακὴν
408 1567 457 1601 τῆς
471 1567 609 1604 ἡμετέρας
623 1569 706 1604 ζωῆς,
718 1571 747 1596 ὲν
762 1570 900 1606 πνεύματι

115 1610 325 1645 ἀποκαλύψεως,
339 1608 377 1638 ὧν
390 1613 407 1648 ἡ
426 1613 586 1650 κατάλειψις
598 1615 651 1642 ὑπὸ
665 1616 719 1643 τῶν
733 1617 842 1651 ἀσόφων
855 1626 901 1653 μι-

113 1656 168 1691 κρά
183 1656 334 1691 λογίζεται,
352 1658 401 1694 τὴν
417 1659 445 1685 δὲ
462 1660 507 1686 ὑπ’
519 1661 611 1688 αὐτῶν
626 1661 728 1697 ζημίαν
742 1663 780 1699 μὴ
794 1660 900 1698 λογιζο-

113 1704 213 1738 μένων.
234 1705 354 1736 Τούτων,
368 1705 385 1741 ἦ
401 1714 431 1733 τε
445 1707 516 1742 ἀρχὴ
532 1708 584 1743 τῆς
598 1708 669 1741 ὁδοῦ,
680 1709 726 1736 καὶ
742 1710 759 1745 ὴ
770 1710 897 1746 μεσότης,

112 1749 256 1784 ἐλευθερία
273 1751 446 1784 ἀπαίδευτος,
464 1752 526 1787 ἥτις
542 1754 601 1780 ἐστὶ
618 1755 710 1790 μήτηρ
722 1755 777 1782 τῶν
791 1756 897 1785 παθῶν.

112 1794 248 1829 Κρείσσον
275 1795 330 1830 γὰρ
354 1796 542 1830 ἀγωνίσασθαι
569 1798 606 1832 μὴ
638 1799 832 1834 ὲγκαταλείψαι
863 1801 898 1829 τὰ

112 1841 211 1875 μικρὰ,
227 1839 243 1876 ἢ
259 1841 341 1868 τόπον
355 1841 446 1868 δοῦναι
470 1844 503 1878 τῇ
517 1843 640 1879 ἁμαρτίᾳ
651 1844 679 1870 ἐν
695 1845 733 1879 τῷ
742 1845 895 1880 πλατυσμῷ

109 1885 213 1912 αὐτῶν.
229 1885 337 1921 Ταύτης
350 1886 404 1921 γάρ
419 1888 467 1922 τῆς
482 1887 597 1922 ἀκαίρου
611 1888 776 1922 ἐλευθερίας,
788 1890 894 1917 δουλεία

108 1928 139 1955 τδ
147 1929 224 1960 τέλος
236 1930 399 1964 ἀπότομος.»
412 1932 466 1957 Καὶ
478 1931 555 1963 αὖθις
565 1939 573 1947 ο
589 1941 598 1957 ι
606 1932 638 1958 Ὢ
648 1933 674 1959 τί
688 1933 813 1966 γλυκεῖαί
824 1935 895 1961 εἰσιν

107 1977 135 2002 at
156 1976 279 2010 ἀφορμαὶ
303 1976 358 2003 τῶν
376 1977 490 2004 παθῶνι
505 1978 545 2004 Τὰ
565 1978 615 2013 μὲν
638 1978 692 2014 γὰρ
708 1979 782 2014 πάθη
807 1979 893 2007 ὲνίοτι

106 2022 218 2048 δύναταί
233 2031 274 2054 τις
295 2023 386 2058 κόψαι,
405 2024 451 2050 καὶ
466 2024 505 2059 τῷ
528 2025 684 2060 μακρυσμῷ
703 2026 791 2052 αὐτῶν
806 2026 893 2062 γαλη-

105 2068 168 2101 νιᾷ·
197 2068 243 2094 καὶ
263 2068 438 2103 εὐφραίνεται
457 2069 486 2094 ἐν
511 2069 550 2101 τῷ
578 2070 714 2096 παύεσθαι
729 2070 809 2097 αὐτά.
837 2071 893 2104 Τὰς

104 2120 198 2154 μέντοι
231 2120 320 2152 αἰτίας
350 2120 437 2147 λιπεῖν
457 2121 486 2147 οὑ
518 2121 630 2148 δύναται
648 2123 712 2149 ’διὰ
748 2123 827 2150 τοῦτο
852 2123 891 2160 μὴ

102 2165 226 2196 θέλοντες
255 2166 450 2201 πειραζόμεθα,
485 2167 531 2192 καὶ
560 2168 589 2192 ἐν
623 2168 671 2201 μὲν
693 2170 748 2200 τοῖς
777 2169 888 2205 πάθεσι,

101 2210 282 2244 λυπούμεθα,
309 2212 358 2242 τὰς
388 2212 415 2238 δὲ
440 2212 566 2247 ἀφορμὰς
596 2213 726 2248 ἐμμένειν
757 2216 787 2241 ἐν
822 2217 889 2251 ἡμῖν

105 2257 271 2291 ἀγαπῶμεν.
293 2256 348 2288 Τὰς
373 2258 511 2293 ἁμαρτίας
538 2259 587 2285 οὐκ
616 2258 762 2293 ἐφιέμεθα,
782 2261 831 2292 τὰς
858 2261 887 2288 δὲ

99 2303 287 2338 ἐπιφερούσας
311 2305 376 2339 ἡμῖν
405 2304 488 2335 αὑτὰς
513 2304 602 2336 αἰτίας
636 2306 696 2340 μεθ’
721 2306 816 2341 ἡδονῆς
843 2307 887 2334 δε-

98 2349 214 2384 χόμεθα.
230 2350 331 2377 Τούτου
351 2350 444 2377 ἕνεκεν
470 2352 607 2385 παραίτιοι
626 2352 743 2386 γίνονται
760 2354 791 2388 τῇ
808 2354 885 2388 ἐνερ-

94 2395 162 2429 γείᾳ
187 2395 217 2422 at
247 2394 372 2431 δεύτεραι
405 2397 460 2423 τῶν
484 2397 608 2432 πρώτων.
632 2397 661 2423 ’0
685 2398 733 2429 τὰς
758 2398 886 2433 ἀφορμὰς

97 2439 154 2466 τῶν
170 2439 266 2467 παθῶν
281 2441 404 2475 ἀγαπῶν,
421 2442 576 2477 ὑποχείριός
594 2444 669 2469 ἐστιν
688 2443 763 2470 ἄκων
783 2445 830 2471 καὶ
847 2445 884 2481 μὴ

96 2483 264 2518 βουλόμενος
276 2493 282 2500 ·
300 2486 346 2511 καὶ
357 2486 518 2514 δεδούλωται
532 2489 587 2519 τοῖς
602 2488 726 2515 πάθεσιν.
748 2490 776 2515 '0
796 2491 884 2525 μισῶν

94 2529 146 2560 τὰς
177 2529 245 2562 ἰδίας
270 2531 416 2567 ἁμαρτίας,
445 2532 581 2559 παύσεται
604 2534 651 2560 ἀπ’
673 2534 778 2561 αὐτῶν·
798 2536 882 2562 καὶ’ό

92 2576 238 2610 ὁμολογῶν
249 2577 344 2609 αὑτὰς,
354 2577 477 2609 τεύξεται
487 2577 620 2612 ἀφέσεως.
636 2579 776 2606 Ἀδύνατον
787 2581 815 2607 δέ
829 2590 881 2608 τινι

92 2621 144 2655 τὴν
171 2621 229 2652 ἕξιν
255 2622 303 2657 τῆς
328 2623 465 2658 ἁμαρτίας
496 2624 672 2656 καταλιπεῖν,
699 2626 764 2661 πρὶν
781 2626 881 2661 ἔχθραν

92 2667 232 2702 κτήσηται
250 2668 309 2702 μετ’
329 2669 424 2704 αὐτῆς,
446 2670 493 2696 καὶ
510 2670 633 2704 ἀφέσεως
649 2672 738 2705 τυχεῖν
766 2672 818 2707 πρὸ
832 2672 881 2707 τῆς

89 2712 148 2738 τῶν
164 2712 411 2749 πλημμελημάτων
427 2715 617 2751 ὁμολογήσεως
629 2725 636 2732 ·
654 2718 671 2751 ἡ
695 2718 744 2751 μὲν
761 2718 814 2752 γὰρ
831 2727 879 2744 τα-

91 2757 253 2790 πεινώσεὼς
268 2759 343 2787 ἐστιν
357 2761 475 2796 ἀληθοῦς
495 2763 586 2789 αἰτία*
605 2764 622 2799 ἡ
641 2764 679 2796 δὲ,
697 2763 879 2796 κατανύξεως,

88 2804 146 2831 ἀπὸ
160 2804 294 2840 αίσχύνης
306 2807 504 2843 ἀκολουθούσης
518 2811 551 2844 τῇ
566 2809 671 2845 καρδίᾳ.
692 2819 701 2836 ι
717 2810 770 2837 Καὶ
780 2810 860 2837 πάλιν
870 2819 876 2826 ⁸

92 2857 102 2874 ι
121 2848 184 2876 ὓύκ
198 2849 273 2876 ἔστιν
286 2851 409 2887 ἁμαρτία
426 2854 630 2890 ἀσυγχώρητος,
644 2857 668 2882 εί
690 2856 727 2891 μὴ
744 2857 760 2891 ἡ
775 2857 877 2890 ἀμετα-

88 2894 201 2929 νόητος.
217 2905 226 2920 ι
249 2896 329 2924 Ἀλλὰ
342 2900 405 2934 περὶ
424 2900 472 2934 μὲν
489 2901 592 2928 τούτων
621 2903 691 2935 ἅλις.
712 2905 746 2931 Σὺ
762 2905 789 2929 δὲ
808 2904 876 2937 μετὰ

88 2942 141 2976 τὴν
157 2941 213 2969 τῶν
229 2943 382 2979 είρημένων
397 2946 475 2982 ὡρῶν
488 2948 658 2984 ψαλμῳδὶαν,
672 2950 741 2984 φάγε
754 2958 758 2963 ·
771 2951 880 2986 κρατῶν

909 1593 930 1621 C

958 959 985 982 et
1002 956 1117 992 ingressi
1142 961 1209 994 sint,
1236 968 1264 991 et
1288 965 1387 999 januas
1417 972 1559 1000 oculorum
1589 981 1747 1005 nostrorum

956 1003 1155 1038 concluseriut.
1179 1011 1244 1036 tunc
1270 1019 1319 1038 nos
1338 1017 1489 1053 _tyraunice
1513 1024 1539 1046 et
1568 1019 1673 1056 impure
1703 1031 1746 1050 rc-

957 1047 1079 1082 plebunt,
1100 1056 1241 1085 quomodo
1256 1050 1349 1086 divina
1374 1064 1510 1091 sententia
1531 1072 1596 1094 suos
1614 1075 1747 1103 coopera‘

956 1098 1028 1122 tores
1051 1097 1252 1129 violentissima
1275 1104 1377 1134 ultione
1401 1111 1657 1146 comprehendunt;
1686 1123 1741 1143 ser-

955 1140 1037 1176 vique
1050 1150 1146 1171 eorum
1166 1146 1275 1181 flemus,
1302 1158 1336 1178 eo
1363 1155 1436 1186 quod
1458 1163 1539 1187 parva
1558 1160 1744 1192 omiserimus.

953 1195 1013 1221 quze
1033 1195 1146 1226 propter
1160 1193 1301 1223 Christum
1330 1206 1396 1226 cura
1429 1201 1509 1236 digna
1526 1208 1602 1238 sunt,
1621 1211 1680 1233 uta
1701 1215 1744 1234 sa—

952 1234 1134 1266 pientissimis
1160 1241 1293 1275 scriptum
1311 1250 1354 1272 est
1374 1255 1381 1274 :
1397 1246 1449 1280 Qui
1465 1234 1646 1279 voluntatem
1664 1260 1742 1281 suam

951 1279 1008 1307 Deo
1025 1283 1081 1310 non
1099 1285 1258 1320 subiecerit,
1279 1290 1313 1317 ab
1326 1291 1386 1325 ejus
1407 1279 1567 1323 adversario
1587 1298 1740 1331 subigatur.

939 1325 989 1353 ‘lta
1006 1332 1078 1357 utea
1095 1338 1156 1364 quae
1184 1333 1232 1360 tibi
1255 1343 1338 1370 parva
1362 1338 1499 1374 videnlur,
1525 1347 1654 1376 tanquam
1672 1348 1740 1372 muri

950 1375 998 1402 tibi
1026 1379 1178 1411 reputandl
1192 1381 1248 1408 sint
1271 1388 1367 1412 contra
1383 1393 1431 1414 eos
1448 1388 1495 1422 qui
1511 1375 1591 1418 nobis
1608 1391 1741 1419 insidian-

950 1426 1006 1454 tur,
1023 1431 1141 1458 quorum
1166 1427 1300 1461 perfectio
1327 1431 1399 1459 intra
1425 1435 1566 1468 cellulam,
1586 1437 1620 1464 ab
1639 1438 1672 1465 iis
1692 1441 1737 1474 qui

949 1468 1139 1503 magistratum
1161 1472 1292 1502 Ecclesia:
1327 1481 1432 1511 tenent,
1465 1482 1602 1515 sapienter
1635 1488 1737 1513 statuta

947 1519 989 1539 est
1004 1513 1038 1540 ad
1055 1516 1117 1542 vitte
1141 1523 1243 1545 nostrze
1262 1523 1414 1549 (’tlslodiam
1430 1525 1456 1551 in
1478 1527 1574 1561 spiritu
1591 1529 1737 1556 revelatio-

948 1559 1007 1593 nis;
1025 1569 1144 1596 quorum
1164 1566 1303 1601 neglectus
1317 1567 1351 1595 ab
1366 1559 1558 1604 insipientibus
1576 1576 1650 1608 parvi
1671 1584 1736 1610 pen-

945 1605 1029 1639 ditur.
1052 1615 1086 1635 eo
1099 1610 1170 1643 quod
1185 1611 1285 1639 damna
1301 1613 1365 1642 inde
1379 1618 1525 1651 sequentia
1540 1628 1593 1647 nou
1608 1623 1734 1649 considu-

944 1657 1016 1679 rant.
1036 1653 1134 1682 Eorum
1151 1657 1292 1686 hominum
1309 1661 1359 1689 vite
1383 1662 1489 1691 initium
1505 1670 1532 1692 et
1548 1667 1668 1695 medium
1692 1675 1735 1696 est

944 1698 1057 1728 libertas
1076 1702 1184 1731 indocta
1199 1712 1260 1740 qua:
1275 1708 1456 1743 cupiditatum
1485 1717 1573 1740 mater
1602 1719 1654 1743 est.
1680 1716 1734 1743 Me-

942 1744 996 1774 lius
1020 1748 1092 1775 enim
1122 1754 1164 1777 est
1189 1753 1282 1780 conari
1312 1762 1395 1789 parva
1419 1765 1471 1784 non
1492 1760 1630 1794 omittere,
1649 1770 1730 1797 quam

940 1792 1031 1821 locum
1061 1794 1126 1823 dare
1157 1799 1277 1829 peccatis
1304 1808 1335 1827 ea
1362 1803 1533 1837 negligenda.
1553 1806 1640 1840 Hujus
1656 1792 1731 1836 enim

942 1839 1141 1875 intempestiue
1155 1843 1290 1873 libertatis
1318 1847 1379 1874 linis
1391 1851 1576 1878 est‘scrvitus.
1597 1862 1607 1878 ι
1624 1853 1656 1880 Ει
1671 1862 1730 1881 rur-

939 1890 1022 1910 sum:
1039 1893 1050 1910 ι
1071 1885 1094 1912 Ο
1109 1895 1191 1922 qualn
1217 1889 1307 1917 dulcia
1334 1897 1400 1920 sunt
1430 1895 1610 1929 cupiditatum
1631 1898 1728 1927 initia!

937 1928 1112 1964 Cupiditales
1143 1939 1234 1963 autem
1263 1938 1375 1971 quando
1405 1928 1473 1974 quis
1486 1943 1610 1971 recidere
1626 1950 1727 1979 potest.

937 1984 1033 2004 carum
1063 1982 1204 2009 amotione
1235 1986 1402 2019 tranquillus
1430 1988 1474 2020 lit;
1502 1994 1529 2017 et
1555 1990 1675 2025 laetatur,
1705 1994 1727 2020 si

937 2023 1048 2056 quando
1063 2031 1172 2054 cessent
1186 2035 1194 2061 ;
1223 2036 1322 2057 causas
1339 2035 1429 2059 tamen
1460 2041 1554 2062 earum
1573 2037 1728 2071 relinquere

937 2076 992 2095 non
1011 2075 1119 2104 potest:
1137 2073 1199 2101 ideo
1231 2075 1270 2102 vel
1291 2076 1367 2103 inviti
1398 2083 1545 2113 tentaumr,
1565 2087 1592 2110 et
1624 2085 1727 2117 cupidi-

937 2117 1040 2146 tatibus
1060 2118 1219 2154 allligimur;
1237 2122 1370 2157 principia
1387 2129 1478 2153 autem
1491 2134 1586 2156 earum
1604 2129 1631 2156 in
1646 2131 1726 2158 nobis

938 2163 1058 2191 residere
1072 2165 1220 2194 malumus.
1236 2168 1350 2197 Peccata
1372 2178 1426 2198 non
1441 2172 1646 2206 desideramus.
1661 2184 1725 2204 cau—

935 2215 981 2237 sas
998 2217 1065 2238 vero
1081 2212 1114 2238 ad
1131 2220 1162 2240 ea
1188 2214 1311 2242 ferentes.
1335 2224 1396 2243 CIIII]
1422 2219 1521 2252 gaudio
1545 2223 1722 2257 suscipimus.

935 2255 1107 2292 Quapropter
1126 2260 1258 2287 secundae
1283 2270 1333 2289 sua
1358 2263 1478 2292 ellicacia
1496 2267 1619 2300 priorum
1635 2277 1724 2297 causa;

934 2299 1015 2328 ﬂuut.
1033 2302 1085 2334 Qui
1099 2304 1280 2338 cupiditatum
1296 2307 1429 2344 principia
1447 2299 1548 2346 diligit,
1568 2313 1601 2340 iis
1619 2316 1721 2343 invitus

935 2350 962 2372 et
979 2354 1032 2373 non
1047 2348 1141 2377 volens
1163 2350 1304 2384 subjectus
1332 2358 1394 2386 est,
1422 2360 1450 2383 et
1466 2357 1648 2392 cupiditatum
1665 2370 1721 2389 ser-

933 2399 984 2419 vus
997 2394 1127 2422 efﬁcitur.
1145 2396 1197 2429 Qui
1226 2400 1336 2432 propria
1368 2406 1480 2435 peccata
1508 2405 1609 2437 oderit,
1637 2409 1670 2434 ab
1689 2408 1720 2435 iis

932 2440 1068 2473 cessabit;
1095 2445 1121 2467 et
1144 2443 1191 2477 qui
1211 2451 1244 2470 ea
1262 2445 1407 2474 confessus
1434 2448 1526 2482 fuerit,
1542 2452 1720 2480 condonatio-

933 2494 992 2513 nem
1007 2488 1136 2515 inveniet.
1155 2489 1325 2523 [inpossibile
1348 2498 1439 2520 autem
1463 2500 1504 2522 est
1520 2497 1600 2524 alicui
1616 2501 1719 2532 peccati

933 2531 1054 2559 habitum
1069 2534 1260 2570 derelinquere
1272 2558 1280 2570 ,
1294 2539 1452 2573 priusquam
1469 2541 1560 2569 odium
1577 2544 1637 2577 ejus
1655 2553 1717 2572 ron-

931 2579 1044 2612 ceperit,
1058 2584 1085 2606 et
1104 2581 1209 2608 veniam
1224 2584 1344 2618 assequi,
1363 2585 1522 2620 priusquam
1539 2589 1637 2617 delicta
1653 2600 1712 2618 con~

931 2623 1022 2651 fessus
1039 2625 1141 2659 fuerit;
1154 2628 1236 2655 altera
1250 2629 1360 2662 quidem
1375 2638 1444 2658 vera:
1454 2632 1620 2663 humilitatis
1634 2645 1715 2665 causa

929 2673 986 2701 est;
1003 2670 1087 2697 altera
1109 2674 1330 2705 compnnctionis
1343 2694 1350 2706 ,
1365 2684 1426 2710 quae
1447 2677 1473 2704 in
1492 2681 1575 2707 corde
1591 2682 1715 2710 rubor-eu:

928 2717 1118 2750 corisequitur.
1145 2728 1154 2742 ι
1174 2718 1206 2745 Ει
1235 2728 1343 2747 rursum
1363 2730 1369 2748 :
1389 2731 1398 2747 ι
1416 2722 1476 2750 Non
1502 2729 1544 2752 est
1573 2733 1715 2760 peccatum

928 2761 1128 2795 irremissibile,
1142 2765 1193 2792 nisi
1212 2767 1284 2800 quod
1298 2776 1350 2794 non
1367 2770 1521 2804 corrigitur.
1538 2781 1547 2797 ι
1561 2772 1613 2799 Sed
1625 2774 1658 2801 de
1675 2776 1717 2802 his

928 2809 997 2837 satis
1015 2810 1119 2838 dictum
1143 2817 1185 2839 est
1203 2822 1209 2840 :
1227 2813 1267 2840 'l‘u
1292 2819 1382 2842 autem
1404 2822 1465 2849 post
1482 2819 1617 2846 dii-tarum
1638 2822 1716 2848 bora-

928 2865 988 2882 rum
1004 2858 1197 2892 psalmodiam,
1214 2861 1343 2895 comede;
1365 2865 1520 2892 oralionem
1536 2875 1676 2901 occupans
1690 2871 1715 2896 iu

929 2904 1130 2937 manducando,
1146 2911 1175 2931 ut
1187 2906 1227 2934 sic
1241 2907 1346 2936 iaciens
1363 2909 1388 2936 in
1407 2909 1594 2939 habitudinem
1611 2916 1716 2946 venias,

927 2951 1021 2983 gratiae
1048 2951 1159 2984 \irtute,
1189 2953 1361 2983 illotssauter
1392 2958 1588 2993 oraudLjuxta
1609 2960 1714 2987 Uulltzlti
