1925 3083
155 153 209 183 695

583 149 761 180 CALLISTI
783 148 835 187 ET»
846 148 998 178 lGNA'l‘ll
1012 147 1355 178 XANTHOI'ULORUM

1730 145 1784 177 (-96

155 215 197 238 est
225 209 259 238 de
282 209 418 245 corporali
439 209 581 240 alimento,
606 211 739 242 quantum
764 206 797 234 ad
822 206 962 242 pondus“

996 205 1128 238 ἀνάϐασις
1145 205 1191 232 νοῦ
1204 205 1274 241 πρὸς
1289 205 1366 233 Θεόν.
1381 204 1442 231 Ἔτι
1454 213 1460 219 ⁸
1471 205 1614 240 Προσευχή
1629 205 1704 231 ἔστιν
1719 206 1783 239 ὀμι-

155 257 335 294 quantitatcm
348 261 375 283 et
392 256 564 291 qualitatem,
579 254 700 281 breviter
715 260 764 288 pro
779 252 885 280 viribus
894 260 942 280 ex-

156 310 269 337 ponere.

159 351 174 384 ἡ
189 348 365 384 πνευματικὴ
381 346 769 383 προσευχὴ,τροφὴὺπάρχει.
787 355 797 373 ›
814 346 868 372 Καὶ
884 345 971 372 ταῦτα

994 253 1040 279 λία
1052 251 1099 279 νοῦ
1111 251 1178 286 πρὸς
1189 251 1268 278 Θεὸν.
1293 251 1354 278 Ἔτι
1366 259 1373 266 ·
1387 250 1494 285 Ὠσπερ
1507 251 1521 276 ό
1531 249 1613 285 ἄρτος
1625 251 1712 286 τροφή
1724 251 1785 277 ἐστι

995 297 1035 332 τῷ
1052 297 1170 332 σώματι,
1183 296 1230 322 καὶ
1242 297 1258 332 ἡ
1275 297 1361 331 ἀρετὴ
1374 297 1408 331 τῇ
1424 295 1510 330 ψυχῇ,
1522 294 1595 322 οὕτω
1613 296 1660 321 καὶ
1674 294 1721 322 τοῦ
1737 294 1784 321 νοῦ

987 345 1037 380 μὲν
1054 343 1153 375 οὕτως,
1165 344 1295 378 εὔκαιρον
1310 343 1339 370 δὲ
1354 343 1401 370 νῦν
1416 342 1465 369 καὶ
1478 343 1543 378 περὶ
1559 343 1608 378 τῆς
1622 342 1782 377 σωματικῆς

156 396 274 430 διαίτης,
291 394 364 422 κατά
378 403 410 429 γε
428 393 559 428 σταθμὸν,
572 392 711 428 ποσότητά
725 401 755 419 τε
771 393 818 419 καὶ
834 393 967 426 ποιότητα
981 392 1094 427 ταύτης,
1108 391 1236 418 ἐκθέσθαι
1252 391 1290 423 ὡς
1305 392 1333 419 ἑν
1352 392 1449 427 βραχεί
1462 390 1692 419 τοκατιδύναμιν.

158 437 195 464 De
208 436 339 470 corporali
355 434 481 469 regimine
498 442 507 461 :
522 433 652 468 quomodo
675 440 698 459 ts
714 431 760 467 qui
783 429 945 465 tranquillus

402 486 441 510 est
460 490 486 509 te
502 481 604 508 nutrire
617 481 700 507 debet.

195 531 239 558 30.
255 530 392 565 Scriptum
418 533 459 556 est
478 537 485 555 :
504 538 513 554 ι
531 527 580 554 Fili
599 528 727 558 hominis,
745 533 807 553 cum
826 525 947 561 pondere

160 583 258 611 panem
274 580 352 603 tuum
370 574 566 606 manducabis;
580 577 680 600 etcum
705 579 834 599 mensura
848 577 945 604 aquam

159 628 233 650 luam
249 622 341 654 bibes:
356 625 385 648 ut
397 628 444 654 per
461 621 530 652 haec,
543 619 708 647 suilicienter
724 618 846 646 nutritus
861 617 945 649 vivat,
965 635 976 642 .

157 669 204 704 qui
219 669 371 697 secundum
390 667 477 694 Deum
494 667 552 694 vult
565 673 696 702 pugnare.
713 674 722 691 ι
742 665 798 693 Nisi
814 664 887 692 enim
901 663 948 691 de-

157 716 244 749 deris,
260 720 290 742 ut
315 715 428 746 dicitur,
444 714 618 749 sanguinem,
643 712 769 747 spiritum
791 719 846 738 non
874 709 947 737 acci-

158 763 227 797 pies.
250 761 319 788 Dicit
344 765 434 788 autem
457 765 485 787 et
501 767 616 793 magnus
640 758 743 786 Paulus
771 766 778 784 :
807 766 817 783 ‹
836 757 947 793 Castigo

158 815 260 841 τοι-ους
278 815 380 840 meum,
404 812 431 834 et
457 807 484 833 in
511 806 669 834 servitutem
694 805 800 839 redigo,
820 811 855 830 ne
878 804 947 830 forte

160 859 303 890 postquam
332 855 393 882 aliis
419 853 633 889 praedicaverim,
649 853 707 887 ipse
732 851 864 886 reprobus
887 849 946 878 etii-

160 903 219 929 eiar
230 901 263 929 “.
285 910 295 927 ι
312 901 344 928 Et
360 900 441 928 divus
460 899 542 927 David
567 908 575 926 :
593 908 603 925 ι
619 898 711 927 Genua
727 906 787 926 mea
811 897 948 925 inﬁrmata

159 953 227 976 sunt
241 947 386 983 ajcjunio,
404 951 430 974 et
447 954 512 974 caro
538 953 597 973 mea
613 946 758 973 immutata
772 949 814 972 est
837 948 949 980 propter

159 995 250 1023 oleum
260 995 295 1021 ".
312 1004 322 1021 ι
338 994 371 1021 Et
383 993 541 1028 Theologus
554 1000 562 1019 ε
579 1002 589 1018 ι
607 991 685 1019 Nulla
699 992 751 1019 alia
765 999 804 1024 re,
819 995 850 1018 ut
864 989 952 1017 malo.

158 1049 219 1069 rum
247 1040 417 1072 suﬁ‘erentia,
444 1039 516 1066 Deus
546 1038 656 1071 colitur,
679 1043 706 1065 et
732 1037 860 1072 lacrymis
890 1035 950 1071 ejus

160 1086 349 1115 misericordia
365 1085 543 1113 refunditur.»
556 1083 588 1111 Et
599 1089 711 1112 sanctus
722 1083 816 1111 Isaac:
831 1092 840 1109 ι
850 1082 951 1115 Quem-

160 1134 309 1162 admodum
327 1137 413 1161 mater
442 1133 525 1161 tilium
552 1138 640 1165 curat,
653 1132 690 1159 ita
713 1131 839 1159 Christus
851 1138 951 1164 corpus

161 1179 294 1208 afﬂictum
312 1184 400 1210 curat.
414 1185 442 1207 et
460 1179 523 1206 huic
535 1179 645 1214 corpori
664 1182 795 1213 perpetuo
810 1177 952 1213 proximus

162 1226 250 1254 adest.
271 1236 281 1253 ι
295 1225 328 1253 Et
343 1233 454 1253 rursum
471 1233 478 1254 :
501 1234 510 1251 ι
529 1224 556 1252 In
578 1229 672 1252 ventre
684 1228 818 1257 saturato,
837 1231 891 1251 uon
909 1227 953 1251 est

163 1273 356 1307 mysteriorum
387 1271 433 1298 Dei
461 1270 591 1306 cognitio.
620 1279 630 1296 ι
651 1270 705 1297 Et:
736 1279 746 1296 ι
769 1269 953 1302 Quemadmo~

163 1318 229 1344 dum
245 1317 279 1344 iis
291 1316 336 1351 qui
355 1316 382 1343 in
398 1316 527 1351 lacrymis
536 1315 884 1349 semlnant,exsultationis
896 1323 953 1343 ma-

165 1363 252 1398 nipuli
282 1363 425 1395 oriuntur;
450 1363 486 1390 ita
510 1362 605 1390 laetitia
639 1362 764 1397 sequitur
793 1369 854 1390 eam
891 1369 954 1397 qua

165 1408 317 1436 secundum
346 1407 431 1435 Deum
450 1412 493 1435 est
517 1407 642 1443 corporis
665 1407 851 1435 atllictionem.
883 1417 893 1434 ι
921 1407 954 1435 Et

166 1456 325 1484 Macarius:
349 1465 358 1482 ι
378 1455 430 1489 Qui
449 1456 558 1491 elongat
578 1463 608 1483 se
625 1456 659 1483 ab
679 1455 808 1483 omnibus
836 1455 953 1490 deliciis,

166 1513 227 1540 quae
247 1512 310 1532 eum
328 1508 456 1540 separant
477 1512 492 1532 a
510 1511 561 1532 suo
575 1503 718 1539 Creatorc.
737 1513 746 1530 ι
772 1504 802 1531 Et
819 1511 928 1533 rursum
945 1513 953 1531 :

170 1563 179 1577 ι
201 1551 293 1579 Multis
305 1551 478 1586 temporibus
500 1559 515 1578 a
530 1551 633 1578 dextris
652 1555 680 1578 et
698 1558 712 1578 a
729 1551 849 1578 sinistris
865 1555 954 1578 tenta—

169 1604 223 1630 tur,
251 1602 278 1626 et
296 1597 404 1625 duobus
427 1597 470 1624 his
489 1597 579 1624 modis
598 1604 640 1623 me
660 1597 748 1631 ipsum
771 1596 900 1630 probans.
928 1601 956 1624 et

168 1645 306 1679 accipiens
321 1644 356 1671 ab
381 1643 493 1671 inimico
516 1644 608 1678 plagas
631 1643 800 1674 innumeras,
814 1646 842 1669 et
857 1643 957 1676 dignus

169 1691 329 1719 abscondite
352 1690 466 1718 ctl'ettus
488 1691 594 1723 magnis
622 1688 899 1721 remuneratiouibus,
923 1696 956 1716 ex

171 1738 319 1766 multorttm
341 1744 476 1764 annorum
495 1736 575 1769 longe
598 1739 722 1770 tempore
745 1735 810 1762 mihi
829 1740 957 1769 expertus

171 1792 244 1817 sum,
265 1787 292 1811 et
307 1783 333 1811 iu
359 1783 520 1817 probatione
534 1786 561 1809 et
583 1781 628 1808 Dei
654 1781 754 1817 gratia,
771 1781 829 1808 haec
849 1781 930 1809 didici
948 1788 958 1810 :

170 1831 275 1866 Nempe
294 1829 501 1858 fundamentum
522 1827 645 1855 omnium
663 1827 800 1854 honorum
818 1831 846 1855 et
860 1826 959 1854 anima:

171 1887 204 1906 ex
218 1876 374 1912 captivitate
386 1874 490 1903 inimici
503 1873 693 1901 liberationem
702 1879 729 1901 et
743 1874 813 1901 viam
825 1874 858 1901 ad
868 1874 959 1901 lumen

173 1922 303 1949 ferentem
316 1925 341 1949 et
351 1920 384 1947 ad
397 1920 478 1946 vitam
499 1918 568 1947 duas
594 1918 654 1946 illas
668 1919 787 1946 rationes
798 1926 859 1947 esse
871 1926 918 1952 :_se
930 1919 957 1947 in

174 1975 258 1995 unutn
277 1967 367 1994 locum
380 1965 519 2000 colligere,
535 1968 562 1991 et
579 1971 688 1999 semper
700 1964 836 1999 jejunare,
853 1965 879 1992 id
894 1969 957 1993 est:

173 2020 203 2039 se
218 2012 305 2046 ipsum
319 2011 345 2038 iu
364 2009 465 2037 ventris
482 2009 659 2043 temperantia
675 2008 808 2041 stabilire,
824 2008 960 2044 sapienter

172 2067 206 2087 ac
225 2059 384 2094 prudenter,
415 2058 441 2084 in
463 2056 597 2084 immobili
625 2055 698 2088 sede,
718 2055 866 2083 incessanti
886 2060 961 2083 tran—

174 2105 311 2141 quillitate
336 2111 368 2131 ac
391 2103 437 2130 Dei
465 2102 655 2131 meditatione.
683 2101 748 2128 lude
773 2102 845 2129 enim
873 2101 961 2128 exitur

174 2159 304 2179 sensuum
321 2149 473 2184 subjectio;
499 2148 560 2175 inde
588 2147 688 2174 montis
713 2148 870 2182 vigilantia;
898 2147 961 2175 inde

173 2198 297 2224 furentes
326 2194 490 2230 cupiditates
514 2198 686 2225 coercentur,
702 2200 763 2228 qua:
792 2193 819 2220 in
846 2200 960 2228 corpore

173 2243 331 2277 agitantur;
349 2241 411 2268 imlc
426 2240 631 2268 ratiociniorum
654 2240 789 2272 dulcedo;
809 2239 871 2266 inde
886 2240 960 2275 cogi-

173 2289 284 2316 tationis
296 2284 378 2314 lucidi
394 2292 500 2319 motus;
518 2285 580 2313 inde
594 2286 628 2312 ad
648 2286 739 2313 divina
756 2293 837 2319 Opera
852 2285 961 2313 virtutis

174 2336 268 2369 ardor,
285 2334 350 2362 inde
369 2333 484 2360 excelsa:
510 2333 689 2368 cogitationes
702 2336 729 2359 et
745 2332 880 2364 delicatae;
900 2332 961 2360 inde

174 2381 362 2408 illdt‘SlllClllt'S
384 2379 522 2414 lacrymte,
535 2386 596 2412 qua:
621 2383 751 2413 perpetuo
772 2377 878 2411 ﬂuunt;
899 2377 962 2405 inde

175 2428 273 2455 mortis
286 2425 435 2457 memoria;
449 2425 510 2452 inde
526 2424 661 2459 sapientia
678 2432 745 2458 pura
760 2431 821 2459 quae
833 2424 873 2458 lati
886 2424 961 2451 ortiui

176 2475 321 2510 phantasia
341 2476 497 2499 removetur
511 2471 704 2507 cogitationem
718 2469 891 2505 impedicnti;
901 2470 963 2497 inde

177 2521 253 2547 visus
267 2526 382 2545 acumen
401 2522 427 2544 et
442 2524 536 2544 eorum
552 2524 613 2551 qua:
633 2516 712 2551 longe
723 2521 788 2543 sunt
800 2515 965 2550 cognitionis

177 2565 263 2600 vigor.
280 2564 344 2591 lude
362 2562 568 2598 profundissitui
584 2561 621 2589 illi
635 2561 743 2597 mystici
759 2568 871 2594 sensus,
888 2569 961 2596 quos

176 2609 305 2645 cogitatio
330 2608 589 2643 comprehcndit,iu
610 2607 766 2634 divinOrum
790 2607 964 2635 oraculorum

178 2657 309 2688 virtutes;
326 2661 353 2683 et
374 2655 517 2682 interiores
542 2659 631 2681 motus
643 2653 688 2688 qui
712 2654 738 2680 in
756 2653 846 2680 anima
863 2653 960 2686 produ-

176 2706 288 2734 cuntur,
307 2706 334 2728 et
350 2700 535 2734 discrepantia
564 2708 596 2726 ac
613 2699 743 2726 discretio
769 2699 913 2733 spirituum
932 2706 963 2725 ac

177 2753 333 2775 sanctarum
351 2748 535 2782 potentiarum
555 2751 581 2772 ct
609 2754 678 2773 vera:
701 2745 814 2772 visionis
827 2753 858 2771 ac
882 2753 962 2771 νίιιιιι-

178 2803 238 2822 rum
258 2793 498 2827 imaginatiouutu'
524 2792 586 2820 inde
603 2792 685 2819 timor
702 2792 808 2818 viarum
830 2798 861 2818 ac
880 2791 961 2819 semi-

231 2887 252 2901 “
268 2885 351 2914 lCor.
366 2893 404 2917 ut,
420 2884 464 2912 ΞΠ.
517 2885 538 2901 ⁸⁵
556 2883 628 2911 Psal.
641 2891 714 2917 cvm,
725 2883 770 2910 ει.

988 438 1057 472 Περὶ
1075 435 1320 472 τῆςνοῖωματικῆς
1331 435 1464 472 διαίτης-⁸·
1484 434 1611 472 ἠως-μα.
1625 433 1708 469 οἵως]
1717 432 1781 465 πῶς

1128 471 1175 498 δεῖ
1187 469 1345 505 τρέφεσθαι
1366 470 1419 496 τὸν
1437 469 1638 504 ἡσυχάζοντα.

1024 517 1057 546 λ’,
1084 518 1257 554 Γέγραπται·
1290 526 1300 542 ι
1333 515 1382 542 Υἱὲ
1410 514 1572 551 ἀνθρώπου,
1601 514 1716 549 σταθμῷ
1733 513 1780 540 τὸν

993 566 1075 601 ἄρτον
1088 573 1136 591 σου
1152 563 1283 598 φάγεσαι·
1299 563 1347 589 καὶ
1357 562 1450 597 μέτρῳ
1464 562 1493 588 τὸ
1503 561 1574 596 ὕδωρ
1588 569 1635 587 σου
1647 560 1753 587 πίεσαι·
1768 569 1778 586 ι

989 609 1028 641 ὡς
1041 608 1086 636 διὰ
1100 608 1214 641 τούτων,
1230 607 1331 638 ἱκανῶς
1343 606 1452 642 ἔχοντος
1465 605 1514 632 τοῦ
1529 606 1600 633 κατὰ
1616 604 1684 632 Θεδν
1706 605 1783 638 ἀγω-

989 655 1144 690 νιζομένου,
1158 653 1265 688 διαζῇν.
1289 653 1338 679 Ἂν
1350 652 1405 687 γὰρ
1423 651 1460 687 μὴ
1479 651 1544 687 δῷς,
1572 650 1644 677 κατὰ
1666 650 1713 677 τὸν
1737 650 1782 676 λέ-

988 709 1082 735 γοντα,
1098 696 1180 734 αἷμα,
1195 698 1245 725 οὐκ
1258 698 1290 725 ἂν
1303 697 1397 728 λάσοις
1420 697 1540 731 πνεῦμα.
1557 696 1639 730 Λέγει
1662 695 1690 721 δὲ
1706 694 1754 721 καὶ
1767 695 1782 721 ό

991 746 1079 782 μέγας
1092 744 1199 776 Παῦλος
1209 753 1216 760 ·
1235 753 1245 770 ι
1266 742 1435 774 ’Υπωπιάζω
1450 750 1499 776 μου
1512 741 1543 767 τδ
1555 740 1644 775 σῶμα,
1657 740 1705 765 καὶ
1718 739 1781 765 δου-

990 791 1119 826 λαγωγῶ,
1139 791 1177 826 μή
1205 798 1264 819 πως
1279 788 1369 819 ἄλλοις
1385 786 1519 826 κηρύξας,
1542 785 1622 816 αὐτὸς
1649 784 1782 818 ἀδόκιμος

990 823 1124 872 γένωμαι.
1140 823 1154 861 τι
1171 823 1231 862 ’Καὶ
1246 834 1261 860 ὁ
1281 835 1352 864 θεῑος
1375 831 1473 858 Δαῦίδ·
1495 823 1504 858 ι
1538 831 1579 857 Τὰ
1601 829 1704 864 γόνατά
1728 837 1781 863 μου

963 882 1146 918 Βὴσθένησαν
1163 881 1218 907 άπὸ
1236 879 1375 915 νηστείας,
1393 878 1440 904 καὶ
1458 878 1475 913 ὴ
1492 876 1561 912 σάρξ
1581 884 1632 911 μου
1645 873 1781 910 ἠλλοιώθη

992 930 1027 956 δι’
1040 928 1158 955 ἔλαιον.)
1174 926 1228 953 Kal
1244 927 1259 953 ὀ
1275 926 1416 960 Θεολόγος·
1434 933 1443 950 ι
1457 923 1550 951 Οἱδενὶ
1563 923 1634 948 οὕτω
1649 921 1702 948 τῶν
1715 919 1784 946 πάν-

993 983 1058 1008 των,
1073 975 1111 1005 ὠς
1122 971 1306 1008 κακοπαθείᾳ,
1317 971 1384 1003 Θεὺς
1392 969 1584 1006 θεραπεύεται,
1596 968 1643 995 καὶ
1654 968 1782 1002 δάκρυσι·

991 1021 1022 1048 τδ
1038 1019 1230 1055 φιλάνθρωπον
1252 1017 1426 1046 ἀντιδῐδοται.
1445 1025 1455 1041 ι
1468 1015 1523 1042 Καὶ
1535 1015 1550 1042 ό
1566 1013 1643 1048 ἅγιος
1671 1012 1764 1040 Ἰσαάκ
1774 1020 1783 1028 ³

995 1067 1118 1101 σὫσπερ
1129 1065 1221 1101 μήτηρ
1230 1063 1342 1100 κήδεται
1351 1061 1459 1095 τέκνου,
1469 1060 1540 1088 οὓτω
1547 1059 1664 1096 Χριστὸς
1673 1059 1784 1093 κήδεται

995 1113 1121 1149 σώματος
1137 1108 1371 1142 κακοπαθοῦντος,
1388 1108 1435 1135 καὶ
1450 1106 1566 1142 πλησίον
1579 1105 1638 1132 ἐστὶ
1658 1104 1706 1131 τοῦ
1731 1102 1786 1130 σὼ-

995 1167 1080 1195 ματος
1100 1156 1184 1186 αὑτοῦ
1201 1154 1357 1185 διαπαντός.
1374 1162 1384 1180 ι
1407 1153 1464 1180 Καὶ
1476 1151 1571 1183 αὖθις·
1593 1159 1603 1176 t
1622 1149 1668 1195 Ἑν
1685 1148 1786 1195 γαστρὶ

993 1194 1200 1238 πεπληρωμένη
1226 1199 1327 1235 γνῶσις
1343 1196 1410 1226 Θεοῦ
1436 1195 1594 1233 μυστηρίων
1618 1194 1669 1222 οὐκ
1685 1194 1756 1221 ἐστι.
1772 1203 1782 1220 ι

992 1258 1066 1285 Καί·
1085 1265 1095 1284 ι
1113 1256 1221 1290 Ὥσπερ
1235 1252 1331 1280 ἕπεται
1344 1252 1401 1283 τοῖς
1413 1251 1441 1278 ὲν
1458 1249 1574 1284 δάκρυσι
1590 1246 1733 1282 σπείρουσι
1747 1244 1783 1271 τὰ

991 1304 1140 1340 δράγματα
1150 1301 1200 1336 τῆς
1210 1298 1410 1334 ἀγαλλιάσεως,
1426 1295 1513 1326 οὕτως
1525 1292 1696 1340 ἀκολουθεῖγή
1710 1290 1784 1327 χαρὰ

992 1339 1027 1386 τῇ
1044 1349 1089 1377 διὰ
1101 1347 1169 1375 Θεὸν
1190 1344 1391 1379 κακοπαθείᾳ.»
1406 1342 1462 1370 Καὶ
1476 1341 1631 1376 Μακάριος·
1647 1348 1656 1365 ι
1667 1339 1696 1365 Ὀ
1713 1339 1783 1364 ἀπο-

994 1384 1125 1432 στομίσας
1142 1392 1239 1420 ἑαυτὸν
1258 1390 1312 1418 άπὸ
1329 1390 1420 1424 πάσης
1439 1386 1618 1423 ἡδυπαθείας,
1638 1384 1688 1432 τῆς
1700 1391 1785 1432 χωρι-

993 1430 1094 1476 ζούσης
1102 1440 1183 1468 αὐτὸν
1196 1438 1250 1465 ἀπὸ
1263 1436 1311 1464 τοῦ
1325 1435 1468 1466 κτίσαντος
1479 1433 1569 1460 αὐτόν.
1582 1442 1592 1458 ι
1610 1431 1665 1458 Kal
1681 1430 1764 1456 πάλιν
1775 1437 1782 1443 ·

997 1498 1008 1516 ι
1027 1489 1072 1515 Ἐν
1087 1485 1177 1521 πολλῷ
1188 1484 1277 1519 καιρῷ
1291 1480 1489 1518 πειραζόμενος
1507 1480 1534 1506 εν
1547 1479 1604 1509 τοῖς
1618 1477 1715 1509 δεξιοῖς
1737 1477 1785 1521 καὶ

994 1520 1169 1568 ἀριστεροῖς,
1178 1530 1226 1558 καὶ
1238 1527 1357 1564 ἐμαυτὸν
1372 1526 1524 1561 δοκιμάσας
1540 1524 1570 1551 ὲν
1581 1524 1636 1555 τοῖς
1652 1522 1712 1548 δυσὶ
1725 1520 1786 1556 τρό-

996 1588 1057 1612 ποις
1071 1578 1177 1609 τούτοις
1195 1575 1338 1607 πολλάκις,
1355 1572 1403 1600 καὶ
1425 1571 1572 1607 δεξάμενος
1590 1571 1622 1597 ὲκ
1646 1568 1694 1595 τοῦ
1711 1568 1787 1593 ὲνανν

997 1626 1057 1652 τίου
1076 1623 1183 1659 πληγάς
1203 1620 1409 1656 ἀναριθμήτους
1435 1617 1483 1643 καὶ
1506 1615 1630 1648 ἀξιωθεὶς
1660 1612 1787 1649 μεγάλων

997 1669 1168 1705 ἀντιλήψεων
1187 1666 1330 1703 κρυπτῶς,
1354 1663 1529 1700 ἐκομισάμην
1551 1659 1664 1696 ιμαυτῷ
1687 1659 1786 1705 πεῖραν

998 1717 1031 1744 ὲκ
1046 1704 1100 1742 τῶν
1116 1713 1230 1750 μακρῶν
1243 1712 1348 1748 χρόνων
1360 1710 1415 1737 τῶν
1431 1708 1510 1740 ἐτῶν,
1526 1707 1574 1733 καὶ
1583 1707 1612 1733 ὲν
1626 1704 1787 1750 δοκιμασίᾳ,

998 1762 1048 1790 καὶ
1064 1748 1132 1788 Θεοθ
1146 1759 1250 1795 χάριτι,
1264 1757 1350 1783 ταῦτα
1363 1754 1466 1790 ἔμαθον
1477 1761 1485 1769 ·
1497 1753 1538 1779 ὅτι
1552 1752 1566 1778 ό
1580 1750 1706 1786 θεμέλιος
1719 1748 1788 1774 πάν-

994 1820 1050 1840 των
1071 1810 1127 1838 τῶν
1144 1808 1267 1844 ἀγαθῶν,
1285 1807 1333 1835 καὶ
1356 1807 1373 1842 ἡ
1399 1804 1551 1840 ἀνάκλησις
1571 1803 1622 1838 τῆς
1644 1801 1734 1838 ψυχῆς
1752 1801 1785 1827 ἐκ

996 1857 1046 1892 τῆς
1063 1854 1254 1892 αἰχμαλωσίας
1269 1852 1317 1880 τοῦ
1336 1849 1446 1887 ἐχθροῦ,
1460 1849 1508 1877 καὶ
1528 1848 1546 1884 ή
1566 1848 1625 1878 ὁδὸς
1635 1847 1653 1882 ἡ
1668 1846 1737 1882 πρὸς
1753 1846 1785 1872 τὸ

996 1904 1054 1939 φῶς
1081 1902 1128 1929 καὶ
1138 1902 1187 1937 τὴν
1200 1900 1272 1935 ζωὴν
1286 1898 1418 1934 φέρουσα,
1431 1893 1505 1923 οὗτοι
1516 1895 1540 1922 οι
1554 1893 1601 1921 δύο
1608 1893 1704 1929 τρόποι
1718 1892 1783 1919 είσί·

995 1950 1027 1976 τὺ
1048 1948 1161 1981 συνάξαι
1184 1946 1282 1973 ἑαυτὸν
1303 1945 1344 1976 εἰς
1365 1943 1413 1970 ἕνα
1428 1943 1528 1969 τόπον
1549 1941 1597 1968 καὶ
1615 1940 1646 1966 τὺ
1669 1939 1714 1966 ἀεὶ
1739 1946 1786 1973 νη-

999 1993 1113 2021 στεῦσαι
1121 2000 1128 2008 ο
1146 1991 1282 2023 τουτέστι,
1293 1989 1324 2016 τὸ
1333 1988 1474 2015 κανονίσαι
1489 1986 1587 2014 ἑαυτὸν
1597 1986 1626 2012 ὲν
1637 1983 1787 2020 ἐγκρατείᾳ

997 2039 1128 2074 γαστρὸς,
1143 2036 1234 2071 σοφῶς
1248 2036 1296 2062 καὶ
1311 2033 1462 2070 φρονίμως,
1478 2032 1640 2067 ὲν,ἀκινήτῳ
1655 2029 1786 2064 καθέδρᾳ,

997 2087 1045 2113 καὶ
1064 2084 1231 2117 ἀδιαλείπτῳ
1256 2081 1349 2117 σχολῇ,
1363 2080 1411 2107 καὶ
1428 2079 1529 2114 μελέτῃ
1544 2077 1623 2105 Θεοῦ.
1646 2075 1789 2104 Ἐντεῦθεν

999 2133 1054 2168 γὰρ
1069 2133 1088 2167 ἡ
1098 2131 1153 2157 τῶν
1173 2130 1329 2165 αίσθήσεων
1342 2127 1468 2167 ὑποταγὴ
1481 2134 1488 2142 ·
1505 2124 1630 2152 ἐντεῦθεν
1643 2124 1660 2159 ὴ
1679 2122 1728 2150 τοῦ
1741 2122 1788 2149 νοῦ

999 2179 1096 2214 νῆψις“
1124 2176 1248 2204 ἐντεῦθεν
1262 2175 1298 2202 τά
1320 2175 1405 2210 ἄγρια
1422 2173 1498 2207 πάθη
1516 2170 1694 2208 ἡμεροῦνται,
1710 2169 1745 2196 τά
1759 2170 1790 2196 ὲν

977 2225 1037 2260 nuit
1065 2223 1173 2258 σώματι
1193 2220 1362 2256 κινούμενα·
1388 2218 1516 2246 ἐντεῦθεν
1537 2218 1555 2253 ἡ
1583 2216 1706 2252 πραότης
1733 2215 1790 2242 τῶν

998 2270 1138 2306 λογισμῶν
1148 2277 1156 2284 σ
1175 2267 1302 2295 ἐντεῦθεν
1319 2266 1346 2292 αἱ
1361 2265 1411 2300 τῆς
1431 2264 1551 2294 διανοίας
1566 2262 1699 2297 φωτειναὶ
1711 2263 1789 2295 κινή-

1000 2325 1072 2349 σεις·
1092 2314 1218 2343 ἐντεῦθεν
1242 2314 1259 2348 ἡ
1289 2312 1357 2347 πρὸς
1378 2312 1412 2338 τά
1437 2311 1497 2338 θεῖα
1524 2310 1593 2345 ἔργα
1615 2308 1664 2343 τῆς
1686 2308 1789 2344 ἀρετῆς

1001 2363 1118 2398 σπουδή”
1147 2360 1274 2388 ἐντεῦθεν
1289 2359 1324 2385 τὰ
1342 2357 1431 2394 ὑψηλὰ
1451 2357 1587 2392 νοήματα,
1612 2355 1659 2382 καὶ
1683 2354 1788 2381 λεπτά-

1001 2409 1126 2437 ὲντεῦθεν
1142 2408 1177 2435 τὰ
1189 2407 1298 2442 ἄμετρα
1311 2405 1427 2440 δάκρυα,
1442 2402 1477 2430 τὰ
1493 2405 1522 2430 ἐν
1534 2403 1618 2429 παντὶ
1636 2401 1725 2438 καιρῷ
1744 2410 1791 2436 γι-

1001 2456 1112 2492 νόμενα,
1126 2455 1173 2482 καὶ
1189 2453 1236 2480 τοῦ
1263 2451 1377 2479 θανάτου
1393 2451 1410 2485 ἡ
1429 2449 1539 2485 μνήμη·
1560 2448 1686 2475 ἐντεῦθεν
1703 2448 1719 2483 ὴ
1736 2455 1790 2474 σω-

1003 2501 1125 2538 φροσύνη
1144 2501 1161 2536 ἠ
1176 2499 1295 2534 καθαρά,
1320 2499 1338 2533 ἡ
1359 2496 1469 2527 τελείως
1492 2495 1632 2531 ἀπέχουσα
1651 2495 1684 2521 ὲκ
1697 2494 1789 2529 πάσης

1003 2547 1166 2584 φαντασίας,
1180 2546 1230 2580 τῆς
1241 2545 1292 2579 τὴν
1305 2543 1424 2570 διάνοιαν
1442 2541 1627 2577 πειραζούσης
1639 2548 1646 2556 ·
1662 2539 1792 2567 ἐντεῦθεν

1003 2596 1020 2631 ὴ
1034 2592 1189 2628 όξυδερκία,
1205 2592 1251 2618 καὶ
1265 2591 1284 2626 ἠ
1296 2590 1392 2624 ὀξύτης
1404 2590 1453 2624 τῆς
1472 2587 1598 2622 γνώσεως
1609 2587 1663 2614 τῶν
1680 2586 1792 2623 μακρὰν

1003 2641 1087 2668 ὅντων
1098 2647 1106 2655 ο
1125 2638 1249 2666 ἐντεῦθεν
1264 2638 1298 2664 τὰ
1312 2635 1450 2672 βαθύτερα
1462 2635 1516 2662 τῶν
1532 2634 1671 2670 μυστικῶν
1690 2634 1793 2668 νοημά-

1003 2694 1067 2716 των,
1083 2683 1156 2719 ἅπερ
1176 2683 1192 2718 ἡ
1213 2683 1317 2709 διάνοια
1341 2680 1558 2715 καταλαμϐάνει,
1571 2680 1601 2705 ὲν
1620 2680 1654 2714 τῇ
1677 2678 1792 2713 δυνάμει

1004 2732 1059 2758 τῶν
1077 2730 1157 2756 θείων
1176 2728 1285 2762 λογίων,
1303 2727 1351 2753 καὶ
1367 2727 1394 2754 αἱ
1418 2725 1553 2761 ὲσώτεραι
1572 2725 1696 2759 κινήσεις
1717 2724 1746 2750 at
1763 2723 1794 2750 ὲν

1003 2780 1037 2814 τῇ
1048 2778 1120 2813 ψυχῇ
1133 2776 1286 2812 γινόμεναι,
1308 2775 1355 2802 καὶ
1371 2774 1389 2809 ἡ
1407 2773 1526 2809 διαφορὰ
1546 2772 1593 2799 καὶ
1615 2772 1633 2806 ἡ
1654 2771 1792 2807 διάκρισις
