  <div class='ocr_page' id='page_1' title='image "/cluster/home/n/w/nwhite01/storage/ocr_20150623/147/njp.32101010943429/360.png"; bbox 0 0 1925 3083; ppageno 0'>
   <div class='ocr_carea' id='block_1_1' title="bbox 86 116 132 149">
    <p class='ocr_par' dir='ltr' id='par_1_1' title="bbox 86 116 132 149">
     <span class='ocr_line' id='line_1_1' title="bbox 86 116 132 149; baseline -0.022 0"><span class='ocrx_word' id='word_1_1' title='bbox 86 116 132 149; x_wconf 77' lang='grc' dir='ltr'><strong>6η</strong></span> 
     </span>
    </p>
   </div>
   <div class='ocr_carea' id='block_1_2' title="bbox 685 121 1091 156">
    <p class='ocr_par' dir='ltr' id='par_1_2' title="bbox 685 121 1091 156">
     <span class='ocr_line' id='line_1_2' title="bbox 685 121 1091 156; baseline 0.012 -5"><span class='ocrx_word' id='word_1_2' title='bbox 685 121 879 153; x_wconf 82' lang='lat' dir='ltr'><strong>OPUSCULA</strong></span> <span class='ocrx_word' id='word_1_3' title='bbox 899 122 1091 156; x_wconf 78' lang='lat' dir='ltr'><strong>ASCETICA.</strong></span> 
     </span>
    </p>
   </div>
   <div class='ocr_carea' id='block_1_3' title="bbox 1650 128 1704 161">
    <p class='ocr_par' dir='ltr' id='par_1_3' title="bbox 1650 128 1704 161">
     <span class='ocr_line' id='line_1_3' title="bbox 1650 128 1704 161; baseline 0 0"><span class='ocrx_word' id='word_1_4' title='bbox 1650 128 1704 161; x_wconf 81' lang='lat'><strong>698</strong></span> 
     </span>
    </p>
   </div>
   <div class='ocr_carea' id='block_1_4' title="bbox 90 176 861 224">
    <p class='ocr_par' dir='ltr' id='par_1_4' title="bbox 90 176 861 215">
     <span class='ocr_line' id='line_1_4' title="bbox 90 176 861 215; baseline 0.005 -11"><span class='ocrx_word' id='word_1_5' title='bbox 90 177 141 204; x_wconf 77' lang='grc' dir='ltr'><strong>τῶν</strong></span> <span class='ocrx_word' id='word_1_6' title='bbox 166 176 331 212; x_wconf 75' lang='grc' dir='ltr'><strong>πνευμάτων</strong></span> <span class='ocrx_word' id='word_1_7' title='bbox 352 176 384 204; x_wconf 73' lang='grc' dir='ltr'>ὲκ</span> <span class='ocrx_word' id='word_1_8' title='bbox 409 177 464 205; x_wconf 87' lang='grc' dir='ltr'><strong>τῶν</strong></span> <span class='ocrx_word' id='word_1_9' title='bbox 481 178 566 212; x_wconf 86' lang='grc' dir='ltr'>άγίων</span> <span class='ocrx_word' id='word_1_10' title='bbox 581 178 733 215; x_wconf 76' lang='grc' dir='ltr'><strong>δυνάμεων,</strong></span> <span class='ocrx_word' id='word_1_11' title='bbox 750 181 798 208; x_wconf 76' lang='grc' dir='ltr'><strong>καὶ</strong></span> <span class='ocrx_word' id='word_1_12' title='bbox 815 181 861 208; x_wconf 58' lang='grc' dir='ltr'><strong>τῶι</strong></span> 
     </span>
    </p>
   </div>
   <div class='ocr_carea' id='block_1_5' title="bbox 911 176 1702 224">
    <p class='ocr_par' dir='ltr' id='par_1_5' title="bbox 912 184 1702 224">
     <span class='ocr_line' id='line_1_5' title="bbox 912 184 1702 224; baseline 0.009 -16"><span class='ocrx_word' id='word_1_13' title='bbox 912 187 1000 209; x_wconf 86' lang='lat' dir='ltr'><strong>tarum</strong></span> <span class='ocrx_word' id='word_1_14' title='bbox 1024 191 1086 218; x_wconf 70' lang='lat' dir='ltr'><strong>qua:</strong></span> <span class='ocrx_word' id='word_1_15' title='bbox 1114 184 1142 211; x_wconf 88' lang='lat' dir='ltr'><strong>In</strong></span> <span class='ocrx_word' id='word_1_16' title='bbox 1173 184 1347 220; x_wconf 66' lang='lat' dir='ltr'><strong>cogitationis</strong></span> <span class='ocrx_word' id='word_1_17' title='bbox 1373 185 1468 221; x_wconf 76' lang='lat' dir='ltr'><strong>pelago</strong></span> <span class='ocrx_word' id='word_1_18' title='bbox 1485 191 1640 220; x_wconf 82' lang='lat' dir='ltr'><strong>versantur,</strong></span> <span class='ocrx_word' id='word_1_19' title='bbox 1656 191 1702 224; x_wconf 89' lang='lat' dir='ltr'><strong>qut</strong></span> 
     </span>
    </p>
   </div>
   <div class='ocr_carea' id='block_1_6' title="bbox 87 222 867 260">
    <p class='ocr_par' dir='ltr' id='par_1_6' title="bbox 87 222 867 260">
     <span class='ocr_line' id='line_1_6' title="bbox 87 222 867 260; baseline 0.006 -12"><span class='ocrx_word' id='word_1_20' title='bbox 87 222 219 257; x_wconf 79' lang='grc' dir='ltr'><strong>ἀληθινῶν</strong></span> <span class='ocrx_word' id='word_1_21' title='bbox 255 222 379 257; x_wconf 77' lang='grc' dir='ltr'>ὁράσεων</span> <span class='ocrx_word' id='word_1_22' title='bbox 405 223 438 250; x_wconf 82' lang='grc' dir='ltr'><strong>ὲκ</strong></span> <span class='ocrx_word' id='word_1_23' title='bbox 466 223 521 251; x_wconf 86' lang='grc' dir='ltr'><strong>τῶν</strong></span> <span class='ocrx_word' id='word_1_24' title='bbox 536 225 659 259; x_wconf 79' lang='grc' dir='ltr'><strong>ματαίων</strong></span> <span class='ocrx_word' id='word_1_25' title='bbox 696 226 867 260; x_wconf 58' lang='grc' dir='ltr'>φαντασιῶν</span> 
     </span>
    </p>
   </div>
   <div class='ocr_carea' id='block_1_7' title="bbox 87 268 868 307">
    <p class='ocr_par' dir='ltr' id='par_1_7' title="bbox 87 268 868 307">
     <span class='ocr_line' id='line_1_7' title="bbox 87 268 868 307; baseline 0.006 -13"><span class='ocrx_word' id='word_1_26' title='bbox 87 269 209 295; x_wconf 79' lang='grc' dir='ltr'>ἐντεῦθεν</span> <span class='ocrx_word' id='word_1_27' title='bbox 225 269 239 295; x_wconf 83' lang='lat'><strong><em>6</em></strong></span> <span class='ocrx_word' id='word_1_28' title='bbox 255 268 338 303; x_wconf 74' lang='grc' dir='ltr'>φόϐος</span> <span class='ocrx_word' id='word_1_29' title='bbox 354 268 409 295; x_wconf 81' lang='grc' dir='ltr'><strong>τῶν</strong></span> <span class='ocrx_word' id='word_1_30' title='bbox 432 269 500 296; x_wconf 81' lang='grc' dir='ltr'>ὁδῶν</span> <span class='ocrx_word' id='word_1_31' title='bbox 518 271 564 297; x_wconf 77' lang='grc' dir='ltr'><strong>καὶ</strong></span> <span class='ocrx_word' id='word_1_32' title='bbox 584 271 639 299; x_wconf 87' lang='grc' dir='ltr'><strong>τῶν</strong></span> <span class='ocrx_word' id='word_1_33' title='bbox 653 272 754 307; x_wconf 76' lang='grc' dir='ltr'>τρίϐων</span> <span class='ocrx_word' id='word_1_34' title='bbox 766 273 819 299; x_wconf 89' lang='grc' dir='ltr'><strong>τῶν</strong></span> <span class='ocrx_word' id='word_1_35' title='bbox 838 273 868 300; x_wconf 72' lang='grc' dir='ltr'>ἐν</span> 
     </span>
    </p>
   </div>
   <div class='ocr_carea' id='block_1_8' title="bbox 85 314 868 355">
    <p class='ocr_par' dir='ltr' id='par_1_8' title="bbox 85 314 868 355">
     <span class='ocr_line' id='line_1_8' title="bbox 85 314 868 355; baseline 0.006 -15"><span class='ocrx_word' id='word_1_36' title='bbox 85 314 121 349; x_wconf 83' lang='grc' dir='ltr'><strong>τῷ</strong></span> <span class='ocrx_word' id='word_1_37' title='bbox 135 314 250 348; x_wconf 83' lang='grc' dir='ltr'><strong>πελάγει</strong></span> <span class='ocrx_word' id='word_1_38' title='bbox 271 315 321 349; x_wconf 79' lang='grc' dir='ltr'>τῆς</span> <span class='ocrx_word' id='word_1_39' title='bbox 347 315 479 348; x_wconf 81' lang='grc' dir='ltr'><strong>διανοίας,</strong></span> <span class='ocrx_word' id='word_1_40' title='bbox 499 317 513 343; x_wconf 86' lang='grc' dir='ltr'><strong>ό</strong></span> <span class='ocrx_word' id='word_1_41' title='bbox 536 316 645 344; x_wconf 84' lang='grc' dir='ltr'>κόπτων</span> <span class='ocrx_word' id='word_1_42' title='bbox 661 318 712 353; x_wconf 81' lang='grc' dir='ltr'>τὴν</span> <span class='ocrx_word' id='word_1_43' title='bbox 732 318 868 355; x_wconf 80' lang='grc' dir='ltr'>ρᾳθυμίαν</span> 
     </span>
    </p>
   </div>
   <div class='ocr_carea' id='block_1_9' title="bbox 85 360 868 400">
    <p class='ocr_par' dir='ltr' id='par_1_9' title="bbox 85 360 868 400">
     <span class='ocr_line' id='line_1_9' title="bbox 85 360 868 400; baseline 0.008 -14"><span class='ocrx_word' id='word_1_44' title='bbox 85 361 130 387; x_wconf 74' lang='grc' dir='ltr'><strong>καὶ</strong></span> <span class='ocrx_word' id='word_1_45' title='bbox 146 360 196 396; x_wconf 79' lang='grc' dir='ltr'>τὴν</span> <span class='ocrx_word' id='word_1_46' title='bbox 214 360 356 395; x_wconf 66' lang='grc' dir='ltr'>ἀμέλειαν.</span> <span class='ocrx_word' id='word_1_47' title='bbox 370 361 417 388; x_wconf 78' lang='grc' dir='ltr'><strong>καὶ</strong></span> <span class='ocrx_word' id='word_1_48' title='bbox 433 362 450 397; x_wconf 82' lang='grc' dir='ltr'><strong>ή</strong></span> <span class='ocrx_word' id='word_1_49' title='bbox 469 362 535 396; x_wconf 79' lang='grc' dir='ltr'><strong>φλὸξ</strong></span> <span class='ocrx_word' id='word_1_50' title='bbox 549 363 596 389; x_wconf 86' lang='grc' dir='ltr'><strong>τοῦ</strong></span> <span class='ocrx_word' id='word_1_51' title='bbox 611 363 694 398; x_wconf 77' lang='grc' dir='ltr'>ζήλου</span> <span class='ocrx_word' id='word_1_52' title='bbox 711 365 727 400; x_wconf 85' lang='grc' dir='ltr'><strong>ἡ</strong></span> <span class='ocrx_word' id='word_1_53' title='bbox 743 373 868 392; x_wconf 84' lang='grc' dir='ltr'>καταπα-</span> 
     </span>
    </p>
   </div>
   <div class='ocr_carea' id='block_1_10' title="bbox 83 406 865 445">
    <p class='ocr_par' dir='ltr' id='par_1_10' title="bbox 83 406 865 445">
     <span class='ocr_line' id='line_1_10' title="bbox 83 406 865 445; baseline 0.006 -13"><span class='ocrx_word' id='word_1_54' title='bbox 83 406 165 433; x_wconf 78' lang='grc' dir='ltr'>τοῦσα</span> <span class='ocrx_word' id='word_1_55' title='bbox 177 406 268 434; x_wconf 85' lang='grc' dir='ltr'>πάντα</span> <span class='ocrx_word' id='word_1_56' title='bbox 280 407 402 434; x_wconf 87' lang='grc' dir='ltr'>κίνδυνον</span> <span class='ocrx_word' id='word_1_57' title='bbox 414 407 460 434; x_wconf 83' lang='grc' dir='ltr'>καὶ</span> <span class='ocrx_word' id='word_1_58' title='bbox 476 408 652 436; x_wconf 74' lang='grc' dir='ltr'>διαϐαίνουσα</span> <span class='ocrx_word' id='word_1_59' title='bbox 670 410 759 437; x_wconf 87' lang='grc' dir='ltr'>πάντα</span> <span class='ocrx_word' id='word_1_60' title='bbox 774 410 865 445; x_wconf 75' lang='grc' dir='ltr'>φόϐον,</span> 
     </span>
    </p>
   </div>
   <div class='ocr_carea' id='block_1_11' title="bbox 84 451 867 490">
    <p class='ocr_par' dir='ltr' id='par_1_11' title="bbox 84 451 867 490">
     <span class='ocr_line' id='line_1_11' title="bbox 84 451 867 490; baseline 0.006 -13"><span class='ocrx_word' id='word_1_61' title='bbox 84 451 128 477; x_wconf 80' lang='grc' dir='ltr'>καὶ</span> <span class='ocrx_word' id='word_1_62' title='bbox 141 452 157 486; x_wconf 90' lang='grc' dir='ltr'><strong>ή</strong></span> <span class='ocrx_word' id='word_1_63' title='bbox 171 451 260 487; x_wconf 83' lang='grc' dir='ltr'>θέρμη</span> <span class='ocrx_word' id='word_1_64' title='bbox 275 452 292 486; x_wconf 89' lang='grc' dir='ltr'><strong>ή</strong></span> <span class='ocrx_word' id='word_1_65' title='bbox 312 452 524 487; x_wconf 77' lang='grc' dir='ltr'><strong>καταφρονοῦσα</strong></span> <span class='ocrx_word' id='word_1_66' title='bbox 548 454 640 489; x_wconf 79' lang='grc' dir='ltr'>πάσης</span> <span class='ocrx_word' id='word_1_67' title='bbox 655 454 804 490; x_wconf 71' lang='grc' dir='ltr'><strong>ἐπιθυμίας</strong></span> <span class='ocrx_word' id='word_1_68' title='bbox 820 457 867 482; x_wconf 87' lang='grc' dir='ltr'>καὶ</span> 
     </span>
    </p>
   </div>
   <div class='ocr_carea' id='block_1_12' title="bbox 82 496 868 537">
    <p class='ocr_par' dir='ltr' id='par_1_12' title="bbox 82 496 868 537">
     <span class='ocr_line' id='line_1_12' title="bbox 82 496 868 537; baseline 0.008 -15"><span class='ocrx_word' id='word_1_69' title='bbox 82 496 113 523; x_wconf 72' lang='grc' dir='ltr'><strong>ἐκ</strong></span> <span class='ocrx_word' id='word_1_70' title='bbox 138 497 188 531; x_wconf 85' lang='grc' dir='ltr'>τῆς</span> <span class='ocrx_word' id='word_1_71' title='bbox 222 497 344 530; x_wconf 78' lang='grc' dir='ltr'><strong>διανοίας</strong></span> <span class='ocrx_word' id='word_1_72' title='bbox 370 498 550 534; x_wconf 78' lang='grc' dir='ltr'>ὲξαλείφουσα</span> <span class='ocrx_word' id='word_1_73' title='bbox 569 500 681 536; x_wconf 85' lang='grc' dir='ltr'>ταύτην,</span> <span class='ocrx_word' id='word_1_74' title='bbox 707 501 756 528; x_wconf 79' lang='grc' dir='ltr'>καὶ</span> <span class='ocrx_word' id='word_1_75' title='bbox 781 501 868 537; x_wconf 84' lang='grc' dir='ltr'>λήθην</span> 
     </span>
    </p>
   </div>
   <div class='ocr_carea' id='block_1_13' title="bbox 82 542 867 585">
    <p class='ocr_par' dir='ltr' id='par_1_13' title="bbox 82 542 867 585">
     <span class='ocr_line' id='line_1_13' title="bbox 82 542 867 585; baseline 0.009 -17"><span class='ocrx_word' id='word_1_76' title='bbox 82 542 234 576; x_wconf 73' lang='grc' dir='ltr'>ἐμποιοῦσα</span> <span class='ocrx_word' id='word_1_77' title='bbox 250 544 342 578; x_wconf 77' lang='grc' dir='ltr'>πάσης</span> <span class='ocrx_word' id='word_1_78' title='bbox 359 545 470 580; x_wconf 88' lang='grc' dir='ltr'>μνήμης</span> <span class='ocrx_word' id='word_1_79' title='bbox 486 545 540 572; x_wconf 86' lang='grc' dir='ltr'><strong>τῶν</strong></span> <span class='ocrx_word' id='word_1_80' title='bbox 558 547 772 585; x_wconf 78' lang='grc' dir='ltr'><strong>παρερχομένων</strong></span> <span class='ocrx_word' id='word_1_81' title='bbox 797 547 867 582; x_wconf 79' lang='grc' dir='ltr'>μετὰ</span> 
     </span>
    </p>
   </div>
   <div class='ocr_carea' id='block_1_14' title="bbox 81 588 866 628">
    <p class='ocr_par' dir='ltr' id='par_1_14' title="bbox 81 588 866 628">
     <span class='ocr_line' id='line_1_14' title="bbox 81 588 866 628; baseline 0.008 -14"><span class='ocrx_word' id='word_1_82' title='bbox 81 588 132 614; x_wconf 87' lang='grc' dir='ltr'><strong>τῶν</strong></span> <span class='ocrx_word' id='word_1_83' title='bbox 155 588 243 616; x_wconf 79' lang='grc' dir='ltr'>ἄλλων</span> <span class='ocrx_word' id='word_1_84' title='bbox 256 598 263 606; x_wconf 92' lang='grc'><strong>·</strong></span> <span class='ocrx_word' id='word_1_85' title='bbox 285 590 332 617; x_wconf 68' lang='grc' dir='ltr'><strong>καὶ¹</strong></span> <span class='ocrx_word' id='word_1_86' title='bbox 361 591 404 617; x_wconf 79' lang='grc' dir='ltr'>ἵνα</span> <span class='ocrx_word' id='word_1_87' title='bbox 420 592 562 626; x_wconf 77' lang='grc' dir='ltr'><strong>συντόμως</strong></span> <span class='ocrx_word' id='word_1_88' title='bbox 583 592 665 625; x_wconf 80' lang='grc' dir='ltr'>είπω,</span> <span class='ocrx_word' id='word_1_89' title='bbox 683 594 699 628; x_wconf 87' lang='grc' dir='ltr'><strong>ή</strong></span> <span class='ocrx_word' id='word_1_90' title='bbox 725 593 866 628; x_wconf 75' lang='grc' dir='ltr'>ἐλευθερία</span> 
     </span>
    </p>
   </div>
   <div class='ocr_carea' id='block_1_15' title="bbox 80 634 866 675">
    <p class='ocr_par' dir='ltr' id='par_1_15' title="bbox 80 634 866 675">
     <span class='ocr_line' id='line_1_15' title="bbox 80 634 866 675; baseline 0.008 -15"><span class='ocrx_word' id='word_1_91' title='bbox 80 634 127 660; x_wconf 86' lang='grc' dir='ltr'><strong>τοῦ</strong></span> <span class='ocrx_word' id='word_1_92' title='bbox 148 635 295 670; x_wconf 84' lang='grc' dir='ltr'>ἀνθρώπου</span> <span class='ocrx_word' id='word_1_93' title='bbox 309 636 355 663; x_wconf 84' lang='grc' dir='ltr'><strong>τοῦ</strong></span> <span class='ocrx_word' id='word_1_94' title='bbox 371 637 512 672; x_wconf 82' lang='grc' dir='ltr'>ἀληθινοῦ,</span> <span class='ocrx_word' id='word_1_95' title='bbox 528 638 576 665; x_wconf 84' lang='grc' dir='ltr'>καὶ</span> <span class='ocrx_word' id='word_1_96' title='bbox 590 639 606 674; x_wconf 87' lang='grc' dir='ltr'>ὴ</span> <span class='ocrx_word' id='word_1_97' title='bbox 620 638 693 674; x_wconf 84' lang='grc' dir='ltr'>χαρὰ</span> <span class='ocrx_word' id='word_1_98' title='bbox 702 639 751 674; x_wconf 87' lang='grc' dir='ltr'><strong>τῆς</strong></span> <span class='ocrx_word' id='word_1_99' title='bbox 764 639 866 675; x_wconf 79' lang='grc' dir='ltr'>ψυχῆς,</span> 
     </span>
    </p>
   </div>
   <div class='ocr_carea' id='block_1_16' title="bbox 81 680 864 721">
    <p class='ocr_par' dir='ltr' id='par_1_16' title="bbox 81 680 864 721">
     <span class='ocr_line' id='line_1_16' title="bbox 81 680 864 721; baseline 0.008 -15"><span class='ocrx_word' id='word_1_100' title='bbox 81 680 126 707; x_wconf 77' lang='grc' dir='ltr'><strong>καὶ</strong></span> <span class='ocrx_word' id='word_1_101' title='bbox 141 681 158 715; x_wconf 81' lang='grc' dir='ltr'><strong>ἡ</strong></span> <span class='ocrx_word' id='word_1_102' title='bbox 173 681 336 715; x_wconf 80' lang='grc' dir='ltr'>ἀνάστασις,</span> <span class='ocrx_word' id='word_1_103' title='bbox 353 683 401 709; x_wconf 75' lang='grc' dir='ltr'><strong>καὶ</strong></span> <span class='ocrx_word' id='word_1_104' title='bbox 416 684 432 718; x_wconf 84' lang='grc' dir='ltr'><strong>ή</strong></span> <span class='ocrx_word' id='word_1_105' title='bbox 448 684 518 719; x_wconf 78' lang='grc' dir='ltr'>μετὰ</span> <span class='ocrx_word' id='word_1_106' title='bbox 529 684 578 711; x_wconf 83' lang='grc' dir='ltr'><strong>τοῦ</strong></span> <span class='ocrx_word' id='word_1_107' title='bbox 592 685 711 720; x_wconf 81' lang='grc' dir='ltr'><strong>Χριστοῦ</strong></span> <span class='ocrx_word' id='word_1_108' title='bbox 730 686 759 712; x_wconf 79' lang='grc' dir='ltr'>ὲν</span> <span class='ocrx_word' id='word_1_109' title='bbox 768 687 801 721; x_wconf 83' lang='grc' dir='ltr'>τῇ</span> <span class='ocrx_word' id='word_1_110' title='bbox 816 685 864 720; x_wconf 85' lang='grc' dir='ltr'><strong>βα-</strong></span> 
     </span>
    </p>
   </div>
   <div class='ocr_carea' id='block_1_17' title="bbox 81 727 865 764">
    <p class='ocr_par' dir='ltr' id='par_1_17' title="bbox 81 727 865 764">
     <span class='ocr_line' id='line_1_17' title="bbox 81 727 865 764; baseline 0.008 -12"><span class='ocrx_word' id='word_1_111' title='bbox 81 727 166 762; x_wconf 81' lang='grc' dir='ltr'>σιλείᾳ</span> <span class='ocrx_word' id='word_1_112' title='bbox 184 728 239 754; x_wconf 83' lang='grc' dir='ltr'><strong>τῶν</strong></span> <span class='ocrx_word' id='word_1_113' title='bbox 264 729 388 764; x_wconf 86' lang='grc' dir='ltr'>οὐρανῶν</span> <span class='ocrx_word' id='word_1_114' title='bbox 407 730 560 763; x_wconf 83' lang='grc' dir='ltr'>ἀνάπαυσις</span> <span class='ocrx_word' id='word_1_115' title='bbox 583 731 719 759; x_wconf 80' lang='grc' dir='ltr'>ἐντεῦθεν.</span> <span class='ocrx_word' id='word_1_116' title='bbox 736 732 771 758; x_wconf 71' lang='lat' dir='ltr'><strong>EI</strong></span> <span class='ocrx_word' id='word_1_117' title='bbox 781 741 822 764; x_wconf 92' lang='grc' dir='ltr'><strong>τις</strong></span> <span class='ocrx_word' id='word_1_118' title='bbox 837 732 865 758; x_wconf 73' lang='grc' dir='ltr'>δὲ</span> 
     </span>
    </p>
   </div>
   <div class='ocr_carea' id='block_1_18' title="bbox 79 773 866 812">
    <p class='ocr_par' dir='ltr' id='par_1_18' title="bbox 79 773 866 812">
     <span class='ocr_line' id='line_1_18' title="bbox 79 773 866 812; baseline 0.01 -15"><span class='ocrx_word' id='word_1_119' title='bbox 79 773 208 808; x_wconf 77' lang='grc' dir='ltr'>ἀμελήσει</span> <span class='ocrx_word' id='word_1_120' title='bbox 221 774 250 800; x_wconf 79' lang='grc' dir='ltr'>ὲν</span> <span class='ocrx_word' id='word_1_121' title='bbox 263 776 320 806; x_wconf 83' lang='grc' dir='ltr'>τοῖς</span> <span class='ocrx_word' id='word_1_122' title='bbox 342 775 403 802; x_wconf 80' lang='grc' dir='ltr'>δυσὶ</span> <span class='ocrx_word' id='word_1_123' title='bbox 426 777 542 809; x_wconf 81' lang='grc' dir='ltr'><strong>τούτοις,</strong></span> <span class='ocrx_word' id='word_1_124' title='bbox 557 777 654 811; x_wconf 86' lang='grc' dir='ltr'>γνώτω</span> <span class='ocrx_word' id='word_1_125' title='bbox 672 777 713 804; x_wconf 82' lang='grc' dir='ltr'>ὅτι</span> <span class='ocrx_word' id='word_1_126' title='bbox 731 777 762 804; x_wconf 82' lang='grc' dir='ltr'>οὐ</span> <span class='ocrx_word' id='word_1_127' title='bbox 786 779 866 812; x_wconf 79' lang='grc' dir='ltr'>μόνον</span> 
     </span>
    </p>
   </div>
   <div class='ocr_carea' id='block_1_19' title="bbox 78 818 865 859">
    <p class='ocr_par' dir='ltr' id='par_1_19' title="bbox 78 818 865 859">
     <span class='ocr_line' id='line_1_19' title="bbox 78 818 865 859; baseline 0.008 -15"><span class='ocrx_word' id='word_1_128' title='bbox 78 819 110 845; x_wconf 82' lang='grc' dir='ltr'><strong>ὲκ</strong></span> <span class='ocrx_word' id='word_1_129' title='bbox 123 818 231 846; x_wconf 84' lang='grc' dir='ltr'>πάντων</span> <span class='ocrx_word' id='word_1_130' title='bbox 244 819 299 847; x_wconf 84' lang='grc' dir='ltr'><strong>τῶν</strong></span> <span class='ocrx_word' id='word_1_131' title='bbox 311 821 522 857; x_wconf 79' lang='grc' dir='ltr'>προειρημένων</span> <span class='ocrx_word' id='word_1_132' title='bbox 534 823 638 850; x_wconf 86' lang='grc' dir='ltr'>τούτων</span> <span class='ocrx_word' id='word_1_133' title='bbox 651 823 747 859; x_wconf 77' lang='grc' dir='ltr'>ζημιοῖ</span> <span class='ocrx_word' id='word_1_134' title='bbox 757 823 865 856; x_wconf 75' lang='grc' dir='ltr'>ἑαυτὸν,</span> 
     </span>
    </p>
   </div>
   <div class='ocr_carea' id='block_1_20' title="bbox 78 859 899 904">
    <p class='ocr_par' dir='ltr' id='par_1_20' title="bbox 78 859 899 904">
     <span class='ocr_line' id='line_1_20' title="bbox 78 859 899 904; baseline 0.007 -15"><span class='ocrx_word' id='word_1_135' title='bbox 78 863 145 890; x_wconf 76' lang='grc' dir='ltr'>ἀλλὰ</span> <span class='ocrx_word' id='word_1_136' title='bbox 165 864 214 890; x_wconf 75' lang='grc' dir='ltr'>καὶ</span> <span class='ocrx_word' id='word_1_137' title='bbox 231 864 277 891; x_wconf 71' lang='grc' dir='ltr'>τὸν</span> <span class='ocrx_word' id='word_1_138' title='bbox 293 865 419 901; x_wconf 79' lang='grc' dir='ltr'>θεμέλιον</span> <span class='ocrx_word' id='word_1_139' title='bbox 441 867 537 893; x_wconf 86' lang='grc' dir='ltr'>πασῶν</span> <span class='ocrx_word' id='word_1_140' title='bbox 551 868 605 895; x_wconf 87' lang='grc' dir='ltr'><strong>τῶν</strong></span> <span class='ocrx_word' id='word_1_141' title='bbox 620 869 727 904; x_wconf 83' lang='grc' dir='ltr'>ἀρετῶν</span> <span class='ocrx_word' id='word_1_142' title='bbox 740 868 864 901; x_wconf 79' lang='grc' dir='ltr'>διασείει,</span> <span class='ocrx_word' id='word_1_143' title='bbox 879 859 899 886; x_wconf 71' lang='grc' dir='ltr'><strong>Β</strong></span> 
     </span>
    </p>
   </div>
   <div class='ocr_carea' id='block_1_21' title="bbox 78 909 864 950">
    <p class='ocr_par' dir='ltr' id='par_1_21' title="bbox 78 909 864 950">
     <span class='ocr_line' id='line_1_21' title="bbox 78 909 864 950; baseline 0.008 -15"><span class='ocrx_word' id='word_1_144' title='bbox 78 909 106 935; x_wconf 81' lang='grc' dir='ltr'>ἐν</span> <span class='ocrx_word' id='word_1_145' title='bbox 120 911 153 945; x_wconf 81' lang='grc' dir='ltr'><strong>τῇ</strong></span> <span class='ocrx_word' id='word_1_146' title='bbox 172 912 376 946; x_wconf 80' lang='grc' dir='ltr'>καταφρονήσει</span> <span class='ocrx_word' id='word_1_147' title='bbox 393 912 447 939; x_wconf 89' lang='grc' dir='ltr'><strong>τῶν</strong></span> <span class='ocrx_word' id='word_1_148' title='bbox 474 913 522 940; x_wconf 88' lang='grc' dir='ltr'>δύο</span> <span class='ocrx_word' id='word_1_149' title='bbox 547 913 650 941; x_wconf 87' lang='grc' dir='ltr'>τούτων</span> <span class='ocrx_word' id='word_1_150' title='bbox 672 914 789 950; x_wconf 76' lang='grc' dir='ltr'>ἀρετῶν.</span> <span class='ocrx_word' id='word_1_151' title='bbox 808 914 864 941; x_wconf 74' lang='grc' dir='ltr'><strong>Καὶ.</strong></span> 
     </span>
    </p>
   </div>
   <div class='ocr_carea' id='block_1_22' title="bbox 77 961 863 1005">
    <p class='ocr_par' dir='ltr' id='par_1_22' title="bbox 77 961 863 1005">
     <span class='ocr_line' id='line_1_22' title="bbox 77 961 863 1005; baseline 0.006 -15"><span class='ocrx_word' id='word_1_152' title='bbox 77 962 170 996; x_wconf 81' lang='grc' dir='ltr'>ὥσπερ</span> <span class='ocrx_word' id='word_1_153' title='bbox 190 963 263 992; x_wconf 72' lang='grc' dir='ltr'>εὶσὶν</span> <span class='ocrx_word' id='word_1_154' title='bbox 285 961 366 992; x_wconf 74' lang='grc' dir='ltr'>αὗται</span> <span class='ocrx_word' id='word_1_155' title='bbox 383 965 412 992; x_wconf 85' lang='grc' dir='ltr'>ὲν</span> <span class='ocrx_word' id='word_1_156' title='bbox 438 967 470 1001; x_wconf 85' lang='grc' dir='ltr'>τῇ</span> <span class='ocrx_word' id='word_1_157' title='bbox 490 966 576 1002; x_wconf 74' lang='grc' dir='ltr'>ψυχῇ,</span> <span class='ocrx_word' id='word_1_158' title='bbox 601 967 673 1003; x_wconf 79' lang='grc' dir='ltr'>ἀρχή</span> <span class='ocrx_word' id='word_1_159' title='bbox 691 968 739 995; x_wconf 80' lang='grc' dir='ltr'><strong>καὶ</strong></span> <span class='ocrx_word' id='word_1_160' title='bbox 756 967 863 1005; x_wconf 84' lang='grc' dir='ltr'>κεφαλὴ</span> 
     </span>
    </p>
   </div>
   <div class='ocr_carea' id='block_1_23' title="bbox 76 1009 864 1049">
    <p class='ocr_par' dir='ltr' id='par_1_23' title="bbox 76 1009 864 1049">
     <span class='ocr_line' id='line_1_23' title="bbox 76 1009 864 1049; baseline 0.009 -15"><span class='ocrx_word' id='word_1_161' title='bbox 76 1009 123 1044; x_wconf 84' lang='grc' dir='ltr'>τῆς</span> <span class='ocrx_word' id='word_1_162' title='bbox 136 1010 213 1042; x_wconf 82' lang='grc' dir='ltr'>θείας</span> <span class='ocrx_word' id='word_1_163' title='bbox 234 1009 377 1044; x_wconf 69' lang='grc' dir='ltr'>ἐργασίας,</span> <span class='ocrx_word' id='word_1_164' title='bbox 393 1011 439 1038; x_wconf 76' lang='grc' dir='ltr'>καὶ</span> <span class='ocrx_word' id='word_1_165' title='bbox 459 1012 539 1047; x_wconf 83' lang='grc' dir='ltr'>θύρα,</span> <span class='ocrx_word' id='word_1_166' title='bbox 559 1013 605 1040; x_wconf 76' lang='grc' dir='ltr'><strong>καὶ</strong></span> <span class='ocrx_word' id='word_1_167' title='bbox 626 1013 685 1045; x_wconf 74' lang='grc' dir='ltr'>ὁδὸς</span> <span class='ocrx_word' id='word_1_168' title='bbox 697 1014 714 1049; x_wconf 78' lang='grc' dir='ltr'><strong>ἡ</strong></span> <span class='ocrx_word' id='word_1_169' title='bbox 731 1013 799 1049; x_wconf 74' lang='grc' dir='ltr'>πρὸς</span> <span class='ocrx_word' id='word_1_170' title='bbox 817 1014 864 1040; x_wconf 84' lang='grc' dir='ltr'>τὸν</span> 
     </span>
    </p>
   </div>
   <div class='ocr_carea' id='block_1_24' title="bbox 75 1054 864 1093">
    <p class='ocr_par' dir='ltr' id='par_1_24' title="bbox 75 1054 864 1093">
     <span class='ocr_line' id='line_1_24' title="bbox 75 1054 864 1093; baseline 0.01 -14"><span class='ocrx_word' id='word_1_171' title='bbox 75 1054 204 1089; x_wconf 81' lang='grc' dir='ltr'>Χριστὸν,</span> <span class='ocrx_word' id='word_1_172' title='bbox 227 1055 275 1082; x_wconf 74' lang='grc' dir='ltr'>ἐάν</span> <span class='ocrx_word' id='word_1_173' title='bbox 300 1064 343 1087; x_wconf 87' lang='grc' dir='ltr'><strong>τις</strong></span> <span class='ocrx_word' id='word_1_174' title='bbox 369 1057 494 1093; x_wconf 79' lang='grc' dir='ltr'>κρατήσῃ</span> <span class='ocrx_word' id='word_1_175' title='bbox 531 1058 627 1092; x_wconf 84' lang='grc' dir='ltr'>αὑτὰς,</span> <span class='ocrx_word' id='word_1_176' title='bbox 645 1058 695 1086; x_wconf 77' lang='grc' dir='ltr'>καὶ</span> <span class='ocrx_word' id='word_1_177' title='bbox 719 1059 749 1086; x_wconf 84' lang='grc' dir='ltr'><strong>ὲν</strong></span> <span class='ocrx_word' id='word_1_178' title='bbox 768 1060 864 1092; x_wconf 85' lang='grc' dir='ltr'>αὐταῖς</span> 
     </span>
    </p>
   </div>
   <div class='ocr_carea' id='block_1_25' title="bbox 77 1102 861 1142">
    <p class='ocr_par' dir='ltr' id='par_1_25' title="bbox 77 1102 861 1142">
     <span class='ocr_line' id='line_1_25' title="bbox 77 1102 861 1142; baseline 0.006 -15"><span class='ocrx_word' id='word_1_179' title='bbox 77 1102 224 1139; x_wconf 78' lang='grc' dir='ltr'>ὑπομείνῃ,</span> <span class='ocrx_word' id='word_1_180' title='bbox 245 1102 317 1130; x_wconf 79' lang='grc' dir='ltr'>οὕτω</span> <span class='ocrx_word' id='word_1_181' title='bbox 334 1104 380 1130; x_wconf 77' lang='grc' dir='ltr'><strong>καὶ</strong></span> <span class='ocrx_word' id='word_1_182' title='bbox 395 1105 442 1132; x_wconf 84' lang='grc' dir='ltr'>ὲάν</span> <span class='ocrx_word' id='word_1_183' title='bbox 467 1113 510 1137; x_wconf 86' lang='grc' dir='ltr'><strong>τις</strong></span> <span class='ocrx_word' id='word_1_184' title='bbox 528 1105 694 1142; x_wconf 81' lang='grc' dir='ltr'>ἀναχωρήσῃ</span> <span class='ocrx_word' id='word_1_185' title='bbox 709 1106 739 1140; x_wconf 80' lang='grc' dir='ltr'><strong>ἐξ</strong></span> <span class='ocrx_word' id='word_1_186' title='bbox 760 1105 861 1139; x_wconf 83' lang='grc' dir='ltr'>αὐτῶν,</span> 
     </span>
    </p>
   </div>
   <div class='ocr_carea' id='block_1_26' title="bbox 76 1147 863 1187">
    <p class='ocr_par' dir='ltr' id='par_1_26' title="bbox 76 1147 863 1187">
     <span class='ocr_line' id='line_1_26' title="bbox 76 1147 863 1187; baseline 0.006 -13"><span class='ocrx_word' id='word_1_187' title='bbox 76 1147 124 1174; x_wconf 77' lang='grc' dir='ltr'>καὶ</span> <span class='ocrx_word' id='word_1_188' title='bbox 139 1148 305 1185; x_wconf 82' lang='grc' dir='ltr'>ἀποπηδήσῃ</span> <span class='ocrx_word' id='word_1_189' title='bbox 331 1150 379 1176; x_wconf 81' lang='grc' dir='ltr'>ἀπ’</span> <span class='ocrx_word' id='word_1_190' title='bbox 393 1150 496 1181; x_wconf 84' lang='grc' dir='ltr'>αὐτῶν,</span> <span class='ocrx_word' id='word_1_191' title='bbox 512 1151 581 1187; x_wconf 75' lang='grc' dir='ltr'>πρὸς</span> <span class='ocrx_word' id='word_1_192' title='bbox 604 1152 693 1179; x_wconf 87' lang='grc' dir='ltr'>ταῦτα</span> <span class='ocrx_word' id='word_1_193' title='bbox 717 1153 752 1179; x_wconf 84' lang='grc' dir='ltr'>τὰ</span> <span class='ocrx_word' id='word_1_194' title='bbox 768 1151 814 1179; x_wconf 84' lang='grc' dir='ltr'>δύο</span> <span class='ocrx_word' id='word_1_195' title='bbox 827 1152 863 1180; x_wconf 76' lang='grc' dir='ltr'>τὰ</span> 
     </span>
    </p>
   </div>
   <div class='ocr_carea' id='block_1_27' title="bbox 76 1195 865 1234">
    <p class='ocr_par' dir='ltr' id='par_1_27' title="bbox 76 1195 865 1234">
     <span class='ocr_line' id='line_1_27' title="bbox 76 1195 865 1234; baseline 0.004 -12"><span class='ocrx_word' id='word_1_196' title='bbox 76 1195 184 1222; x_wconf 59' lang='grc' dir='ltr'>ἐναντία</span> <span class='ocrx_word' id='word_1_197' title='bbox 211 1197 313 1224; x_wconf 84' lang='grc' dir='ltr'>τούτων</span> <span class='ocrx_word' id='word_1_198' title='bbox 340 1198 460 1233; x_wconf 75' lang='grc' dir='ltr'>καταντᾷ</span> <span class='ocrx_word' id='word_1_199' title='bbox 473 1204 481 1213; x_wconf 90' lang='grc'><strong>·</strong></span> <span class='ocrx_word' id='word_1_200' title='bbox 520 1197 592 1233; x_wconf 72' lang='grc' dir='ltr'>λέγω</span> <span class='ocrx_word' id='word_1_201' title='bbox 626 1199 676 1234; x_wconf 83' lang='grc' dir='ltr'>δὴ,</span> <span class='ocrx_word' id='word_1_202' title='bbox 701 1198 732 1226; x_wconf 83' lang='grc' dir='ltr'>τὺ</span> <span class='ocrx_word' id='word_1_203' title='bbox 760 1207 865 1234; x_wconf 84' lang='grc' dir='ltr'>μετεω-</span> 
     </span>
    </p>
   </div>
   <div class='ocr_carea' id='block_1_28' title="bbox 77 1240 858 1280">
    <p class='ocr_par' dir='ltr' id='par_1_28' title="bbox 77 1240 858 1280">
     <span class='ocr_line' id='line_1_28' title="bbox 77 1240 858 1280; baseline 0.006 -14"><span class='ocrx_word' id='word_1_204' title='bbox 77 1240 254 1280; x_wconf 60' lang='grc' dir='ltr'>ρισθῆναιίτῷ</span> <span class='ocrx_word' id='word_1_205' title='bbox 267 1241 386 1277; x_wconf 84' lang='grc' dir='ltr'>σώματι,</span> <span class='ocrx_word' id='word_1_206' title='bbox 409 1243 457 1270; x_wconf 76' lang='grc' dir='ltr'><strong>καὶ</strong></span> <span class='ocrx_word' id='word_1_207' title='bbox 468 1245 686 1280; x_wconf 85' lang='grc' dir='ltr'>γαστριμαργείν</span> <span class='ocrx_word' id='word_1_208' title='bbox 699 1243 858 1278; x_wconf 60' lang='lat' dir='ltr'><strong>desolatus.)</strong></span> 
     </span>
    </p>
   </div>
   <div class='ocr_carea' id='block_1_29' title="bbox 76 1287 861 1325">
    <p class='ocr_par' dir='ltr' id='par_1_29' title="bbox 76 1287 861 1325">
     <span class='ocr_line' id='line_1_29' title="bbox 76 1287 861 1325; baseline 0.004 -13"><span class='ocrx_word' id='word_1_209' title='bbox 76 1287 122 1312; x_wconf 76' lang='lat' dir='ltr'><strong>ara&quot;.</strong></span> <span class='ocrx_word' id='word_1_210' title='bbox 137 1287 171 1312; x_wconf 73' lang='grc' dir='ltr'>τὰ</span> <span class='ocrx_word' id='word_1_211' title='bbox 188 1287 263 1325; x_wconf 55' lang='grc' dir='ltr'><strong>ξῆς.</strong></span> <span class='ocrx_word' id='word_1_212' title='bbox 280 1287 335 1314; x_wconf 82' lang='grc' dir='ltr'>Καὶ</span> <span class='ocrx_word' id='word_1_213' title='bbox 351 1288 380 1314; x_wconf 80' lang='grc' dir='ltr'>ἐν</span> <span class='ocrx_word' id='word_1_214' title='bbox 405 1288 497 1320; x_wconf 79' lang='grc' dir='ltr'>ἄλλοις</span> <span class='ocrx_word' id='word_1_215' title='bbox 509 1297 517 1304; x_wconf 71' lang='grc' dir='ltr'><strong><em>ο</em></strong></span> <span class='ocrx_word' id='word_1_216' title='bbox 536 1299 546 1315; x_wconf 81' lang='grc' dir='ltr'><strong>ι</strong></span> <span class='ocrx_word' id='word_1_217' title='bbox 564 1290 618 1317; x_wconf 82' lang='grc' dir='ltr'>Καὶ</span> <span class='ocrx_word' id='word_1_218' title='bbox 632 1290 656 1316; x_wconf 78' lang='lat' dir='ltr'><strong>oi</strong></span> <span class='ocrx_word' id='word_1_219' title='bbox 675 1289 724 1325; x_wconf 81' lang='grc' dir='ltr'>μὲν</span> <span class='ocrx_word' id='word_1_220' title='bbox 748 1290 778 1316; x_wconf 78' lang='grc' dir='ltr'>ἐν</span> <span class='ocrx_word' id='word_1_221' title='bbox 801 1290 861 1320; x_wconf 80' lang='grc' dir='ltr'>ταῖς</span> 
     </span>
    </p>
   </div>
   <div class='ocr_carea' id='block_1_30' title="bbox 75 1331 861 1372">
    <p class='ocr_par' dir='ltr' id='par_1_30' title="bbox 75 1331 861 1372">
     <span class='ocr_line' id='line_1_30' title="bbox 75 1331 861 1372; baseline 0.008 -15"><span class='ocrx_word' id='word_1_222' title='bbox 75 1331 172 1367; x_wconf 82' lang='grc' dir='ltr'>ἀρχαῖς</span> <span class='ocrx_word' id='word_1_223' title='bbox 188 1331 279 1372; x_wconf 60' lang='grc' dir='ltr'>άὺτῶν</span> <span class='ocrx_word' id='word_1_224' title='bbox 302 1333 420 1370; x_wconf 82' lang='grc' dir='ltr'>ρᾴθυμοι</span> <span class='ocrx_word' id='word_1_225' title='bbox 446 1335 493 1362; x_wconf 75' lang='grc' dir='ltr'><strong>καὶ</strong></span> <span class='ocrx_word' id='word_1_226' title='bbox 515 1335 610 1371; x_wconf 86' lang='grc' dir='ltr'>χαῦνοι</span> <span class='ocrx_word' id='word_1_227' title='bbox 634 1336 813 1372; x_wconf 80' lang='grc' dir='ltr'>ὑπάρχοντες,</span> <span class='ocrx_word' id='word_1_228' title='bbox 830 1334 861 1362; x_wconf 76' lang='grc' dir='ltr'><strong>οὗ</strong></span> 
     </span>
    </p>
   </div>
   <div class='ocr_carea' id='block_1_31' title="bbox 75 1376 859 1414">
    <p class='ocr_par' dir='ltr' id='par_1_31' title="bbox 75 1376 859 1414">
     <span class='ocr_line' id='line_1_31' title="bbox 75 1376 859 1414; baseline 0.008 -12"><span class='ocrx_word' id='word_1_229' title='bbox 75 1376 157 1410; x_wconf 76' lang='grc' dir='ltr'>μόνον</span> <span class='ocrx_word' id='word_1_230' title='bbox 177 1376 210 1412; x_wconf 58' lang='lat' dir='ltr'><strong>iis:</strong></span> <span class='ocrx_word' id='word_1_231' title='bbox 234 1377 289 1404; x_wconf 83' lang='grc' dir='ltr'><strong>τῶν</strong></span> <span class='ocrx_word' id='word_1_232' title='bbox 314 1378 430 1412; x_wconf 80' lang='grc' dir='ltr'>ἀγώνων</span> <span class='ocrx_word' id='word_1_233' title='bbox 448 1380 553 1407; x_wconf 80' lang='grc' dir='ltr'>τούτων</span> <span class='ocrx_word' id='word_1_234' title='bbox 568 1380 617 1407; x_wconf 80' lang='grc' dir='ltr'><strong>καὶ</strong></span> <span class='ocrx_word' id='word_1_235' title='bbox 639 1381 695 1407; x_wconf 84' lang='grc' dir='ltr'><strong>τῶν</strong></span> <span class='ocrx_word' id='word_1_236' title='bbox 718 1381 859 1414; x_wconf 84' lang='grc' dir='ltr'>τοιούτων,</span> 
     </span>
    </p>
   </div>
   <div class='ocr_carea' id='block_1_32' title="bbox 73 1413 861 1475">
    <p class='ocr_par' dir='ltr' id='par_1_32' title="bbox 73 1413 861 1475">
     <span class='ocr_line' id='line_1_32' title="bbox 73 1413 861 1475; baseline 0.005 -27"><span class='ocrx_word' id='word_1_237' title='bbox 73 1421 143 1475; x_wconf 77' lang='grc' dir='ltr'>ἀλλὰ</span> <span class='ocrx_word' id='word_1_238' title='bbox 157 1413 205 1475; x_wconf 52' lang='lat' dir='ltr'><strong>xlii.</strong></span> <span class='ocrx_word' id='word_1_239' title='bbox 222 1422 276 1449; x_wconf 77' lang='grc' dir='ltr'>ἀπὸ</span> <span class='ocrx_word' id='word_1_240' title='bbox 288 1423 354 1475; x_wconf 71' lang='grc' dir='ltr'>ήχου</span> <span class='ocrx_word' id='word_1_241' title='bbox 367 1423 476 1475; x_wconf 52' lang='grc' dir='ltr'>ιρύλλων</span> <span class='ocrx_word' id='word_1_242' title='bbox 494 1424 604 1460; x_wconf 81' lang='grc' dir='ltr'>δένδρου</span> <span class='ocrx_word' id='word_1_243' title='bbox 624 1425 744 1475; x_wconf 66' lang='grc' dir='ltr'>δειλιῶσι</span> <span class='ocrx_word' id='word_1_244' title='bbox 754 1426 802 1475; x_wconf 74' lang='grc' dir='ltr'><strong>καὶ</strong></span> <span class='ocrx_word' id='word_1_245' title='bbox 815 1413 861 1452; x_wconf 50' lang='grc' dir='ltr'>ταξ</span> 
     </span>
    </p>
   </div>
   <div class='ocr_carea' id='block_1_33' title="bbox 74 1468 860 1508">
    <p class='ocr_par' dir='ltr' id='par_1_33' title="bbox 74 1468 860 1508">
     <span class='ocr_line' id='line_1_33' title="bbox 74 1468 860 1508; baseline 0.004 -12"><span class='ocrx_word' id='word_1_246' title='bbox 74 1468 237 1508; x_wconf 53' lang='grc' dir='ltr'>ράττοτέταιο</span> <span class='ocrx_word' id='word_1_247' title='bbox 253 1470 300 1496; x_wconf 79' lang='grc' dir='ltr'><strong>καὶ</strong></span> <span class='ocrx_word' id='word_1_248' title='bbox 329 1470 384 1497; x_wconf 80' lang='grc' dir='ltr'>ἀπὸ</span> <span class='ocrx_word' id='word_1_249' title='bbox 403 1471 507 1506; x_wconf 79' lang='grc' dir='ltr'>μικρᾶς</span> <span class='ocrx_word' id='word_1_250' title='bbox 531 1471 656 1507; x_wconf 83' lang='grc' dir='ltr'>ἀνάγκης</span> <span class='ocrx_word' id='word_1_251' title='bbox 678 1471 730 1507; x_wconf 82' lang='grc' dir='ltr'>τῆς</span> <span class='ocrx_word' id='word_1_252' title='bbox 744 1471 797 1499; x_wconf 79' lang='grc' dir='ltr'>ἀπὸ</span> <span class='ocrx_word' id='word_1_253' title='bbox 810 1472 860 1506; x_wconf 81' lang='grc' dir='ltr'>τῆς</span> 
     </span>
    </p>
   </div>
   <div class='ocr_carea' id='block_1_34' title="bbox 915 229 1703 268">
    <p class='ocr_par' dir='ltr' id='par_1_34' title="bbox 915 229 1703 268">
     <span class='ocr_line' id='line_1_34' title="bbox 915 229 1703 268; baseline 0.008 -13"><span class='ocrx_word' id='word_1_254' title='bbox 915 229 999 256; x_wconf 86' lang='lat' dir='ltr'><strong>timor</strong></span> <span class='ocrx_word' id='word_1_255' title='bbox 1024 231 1159 265; x_wconf 73' lang='lat' dir='ltr'><strong>ignaviam</strong></span> <span class='ocrx_word' id='word_1_256' title='bbox 1181 236 1208 258; x_wconf 91' lang='lat' dir='ltr'><strong>et</strong></span> <span class='ocrx_word' id='word_1_257' title='bbox 1227 232 1418 267; x_wconf 73' lang='lat' dir='ltr'><strong>negligentiam</strong></span> <span class='ocrx_word' id='word_1_258' title='bbox 1445 232 1582 268; x_wconf 74' lang='lat' dir='ltr'><strong>infringit,</strong></span> <span class='ocrx_word' id='word_1_259' title='bbox 1601 238 1628 260; x_wconf 86' lang='lat' dir='ltr'><strong>et</strong></span> <span class='ocrx_word' id='word_1_260' title='bbox 1652 235 1703 262; x_wconf 77' lang='lat' dir='ltr'><strong>zeli</strong></span> 
     </span>
    </p>
   </div>
   <div class='ocr_carea' id='block_1_35' title="bbox 915 274 1703 313">
    <p class='ocr_par' dir='ltr' id='par_1_35' title="bbox 915 274 1703 313">
     <span class='ocr_line' id='line_1_35' title="bbox 915 274 1703 313; baseline 0.009 -13"><span class='ocrx_word' id='word_1_261' title='bbox 915 274 1023 302; x_wconf 84' lang='lat' dir='ltr'><strong>ﬂamma</strong></span> <span class='ocrx_word' id='word_1_262' title='bbox 1039 284 1099 310; x_wconf 75' lang='lat' dir='ltr'><strong>qua:</strong></span> <span class='ocrx_word' id='word_1_263' title='bbox 1111 284 1192 305; x_wconf 75' lang='lat' dir='ltr'><strong>ontne</strong></span> <span class='ocrx_word' id='word_1_264' title='bbox 1207 278 1359 313; x_wconf 82' lang='lat' dir='ltr'><strong>periculum</strong></span> <span class='ocrx_word' id='word_1_265' title='bbox 1372 279 1541 308; x_wconf 84' lang='lat' dir='ltr'><strong>transcendit</strong></span> <span class='ocrx_word' id='word_1_266' title='bbox 1555 283 1582 306; x_wconf 89' lang='lat' dir='ltr'><strong>et</strong></span> <span class='ocrx_word' id='word_1_267' title='bbox 1595 287 1703 307; x_wconf 85' lang='lat' dir='ltr'><strong>omnem</strong></span> 
     </span>
    </p>
   </div>
   <div class='ocr_carea' id='block_1_36' title="bbox 914 316 1702 360">
    <p class='ocr_par' dir='ltr' id='par_1_36' title="bbox 914 316 1702 360">
     <span class='ocr_line' id='line_1_36' title="bbox 914 316 1702 360; baseline 0.006 -12"><span class='ocrx_word' id='word_1_268' title='bbox 914 325 1018 349; x_wconf 90' lang='lat' dir='ltr'><strong>metum</strong></span> <span class='ocrx_word' id='word_1_269' title='bbox 1043 323 1259 358; x_wconf 77' lang='lat' dir='ltr'><strong>transgreditur;</strong></span> <span class='ocrx_word' id='word_1_270' title='bbox 1279 329 1304 352; x_wconf 90' lang='lat' dir='ltr'><strong>et</strong></span> <span class='ocrx_word' id='word_1_271' title='bbox 1328 325 1409 352; x_wconf 87' lang='lat' dir='ltr'><strong>ardor</strong></span> <span class='ocrx_word' id='word_1_272' title='bbox 1426 326 1472 359; x_wconf 88' lang='lat' dir='ltr'><strong>qui</strong></span> <span class='ocrx_word' id='word_1_273' title='bbox 1498 316 1606 353; x_wconf 64' lang='lat' dir='ltr'><strong>omnem</strong></span> <span class='ocrx_word' id='word_1_274' title='bbox 1627 327 1702 360; x_wconf 85' lang='lat' dir='ltr'><strong>cupi—</strong></span> 
     </span>
    </p>
   </div>
   <div class='ocr_carea' id='block_1_37' title="bbox 914 366 1702 407">
    <p class='ocr_par' dir='ltr' id='par_1_37' title="bbox 914 366 1702 407">
     <span class='ocr_line' id='line_1_37' title="bbox 914 366 1702 407; baseline 0.008 -14"><span class='ocrx_word' id='word_1_275' title='bbox 914 366 1027 394; x_wconf 85' lang='lat' dir='ltr'><strong>ditatem</strong></span> <span class='ocrx_word' id='word_1_276' title='bbox 1052 368 1169 403; x_wconf 83' lang='lat' dir='ltr'><strong>despicit</strong></span> <span class='ocrx_word' id='word_1_277' title='bbox 1193 378 1307 404; x_wconf 81' lang='lat' dir='ltr'><strong>eamque</strong></span> <span class='ocrx_word' id='word_1_278' title='bbox 1323 379 1354 398; x_wconf 85' lang='lat' dir='ltr'><strong>ex</strong></span> <span class='ocrx_word' id='word_1_279' title='bbox 1370 372 1538 406; x_wconf 82' lang='lat' dir='ltr'><strong>cogitatione</strong></span> <span class='ocrx_word' id='word_1_280' title='bbox 1557 372 1702 407; x_wconf 80' lang='lat' dir='ltr'><strong>abstergit,</strong></span> 
     </span>
    </p>
   </div>
   <div class='ocr_carea' id='block_1_38' title="bbox 913 413 1704 453">
    <p class='ocr_par' dir='ltr' id='par_1_38' title="bbox 913 413 1704 453">
     <span class='ocr_line' id='line_1_38' title="bbox 913 413 1704 453; baseline 0.008 -13"><span class='ocrx_word' id='word_1_281' title='bbox 913 417 940 441; x_wconf 88' lang='lat' dir='ltr'><strong>et</strong></span> <span class='ocrx_word' id='word_1_282' title='bbox 961 413 1125 442; x_wconf 82' lang='lat' dir='ltr'><strong>oblivionem</strong></span> <span class='ocrx_word' id='word_1_283' title='bbox 1140 415 1236 444; x_wconf 81' lang='lat' dir='ltr'><strong>inserit</strong></span> <span class='ocrx_word' id='word_1_284' title='bbox 1253 425 1347 444; x_wconf 85' lang='lat' dir='ltr'><strong>eorum</strong></span> <span class='ocrx_word' id='word_1_285' title='bbox 1363 426 1423 452; x_wconf 64' lang='lat' dir='ltr'><strong>quae</strong></span> <span class='ocrx_word' id='word_1_286' title='bbox 1435 426 1496 445; x_wconf 87' lang='lat' dir='ltr'><strong>cum</strong></span> <span class='ocrx_word' id='word_1_287' title='bbox 1515 419 1576 445; x_wconf 86' lang='lat' dir='ltr'><strong>aliis</strong></span> <span class='ocrx_word' id='word_1_288' title='bbox 1594 425 1704 453; x_wconf 71' lang='lat' dir='ltr'><strong>praeter-</strong></span> 
     </span>
    </p>
   </div>
   <div class='ocr_carea' id='block_1_39' title="bbox 913 463 1704 495">
    <p class='ocr_par' dir='ltr' id='par_1_39' title="bbox 913 463 1704 495">
     <span class='ocr_line' id='line_1_39' title="bbox 913 463 1704 495; baseline 0.008 -9"><span class='ocrx_word' id='word_1_289' title='bbox 913 465 996 492; x_wconf 90' lang='lat' dir='ltr'><strong>eunt;</strong></span> <span class='ocrx_word' id='word_1_290' title='bbox 1021 465 1049 488; x_wconf 91' lang='lat' dir='ltr'><strong>et</strong></span> <span class='ocrx_word' id='word_1_291' title='bbox 1073 466 1102 488; x_wconf 91' lang='lat' dir='ltr'><strong>ut</strong></span> <span class='ocrx_word' id='word_1_292' title='bbox 1135 470 1190 489; x_wconf 94' lang='lat' dir='ltr'><strong>uno</strong></span> <span class='ocrx_word' id='word_1_293' title='bbox 1224 463 1310 491; x_wconf 79' lang='lat' dir='ltr'><strong>verbo</strong></span> <span class='ocrx_word' id='word_1_294' title='bbox 1334 465 1443 495; x_wconf 87' lang='lat' dir='ltr'><strong>dicam.</strong></span> <span class='ocrx_word' id='word_1_295' title='bbox 1467 465 1567 493; x_wconf 83' lang='lat' dir='ltr'><strong>sinceri</strong></span> <span class='ocrx_word' id='word_1_296' title='bbox 1585 465 1704 492; x_wconf 78' lang='lat' dir='ltr'><strong>hominis</strong></span> 
     </span>
    </p>
   </div>
   <div class='ocr_carea' id='block_1_40' title="bbox 912 506 1704 546">
    <p class='ocr_par' dir='ltr' id='par_1_40' title="bbox 912 506 1704 546">
     <span class='ocr_line' id='line_1_40' title="bbox 912 506 1704 546; baseline 0.005 -14"><span class='ocrx_word' id='word_1_297' title='bbox 912 506 1038 539; x_wconf 81' lang='lat' dir='ltr'><strong>libertas,</strong></span> <span class='ocrx_word' id='word_1_298' title='bbox 1055 507 1154 535; x_wconf 73' lang='lat' dir='ltr'><strong>animae</strong></span> <span class='ocrx_word' id='word_1_299' title='bbox 1172 508 1264 536; x_wconf 68' lang='lat' dir='ltr'><strong>[milia</strong></span> <span class='ocrx_word' id='word_1_300' title='bbox 1281 514 1310 536; x_wconf 87' lang='lat' dir='ltr'><strong>et</strong></span> <span class='ocrx_word' id='word_1_301' title='bbox 1327 511 1506 542; x_wconf 82' lang='lat' dir='ltr'><strong>resurrectio,</strong></span> <span class='ocrx_word' id='word_1_302' title='bbox 1523 515 1550 538; x_wconf 84' lang='lat' dir='ltr'><strong>et</strong></span> <span class='ocrx_word' id='word_1_303' title='bbox 1576 511 1602 538; x_wconf 86' lang='lat' dir='ltr'><strong>in</strong></span> <span class='ocrx_word' id='word_1_304' title='bbox 1619 518 1704 546; x_wconf 65' lang='lat' dir='ltr'><strong>regno</strong></span> 
     </span>
    </p>
   </div>
   <div class='ocr_carea' id='block_1_41' title="bbox 914 551 1704 590">
    <p class='ocr_par' dir='ltr' id='par_1_41' title="bbox 914 551 1704 590">
     <span class='ocr_line' id='line_1_41' title="bbox 914 551 1704 590; baseline 0.008 -13"><span class='ocrx_word' id='word_1_305' title='bbox 914 551 1046 578; x_wconf 63' lang='lat' dir='ltr'><strong>caelorum</strong></span> <span class='ocrx_word' id='word_1_306' title='bbox 1064 559 1126 579; x_wconf 91' lang='lat' dir='ltr'><strong>cum</strong></span> <span class='ocrx_word' id='word_1_307' title='bbox 1142 553 1254 581; x_wconf 86' lang='lat' dir='ltr'><strong>Christo</strong></span> <span class='ocrx_word' id='word_1_308' title='bbox 1270 555 1378 589; x_wconf 81' lang='lat' dir='ltr'><strong>requies</strong></span> <span class='ocrx_word' id='word_1_309' title='bbox 1400 555 1463 582; x_wconf 88' lang='lat' dir='ltr'><strong>inde</strong></span> <span class='ocrx_word' id='word_1_310' title='bbox 1487 557 1659 590; x_wconf 85' lang='lat' dir='ltr'><strong>proveniunt.</strong></span> <span class='ocrx_word' id='word_1_311' title='bbox 1676 556 1704 583; x_wconf 85' lang='lat' dir='ltr'><strong>Si</strong></span> 
     </span>
    </p>
   </div>
   <div class='ocr_carea' id='block_1_42' title="bbox 914 597 1704 636">
    <p class='ocr_par' dir='ltr' id='par_1_42' title="bbox 914 597 1704 636">
     <span class='ocr_line' id='line_1_42' title="bbox 914 597 1704 636; baseline 0.008 -12"><span class='ocrx_word' id='word_1_312' title='bbox 914 597 976 630; x_wconf 82' lang='lat' dir='ltr'><strong>quis</strong></span> <span class='ocrx_word' id='word_1_313' title='bbox 988 602 1079 625; x_wconf 85' lang='lat' dir='ltr'><strong>autem</strong></span> <span class='ocrx_word' id='word_1_314' title='bbox 1102 598 1129 626; x_wconf 93' lang='lat' dir='ltr'><strong>in</strong></span> <span class='ocrx_word' id='word_1_315' title='bbox 1148 599 1226 627; x_wconf 84' lang='lat' dir='ltr'><strong>hisce</strong></span> <span class='ocrx_word' id='word_1_316' title='bbox 1240 600 1347 628; x_wconf 89' lang='lat' dir='ltr'><strong>duobus</strong></span> <span class='ocrx_word' id='word_1_317' title='bbox 1364 602 1504 636; x_wconf 80' lang='lat' dir='ltr'><strong>negligens</strong></span> <span class='ocrx_word' id='word_1_318' title='bbox 1527 602 1620 634; x_wconf 82' lang='lat' dir='ltr'><strong>fuerit,</strong></span> <span class='ocrx_word' id='word_1_319' title='bbox 1637 603 1704 630; x_wconf 79' lang='lat' dir='ltr'><strong>sciat</strong></span> 
     </span>
    </p>
   </div>
   <div class='ocr_carea' id='block_1_43' title="bbox 914 642 1704 682">
    <p class='ocr_par' dir='ltr' id='par_1_43' title="bbox 914 642 1704 682">
     <span class='ocr_line' id='line_1_43' title="bbox 914 642 1704 682; baseline 0.006 -13"><span class='ocrx_word' id='word_1_320' title='bbox 914 642 973 671; x_wconf 78' lang='lat' dir='ltr'><strong>fore</strong></span> <span class='ocrx_word' id='word_1_321' title='bbox 984 647 1013 671; x_wconf 91' lang='lat' dir='ltr'><strong>ut</strong></span> <span class='ocrx_word' id='word_1_322' title='bbox 1023 651 1077 671; x_wconf 91' lang='lat' dir='ltr'><strong>non</strong></span> <span class='ocrx_word' id='word_1_323' title='bbox 1087 644 1168 672; x_wconf 89' lang='lat' dir='ltr'><strong>modo</strong></span> <span class='ocrx_word' id='word_1_324' title='bbox 1180 646 1310 674; x_wconf 90' lang='lat' dir='ltr'><strong>omnibus</strong></span> <span class='ocrx_word' id='word_1_325' title='bbox 1322 647 1459 682; x_wconf 67' lang='lat' dir='ltr'><strong>praedictis</strong></span> <span class='ocrx_word' id='word_1_326' title='bbox 1469 648 1591 682; x_wconf 85' lang='lat' dir='ltr'><strong>seipsum</strong></span> <span class='ocrx_word' id='word_1_327' title='bbox 1605 648 1704 682; x_wconf 81' lang='lat' dir='ltr'><strong>privet.</strong></span> 
     </span>
    </p>
   </div>
   <div class='ocr_carea' id='block_1_44' title="bbox 914 689 1704 723">
    <p class='ocr_par' dir='ltr' id='par_1_44' title="bbox 914 689 1704 723">
     <span class='ocr_line' id='line_1_44' title="bbox 914 689 1704 723; baseline 0.004 -7"><span class='ocrx_word' id='word_1_328' title='bbox 914 689 962 716; x_wconf 84' lang='lat' dir='ltr'><strong>sed</strong></span> <span class='ocrx_word' id='word_1_329' title='bbox 977 693 1005 716; x_wconf 91' lang='lat' dir='ltr'><strong>et</strong></span> <span class='ocrx_word' id='word_1_330' title='bbox 1020 690 1144 720; x_wconf 84' lang='lat' dir='ltr'><strong>omnium</strong></span> <span class='ocrx_word' id='word_1_331' title='bbox 1158 691 1289 719; x_wconf 84' lang='lat' dir='ltr'><strong>virtutum</strong></span> <span class='ocrx_word' id='word_1_332' title='bbox 1314 692 1493 720; x_wconf 79' lang='lat' dir='ltr'><strong>fundamenta</strong></span> <span class='ocrx_word' id='word_1_333' title='bbox 1505 693 1657 723; x_wconf 78' lang='lat' dir='ltr'><strong>concutiat,</strong></span> <span class='ocrx_word' id='word_1_334' title='bbox 1678 693 1704 719; x_wconf 90' lang='lat' dir='ltr'><strong>in</strong></span> 
     </span>
    </p>
   </div>
   <div class='ocr_carea' id='block_1_45' title="bbox 914 735 1706 773">
    <p class='ocr_par' dir='ltr' id='par_1_45' title="bbox 914 735 1706 773">
     <span class='ocr_line' id='line_1_45' title="bbox 914 735 1706 773; baseline 0.004 -11"><span class='ocrx_word' id='word_1_335' title='bbox 914 735 1031 762; x_wconf 85' lang='lat' dir='ltr'><strong>duarum</strong></span> <span class='ocrx_word' id='word_1_336' title='bbox 1046 735 1156 764; x_wconf 88' lang='lat' dir='ltr'><strong>illarum</strong></span> <span class='ocrx_word' id='word_1_337' title='bbox 1180 738 1312 765; x_wconf 88' lang='lat' dir='ltr'><strong>virtutum</strong></span> <span class='ocrx_word' id='word_1_338' title='bbox 1331 743 1501 772; x_wconf 88' lang='lat' dir='ltr'><strong>contemptu.</strong></span> <span class='ocrx_word' id='word_1_339' title='bbox 1526 738 1706 773; x_wconf 76' lang='lat' dir='ltr'><strong>Et~quen.ad-</strong></span> 
     </span>
    </p>
   </div>
   <div class='ocr_carea' id='block_1_46' title="bbox 915 781 1761 819">
    <p class='ocr_par' dir='ltr' id='par_1_46' title="bbox 915 781 1761 819">
     <span class='ocr_line' id='line_1_46' title="bbox 915 781 1761 819; baseline 0.004 -11"><span class='ocrx_word' id='word_1_340' title='bbox 915 781 1026 809; x_wconf 87' lang='lat' dir='ltr'><strong>modum</strong></span> <span class='ocrx_word' id='word_1_341' title='bbox 1037 790 1076 810; x_wconf 60' lang='lat' dir='ltr'><strong>ea;</strong></span> <span class='ocrx_word' id='word_1_342' title='bbox 1087 788 1150 810; x_wconf 89' lang='lat' dir='ltr'><strong>sunt</strong></span> <span class='ocrx_word' id='word_1_343' title='bbox 1159 783 1186 810; x_wconf 91' lang='lat' dir='ltr'><strong>in</strong></span> <span class='ocrx_word' id='word_1_344' title='bbox 1198 784 1287 811; x_wconf 82' lang='lat' dir='ltr'><strong>anima</strong></span> <span class='ocrx_word' id='word_1_345' title='bbox 1297 785 1460 819; x_wconf 84' lang='lat' dir='ltr'><strong>principium</strong></span> <span class='ocrx_word' id='word_1_346' title='bbox 1472 789 1498 811; x_wconf 77' lang='lat' dir='ltr'><strong>ct</strong></span> <span class='ocrx_word' id='word_1_347' title='bbox 1511 790 1592 819; x_wconf 84' lang='lat' dir='ltr'><strong>caput</strong></span> <span class='ocrx_word' id='word_1_348' title='bbox 1606 785 1705 811; x_wconf 68' lang='lat' dir='ltr'><strong>dirime</strong></span> <span class='ocrx_word' id='word_1_349' title='bbox 1758 795 1761 798; x_wconf 61' lang='grc' dir='ltr'>λ</span> 
     </span>
    </p>
   </div>
   <div class='ocr_carea' id='block_1_47' title="bbox 915 829 1705 865">
    <p class='ocr_par' dir='ltr' id='par_1_47' title="bbox 915 829 1705 865">
     <span class='ocr_line' id='line_1_47' title="bbox 915 829 1705 865; baseline 0.003 -10"><span class='ocrx_word' id='word_1_350' title='bbox 915 829 1085 862; x_wconf 87' lang='lat' dir='ltr'><strong>operationis</strong></span> <span class='ocrx_word' id='word_1_351' title='bbox 1098 837 1131 857; x_wconf 91' lang='lat' dir='ltr'><strong>ac</strong></span> <span class='ocrx_word' id='word_1_352' title='bbox 1147 830 1230 865; x_wconf 82' lang='lat' dir='ltr'><strong>ianua</strong></span> <span class='ocrx_word' id='word_1_353' title='bbox 1255 835 1280 858; x_wconf 87' lang='lat' dir='ltr'><strong>et</strong></span> <span class='ocrx_word' id='word_1_354' title='bbox 1298 831 1340 858; x_wconf 87' lang='lat' dir='ltr'><strong>via</strong></span> <span class='ocrx_word' id='word_1_355' title='bbox 1370 831 1402 858; x_wconf 87' lang='lat' dir='ltr'><strong>ad</strong></span> <span class='ocrx_word' id='word_1_356' title='bbox 1421 830 1573 864; x_wconf 68' lang='lat' dir='ltr'><strong>Christum,</strong></span> <span class='ocrx_word' id='word_1_357' title='bbox 1596 833 1618 859; x_wconf 87' lang='lat' dir='ltr'><strong>si</strong></span> <span class='ocrx_word' id='word_1_358' title='bbox 1643 832 1705 865; x_wconf 86' lang='lat' dir='ltr'><strong>quis</strong></span> 
     </span>
    </p>
   </div>
   <div class='ocr_carea' id='block_1_48' title="bbox 915 876 1706 911">
    <p class='ocr_par' dir='ltr' id='par_1_48' title="bbox 915 876 1706 911">
     <span class='ocr_line' id='line_1_48' title="bbox 915 876 1706 911; baseline 0.003 -10"><span class='ocrx_word' id='word_1_359' title='bbox 915 881 962 902; x_wconf 87' lang='lat' dir='ltr'><strong>eas</strong></span> <span class='ocrx_word' id='word_1_360' title='bbox 977 878 1153 910; x_wconf 85' lang='lat' dir='ltr'><strong>occupaverit</strong></span> <span class='ocrx_word' id='word_1_361' title='bbox 1179 881 1205 903; x_wconf 91' lang='lat' dir='ltr'><strong>et</strong></span> <span class='ocrx_word' id='word_1_362' title='bbox 1217 876 1244 903; x_wconf 91' lang='lat' dir='ltr'><strong>in</strong></span> <span class='ocrx_word' id='word_1_363' title='bbox 1260 877 1294 904; x_wconf 86' lang='lat' dir='ltr'><strong>iis</strong></span> <span class='ocrx_word' id='word_1_364' title='bbox 1309 877 1486 909; x_wconf 82' lang='lat' dir='ltr'><strong>remanserit,</strong></span> <span class='ocrx_word' id='word_1_365' title='bbox 1502 877 1539 903; x_wconf 85' lang='lat' dir='ltr'><strong>ita</strong></span> <span class='ocrx_word' id='word_1_366' title='bbox 1553 882 1580 904; x_wconf 87' lang='lat' dir='ltr'><strong>et</strong></span> <span class='ocrx_word' id='word_1_367' title='bbox 1602 876 1625 904; x_wconf 88' lang='lat' dir='ltr'><strong>si</strong></span> <span class='ocrx_word' id='word_1_368' title='bbox 1643 878 1706 911; x_wconf 86' lang='lat' dir='ltr'><strong>quis</strong></span> 
     </span>
    </p>
   </div>
   <div class='ocr_carea' id='block_1_49' title="bbox 914 920 1706 957">
    <p class='ocr_par' dir='ltr' id='par_1_49' title="bbox 914 920 1706 957">
     <span class='ocr_line' id='line_1_49' title="bbox 914 920 1706 957; baseline 0.004 -10"><span class='ocrx_word' id='word_1_369' title='bbox 914 927 947 948; x_wconf 86' lang='lat' dir='ltr'><strong>ex</strong></span> <span class='ocrx_word' id='word_1_370' title='bbox 963 920 998 948; x_wconf 88' lang='lat' dir='ltr'><strong>iis</strong></span> <span class='ocrx_word' id='word_1_371' title='bbox 1014 928 1044 949; x_wconf 85' lang='lat' dir='ltr'><strong>se</strong></span> <span class='ocrx_word' id='word_1_372' title='bbox 1062 922 1196 956; x_wconf 89' lang='lat' dir='ltr'><strong>receperit</strong></span> <span class='ocrx_word' id='word_1_373' title='bbox 1208 928 1235 950; x_wconf 90' lang='lat' dir='ltr'><strong>et</strong></span> <span class='ocrx_word' id='word_1_374' title='bbox 1248 923 1387 957; x_wconf 86' lang='lat' dir='ltr'><strong>resilierit,</strong></span> <span class='ocrx_word' id='word_1_375' title='bbox 1412 924 1520 951; x_wconf 89' lang='lat' dir='ltr'><strong>duobus</strong></span> <span class='ocrx_word' id='word_1_376' title='bbox 1531 931 1625 950; x_wconf 86' lang='lat' dir='ltr'><strong>earum</strong></span> <span class='ocrx_word' id='word_1_377' title='bbox 1640 931 1706 950; x_wconf 89' lang='lat' dir='ltr'><strong>con-</strong></span> 
     </span>
    </p>
   </div>
   <div class='ocr_carea' id='block_1_50' title="bbox 913 965 1706 1004">
    <p class='ocr_par' dir='ltr' id='par_1_50' title="bbox 913 965 1706 1004">
     <span class='ocr_line' id='line_1_50' title="bbox 913 965 1706 1004; baseline 0.004 -11"><span class='ocrx_word' id='word_1_378' title='bbox 913 965 1007 993; x_wconf 84' lang='lat' dir='ltr'><strong>trariis</strong></span> <span class='ocrx_word' id='word_1_379' title='bbox 1021 972 1164 1000; x_wconf 82' lang='lat' dir='ltr'><strong>occurret;</strong></span> <span class='ocrx_word' id='word_1_380' title='bbox 1191 976 1289 1002; x_wconf 87' lang='lat' dir='ltr'><strong>nempe</strong></span> <span class='ocrx_word' id='word_1_381' title='bbox 1304 977 1419 1004; x_wconf 82' lang='lat' dir='ltr'><strong>corpere</strong></span> <span class='ocrx_word' id='word_1_382' title='bbox 1439 970 1568 996; x_wconf 81' lang='lat' dir='ltr'><strong>fulcietur</strong></span> <span class='ocrx_word' id='word_1_383' title='bbox 1593 973 1620 997; x_wconf 89' lang='lat' dir='ltr'><strong>et</strong></span> <span class='ocrx_word' id='word_1_384' title='bbox 1634 970 1706 1004; x_wconf 70' lang='lat' dir='ltr'><strong>gula:</strong></span> 
     </span>
    </p>
   </div>
   <div class='ocr_carea' id='block_1_51' title="bbox 913 1013 1706 1050">
    <p class='ocr_par' dir='ltr' id='par_1_51' title="bbox 913 1013 1706 1050">
     <span class='ocr_line' id='line_1_51' title="bbox 913 1013 1706 1050; baseline 0.003 -10"><span class='ocrx_word' id='word_1_385' title='bbox 913 1013 1041 1041; x_wconf 86' lang='lat' dir='ltr'><strong>ardenter</strong></span> <span class='ocrx_word' id='word_1_386' title='bbox 1053 1013 1214 1050; x_wconf 76' lang='lat' dir='ltr'><strong>indulgebit.</strong></span> <span class='ocrx_word' id='word_1_387' title='bbox 1239 1024 1248 1041; x_wconf 78' lang='grc' dir='ltr'><strong>ι</strong></span> <span class='ocrx_word' id='word_1_388' title='bbox 1268 1016 1300 1043; x_wconf 85' lang='lat' dir='ltr'><strong>Et</strong></span> <span class='ocrx_word' id='word_1_389' title='bbox 1320 1021 1429 1044; x_wconf 65' lang='lat' dir='ltr'><strong>ctetera.</strong></span> <span class='ocrx_word' id='word_1_390' title='bbox 1447 1016 1479 1044; x_wconf 84' lang='lat' dir='ltr'><strong>Et</strong></span> <span class='ocrx_word' id='word_1_391' title='bbox 1500 1017 1527 1043; x_wconf 89' lang='lat' dir='ltr'><strong>in</strong></span> <span class='ocrx_word' id='word_1_392' title='bbox 1545 1017 1625 1043; x_wconf 85' lang='lat' dir='ltr'><strong>aliis:</strong></span> <span class='ocrx_word' id='word_1_393' title='bbox 1646 1025 1655 1042; x_wconf 82' lang='grc' dir='ltr'><strong>ι</strong></span> <span class='ocrx_word' id='word_1_394' title='bbox 1673 1015 1706 1042; x_wconf 76' lang='lat' dir='ltr'><strong>Et</strong></span> 
     </span>
    </p>
   </div>
   <div class='ocr_carea' id='block_1_52' title="bbox 912 1058 1704 1096">
    <p class='ocr_par' dir='ltr' id='par_1_52' title="bbox 912 1058 1704 1096">
     <span class='ocr_line' id='line_1_52' title="bbox 912 1058 1704 1096; baseline 0.004 -12"><span class='ocrx_word' id='word_1_395' title='bbox 912 1058 958 1085; x_wconf 88' lang='lat' dir='ltr'><strong>alii</strong></span> <span class='ocrx_word' id='word_1_396' title='bbox 986 1059 1097 1093; x_wconf 83' lang='lat' dir='ltr'><strong>quidem</strong></span> <span class='ocrx_word' id='word_1_397' title='bbox 1126 1061 1158 1087; x_wconf 84' lang='lat' dir='ltr'><strong>ab</strong></span> <span class='ocrx_word' id='word_1_398' title='bbox 1183 1061 1262 1088; x_wconf 90' lang='lat' dir='ltr'><strong>initio</strong></span> <span class='ocrx_word' id='word_1_399' title='bbox 1286 1061 1376 1096; x_wconf 73' lang='lat' dir='ltr'><strong>ignavi</strong></span> <span class='ocrx_word' id='word_1_400' title='bbox 1399 1066 1427 1088; x_wconf 91' lang='lat' dir='ltr'><strong>et</strong></span> <span class='ocrx_word' id='word_1_401' title='bbox 1446 1061 1625 1096; x_wconf 72' lang='lat' dir='ltr'><strong>negligentes,</strong></span> <span class='ocrx_word' id='word_1_402' title='bbox 1649 1068 1704 1088; x_wconf 92' lang='lat' dir='ltr'><strong>non</strong></span> 
     </span>
    </p>
   </div>
   <div class='ocr_carea' id='block_1_53' title="bbox 911 1103 1704 1141">
    <p class='ocr_par' dir='ltr' id='par_1_53' title="bbox 911 1103 1704 1141">
     <span class='ocr_line' id='line_1_53' title="bbox 911 1103 1704 1141; baseline 0.003 -11"><span class='ocrx_word' id='word_1_403' title='bbox 911 1103 1001 1132; x_wconf 81' lang='lat' dir='ltr'><strong>solum</strong></span> <span class='ocrx_word' id='word_1_404' title='bbox 1016 1112 1048 1132; x_wconf 85' lang='lat' dir='ltr'><strong>ex</strong></span> <span class='ocrx_word' id='word_1_405' title='bbox 1061 1105 1104 1133; x_wconf 83' lang='lat' dir='ltr'><strong>his</strong></span> <span class='ocrx_word' id='word_1_406' title='bbox 1115 1113 1147 1133; x_wconf 83' lang='lat' dir='ltr'><strong>ac</strong></span> <span class='ocrx_word' id='word_1_407' title='bbox 1158 1106 1258 1134; x_wconf 85' lang='lat' dir='ltr'><strong>talibus</strong></span> <span class='ocrx_word' id='word_1_408' title='bbox 1268 1107 1379 1141; x_wconf 74' lang='lat' dir='ltr'><strong>pugnis,</strong></span> <span class='ocrx_word' id='word_1_409' title='bbox 1395 1106 1442 1134; x_wconf 87' lang='lat' dir='ltr'><strong>sed</strong></span> <span class='ocrx_word' id='word_1_410' title='bbox 1456 1114 1489 1133; x_wconf 87' lang='lat' dir='ltr'><strong>ex</strong></span> <span class='ocrx_word' id='word_1_411' title='bbox 1505 1107 1612 1134; x_wconf 89' lang='lat' dir='ltr'><strong>arboris</strong></span> <span class='ocrx_word' id='word_1_412' title='bbox 1623 1105 1704 1133; x_wconf 78' lang='lat' dir='ltr'><strong>folio-</strong></span> 
     </span>
    </p>
   </div>
   <div class='ocr_carea' id='block_1_54' title="bbox 911 1151 1704 1187">
    <p class='ocr_par' dir='ltr' id='par_1_54' title="bbox 911 1151 1704 1187">
     <span class='ocr_line' id='line_1_54' title="bbox 911 1151 1704 1187; baseline 0.001 -10"><span class='ocrx_word' id='word_1_413' title='bbox 911 1157 973 1177; x_wconf 87' lang='lat' dir='ltr'><strong>rum</strong></span> <span class='ocrx_word' id='word_1_414' title='bbox 1000 1151 1116 1185; x_wconf 78' lang='lat' dir='ltr'><strong>strepitu</strong></span> <span class='ocrx_word' id='word_1_415' title='bbox 1144 1155 1266 1179; x_wconf 88' lang='lat' dir='ltr'><strong>tremunt</strong></span> <span class='ocrx_word' id='word_1_416' title='bbox 1283 1159 1315 1180; x_wconf 87' lang='lat' dir='ltr'><strong>ac</strong></span> <span class='ocrx_word' id='word_1_417' title='bbox 1343 1152 1507 1185; x_wconf 86' lang='lat' dir='ltr'><strong>turbantur;</strong></span> <span class='ocrx_word' id='word_1_418' title='bbox 1532 1158 1558 1179; x_wconf 90' lang='lat' dir='ltr'><strong>et</strong></span> <span class='ocrx_word' id='word_1_419' title='bbox 1575 1159 1658 1187; x_wconf 84' lang='lat' dir='ltr'><strong>parva</strong></span> <span class='ocrx_word' id='word_1_420' title='bbox 1672 1158 1704 1178; x_wconf 85' lang='lat' dir='ltr'><strong>ca</strong></span> 
     </span>
    </p>
   </div>
   <div class='ocr_carea' id='block_1_55' title="bbox 910 1196 1705 1230">
    <p class='ocr_par' dir='ltr' id='par_1_55' title="bbox 910 1196 1705 1230">
     <span class='ocr_line' id='line_1_55' title="bbox 910 1196 1705 1230; baseline 0 -6"><span class='ocrx_word' id='word_1_421' title='bbox 910 1203 972 1230; x_wconf 68' lang='lat' dir='ltr'><strong>qua:</strong></span> <span class='ocrx_word' id='word_1_422' title='bbox 997 1204 1030 1224; x_wconf 90' lang='lat' dir='ltr'><strong>ex</strong></span> <span class='ocrx_word' id='word_1_423' title='bbox 1054 1196 1135 1224; x_wconf 79' lang='lat' dir='ltr'><strong>famis</strong></span> <span class='ocrx_word' id='word_1_424' title='bbox 1161 1197 1338 1226; x_wconf 88' lang='lat' dir='ltr'><strong>incommodo</strong></span> <span class='ocrx_word' id='word_1_425' title='bbox 1361 1199 1460 1230; x_wconf 85' lang='lat' dir='ltr'><strong>oritur,</strong></span> <span class='ocrx_word' id='word_1_426' title='bbox 1487 1199 1651 1226; x_wconf 80' lang='lat' dir='ltr'><strong>necessitate</strong></span> <span class='ocrx_word' id='word_1_427' title='bbox 1676 1201 1705 1224; x_wconf 90' lang='lat' dir='ltr'><strong>et</strong></span> 
     </span>
    </p>
   </div>
   <div class='ocr_carea' id='block_1_56' title="bbox 909 1242 1704 1278">
    <p class='ocr_par' dir='ltr' id='par_1_56' title="bbox 909 1242 1704 1278">
     <span class='ocr_line' id='line_1_56' title="bbox 909 1242 1704 1278; baseline 0 -8"><span class='ocrx_word' id='word_1_428' title='bbox 909 1250 993 1278; x_wconf 85' lang='lat' dir='ltr'><strong>parva</strong></span> <span class='ocrx_word' id='word_1_429' title='bbox 1005 1242 1165 1271; x_wconf 75' lang='lat' dir='ltr'><strong>inﬁrmitate</strong></span> <span class='ocrx_word' id='word_1_430' title='bbox 1175 1248 1341 1278; x_wconf 84' lang='lat' dir='ltr'><strong>superantur</strong></span> <span class='ocrx_word' id='word_1_431' title='bbox 1356 1248 1383 1271; x_wconf 86' lang='lat' dir='ltr'><strong>et</strong></span> <span class='ocrx_word' id='word_1_432' title='bbox 1399 1244 1567 1278; x_wconf 79' lang='lat' dir='ltr'><strong>dejiciunlur</strong></span> <span class='ocrx_word' id='word_1_433' title='bbox 1584 1248 1611 1271; x_wconf 90' lang='lat' dir='ltr'><strong>et</strong></span> <span class='ocrx_word' id='word_1_434' title='bbox 1629 1248 1704 1271; x_wconf 85' lang='lat' dir='ltr'><strong>retro</strong></span> 
     </span>
    </p>
   </div>
   <div class='ocr_carea' id='block_1_57' title="bbox 910 1289 1707 1325">
    <p class='ocr_par' dir='ltr' id='par_1_57' title="bbox 910 1289 1707 1325">
     <span class='ocr_line' id='line_1_57' title="bbox 910 1289 1707 1325; baseline -0.001 -9"><span class='ocrx_word' id='word_1_435' title='bbox 910 1292 1065 1316; x_wconf 85' lang='lat' dir='ltr'><strong>vertuntur.</strong></span> <span class='ocrx_word' id='word_1_436' title='bbox 1079 1289 1186 1317; x_wconf 90' lang='lat' dir='ltr'><strong>Sinceri</strong></span> <span class='ocrx_word' id='word_1_437' title='bbox 1203 1293 1295 1317; x_wconf 86' lang='lat' dir='ltr'><strong>autem</strong></span> <span class='ocrx_word' id='word_1_438' title='bbox 1309 1295 1336 1318; x_wconf 89' lang='lat' dir='ltr'><strong>et</strong></span> <span class='ocrx_word' id='word_1_439' title='bbox 1351 1290 1471 1325; x_wconf 87' lang='lat' dir='ltr'><strong>probati,</strong></span> <span class='ocrx_word' id='word_1_440' title='bbox 1484 1298 1517 1317; x_wconf 91' lang='lat' dir='ltr'><strong>ne</strong></span> <span class='ocrx_word' id='word_1_441' title='bbox 1530 1290 1633 1317; x_wconf 88' lang='lat' dir='ltr'><strong>olerum</strong></span> <span class='ocrx_word' id='word_1_442' title='bbox 1645 1289 1707 1324; x_wconf 88' lang='lat' dir='ltr'><strong>qui-</strong></span> 
     </span>
    </p>
   </div>
   <div class='ocr_carea' id='block_1_58' title="bbox 908 1334 1700 1371">
    <p class='ocr_par' dir='ltr' id='par_1_58' title="bbox 908 1334 1700 1371">
     <span class='ocr_line' id='line_1_58' title="bbox 908 1334 1700 1371; baseline -0.001 -9"><span class='ocrx_word' id='word_1_443' title='bbox 908 1334 969 1362; x_wconf 87' lang='lat' dir='ltr'><strong>dent</strong></span> <span class='ocrx_word' id='word_1_444' title='bbox 996 1335 1070 1363; x_wconf 66' lang='lat' dir='ltr'><strong>faeno</strong></span> <span class='ocrx_word' id='word_1_445' title='bbox 1096 1335 1250 1369; x_wconf 86' lang='lat' dir='ltr'><strong>satiantur;</strong></span> <span class='ocrx_word' id='word_1_446' title='bbox 1269 1343 1368 1371; x_wconf 88' lang='lat' dir='ltr'><strong>neque.</strong></span> <span class='ocrx_word' id='word_1_447' title='bbox 1392 1336 1530 1364; x_wconf 84' lang='lat' dir='ltr'><strong>siccarum</strong></span> <span class='ocrx_word' id='word_1_448' title='bbox 1551 1336 1700 1363; x_wconf 88' lang='lat' dir='ltr'><strong>herbarum</strong></span> 
     </span>
    </p>
   </div>
   <div class='ocr_carea' id='block_1_59' title="bbox 912 1380 1701 1414">
    <p class='ocr_par' dir='ltr' id='par_1_59' title="bbox 912 1380 1701 1414">
     <span class='ocr_line' id='line_1_59' title="bbox 912 1380 1701 1414; baseline -0.001 -6"><span class='ocrx_word' id='word_1_449' title='bbox 912 1380 1054 1409; x_wconf 73' lang='lat' dir='ltr'><strong>radicibus</strong></span> <span class='ocrx_word' id='word_1_450' title='bbox 1071 1381 1189 1414; x_wconf 88' lang='lat' dir='ltr'><strong>nutriti,</strong></span> <span class='ocrx_word' id='word_1_451' title='bbox 1213 1387 1277 1409; x_wconf 89' lang='lat' dir='ltr'><strong>ante</strong></span> <span class='ocrx_word' id='word_1_452' title='bbox 1297 1385 1426 1408; x_wconf 81' lang='lat' dir='ltr'><strong>statutam</strong></span> <span class='ocrx_word' id='word_1_453' title='bbox 1453 1381 1505 1409; x_wconf 87' lang='lat' dir='ltr'><strong>cibi</strong></span> <span class='ocrx_word' id='word_1_454' title='bbox 1529 1381 1636 1411; x_wconf 87' lang='lat' dir='ltr'><strong>horam.</strong></span> <span class='ocrx_word' id='word_1_455' title='bbox 1651 1380 1701 1408; x_wconf 82' lang='lat' dir='ltr'><strong>ali-</strong></span> 
     </span>
    </p>
   </div>
   <div class='ocr_carea' id='block_1_60' title="bbox 908 1426 1701 1462">
    <p class='ocr_par' dir='ltr' id='par_1_60' title="bbox 908 1426 1701 1462">
     <span class='ocr_line' id='line_1_60' title="bbox 908 1426 1701 1462; baseline 0 -10"><span class='ocrx_word' id='word_1_456' title='bbox 908 1434 989 1461; x_wconf 82' lang='lat' dir='ltr'><strong>quant</strong></span> <span class='ocrx_word' id='word_1_457' title='bbox 1002 1433 1097 1454; x_wconf 83' lang='lat' dir='ltr'><strong>earum</strong></span> <span class='ocrx_word' id='word_1_458' title='bbox 1111 1427 1215 1454; x_wconf 80' lang='lat' dir='ltr'><strong>audent</strong></span> <span class='ocrx_word' id='word_1_459' title='bbox 1230 1431 1351 1462; x_wconf 69' lang='lat' dir='ltr'><strong>gustare.</strong></span> <span class='ocrx_word' id='word_1_460' title='bbox 1372 1426 1425 1454; x_wconf 90' lang='lat' dir='ltr'><strong>Sed</strong></span> <span class='ocrx_word' id='word_1_461' title='bbox 1443 1427 1517 1454; x_wconf 90' lang='lat' dir='ltr'><strong>humi</strong></span> <span class='ocrx_word' id='word_1_462' title='bbox 1534 1426 1701 1454; x_wconf 86' lang='lat' dir='ltr'><strong>recumbunt</strong></span> 
     </span>
    </p>
   </div>
   <div class='ocr_carea' id='block_1_61' title="bbox 909 1471 1699 1506">
    <p class='ocr_par' dir='ltr' id='par_1_61' title="bbox 909 1471 1699 1506">
     <span class='ocr_line' id='line_1_61' title="bbox 909 1471 1699 1506; baseline -0.004 -6"><span class='ocrx_word' id='word_1_463' title='bbox 909 1472 937 1500; x_wconf 88' lang='lat' dir='ltr'><strong>in</strong></span> <span class='ocrx_word' id='word_1_464' title='bbox 964 1472 1125 1500; x_wconf 79' lang='lat' dir='ltr'><strong>inﬁrmitate</strong></span> <span class='ocrx_word' id='word_1_465' title='bbox 1148 1476 1176 1500; x_wconf 87' lang='lat' dir='ltr'><strong>et</strong></span> <span class='ocrx_word' id='word_1_466' title='bbox 1194 1472 1335 1500; x_wconf 87' lang='lat' dir='ltr'><strong>debilitate</strong></span> <span class='ocrx_word' id='word_1_467' title='bbox 1362 1474 1506 1506; x_wconf 87' lang='lat' dir='ltr'><strong>corporis;</strong></span> <span class='ocrx_word' id='word_1_468' title='bbox 1522 1475 1549 1498; x_wconf 88' lang='lat' dir='ltr'><strong>et</strong></span> <span class='ocrx_word' id='word_1_469' title='bbox 1570 1471 1699 1498; x_wconf 75' lang='lat' dir='ltr'><strong>hohatnm</strong></span> 
     </span>
    </p>
   </div>
   <div class='ocr_carea' id='block_1_62' title="bbox 74 1510 861 1558">
    <p class='ocr_par' dir='ltr' id='par_1_62' title="bbox 74 1510 859 1554">
     <span class='ocr_line' id='line_1_62' title="bbox 74 1510 859 1554; baseline 0.005 -14"><span class='ocrx_word' id='word_1_470' title='bbox 74 1510 169 1554; x_wconf 51' lang='grc' dir='ltr'>χρείας</span> <span class='ocrx_word' id='word_1_471' title='bbox 182 1514 232 1542; x_wconf 88' lang='grc' dir='ltr'><strong>τοῦ</strong></span> <span class='ocrx_word' id='word_1_472' title='bbox 248 1515 340 1551; x_wconf 82' lang='grc' dir='ltr'>λιμοῦ,</span> <span class='ocrx_word' id='word_1_473' title='bbox 354 1517 402 1543; x_wconf 79' lang='grc' dir='ltr'><strong>καὶ</strong></span> <span class='ocrx_word' id='word_1_474' title='bbox 416 1516 470 1543; x_wconf 80' lang='grc' dir='ltr'>ἀπὸ</span> <span class='ocrx_word' id='word_1_475' title='bbox 486 1517 590 1552; x_wconf 83' lang='grc' dir='ltr'>μικρᾶς</span> <span class='ocrx_word' id='word_1_476' title='bbox 602 1517 744 1549; x_wconf 77' lang='grc' dir='ltr'>ἀσθενείας</span> <span class='ocrx_word' id='word_1_477' title='bbox 760 1518 859 1545; x_wconf 68' lang='grc' dir='ltr'>νικῶνς</span> 
     </span>
    </p>
   </div>
   <div class='ocr_carea' id='block_1_63' title="bbox 911 1510 1700 1558">
    <p class='ocr_par' dir='ltr' id='par_1_63' title="bbox 911 1518 1700 1552">
     <span class='ocr_line' id='line_1_63' title="bbox 911 1518 1700 1552; baseline -0.001 -6"><span class='ocrx_word' id='word_1_478' title='bbox 911 1518 996 1546; x_wconf 88' lang='lat' dir='ltr'><strong>visum</strong></span> <span class='ocrx_word' id='word_1_479' title='bbox 1019 1518 1121 1546; x_wconf 84' lang='lat' dir='ltr'><strong>habent</strong></span> <span class='ocrx_word' id='word_1_480' title='bbox 1139 1526 1235 1546; x_wconf 89' lang='lat' dir='ltr'><strong>eorum</strong></span> <span class='ocrx_word' id='word_1_481' title='bbox 1252 1518 1337 1551; x_wconf 81' lang='lat' dir='ltr'><strong>oculi,</strong></span> <span class='ocrx_word' id='word_1_482' title='bbox 1352 1526 1385 1546; x_wconf 90' lang='lat' dir='ltr'><strong>eo</strong></span> <span class='ocrx_word' id='word_1_483' title='bbox 1401 1520 1472 1552; x_wconf 86' lang='lat' dir='ltr'><strong>quod</strong></span> <span class='ocrx_word' id='word_1_484' title='bbox 1487 1525 1580 1545; x_wconf 89' lang='lat' dir='ltr'><strong>eorum</strong></span> <span class='ocrx_word' id='word_1_485' title='bbox 1598 1525 1700 1551; x_wconf 88' lang='lat' dir='ltr'><strong>corpus</strong></span> 
     </span>
    </p>
   </div>
   <div class='ocr_carea' id='block_1_64' title="bbox 71 1561 856 1600">
    <p class='ocr_par' dir='ltr' id='par_1_64' title="bbox 71 1561 856 1600">
     <span class='ocr_line' id='line_1_64' title="bbox 71 1561 856 1600; baseline 0.008 -14"><span class='ocrx_word' id='word_1_486' title='bbox 71 1569 128 1591; x_wconf 86' lang='grc' dir='ltr'>ται,</span> <span class='ocrx_word' id='word_1_487' title='bbox 141 1561 194 1600; x_wconf 42' lang='lat' dir='ltr'><strong>tua!</strong></span> <span class='ocrx_word' id='word_1_488' title='bbox 205 1562 404 1598; x_wconf 80' lang='grc' dir='ltr'>ἀπαρνοῦνται,</span> <span class='ocrx_word' id='word_1_489' title='bbox 418 1563 465 1590; x_wconf 73' lang='grc' dir='ltr'>καὶ</span> <span class='ocrx_word' id='word_1_490' title='bbox 474 1564 515 1596; x_wconf 83' lang='grc' dir='ltr'><strong>είς</strong></span> <span class='ocrx_word' id='word_1_491' title='bbox 526 1564 561 1590; x_wconf 86' lang='grc' dir='ltr'>τὰ</span> <span class='ocrx_word' id='word_1_492' title='bbox 580 1563 668 1591; x_wconf 81' lang='grc' dir='ltr'>ὀπίσω</span> <span class='ocrx_word' id='word_1_493' title='bbox 683 1564 856 1600; x_wconf 82' lang='grc' dir='ltr'>στρέφονται.</span> 
     </span>
    </p>
   </div>
   <div class='ocr_carea' id='block_1_65' title="bbox 71 1601 859 1647">
    <p class='ocr_par' dir='ltr' id='par_1_65' title="bbox 71 1601 859 1647">
     <span class='ocr_line' id='line_1_65' title="bbox 71 1601 859 1647; baseline 0.006 -15"><span class='ocrx_word' id='word_1_494' title='bbox 71 1606 103 1632; x_wconf 83' lang='grc' dir='ltr'>Οί</span> <span class='ocrx_word' id='word_1_495' title='bbox 167 1606 290 1642; x_wconf 81' lang='grc' dir='ltr'>ἀληθινοὶ</span> <span class='ocrx_word' id='word_1_496' title='bbox 310 1608 359 1634; x_wconf 81' lang='grc' dir='ltr'>καὶ</span> <span class='ocrx_word' id='word_1_497' title='bbox 374 1608 493 1644; x_wconf 84' lang='grc' dir='ltr'>δόκιμοι,</span> <span class='ocrx_word' id='word_1_498' title='bbox 506 1609 567 1636; x_wconf 79' lang='grc' dir='ltr'>οὐδὲ</span> <span class='ocrx_word' id='word_1_499' title='bbox 582 1610 615 1636; x_wconf 83' lang='grc' dir='ltr'>ὲκ</span> <span class='ocrx_word' id='word_1_500' title='bbox 632 1609 678 1636; x_wconf 88' lang='grc' dir='ltr'><strong>τοῦ</strong></span> <span class='ocrx_word' id='word_1_501' title='bbox 691 1609 788 1646; x_wconf 72' lang='grc' dir='ltr'>χόρτου</span> <span class='ocrx_word' id='word_1_502' title='bbox 804 1609 859 1638; x_wconf 87' lang='grc' dir='ltr'><strong>τῶν</strong></span> 
     </span>
    </p>
   </div>
   <div class='ocr_carea' id='block_1_66' title="bbox 71 1649 860 1698">
    <p class='ocr_par' dir='ltr' id='par_1_66' title="bbox 71 1649 860 1698">
     <span class='ocr_line' id='line_1_66' title="bbox 71 1649 860 1698; baseline 0.009 -22"><span class='ocrx_word' id='word_1_503' title='bbox 71 1649 198 1698; x_wconf 47' lang='grc' dir='ltr'>λαχάνων</span> <span class='ocrx_word' id='word_1_504' title='bbox 227 1652 406 1698; x_wconf 77' lang='grc' dir='ltr'>χορτάζονται</span> <span class='ocrx_word' id='word_1_505' title='bbox 419 1661 426 1668; x_wconf 90' lang='grc'>·</span> <span class='ocrx_word' id='word_1_506' title='bbox 439 1653 500 1680; x_wconf 77' lang='grc' dir='ltr'>οὐδὲ</span> <span class='ocrx_word' id='word_1_507' title='bbox 515 1654 688 1690; x_wconf 85' lang='grc' dir='ltr'>διατιώμενοι</span> <span class='ocrx_word' id='word_1_508' title='bbox 704 1655 794 1690; x_wconf 77' lang='grc' dir='ltr'>ῥίζαις</span> <span class='ocrx_word' id='word_1_509' title='bbox 812 1655 860 1691; x_wconf 58' lang='grc' dir='ltr'><strong>βο.</strong></span> 
     </span>
    </p>
   </div>
   <div class='ocr_carea' id='block_1_67' title="bbox 70 1695 858 1736">
    <p class='ocr_par' dir='ltr' id='par_1_67' title="bbox 70 1695 858 1736">
     <span class='ocr_line' id='line_1_67' title="bbox 70 1695 858 1736; baseline 0.008 -15"><span class='ocrx_word' id='word_1_510' title='bbox 70 1695 161 1729; x_wconf 56' lang='grc' dir='ltr'>τάῖιων</span> <span class='ocrx_word' id='word_1_511' title='bbox 174 1695 276 1731; x_wconf 78' lang='grc' dir='ltr'>ξηρῶν,</span> <span class='ocrx_word' id='word_1_512' title='bbox 292 1698 346 1732; x_wconf 72' lang='grc' dir='ltr'>πρὸ</span> <span class='ocrx_word' id='word_1_513' title='bbox 357 1697 406 1733; x_wconf 83' lang='grc' dir='ltr'>τῆς</span> <span class='ocrx_word' id='word_1_514' title='bbox 418 1699 616 1735; x_wconf 79' lang='grc' dir='ltr'>νενομισμένης</span> <span class='ocrx_word' id='word_1_515' title='bbox 631 1699 706 1735; x_wconf 80' lang='grc' dir='ltr'>ὥρας</span> <span class='ocrx_word' id='word_1_516' title='bbox 722 1700 773 1734; x_wconf 83' lang='grc' dir='ltr'>τῆς</span> <span class='ocrx_word' id='word_1_517' title='bbox 793 1709 858 1736; x_wconf 84' lang='grc' dir='ltr'>τρο-</span> 
     </span>
    </p>
   </div>
   <div class='ocr_carea' id='block_1_68' title="bbox 70 1740 858 1780">
    <p class='ocr_par' dir='ltr' id='par_1_68' title="bbox 70 1740 858 1780">
     <span class='ocr_line' id='line_1_68' title="bbox 70 1740 858 1780; baseline 0.006 -13"><span class='ocrx_word' id='word_1_518' title='bbox 70 1740 137 1780; x_wconf 56' lang='grc' dir='ltr'>φῆς,</span> <span class='ocrx_word' id='word_1_519' title='bbox 156 1742 352 1777; x_wconf 80' lang='grc' dir='ltr'>καταδέχονταί</span> <span class='ocrx_word' id='word_1_520' title='bbox 366 1751 439 1775; x_wconf 88' lang='grc' dir='ltr'>τινος</span> <span class='ocrx_word' id='word_1_521' title='bbox 464 1743 614 1777; x_wconf 87' lang='grc' dir='ltr'>γεύσασθαι</span> <span class='ocrx_word' id='word_1_522' title='bbox 626 1751 634 1761; x_wconf 73' lang='grc'><strong><em>³</em></strong></span> <span class='ocrx_word' id='word_1_523' title='bbox 658 1744 726 1771; x_wconf 82' lang='grc' dir='ltr'>ἀλλὰ</span> <span class='ocrx_word' id='word_1_524' title='bbox 739 1745 787 1771; x_wconf 76' lang='grc' dir='ltr'><strong>καὶ</strong></span> <span class='ocrx_word' id='word_1_525' title='bbox 806 1754 858 1780; x_wconf 89' lang='grc' dir='ltr'>χα-</span> 
     </span>
    </p>
   </div>
   <div class='ocr_carea' id='block_1_69' title="bbox 70 1775 855 1827">
    <p class='ocr_par' dir='ltr' id='par_1_69' title="bbox 70 1775 855 1827">
     <span class='ocr_line' id='line_1_69' title="bbox 70 1775 855 1827; baseline 0.008 -14"><span class='ocrx_word' id='word_1_526' title='bbox 70 1775 230 1827; x_wconf 53' lang='grc' dir='ltr'>μγέυνοῦσιν,</span> <span class='ocrx_word' id='word_1_527' title='bbox 243 1775 274 1815; x_wconf 78' lang='grc' dir='ltr'>ὲν</span> <span class='ocrx_word' id='word_1_528' title='bbox 283 1788 380 1825; x_wconf 73' lang='grc' dir='ltr'>ἀτονία</span> <span class='ocrx_word' id='word_1_529' title='bbox 391 1775 530 1822; x_wconf 20' lang='grc' dir='ltr'>δντεςἺκαὶ</span> <span class='ocrx_word' id='word_1_530' title='bbox 540 1779 646 1826; x_wconf 68' lang='grc' dir='ltr'>ἀγωνίᾳ</span> <span class='ocrx_word' id='word_1_531' title='bbox 657 1791 704 1818; x_wconf 86' lang='grc' dir='ltr'><strong>τοῦ</strong></span> <span class='ocrx_word' id='word_1_532' title='bbox 717 1775 855 1827; x_wconf 70' lang='grc' dir='ltr'>σώματος’</span> 
     </span>
    </p>
   </div>
   <div class='ocr_carea' id='block_1_70' title="bbox 69 1819 858 1873">
    <p class='ocr_par' dir='ltr' id='par_1_70' title="bbox 69 1819 858 1873">
     <span class='ocr_line' id='line_1_70' title="bbox 69 1819 858 1873; baseline 0.006 -14"><span class='ocrx_word' id='word_1_533' title='bbox 69 1819 119 1872; x_wconf 43' lang='lat' dir='ltr'><strong>itif;</strong></span> <span class='ocrx_word' id='word_1_534' title='bbox 133 1819 347 1868; x_wconf 74' lang='grc' dir='ltr'>ἀμϐλυωποῦσιν</span> <span class='ocrx_word' id='word_1_535' title='bbox 361 1819 386 1862; x_wconf 66' lang='grc' dir='ltr'><strong>ἐι</strong></span> <span class='ocrx_word' id='word_1_536' title='bbox 401 1819 536 1871; x_wconf 76' lang='grc' dir='ltr'>ὀφθαλμοὶ</span> <span class='ocrx_word' id='word_1_537' title='bbox 557 1819 658 1868; x_wconf 76' lang='grc' dir='ltr'>αὐτῶν,</span> <span class='ocrx_word' id='word_1_538' title='bbox 672 1838 705 1864; x_wconf 87' lang='grc' dir='ltr'>ὲκ</span> <span class='ocrx_word' id='word_1_539' title='bbox 721 1819 772 1873; x_wconf 75' lang='grc' dir='ltr'>τῆς</span> <span class='ocrx_word' id='word_1_540' title='bbox 787 1819 858 1872; x_wconf 70' lang='grc' dir='ltr'>ἄγαν</span> 
     </span>
    </p>
   </div>
   <div class='ocr_carea' id='block_1_71' title="bbox 69 1874 858 1918">
    <p class='ocr_par' dir='ltr' id='par_1_71' title="bbox 69 1874 858 1918">
     <span class='ocr_line' id='line_1_71' title="bbox 69 1874 858 1918; baseline 0.004 -13"><span class='ocrx_word' id='word_1_541' title='bbox 69 1874 214 1912; x_wconf 67' lang='grc' dir='ltr'>κίινώσεως</span> <span class='ocrx_word' id='word_1_542' title='bbox 242 1880 290 1907; x_wconf 85' lang='grc' dir='ltr'><strong>τοῦ</strong></span> <span class='ocrx_word' id='word_1_543' title='bbox 319 1880 443 1916; x_wconf 82' lang='grc' dir='ltr'>σώματος</span> <span class='ocrx_word' id='word_1_544' title='bbox 456 1890 464 1901; x_wconf 73' lang='grc' dir='ltr'><strong>σ</strong></span> <span class='ocrx_word' id='word_1_545' title='bbox 480 1881 532 1909; x_wconf 78' lang='grc' dir='ltr'>κᾶν</span> <span class='ocrx_word' id='word_1_546' title='bbox 555 1882 583 1909; x_wconf 84' lang='grc' dir='ltr'>δὲ</span> <span class='ocrx_word' id='word_1_547' title='bbox 608 1883 641 1909; x_wconf 79' lang='grc' dir='ltr'><strong>ἐκ</strong></span> <span class='ocrx_word' id='word_1_548' title='bbox 663 1883 713 1918; x_wconf 82' lang='grc' dir='ltr'>τῆς</span> <span class='ocrx_word' id='word_1_549' title='bbox 734 1882 858 1917; x_wconf 80' lang='grc' dir='ltr'>ἀνάγκης</span> 
     </span>
    </p>
   </div>
   <div class='ocr_carea' id='block_1_72' title="bbox 69 1919 857 1964">
    <p class='ocr_par' dir='ltr' id='par_1_72' title="bbox 69 1919 857 1964">
     <span class='ocr_line' id='line_1_72' title="bbox 69 1919 857 1964; baseline 0.003 -14"><span class='ocrx_word' id='word_1_550' title='bbox 69 1919 219 1964; x_wconf 42' lang='grc' dir='ltr'>ἐγγίσωσιν</span> <span class='ocrx_word' id='word_1_551' title='bbox 235 1924 353 1957; x_wconf 74' lang='grc' dir='ltr'>ὲξελθεῖν</span> <span class='ocrx_word' id='word_1_552' title='bbox 368 1926 401 1952; x_wconf 69' lang='grc' dir='ltr'>ὲκ</span> <span class='ocrx_word' id='word_1_553' title='bbox 413 1925 460 1952; x_wconf 84' lang='grc' dir='ltr'><strong>τοῦ</strong></span> <span class='ocrx_word' id='word_1_554' title='bbox 474 1925 610 1960; x_wconf 80' lang='grc' dir='ltr'>σώματος,</span> <span class='ocrx_word' id='word_1_555' title='bbox 621 1925 681 1953; x_wconf 79' lang='grc' dir='ltr'>οὐδὲ</span> <span class='ocrx_word' id='word_1_556' title='bbox 692 1925 762 1952; x_wconf 79' lang='grc' dir='ltr'>οὕτω</span> <span class='ocrx_word' id='word_1_557' title='bbox 778 1926 857 1960; x_wconf 78' lang='grc' dir='ltr'>χεῖρα</span> 
     </span>
    </p>
   </div>
   <div class='ocr_carea' id='block_1_73' title="bbox 68 1965 857 2011">
    <p class='ocr_par' dir='ltr' id='par_1_73' title="bbox 68 1965 857 2011">
     <span class='ocr_line' id='line_1_73' title="bbox 68 1965 857 2011; baseline 0.004 -15"><span class='ocrx_word' id='word_1_558' title='bbox 68 1965 186 2011; x_wconf 58' lang='grc' dir='ltr'>δέδοῦσιν</span> <span class='ocrx_word' id='word_1_559' title='bbox 200 1970 350 2006; x_wconf 81' lang='grc' dir='ltr'>ἡττηθῆναι</span> <span class='ocrx_word' id='word_1_560' title='bbox 367 1972 415 1998; x_wconf 76' lang='grc' dir='ltr'><strong>καὶ</strong></span> <span class='ocrx_word' id='word_1_561' title='bbox 439 1973 543 2004; x_wconf 79' lang='grc' dir='ltr'>πεσεῖν,</span> <span class='ocrx_word' id='word_1_562' title='bbox 570 1972 603 1999; x_wconf 80' lang='grc' dir='ltr'>ὲκ</span> <span class='ocrx_word' id='word_1_563' title='bbox 622 1973 672 2006; x_wconf 79' lang='grc' dir='ltr'>τῆς</span> <span class='ocrx_word' id='word_1_564' title='bbox 698 1971 857 2008; x_wconf 69' lang='grc' dir='ltr'>ἐρρωμένης</span> 
     </span>
    </p>
   </div>
   <div class='ocr_carea' id='block_1_74' title="bbox 68 2014 855 2051">
    <p class='ocr_par' dir='ltr' id='par_1_74' title="bbox 68 2014 855 2051">
     <span class='ocr_line' id='line_1_74' title="bbox 68 2014 855 2051; baseline 0.003 -10"><span class='ocrx_word' id='word_1_565' title='bbox 68 2014 161 2041; x_wconf 70' lang='grc' dir='ltr'>αὐτῶν</span> <span class='ocrx_word' id='word_1_566' title='bbox 179 2016 380 2051; x_wconf 76' lang='grc' dir='ltr'>προαιρέσεως.</span> <span class='ocrx_word' id='word_1_567' title='bbox 396 2016 513 2043; x_wconf 82' lang='grc' dir='ltr'>Ποθοῦσι</span> <span class='ocrx_word' id='word_1_568' title='bbox 534 2016 588 2051; x_wconf 87' lang='grc' dir='ltr'><strong>γὰρ</strong></span> <span class='ocrx_word' id='word_1_569' title='bbox 608 2017 656 2044; x_wconf 82' lang='grc' dir='ltr'><strong>καὶ</strong></span> <span class='ocrx_word' id='word_1_570' title='bbox 671 2017 794 2051; x_wconf 77' lang='grc' dir='ltr'>ἐφίενται</span> <span class='ocrx_word' id='word_1_571' title='bbox 807 2016 855 2043; x_wconf 84' lang='grc' dir='ltr'><strong>τοῦ</strong></span> 
     </span>
    </p>
   </div>
   <div class='ocr_carea' id='block_1_75' title="bbox 67 2061 856 2099">
    <p class='ocr_par' dir='ltr' id='par_1_75' title="bbox 67 2061 856 2099">
     <span class='ocr_line' id='line_1_75' title="bbox 67 2061 856 2099; baseline 0.003 -11"><span class='ocrx_word' id='word_1_572' title='bbox 67 2061 218 2097; x_wconf 65' lang='grc' dir='ltr'>βιάσασθαι</span> <span class='ocrx_word' id='word_1_573' title='bbox 241 2063 356 2095; x_wconf 76' lang='grc' dir='ltr'>ἑαυτοὺς</span> <span class='ocrx_word' id='word_1_574' title='bbox 381 2063 425 2090; x_wconf 79' lang='grc' dir='ltr'><strong>διὰ</strong></span> <span class='ocrx_word' id='word_1_575' title='bbox 440 2063 490 2098; x_wconf 85' lang='grc' dir='ltr'>τὴν</span> <span class='ocrx_word' id='word_1_576' title='bbox 509 2063 620 2099; x_wconf 80' lang='grc' dir='ltr'>ἀγάπην</span> <span class='ocrx_word' id='word_1_577' title='bbox 634 2063 681 2090; x_wconf 87' lang='grc' dir='ltr'><strong>τοῦ</strong></span> <span class='ocrx_word' id='word_1_578' title='bbox 698 2063 782 2090; x_wconf 85' lang='grc' dir='ltr'>Θεοῦ·</span> <span class='ocrx_word' id='word_1_579' title='bbox 807 2063 856 2090; x_wconf 80' lang='grc' dir='ltr'><strong>καὶ</strong></span> 
     </span>
    </p>
   </div>
   <div class='ocr_carea' id='block_1_76' title="bbox 67 2109 855 2146">
    <p class='ocr_par' dir='ltr' id='par_1_76' title="bbox 67 2109 855 2146">
     <span class='ocr_line' id='line_1_76' title="bbox 67 2109 855 2146; baseline 0.003 -11"><span class='ocrx_word' id='word_1_580' title='bbox 67 2109 173 2144; x_wconf 79' lang='grc' dir='ltr'>κοπιᾷν</span> <span class='ocrx_word' id='word_1_581' title='bbox 187 2110 257 2143; x_wconf 79' lang='grc' dir='ltr'>ὑπὲρ</span> <span class='ocrx_word' id='word_1_582' title='bbox 272 2110 322 2144; x_wconf 80' lang='grc' dir='ltr'>τῆς</span> <span class='ocrx_word' id='word_1_583' title='bbox 334 2110 435 2146; x_wconf 84' lang='grc' dir='ltr'>ἀρετῆς</span> <span class='ocrx_word' id='word_1_584' title='bbox 449 2110 600 2145; x_wconf 81' lang='grc' dir='ltr'>αἱροῦνται,</span> <span class='ocrx_word' id='word_1_585' title='bbox 618 2110 634 2145; x_wconf 81' lang='grc' dir='ltr'>ἢ</span> <span class='ocrx_word' id='word_1_586' title='bbox 655 2110 706 2145; x_wconf 86' lang='grc' dir='ltr'>τὴν</span> <span class='ocrx_word' id='word_1_587' title='bbox 720 2111 855 2146; x_wconf 73' lang='grc' dir='ltr'>πρόσκαι-</span> 
     </span>
    </p>
   </div>
   <div class='ocr_carea' id='block_1_77' title="bbox 66 2154 852 2192">
    <p class='ocr_par' dir='ltr' id='par_1_77' title="bbox 66 2154 852 2192">
     <span class='ocr_line' id='line_1_77' title="bbox 66 2154 852 2192; baseline 0.004 -12"><span class='ocrx_word' id='word_1_588' title='bbox 66 2162 115 2189; x_wconf 85' lang='grc' dir='ltr'><strong>ρον</strong></span> <span class='ocrx_word' id='word_1_589' title='bbox 129 2154 204 2189; x_wconf 77' lang='grc' dir='ltr'>ζωὴν</span> <span class='ocrx_word' id='word_1_590' title='bbox 215 2155 299 2190; x_wconf 78' lang='grc' dir='ltr'>ἔχειν,</span> <span class='ocrx_word' id='word_1_591' title='bbox 313 2156 361 2182; x_wconf 76' lang='grc' dir='ltr'><strong>καὶ</strong></span> <span class='ocrx_word' id='word_1_592' title='bbox 383 2156 474 2182; x_wconf 82' lang='grc' dir='ltr'>πᾶσαν</span> <span class='ocrx_word' id='word_1_593' title='bbox 497 2155 651 2182; x_wconf 79' lang='grc' dir='ltr'>ἀνάπαυσιν</span> <span class='ocrx_word' id='word_1_594' title='bbox 666 2157 714 2191; x_wconf 82' lang='grc' dir='ltr'>τὴν</span> <span class='ocrx_word' id='word_1_595' title='bbox 728 2157 757 2182; x_wconf 78' lang='grc' dir='ltr'>ἐν</span> <span class='ocrx_word' id='word_1_596' title='bbox 774 2156 852 2192; x_wconf 84' lang='grc' dir='ltr'>αὐτῇ.</span> 
     </span>
    </p>
   </div>
   <div class='ocr_carea' id='block_1_78' title="bbox 907 1563 1698 1592">
    <p class='ocr_par' dir='ltr' id='par_1_78' title="bbox 907 1563 1698 1592">
     <span class='ocr_line' id='line_1_78' title="bbox 907 1563 1698 1592; baseline -0.003 -1"><span class='ocrx_word' id='word_1_597' title='bbox 907 1564 989 1592; x_wconf 89' lang='lat' dir='ltr'><strong>nimis</strong></span> <span class='ocrx_word' id='word_1_598' title='bbox 1003 1571 1120 1592; x_wconf 84' lang='lat' dir='ltr'><strong>vacuum</strong></span> <span class='ocrx_word' id='word_1_599' title='bbox 1137 1568 1190 1592; x_wconf 88' lang='lat' dir='ltr'><strong>est.</strong></span> <span class='ocrx_word' id='word_1_600' title='bbox 1220 1564 1253 1591; x_wconf 76' lang='lat' dir='ltr'><strong>Et</strong></span> <span class='ocrx_word' id='word_1_601' title='bbox 1267 1565 1291 1592; x_wconf 90' lang='lat' dir='ltr'><strong>si</strong></span> <span class='ocrx_word' id='word_1_602' title='bbox 1306 1572 1338 1591; x_wconf 88' lang='lat' dir='ltr'><strong>ex</strong></span> <span class='ocrx_word' id='word_1_603' title='bbox 1359 1564 1521 1592; x_wconf 86' lang='lat' dir='ltr'><strong>necessitate</strong></span> <span class='ocrx_word' id='word_1_604' title='bbox 1537 1563 1564 1590; x_wconf 92' lang='lat' dir='ltr'><strong>in</strong></span> <span class='ocrx_word' id='word_1_605' title='bbox 1587 1571 1620 1590; x_wconf 90' lang='lat' dir='ltr'><strong>eo</strong></span> <span class='ocrx_word' id='word_1_606' title='bbox 1634 1568 1698 1590; x_wconf 77' lang='lat' dir='ltr'><strong>sunt</strong></span> 
     </span>
    </p>
   </div>
   <div class='ocr_carea' id='block_1_79' title="bbox 907 1607 1699 1644">
    <p class='ocr_par' dir='ltr' id='par_1_79' title="bbox 907 1607 1699 1644">
     <span class='ocr_line' id='line_1_79' title="bbox 907 1607 1699 1644; baseline -0.005 -8"><span class='ocrx_word' id='word_1_607' title='bbox 907 1613 961 1637; x_wconf 87' lang='lat' dir='ltr'><strong>nte</strong></span> <span class='ocrx_word' id='word_1_608' title='bbox 977 1616 1092 1644; x_wconf 90' lang='lat' dir='ltr'><strong>corpore</strong></span> <span class='ocrx_word' id='word_1_609' title='bbox 1100 1613 1211 1642; x_wconf 82' lang='lat' dir='ltr'><strong>exeant,</strong></span> <span class='ocrx_word' id='word_1_610' title='bbox 1227 1616 1263 1637; x_wconf 88' lang='lat' dir='ltr'><strong>ne</strong></span> <span class='ocrx_word' id='word_1_611' title='bbox 1278 1608 1462 1643; x_wconf 65' lang='lat' dir='ltr'><strong>tunchuidem</strong></span> <span class='ocrx_word' id='word_1_612' title='bbox 1476 1607 1541 1634; x_wconf 88' lang='lat' dir='ltr'><strong>dant</strong></span> <span class='ocrx_word' id='word_1_613' title='bbox 1555 1614 1653 1633; x_wconf 87' lang='lat' dir='ltr'><strong>manus</strong></span> <span class='ocrx_word' id='word_1_614' title='bbox 1669 1610 1699 1633; x_wconf 84' lang='lat' dir='ltr'><strong>ut</strong></span> 
     </span>
    </p>
   </div>
   <div class='ocr_carea' id='block_1_80' title="bbox 907 1653 1698 1689">
    <p class='ocr_par' dir='ltr' id='par_1_80' title="bbox 907 1653 1698 1689">
     <span class='ocr_line' id='line_1_80' title="bbox 907 1653 1698 1689; baseline -0.005 -7"><span class='ocrx_word' id='word_1_615' title='bbox 907 1660 1076 1689; x_wconf 87' lang='lat' dir='ltr'><strong>superentur</strong></span> <span class='ocrx_word' id='word_1_616' title='bbox 1090 1662 1122 1682; x_wconf 87' lang='lat' dir='ltr'><strong>ac</strong></span> <span class='ocrx_word' id='word_1_617' title='bbox 1138 1655 1330 1687; x_wconf 86' lang='lat' dir='ltr'><strong>succumbant,</strong></span> <span class='ocrx_word' id='word_1_618' title='bbox 1346 1654 1415 1682; x_wconf 85' lang='lat' dir='ltr'><strong>adeo</strong></span> <span class='ocrx_word' id='word_1_619' title='bbox 1431 1653 1521 1680; x_wconf 85' lang='lat' dir='ltr'><strong>valida</strong></span> <span class='ocrx_word' id='word_1_620' title='bbox 1548 1657 1588 1680; x_wconf 88' lang='lat' dir='ltr'><strong>est</strong></span> <span class='ocrx_word' id='word_1_621' title='bbox 1604 1659 1698 1679; x_wconf 80' lang='lat' dir='ltr'><strong>eorum</strong></span> 
     </span>
    </p>
   </div>
   <div class='ocr_carea' id='block_1_81' title="bbox 908 1697 1699 1736">
    <p class='ocr_par' dir='ltr' id='par_1_81' title="bbox 908 1697 1699 1736">
     <span class='ocr_line' id='line_1_81' title="bbox 908 1697 1699 1736; baseline -0.006 -7"><span class='ocrx_word' id='word_1_622' title='bbox 908 1701 1047 1732; x_wconf 83' lang='lat' dir='ltr'><strong>voluntas.</strong></span> <span class='ocrx_word' id='word_1_623' title='bbox 1063 1701 1184 1736; x_wconf 85' lang='lat' dir='ltr'><strong>Cupiunt</strong></span> <span class='ocrx_word' id='word_1_624' title='bbox 1200 1701 1274 1728; x_wconf 89' lang='lat' dir='ltr'><strong>enim</strong></span> <span class='ocrx_word' id='word_1_625' title='bbox 1291 1708 1324 1728; x_wconf 86' lang='lat' dir='ltr'><strong>ac</strong></span> <span class='ocrx_word' id='word_1_626' title='bbox 1339 1701 1436 1728; x_wconf 89' lang='lat' dir='ltr'><strong>volunt</strong></span> <span class='ocrx_word' id='word_1_627' title='bbox 1451 1700 1502 1728; x_wconf 87' lang='lat' dir='ltr'><strong>sibi</strong></span> <span class='ocrx_word' id='word_1_628' title='bbox 1521 1699 1574 1726; x_wconf 90' lang='lat' dir='ltr'><strong>vim</strong></span> <span class='ocrx_word' id='word_1_629' title='bbox 1596 1697 1699 1725; x_wconf 81' lang='lat' dir='ltr'><strong>inferre</strong></span> 
     </span>
    </p>
   </div>
   <div class='ocr_carea' id='block_1_82' title="bbox 907 1745 1699 1783">
    <p class='ocr_par' dir='ltr' id='par_1_82' title="bbox 907 1745 1699 1783">
     <span class='ocr_line' id='line_1_82' title="bbox 907 1745 1699 1783; baseline -0.005 -9"><span class='ocrx_word' id='word_1_630' title='bbox 907 1752 1018 1783; x_wconf 87' lang='lat' dir='ltr'><strong>propter</strong></span> <span class='ocrx_word' id='word_1_631' title='bbox 1029 1747 1077 1774; x_wconf 85' lang='lat' dir='ltr'><strong>Dei</strong></span> <span class='ocrx_word' id='word_1_632' title='bbox 1090 1755 1230 1778; x_wconf 79' lang='lat' dir='ltr'><strong>amorem;</strong></span> <span class='ocrx_word' id='word_1_633' title='bbox 1244 1752 1271 1774; x_wconf 86' lang='lat' dir='ltr'><strong>et</strong></span> <span class='ocrx_word' id='word_1_634' title='bbox 1286 1746 1406 1781; x_wconf 84' lang='lat' dir='ltr'><strong>torqueri</strong></span> <span class='ocrx_word' id='word_1_635' title='bbox 1419 1753 1469 1781; x_wconf 85' lang='lat' dir='ltr'><strong>pro</strong></span> <span class='ocrx_word' id='word_1_636' title='bbox 1483 1746 1581 1773; x_wconf 88' lang='lat' dir='ltr'><strong>virtute</strong></span> <span class='ocrx_word' id='word_1_637' title='bbox 1592 1745 1699 1771; x_wconf 76' lang='lat' dir='ltr'><strong>malunt</strong></span> 
     </span>
    </p>
   </div>
   <div class='ocr_carea' id='block_1_83' title="bbox 905 1789 1697 1826">
    <p class='ocr_par' dir='ltr' id='par_1_83' title="bbox 905 1789 1697 1826">
     <span class='ocr_line' id='line_1_83' title="bbox 905 1789 1697 1826; baseline -0.004 -8"><span class='ocrx_word' id='word_1_638' title='bbox 905 1799 987 1826; x_wconf 90' lang='lat' dir='ltr'><strong>quam</strong></span> <span class='ocrx_word' id='word_1_639' title='bbox 999 1791 1097 1819; x_wconf 78' lang='lat' dir='ltr'><strong>ﬂuxam</strong></span> <span class='ocrx_word' id='word_1_640' title='bbox 1111 1792 1195 1819; x_wconf 79' lang='lat' dir='ltr'><strong>vitam</strong></span> <span class='ocrx_word' id='word_1_641' title='bbox 1207 1791 1308 1819; x_wconf 86' lang='lat' dir='ltr'><strong>habere</strong></span> <span class='ocrx_word' id='word_1_642' title='bbox 1322 1796 1349 1819; x_wconf 90' lang='lat' dir='ltr'><strong>et</strong></span> <span class='ocrx_word' id='word_1_643' title='bbox 1359 1799 1467 1818; x_wconf 87' lang='lat' dir='ltr'><strong>omnem</strong></span> <span class='ocrx_word' id='word_1_644' title='bbox 1481 1798 1560 1818; x_wconf 85' lang='lat' dir='ltr'><strong>suam</strong></span> <span class='ocrx_word' id='word_1_645' title='bbox 1575 1789 1697 1823; x_wconf 86' lang='lat' dir='ltr'><strong>requiem</strong></span> 
     </span>
    </p>
   </div>
   <div class='ocr_carea' id='block_1_84' title="bbox 906 1834 1696 1871">
    <p class='ocr_par' dir='ltr' id='par_1_84' title="bbox 906 1834 1696 1871">
     <span class='ocr_line' id='line_1_84' title="bbox 906 1834 1696 1871; baseline -0.004 -8"><span class='ocrx_word' id='word_1_646' title='bbox 906 1837 933 1863; x_wconf 95' lang='lat' dir='ltr'><strong>in</strong></span> <span class='ocrx_word' id='word_1_647' title='bbox 957 1844 989 1863; x_wconf 86' lang='lat' dir='ltr'><strong>ea</strong></span> <span class='ocrx_word' id='word_1_648' title='bbox 1015 1843 1127 1871; x_wconf 88' lang='lat' dir='ltr'><strong>ponere.</strong></span> <span class='ocrx_word' id='word_1_649' title='bbox 1147 1836 1180 1863; x_wconf 86' lang='lat' dir='ltr'><strong>Et</strong></span> <span class='ocrx_word' id='word_1_650' title='bbox 1194 1836 1306 1870; x_wconf 85' lang='lat' dir='ltr'><strong>quando</strong></span> <span class='ocrx_word' id='word_1_651' title='bbox 1322 1835 1523 1871; x_wconf 73' lang='lat' dir='ltr'><strong>superveniunt</strong></span> <span class='ocrx_word' id='word_1_652' title='bbox 1542 1834 1595 1861; x_wconf 88' lang='lat' dir='ltr'><strong>illis</strong></span> <span class='ocrx_word' id='word_1_653' title='bbox 1611 1837 1696 1861; x_wconf 89' lang='lat' dir='ltr'><strong>tenta-</strong></span> 
     </span>
    </p>
   </div>
   <div class='ocr_carea' id='block_1_85' title="bbox 906 1878 1698 1915">
    <p class='ocr_par' dir='ltr' id='par_1_85' title="bbox 906 1878 1698 1915">
     <span class='ocr_line' id='line_1_85' title="bbox 906 1878 1698 1915; baseline -0.005 -8"><span class='ocrx_word' id='word_1_654' title='bbox 906 1880 1006 1911; x_wconf 80' lang='lat' dir='ltr'><strong>tiones,</strong></span> <span class='ocrx_word' id='word_1_655' title='bbox 1027 1880 1116 1914; x_wconf 84' lang='lat' dir='ltr'><strong>magis</strong></span> <span class='ocrx_word' id='word_1_656' title='bbox 1131 1879 1265 1907; x_wconf 64' lang='lat' dir='ltr'><strong>laetantur</strong></span> <span class='ocrx_word' id='word_1_657' title='bbox 1277 1879 1349 1915; x_wconf 86' lang='lat' dir='ltr'><strong>quod</strong></span> <span class='ocrx_word' id='word_1_658' title='bbox 1367 1887 1415 1915; x_wconf 89' lang='lat' dir='ltr'><strong>per</strong></span> <span class='ocrx_word' id='word_1_659' title='bbox 1431 1887 1478 1907; x_wconf 87' lang='lat' dir='ltr'><strong>cas</strong></span> <span class='ocrx_word' id='word_1_660' title='bbox 1510 1878 1698 1913; x_wconf 73' lang='lat' dir='ltr'><strong>perﬁciantur,</strong></span> 
     </span>
    </p>
   </div>
   <div class='ocr_carea' id='block_1_86' title="bbox 905 1922 1697 1961">
    <p class='ocr_par' dir='ltr' id='par_1_86' title="bbox 905 1922 1697 1961">
     <span class='ocr_line' id='line_1_86' title="bbox 905 1922 1697 1961; baseline -0.006 -7"><span class='ocrx_word' id='word_1_661' title='bbox 905 1931 933 1955; x_wconf 91' lang='lat' dir='ltr'><strong>et</strong></span> <span class='ocrx_word' id='word_1_662' title='bbox 948 1925 1061 1961; x_wconf 77' lang='lat' dir='ltr'><strong>perfecti</strong></span> <span class='ocrx_word' id='word_1_663' title='bbox 1077 1926 1152 1953; x_wconf 91' lang='lat' dir='ltr'><strong>liant.</strong></span> <span class='ocrx_word' id='word_1_664' title='bbox 1165 1925 1218 1953; x_wconf 90' lang='lat' dir='ltr'><strong>Sed</strong></span> <span class='ocrx_word' id='word_1_665' title='bbox 1236 1933 1325 1961; x_wconf 88' lang='lat' dir='ltr'><strong>neque</strong></span> <span class='ocrx_word' id='word_1_666' title='bbox 1339 1934 1371 1954; x_wconf 84' lang='lat' dir='ltr'><strong>ex</strong></span> <span class='ocrx_word' id='word_1_667' title='bbox 1385 1925 1462 1953; x_wconf 88' lang='lat' dir='ltr'><strong>duris</strong></span> <span class='ocrx_word' id='word_1_668' title='bbox 1473 1933 1542 1959; x_wconf 84' lang='lat' dir='ltr'><strong>quas</strong></span> <span class='ocrx_word' id='word_1_669' title='bbox 1556 1925 1583 1952; x_wconf 90' lang='lat' dir='ltr'><strong>in</strong></span> <span class='ocrx_word' id='word_1_670' title='bbox 1599 1922 1697 1958; x_wconf 82' lang='lat' dir='ltr'><strong>scipsis</strong></span> 
     </span>
    </p>
   </div>
   <div class='ocr_carea' id='block_1_87' title="bbox 905 1970 1697 2007">
    <p class='ocr_par' dir='ltr' id='par_1_87' title="bbox 905 1970 1697 2007">
     <span class='ocr_line' id='line_1_87' title="bbox 905 1970 1697 2007; baseline -0.005 -7"><span class='ocrx_word' id='word_1_671' title='bbox 905 1973 1099 2007; x_wconf 88' lang='lat' dir='ltr'><strong>experiuntur,</strong></span> <span class='ocrx_word' id='word_1_672' title='bbox 1119 1971 1264 2005; x_wconf 87' lang='lat' dir='ltr'><strong>molestiis,</strong></span> <span class='ocrx_word' id='word_1_673' title='bbox 1290 1973 1316 1999; x_wconf 90' lang='lat' dir='ltr'><strong>in</strong></span> <span class='ocrx_word' id='word_1_674' title='bbox 1342 1972 1388 1999; x_wconf 71' lang='lat' dir='ltr'><strong>Dei</strong></span> <span class='ocrx_word' id='word_1_675' title='bbox 1401 1972 1547 1999; x_wconf 77' lang='lat' dir='ltr'><strong>dilectione</strong></span> <span class='ocrx_word' id='word_1_676' title='bbox 1559 1970 1697 1998; x_wconf 84' lang='lat' dir='ltr'><strong>dubitant.</strong></span> 
     </span>
    </p>
   </div>
   <div class='ocr_carea' id='block_1_88' title="bbox 906 2015 1700 2054">
    <p class='ocr_par' dir='ltr' id='par_1_88' title="bbox 906 2015 1700 2054">
     <span class='ocr_line' id='line_1_88' title="bbox 906 2015 1700 2054; baseline -0.006 -8"><span class='ocrx_word' id='word_1_677' title='bbox 906 2018 959 2046; x_wconf 79' lang='lat' dir='ltr'><strong>Sed</strong></span> <span class='ocrx_word' id='word_1_678' title='bbox 976 2018 1064 2046; x_wconf 90' lang='lat' dir='ltr'><strong>donec</strong></span> <span class='ocrx_word' id='word_1_679' title='bbox 1086 2026 1120 2045; x_wconf 82' lang='lat' dir='ltr'><strong>ex</strong></span> <span class='ocrx_word' id='word_1_680' title='bbox 1147 2018 1202 2045; x_wconf 88' lang='lat' dir='ltr'><strong>vita</strong></span> <span class='ocrx_word' id='word_1_681' title='bbox 1228 2018 1331 2054; x_wconf 76' lang='lat' dir='ltr'><strong>egressi</strong></span> <span class='ocrx_word' id='word_1_682' title='bbox 1359 2018 1425 2048; x_wconf 83' lang='lat' dir='ltr'><strong>sint.</strong></span> <span class='ocrx_word' id='word_1_683' title='bbox 1455 2017 1571 2051; x_wconf 85' lang='lat' dir='ltr'><strong>cupiunt</strong></span> <span class='ocrx_word' id='word_1_684' title='bbox 1591 2015 1700 2043; x_wconf 68' lang='lat' dir='ltr'><strong>labere:</strong></span> 
     </span>
    </p>
   </div>
   <div class='ocr_carea' id='block_1_89' title="bbox 905 2059 1698 2098">
    <p class='ocr_par' dir='ltr' id='par_1_89' title="bbox 905 2059 1698 2098">
     <span class='ocr_line' id='line_1_89' title="bbox 905 2059 1698 2098; baseline -0.005 -8"><span class='ocrx_word' id='word_1_685' title='bbox 905 2069 1037 2098; x_wconf 74' lang='lat' dir='ltr'><strong>generose</strong></span> <span class='ocrx_word' id='word_1_686' title='bbox 1056 2062 1196 2097; x_wconf 84' lang='lat' dir='ltr'><strong>suscipere</strong></span> <span class='ocrx_word' id='word_1_687' title='bbox 1209 2069 1296 2097; x_wconf 85' lang='lat' dir='ltr'><strong>neque</strong></span> <span class='ocrx_word' id='word_1_688' title='bbox 1312 2062 1423 2094; x_wconf 81' lang='lat' dir='ltr'><strong>cedunt,</strong></span> <span class='ocrx_word' id='word_1_689' title='bbox 1441 2062 1505 2096; x_wconf 83' lang='lat' dir='ltr'><strong>quia</strong></span> <span class='ocrx_word' id='word_1_690' title='bbox 1523 2061 1590 2088; x_wconf 89' lang='lat' dir='ltr'><strong>tiunt</strong></span> <span class='ocrx_word' id='word_1_691' title='bbox 1614 2061 1641 2087; x_wconf 86' lang='lat' dir='ltr'><strong>in</strong></span> <span class='ocrx_word' id='word_1_692' title='bbox 1663 2059 1698 2087; x_wconf 87' lang='lat' dir='ltr'><strong>iis</strong></span> 
     </span>
    </p>
   </div>
   <div class='ocr_carea' id='block_1_90' title="bbox 905 2107 1695 2143">
    <p class='ocr_par' dir='ltr' id='par_1_90' title="bbox 905 2107 1695 2143">
     <span class='ocr_line' id='line_1_90' title="bbox 905 2107 1695 2143; baseline -0.005 -8"><span class='ocrx_word' id='word_1_693' title='bbox 905 2107 1030 2143; x_wconf 76' lang='lat' dir='ltr'><strong>perfecti.</strong></span> <span class='ocrx_word' id='word_1_694' title='bbox 1047 2117 1057 2134; x_wconf 72' lang='grc' dir='ltr'><strong>ι</strong></span> <span class='ocrx_word' id='word_1_695' title='bbox 1074 2107 1109 2135; x_wconf 87' lang='lat' dir='ltr'><strong>lis</strong></span> <span class='ocrx_word' id='word_1_696' title='bbox 1129 2107 1213 2143; x_wconf 75' lang='lat' dir='ltr'><strong>igitur</strong></span> <span class='ocrx_word' id='word_1_697' title='bbox 1228 2115 1261 2135; x_wconf 89' lang='lat' dir='ltr'><strong>ac</strong></span> <span class='ocrx_word' id='word_1_698' title='bbox 1282 2108 1384 2134; x_wconf 86' lang='lat' dir='ltr'><strong>talibus</strong></span> <span class='ocrx_word' id='word_1_699' title='bbox 1400 2107 1566 2134; x_wconf 62' lang='lat' dir='ltr'><strong>inhaerentes</strong></span> <span class='ocrx_word' id='word_1_700' title='bbox 1580 2110 1608 2133; x_wconf 90' lang='lat' dir='ltr'><strong>et</strong></span> <span class='ocrx_word' id='word_1_701' title='bbox 1631 2113 1695 2137; x_wconf 86' lang='lat' dir='ltr'><strong>nos,</strong></span> 
     </span>
    </p>
   </div>
   <div class='ocr_carea' id='block_1_91' title="bbox 905 2153 1697 2188">
    <p class='ocr_par' dir='ltr' id='par_1_91' title="bbox 905 2153 1697 2188">
     <span class='ocr_line' id='line_1_91' title="bbox 905 2153 1697 2188; baseline -0.004 -7"><span class='ocrx_word' id='word_1_702' title='bbox 905 2155 968 2181; x_wconf 88' lang='lat' dir='ltr'><strong>etei</strong></span> <span class='ocrx_word' id='word_1_703' title='bbox 988 2153 1147 2181; x_wconf 81' lang='lat' dir='ltr'><strong>obedientes</strong></span> <span class='ocrx_word' id='word_1_704' title='bbox 1161 2154 1207 2188; x_wconf 84' lang='lat' dir='ltr'><strong>qui</strong></span> <span class='ocrx_word' id='word_1_705' title='bbox 1226 2153 1315 2182; x_wconf 80' lang='lat' dir='ltr'><strong>dixit:</strong></span> <span class='ocrx_word' id='word_1_706' title='bbox 1341 2162 1350 2179; x_wconf 76' lang='grc' dir='ltr'><strong>ι</strong></span> <span class='ocrx_word' id='word_1_707' title='bbox 1368 2153 1453 2188; x_wconf 77' lang='lat' dir='ltr'><strong>Regia</strong></span> <span class='ocrx_word' id='word_1_708' title='bbox 1472 2153 1517 2181; x_wconf 85' lang='lat' dir='ltr'><strong>via</strong></span> <span class='ocrx_word' id='word_1_709' title='bbox 1536 2153 1643 2185; x_wconf 82' lang='lat' dir='ltr'><strong>incede,</strong></span> <span class='ocrx_word' id='word_1_710' title='bbox 1661 2159 1697 2179; x_wconf 85' lang='lat' dir='ltr'><strong>ne</strong></span> 
     </span>
    </p>
   </div>
   <div class='ocr_carea' id='block_1_92' title="bbox 66 2194 861 2236">
    <p class='ocr_par' dir='ltr' id='par_1_92' title="bbox 66 2198 854 2236">
     <span class='ocr_line' id='line_1_92' title="bbox 66 2198 854 2236; baseline 0.004 -12"><span class='ocrx_word' id='word_1_711' title='bbox 66 2198 124 2225; x_wconf 76' lang='grc' dir='ltr'><strong>Καὶ</strong></span> <span class='ocrx_word' id='word_1_712' title='bbox 149 2199 216 2225; x_wconf 80' lang='grc' dir='ltr'>ὅταν</span> <span class='ocrx_word' id='word_1_713' title='bbox 231 2199 379 2226; x_wconf 80' lang='grc' dir='ltr'>ἐπέλθωσιν</span> <span class='ocrx_word' id='word_1_714' title='bbox 403 2200 494 2232; x_wconf 77' lang='grc' dir='ltr'>αὐτοῖς</span> <span class='ocrx_word' id='word_1_715' title='bbox 517 2200 542 2227; x_wconf 80' lang='lat' dir='ltr'><strong>oi</strong></span> <span class='ocrx_word' id='word_1_716' title='bbox 567 2201 724 2236; x_wconf 74' lang='grc' dir='ltr'>πειρασμοὶ,</span> <span class='ocrx_word' id='word_1_717' title='bbox 755 2201 854 2236; x_wconf 79' lang='grc' dir='ltr'>μᾶλλον</span> 
     </span>
    </p>
   </div>
   <div class='ocr_carea' id='block_1_93' title="bbox 911 2194 1696 2236">
    <p class='ocr_par' dir='ltr' id='par_1_93' title="bbox 911 2199 1696 2233">
     <span class='ocr_line' id='line_1_93' title="bbox 911 2199 1696 2233; baseline -0.003 -7"><span class='ocrx_word' id='word_1_718' title='bbox 911 2199 1023 2227; x_wconf 87' lang='lat' dir='ltr'><strong>leclines</strong></span> <span class='ocrx_word' id='word_1_719' title='bbox 1039 2207 1053 2227; x_wconf 90' lang='lat' dir='ltr'><strong>a</strong></span> <span class='ocrx_word' id='word_1_720' title='bbox 1065 2199 1168 2228; x_wconf 84' lang='lat' dir='ltr'><strong>dextris</strong></span> <span class='ocrx_word' id='word_1_721' title='bbox 1183 2204 1211 2227; x_wconf 87' lang='lat' dir='ltr'><strong>ct</strong></span> <span class='ocrx_word' id='word_1_722' title='bbox 1228 2208 1242 2227; x_wconf 93' lang='lat' dir='ltr'><strong>a</strong></span> <span class='ocrx_word' id='word_1_723' title='bbox 1258 2199 1397 2232; x_wconf 86' lang='lat' dir='ltr'><strong>sinistris;</strong></span> <span class='ocrx_word' id='word_1_724' title='bbox 1417 2209 1427 2225; x_wconf 73' lang='grc' dir='ltr'><strong>ι</strong></span> <span class='ocrx_word' id='word_1_725' title='bbox 1441 2204 1468 2225; x_wconf 86' lang='lat' dir='ltr'><strong>et</strong></span> <span class='ocrx_word' id='word_1_726' title='bbox 1490 2199 1630 2233; x_wconf 85' lang='lat' dir='ltr'><strong>exemplar</strong></span> <span class='ocrx_word' id='word_1_727' title='bbox 1644 2206 1696 2225; x_wconf 74' lang='lat' dir='ltr'><strong>ex-</strong></span> 
     </span>
    </p>
   </div>
   <div class='ocr_carea' id='block_1_94' title="bbox 64 2243 854 2281">
    <p class='ocr_par' dir='ltr' id='par_1_94' title="bbox 64 2243 854 2281">
     <span class='ocr_line' id='line_1_94' title="bbox 64 2243 854 2281; baseline 0.003 -11"><span class='ocrx_word' id='word_1_728' title='bbox 64 2243 262 2279; x_wconf 81' lang='grc' dir='ltr'>εὑιρραίνονται</span> <span class='ocrx_word' id='word_1_729' title='bbox 276 2245 318 2271; x_wconf 76' lang='grc' dir='ltr'>ὅτι</span> <span class='ocrx_word' id='word_1_730' title='bbox 331 2245 359 2272; x_wconf 81' lang='grc' dir='ltr'>ὲν</span> <span class='ocrx_word' id='word_1_731' title='bbox 374 2245 465 2277; x_wconf 80' lang='grc' dir='ltr'>αὐτοῖς</span> <span class='ocrx_word' id='word_1_732' title='bbox 485 2245 661 2275; x_wconf 85' lang='grc' dir='ltr'>τελειοῦνται.</span> <span class='ocrx_word' id='word_1_733' title='bbox 683 2246 742 2281; x_wconf 73' lang='grc' dir='ltr'>ἤτοι</span> <span class='ocrx_word' id='word_1_734' title='bbox 756 2245 854 2272; x_wconf 78' lang='grc' dir='ltr'>τέλειοι</span> 
     </span>
    </p>
   </div>
   <div class='ocr_carea' id='block_1_95' title="bbox 63 2288 854 2325">
    <p class='ocr_par' dir='ltr' id='par_1_95' title="bbox 63 2288 854 2325">
     <span class='ocr_line' id='line_1_95' title="bbox 63 2288 854 2325; baseline 0.003 -11"><span class='ocrx_word' id='word_1_735' title='bbox 63 2288 203 2318; x_wconf 84' lang='grc' dir='ltr'>γίνονται.</span> <span class='ocrx_word' id='word_1_736' title='bbox 235 2289 305 2316; x_wconf 80' lang='grc' dir='ltr'>Ἀλλ’</span> <span class='ocrx_word' id='word_1_737' title='bbox 322 2289 382 2316; x_wconf 83' lang='grc' dir='ltr'>οὐδὲ</span> <span class='ocrx_word' id='word_1_738' title='bbox 408 2290 440 2316; x_wconf 79' lang='grc' dir='ltr'>ἐκ</span> <span class='ocrx_word' id='word_1_739' title='bbox 460 2290 515 2316; x_wconf 86' lang='grc' dir='ltr'><strong>τῶν</strong></span> <span class='ocrx_word' id='word_1_740' title='bbox 533 2290 678 2325; x_wconf 83' lang='grc' dir='ltr'>μοχθηρῶν</span> <span class='ocrx_word' id='word_1_741' title='bbox 692 2291 783 2317; x_wconf 81' lang='grc' dir='ltr'>κόπων</span> <span class='ocrx_word' id='word_1_742' title='bbox 799 2290 854 2317; x_wconf 83' lang='grc' dir='ltr'><strong>τῶν</strong></span> 
     </span>
    </p>
   </div>
   <div class='ocr_carea' id='block_1_96' title="bbox 905 2244 1698 2281">
    <p class='ocr_par' dir='ltr' id='par_1_96' title="bbox 905 2244 1698 2281">
     <span class='ocr_line' id='line_1_96' title="bbox 905 2244 1698 2281; baseline -0.001 -9"><span class='ocrx_word' id='word_1_743' title='bbox 905 2246 1033 2280; x_wconf 85' lang='lat' dir='ltr'><strong>ponimus</strong></span> <span class='ocrx_word' id='word_1_744' title='bbox 1047 2245 1106 2279; x_wconf 88' lang='lat' dir='ltr'><strong>tibi,</strong></span> <span class='ocrx_word' id='word_1_745' title='bbox 1122 2249 1149 2273; x_wconf 88' lang='lat' dir='ltr'><strong>et</strong></span> <span class='ocrx_word' id='word_1_746' title='bbox 1167 2247 1289 2280; x_wconf 76' lang='lat' dir='ltr'><strong>regulam</strong></span> <span class='ocrx_word' id='word_1_747' title='bbox 1316 2253 1376 2281; x_wconf 68' lang='lat' dir='ltr'><strong>qua:</strong></span> <span class='ocrx_word' id='word_1_748' title='bbox 1391 2244 1513 2273; x_wconf 86' lang='lat' dir='ltr'><strong>medium</strong></span> <span class='ocrx_word' id='word_1_749' title='bbox 1530 2249 1620 2278; x_wconf 85' lang='lat' dir='ltr'><strong>tenet;</strong></span> <span class='ocrx_word' id='word_1_750' title='bbox 1636 2252 1698 2278; x_wconf 65' lang='lat' dir='ltr'><strong>qua:</strong></span> 
     </span>
    </p>
   </div>
   <div class='ocr_carea' id='block_1_97' title="bbox 905 2292 1312 2326">
    <p class='ocr_par' dir='ltr' id='par_1_97' title="bbox 905 2292 1312 2326">
     <span class='ocr_line' id='line_1_97' title="bbox 905 2292 1312 2326; baseline -0.002 -7"><span class='ocrx_word' id='word_1_751' title='bbox 905 2292 1016 2326; x_wconf 88' lang='lat' dir='ltr'><strong>quidem</strong></span> <span class='ocrx_word' id='word_1_752' title='bbox 1034 2293 1085 2320; x_wconf 91' lang='lat' dir='ltr'><strong>hos</strong></span> <span class='ocrx_word' id='word_1_753' title='bbox 1102 2292 1203 2319; x_wconf 87' lang='lat' dir='ltr'><strong>limites</strong></span> <span class='ocrx_word' id='word_1_754' title='bbox 1218 2292 1312 2319; x_wconf 88' lang='lat' dir='ltr'><strong>habet.</strong></span> 
     </span>
    </p>
   </div>
   <div class='ocr_carea' id='block_1_98' title="bbox 63 2330 1702 2372">
    <p class='ocr_par' dir='ltr' id='par_1_98' title="bbox 63 2330 1702 2372">
     <span class='ocr_line' id='line_1_98' title="bbox 63 2330 1702 2372; baseline -0.002 -9"><span class='ocrx_word' id='word_1_755' title='bbox 63 2336 223 2372; x_wconf 77' lang='grc' dir='ltr'>γινομένων</span> <span class='ocrx_word' id='word_1_756' title='bbox 238 2335 267 2362; x_wconf 73' lang='grc' dir='ltr'>ὲν</span> <span class='ocrx_word' id='word_1_757' title='bbox 284 2334 377 2365; x_wconf 74' lang='grc' dir='ltr'>αὐτοῖς</span> <span class='ocrx_word' id='word_1_758' title='bbox 399 2333 575 2365; x_wconf 74' lang='grc' dir='ltr'>διατάξουσιν</span> <span class='ocrx_word' id='word_1_759' title='bbox 589 2333 619 2358; x_wconf 67' lang='grc' dir='ltr'><strong>ιν</strong></span> <span class='ocrx_word' id='word_1_760' title='bbox 642 2332 677 2368; x_wconf 81' lang='grc' dir='ltr'>τῇ</span> <span class='ocrx_word' id='word_1_761' title='bbox 695 2332 790 2367; x_wconf 77' lang='grc' dir='ltr'>ἀγάπῃ</span> <span class='ocrx_word' id='word_1_762' title='bbox 807 2330 855 2357; x_wconf 81' lang='grc' dir='ltr'><strong>τοῦ</strong></span> <span class='ocrx_word' id='word_1_763' title='bbox 873 2330 942 2358; x_wconf 79' lang='grc' dir='ltr'>Θεοῦ</span> <span class='ocrx_word' id='word_1_764' title='bbox 960 2334 968 2342; x_wconf 87' lang='grc'><strong>¹</strong></span> <span class='ocrx_word' id='word_1_765' title='bbox 984 2331 1042 2358; x_wconf 81' lang='grc' dir='ltr'>ἀλλ’</span> <span class='ocrx_word' id='word_1_766' title='bbox 1062 2332 1113 2363; x_wconf 73' lang='grc' dir='ltr'><strong>ἕως</strong></span> <span class='ocrx_word' id='word_1_767' title='bbox 1134 2332 1169 2359; x_wconf 81' lang='grc' dir='ltr'>ἂν</span> <span class='ocrx_word' id='word_1_768' title='bbox 1194 2332 1356 2366; x_wconf 67' lang='grc' dir='ltr'>ὲκλείψωσιν</span> <span class='ocrx_word' id='word_1_769' title='bbox 1377 2334 1409 2358; x_wconf 83' lang='grc' dir='ltr'>ἐκ</span> <span class='ocrx_word' id='word_1_770' title='bbox 1422 2332 1472 2367; x_wconf 78' lang='grc' dir='ltr'>τῆς</span> <span class='ocrx_word' id='word_1_771' title='bbox 1495 2333 1579 2368; x_wconf 83' lang='grc' dir='ltr'>ζωῆς,</span> <span class='ocrx_word' id='word_1_772' title='bbox 1597 2334 1702 2369; x_wconf 75' lang='grc' dir='ltr'><strong>προθυ⁴</strong></span> 
     </span>
    </p>
   </div>
   <div class='ocr_carea' id='block_1_99' title="bbox 65 2376 1700 2417">
    <p class='ocr_par' dir='ltr' id='par_1_99' title="bbox 65 2376 1700 2417">
     <span class='ocr_line' id='line_1_99' title="bbox 65 2376 1700 2417; baseline -0.001 -8"><span class='ocrx_word' id='word_1_773' title='bbox 65 2383 187 2417; x_wconf 85' lang='grc' dir='ltr'>μοῦνται</span> <span class='ocrx_word' id='word_1_774' title='bbox 209 2380 338 2412; x_wconf 82' lang='grc' dir='ltr'>δέξασθαι</span> <span class='ocrx_word' id='word_1_775' title='bbox 353 2378 486 2414; x_wconf 79' lang='grc' dir='ltr'>γενναίως</span> <span class='ocrx_word' id='word_1_776' title='bbox 501 2378 553 2410; x_wconf 84' lang='grc' dir='ltr'><strong>τὰς</strong></span> <span class='ocrx_word' id='word_1_777' title='bbox 574 2378 718 2413; x_wconf 70' lang='grc' dir='ltr'>ἐπηρείας,</span> <span class='ocrx_word' id='word_1_778' title='bbox 744 2378 791 2404; x_wconf 78' lang='grc' dir='ltr'>καὶ</span> <span class='ocrx_word' id='word_1_779' title='bbox 807 2377 856 2403; x_wconf 83' lang='grc' dir='ltr'>οὐκ</span> <span class='ocrx_word' id='word_1_780' title='bbox 873 2376 1074 2412; x_wconf 87' lang='grc' dir='ltr'>ἀναχωροῦσιν,</span> <span class='ocrx_word' id='word_1_781' title='bbox 1099 2378 1140 2403; x_wconf 87' lang='grc' dir='ltr'>ὃτι</span> <span class='ocrx_word' id='word_1_782' title='bbox 1158 2377 1186 2403; x_wconf 80' lang='grc' dir='ltr'>ἐν</span> <span class='ocrx_word' id='word_1_783' title='bbox 1210 2378 1303 2409; x_wconf 86' lang='grc' dir='ltr'>αὺτοῖς</span> <span class='ocrx_word' id='word_1_784' title='bbox 1330 2377 1428 2405; x_wconf 81' lang='grc' dir='ltr'>τέι.ειοι</span> <span class='ocrx_word' id='word_1_785' title='bbox 1453 2379 1583 2413; x_wconf 74' lang='grc' dir='ltr'>γίνονται.</span> <span class='ocrx_word' id='word_1_786' title='bbox 1604 2390 1614 2406; x_wconf 80' lang='grc' dir='ltr'><strong>ι</strong></span> <span class='ocrx_word' id='word_1_787' title='bbox 1631 2380 1700 2407; x_wconf 76' lang='grc' dir='ltr'><strong>Τού-</strong></span> 
     </span>
    </p>
   </div>
   <div class='ocr_carea' id='block_1_100' title="bbox 65 2425 1700 2463">
    <p class='ocr_par' dir='ltr' id='par_1_100' title="bbox 65 2425 1700 2463">
     <span class='ocr_line' id='line_1_100' title="bbox 65 2425 1700 2463; baseline -0.001 -7"><span class='ocrx_word' id='word_1_788' title='bbox 65 2438 126 2461; x_wconf 84' lang='grc' dir='ltr'>τοις</span> <span class='ocrx_word' id='word_1_789' title='bbox 145 2429 262 2460; x_wconf 77' lang='grc' dir='ltr'>καὶτοῖς</span> <span class='ocrx_word' id='word_1_790' title='bbox 272 2430 405 2459; x_wconf 73' lang='grc' dir='ltr'>τοιοῦτοις</span> <span class='ocrx_word' id='word_1_791' title='bbox 416 2426 562 2462; x_wconf 76' lang='grc' dir='ltr'>τοιγαροῦν</span> <span class='ocrx_word' id='word_1_792' title='bbox 576 2426 622 2453; x_wconf 74' lang='grc' dir='ltr'>καὶ</span> <span class='ocrx_word' id='word_1_793' title='bbox 638 2426 721 2461; x_wconf 77' lang='grc' dir='ltr'>ἡμεῖς</span> <span class='ocrx_word' id='word_1_794' title='bbox 737 2425 921 2460; x_wconf 83' lang='grc' dir='ltr'>στοιχοῦντες,</span> <span class='ocrx_word' id='word_1_795' title='bbox 935 2425 978 2452; x_wconf 68' lang='grc' dir='ltr'><strong>ναὶ</strong></span> <span class='ocrx_word' id='word_1_796' title='bbox 993 2428 1046 2461; x_wconf 77' lang='grc' dir='ltr'>μὴν</span> <span class='ocrx_word' id='word_1_797' title='bbox 1059 2426 1105 2452; x_wconf 67' lang='grc' dir='ltr'>καὶ</span> <span class='ocrx_word' id='word_1_798' title='bbox 1119 2425 1158 2460; x_wconf 88' lang='grc' dir='ltr'><strong>τῷ</strong></span> <span class='ocrx_word' id='word_1_799' title='bbox 1173 2425 1322 2459; x_wconf 80' lang='grc' dir='ltr'>κελευοντι,</span> <span class='ocrx_word' id='word_1_800' title='bbox 1340 2426 1408 2461; x_wconf 83' lang='grc' dir='ltr'><strong>Ὀδῷ</strong></span> <span class='ocrx_word' id='word_1_801' title='bbox 1423 2426 1552 2462; x_wconf 74' lang='grc' dir='ltr'>βασιλικῇ</span> <span class='ocrx_word' id='word_1_802' title='bbox 1568 2428 1700 2463; x_wconf 64' lang='grc' dir='ltr'>πορεύου,</span> 
     </span>
    </p>
   </div>
   <div class='ocr_carea' id='block_1_101' title="bbox 69 2473 1700 2512">
    <p class='ocr_par' dir='ltr' id='par_1_101' title="bbox 69 2473 1700 2512">
     <span class='ocr_line' id='line_1_101' title="bbox 69 2473 1700 2512; baseline 0.001 -9"><span class='ocrx_word' id='word_1_803' title='bbox 69 2477 110 2511; x_wconf 82' lang='grc' dir='ltr'>μὴ</span> <span class='ocrx_word' id='word_1_804' title='bbox 130 2475 262 2512; x_wconf 69' lang='grc' dir='ltr'>ἐκκλίνῃς</span> <span class='ocrx_word' id='word_1_805' title='bbox 284 2474 361 2508; x_wconf 80' lang='grc' dir='ltr'>δεξιὰ</span> <span class='ocrx_word' id='word_1_806' title='bbox 379 2475 396 2511; x_wconf 84' lang='grc' dir='ltr'><strong>ἢ</strong></span> <span class='ocrx_word' id='word_1_807' title='bbox 412 2475 556 2510; x_wconf 77' lang='grc' dir='ltr'>ἀριστερὰ,</span> <span class='ocrx_word' id='word_1_808' title='bbox 579 2473 805 2510; x_wconf 81' lang='grc' dir='ltr'>πειθαρχοῦντες,</span> <span class='ocrx_word' id='word_1_809' title='bbox 829 2474 876 2500; x_wconf 78' lang='grc' dir='ltr'>καὶ</span> <span class='ocrx_word' id='word_1_810' title='bbox 889 2474 978 2501; x_wconf 82' lang='grc' dir='ltr'>τύπον</span> <span class='ocrx_word' id='word_1_811' title='bbox 1004 2473 1172 2509; x_wconf 73' lang='grc' dir='ltr'>ὲκτιθέμεθά</span> <span class='ocrx_word' id='word_1_812' title='bbox 1188 2482 1241 2508; x_wconf 84' lang='grc' dir='ltr'>σοι,</span> <span class='ocrx_word' id='word_1_813' title='bbox 1256 2476 1303 2502; x_wconf 75' lang='grc' dir='ltr'>καὶ</span> <span class='ocrx_word' id='word_1_814' title='bbox 1325 2475 1426 2502; x_wconf 74' lang='grc' dir='ltr'>κανόνα</span> <span class='ocrx_word' id='word_1_815' title='bbox 1444 2477 1603 2512; x_wconf 78' lang='grc' dir='ltr'>μεσότητος,</span> <span class='ocrx_word' id='word_1_816' title='bbox 1625 2477 1700 2509; x_wconf 73' lang='grc' dir='ltr'>ὅστις</span> 
     </span>
    </p>
   </div>
   <div class='ocr_carea' id='block_1_102' title="bbox 64 2524 540 2560">
    <p class='ocr_par' dir='ltr' id='par_1_102' title="bbox 64 2524 540 2560">
     <span class='ocr_line' id='line_1_102' title="bbox 64 2524 540 2560; baseline -0.006 -7"><span class='ocrx_word' id='word_1_817' title='bbox 64 2526 141 2560; x_wconf 79' lang='grc' dir='ltr'>δῆτα</span> <span class='ocrx_word' id='word_1_818' title='bbox 162 2525 212 2551; x_wconf 81' lang='grc' dir='ltr'>καὶ</span> <span class='ocrx_word' id='word_1_819' title='bbox 226 2524 322 2551; x_wconf 85' lang='grc' dir='ltr'>τοῦτον</span> <span class='ocrx_word' id='word_1_820' title='bbox 336 2524 393 2560; x_wconf 71' lang='grc' dir='ltr'>ἔχει</span> <span class='ocrx_word' id='word_1_821' title='bbox 406 2525 452 2551; x_wconf 81' lang='grc' dir='ltr'>τὸν</span> <span class='ocrx_word' id='word_1_822' title='bbox 465 2524 540 2557; x_wconf 82' lang='grc' dir='ltr'>ὅρον.</span> 
     </span>
    </p>
   </div>
   <div class='ocr_carea' id='block_1_103' title="bbox 65 2581 867 2617">
    <p class='ocr_par' dir='ltr' id='par_1_103' title="bbox 65 2581 867 2617">
     <span class='ocr_line' id='line_1_103' title="bbox 65 2581 867 2617; baseline -0.005 -5"><span class='ocrx_word' id='word_1_823' title='bbox 65 2586 171 2617; x_wconf 75' lang='grc' dir='ltr'>ὀπως</span> <span class='ocrx_word' id='word_1_824' title='bbox 201 2582 250 2609; x_wconf 72' lang='grc' dir='ltr'>δεῖ</span> <span class='ocrx_word' id='word_1_825' title='bbox 273 2585 349 2610; x_wconf 84' lang='grc' dir='ltr'>κατὰ</span> <span class='ocrx_word' id='word_1_826' title='bbox 373 2583 529 2617; x_wconf 74' lang='grc' dir='ltr'>δευτέραν,</span> <span class='ocrx_word' id='word_1_827' title='bbox 560 2582 611 2609; x_wconf 79' lang='grc' dir='ltr'><strong>καί</strong></span> <span class='ocrx_word' id='word_1_828' title='bbox 640 2581 797 2617; x_wconf 76' lang='grc' dir='ltr'>τετάρτην,</span> <span class='ocrx_word' id='word_1_829' title='bbox 817 2582 867 2609; x_wconf 78' lang='grc' dir='ltr'><strong>καί</strong></span> 
     </span>
    </p>
   </div>
   <div class='ocr_carea' id='block_1_104' title="bbox 181 2617 761 2653">
    <p class='ocr_par' dir='ltr' id='par_1_104' title="bbox 181 2617 761 2653">
     <span class='ocr_line' id='line_1_104' title="bbox 181 2617 761 2653; baseline -0.002 -8"><span class='ocrx_word' id='word_1_830' title='bbox 181 2619 284 2652; x_wconf 72' lang='grc' dir='ltr'>ἕκτην,</span> <span class='ocrx_word' id='word_1_831' title='bbox 297 2619 456 2653; x_wconf 62' lang='grc' dir='ltr'>τρέφεσθαι</span> <span class='ocrx_word' id='word_1_832' title='bbox 469 2618 524 2644; x_wconf 83' lang='grc' dir='ltr'><strong>τὸν</strong></span> <span class='ocrx_word' id='word_1_833' title='bbox 535 2617 761 2652; x_wconf 70' lang='grc' dir='ltr'>ἀγωνιζόμενον.</span> 
     </span>
    </p>
   </div>
   <div class='ocr_carea' id='block_1_105' title="bbox 105 2664 866 2701">
    <p class='ocr_par' dir='ltr' id='par_1_105' title="bbox 105 2664 866 2701">
     <span class='ocr_line' id='line_1_105' title="bbox 105 2664 866 2701; baseline -0.005 -7"><span class='ocrx_word' id='word_1_834' title='bbox 105 2668 142 2694; x_wconf 82' lang='grc' dir='ltr'><strong>λα</strong></span> <span class='ocrx_word' id='word_1_835' title='bbox 155 2685 164 2694; x_wconf 92' lang='grc'><strong>.</strong></span> <span class='ocrx_word' id='word_1_836' title='bbox 190 2667 272 2693; x_wconf 83' lang='grc' dir='ltr'>Κατά</span> <span class='ocrx_word' id='word_1_837' title='bbox 292 2674 324 2700; x_wconf 84' lang='grc' dir='ltr'><strong>γε</strong></span> <span class='ocrx_word' id='word_1_838' title='bbox 337 2665 386 2697; x_wconf 81' lang='grc' dir='ltr'><strong>τὰς</strong></span> <span class='ocrx_word' id='word_1_839' title='bbox 409 2665 485 2699; x_wconf 73' lang='grc' dir='ltr'>τρεῖς</span> <span class='ocrx_word' id='word_1_840' title='bbox 505 2665 612 2701; x_wconf 83' lang='grc' dir='ltr'>ἡμέρας</span> <span class='ocrx_word' id='word_1_841' title='bbox 635 2664 686 2699; x_wconf 84' lang='grc' dir='ltr'>τῆς</span> <span class='ocrx_word' id='word_1_842' title='bbox 708 2664 866 2699; x_wconf 73' lang='grc' dir='ltr'>ἐὸδομάδος,</span> 
     </span>
    </p>
   </div>
   <div class='ocr_carea' id='block_1_106' title="bbox 65 2710 868 2750">
    <p class='ocr_par' dir='ltr' id='par_1_106' title="bbox 65 2710 868 2750">
     <span class='ocr_line' id='line_1_106' title="bbox 65 2710 868 2750; baseline -0.007 -8"><span class='ocrx_word' id='word_1_843' title='bbox 65 2715 159 2750; x_wconf 68' lang='grc' dir='ltr'>ἤγουν</span> <span class='ocrx_word' id='word_1_844' title='bbox 189 2713 334 2749; x_wconf 79' lang='grc' dir='ltr'>δευτίραν,</span> <span class='ocrx_word' id='word_1_845' title='bbox 349 2712 502 2746; x_wconf 83' lang='grc' dir='ltr'>τετάρτην,</span> <span class='ocrx_word' id='word_1_846' title='bbox 517 2712 565 2738; x_wconf 79' lang='grc' dir='ltr'><strong>καὶ</strong></span> <span class='ocrx_word' id='word_1_847' title='bbox 577 2711 671 2746; x_wconf 72' lang='grc' dir='ltr'>ἕκτην,</span> <span class='ocrx_word' id='word_1_848' title='bbox 689 2711 760 2737; x_wconf 71' lang='grc' dir='ltr'>ποίει</span> <span class='ocrx_word' id='word_1_849' title='bbox 778 2710 868 2746; x_wconf 85' lang='grc' dir='ltr'>διηνε-</span> 
     </span>
    </p>
   </div>
   <div class='ocr_carea' id='block_1_107' title="bbox 65 2757 868 2795">
    <p class='ocr_par' dir='ltr' id='par_1_107' title="bbox 65 2757 868 2795">
     <span class='ocr_line' id='line_1_107' title="bbox 65 2757 868 2795; baseline -0.005 -7"><span class='ocrx_word' id='word_1_850' title='bbox 65 2761 126 2792; x_wconf 73' lang='grc' dir='ltr'><strong>κῶς</strong></span> <span class='ocrx_word' id='word_1_851' title='bbox 154 2761 286 2793; x_wconf 69' lang='grc' dir='ltr'>ιννάεας,</span> <span class='ocrx_word' id='word_1_852' title='bbox 311 2760 372 2795; x_wconf 77' lang='grc' dir='ltr'>ήτοι</span> <span class='ocrx_word' id='word_1_853' title='bbox 395 2758 470 2785; x_wconf 74' lang='grc' dir='ltr'>ἔσθιε</span> <span class='ocrx_word' id='word_1_854' title='bbox 499 2757 574 2791; x_wconf 72' lang='grc' dir='ltr'>ἅπαξ</span> <span class='ocrx_word' id='word_1_855' title='bbox 586 2757 637 2793; x_wconf 82' lang='grc' dir='ltr'>τῆς</span> <span class='ocrx_word' id='word_1_856' title='bbox 650 2758 767 2793; x_wconf 76' lang='grc' dir='ltr'>ἡμέρας,</span> <span class='ocrx_word' id='word_1_857' title='bbox 784 2764 868 2792; x_wconf 77' lang='grc' dir='ltr'>μετα-</span> 
     </span>
    </p>
   </div>
   <div class='ocr_carea' id='block_1_108' title="bbox 66 2802 870 2842">
    <p class='ocr_par' dir='ltr' id='par_1_108' title="bbox 66 2802 870 2842">
     <span class='ocr_line' id='line_1_108' title="bbox 66 2802 870 2842; baseline -0.002 -10"><span class='ocrx_word' id='word_1_858' title='bbox 66 2805 228 2842; x_wconf 75' lang='grc' dir='ltr'>λαμϐάνων</span> <span class='ocrx_word' id='word_1_859' title='bbox 244 2806 344 2841; x_wconf 72' lang='grc' dir='ltr'>ἄρτους</span> <span class='ocrx_word' id='word_1_860' title='bbox 354 2804 475 2839; x_wconf 84' lang='grc' dir='ltr'>οὐγγιῶν</span> <span class='ocrx_word' id='word_1_861' title='bbox 485 2802 516 2837; x_wconf 66' lang='grc' dir='ltr'><strong>ἓξ</strong></span> <span class='ocrx_word' id='word_1_862' title='bbox 530 2810 538 2819; x_wconf 88' lang='grc'><strong>·</strong></span> <span class='ocrx_word' id='word_1_863' title='bbox 555 2803 611 2831; x_wconf 80' lang='grc' dir='ltr'>ἀπὸ</span> <span class='ocrx_word' id='word_1_864' title='bbox 623 2803 678 2830; x_wconf 89' lang='grc' dir='ltr'><strong>τῶν</strong></span> <span class='ocrx_word' id='word_1_865' title='bbox 692 2803 870 2840; x_wconf 74' lang='grc' dir='ltr'>ξηροτρόφων</span> 
     </span>
    </p>
   </div>
   <div class='ocr_carea' id='block_1_109' title="bbox 66 2850 869 2894">
    <p class='ocr_par' dir='ltr' id='par_1_109' title="bbox 66 2850 869 2894">
     <span class='ocr_line' id='line_1_109' title="bbox 66 2850 869 2894; baseline -0.002 -15"><span class='ocrx_word' id='word_1_866' title='bbox 66 2853 222 2890; x_wconf 68' lang='grc' dir='ltr'>ὶγκρατῶς</span> <span class='ocrx_word' id='word_1_867' title='bbox 243 2853 291 2894; x_wconf 76' lang='grc' dir='ltr'><strong>τοῦ</strong></span> <span class='ocrx_word' id='word_1_868' title='bbox 310 2852 461 2889; x_wconf 80' lang='grc' dir='ltr'>ἀρκοῦντος</span> <span class='ocrx_word' id='word_1_869' title='bbox 473 2858 481 2866; x_wconf 66' lang='grc' dir='ltr'><em>υ</em></span> <span class='ocrx_word' id='word_1_870' title='bbox 500 2850 548 2878; x_wconf 85' lang='grc' dir='ltr'><strong>καὶ</strong></span> <span class='ocrx_word' id='word_1_871' title='bbox 571 2850 677 2887; x_wconf 73' lang='grc' dir='ltr'>ὕδατος,</span> <span class='ocrx_word' id='word_1_872' title='bbox 693 2850 744 2883; x_wconf 70' lang='grc' dir='ltr'><strong>ἕως</strong></span> <span class='ocrx_word' id='word_1_873' title='bbox 754 2850 837 2886; x_wconf 81' lang='grc' dir='ltr'>τριῶν</span> <span class='ocrx_word' id='word_1_874' title='bbox 852 2851 869 2886; x_wconf 83' lang='grc' dir='ltr'>ἦ</span> 
     </span>
    </p>
   </div>
   <div class='ocr_carea' id='block_1_110' title="bbox 917 2581 1707 2616">
    <p class='ocr_par' dir='ltr' id='par_1_110' title="bbox 917 2581 1707 2616">
     <span class='ocr_line' id='line_1_110' title="bbox 917 2581 1707 2616; baseline 0 -8"><span class='ocrx_word' id='word_1_875' title='bbox 917 2581 1052 2614; x_wconf 81' lang='lat' dir='ltr'><strong>Quomodo</strong></span> <span class='ocrx_word' id='word_1_876' title='bbox 1078 2586 1180 2616; x_wconf 78' lang='lat' dir='ltr'><strong>oportet</strong></span> <span class='ocrx_word' id='word_1_877' title='bbox 1202 2590 1260 2608; x_wconf 86' lang='lat' dir='ltr'><strong>eum</strong></span> <span class='ocrx_word' id='word_1_878' title='bbox 1289 2582 1333 2616; x_wconf 84' lang='lat' dir='ltr'><strong>qui</strong></span> <span class='ocrx_word' id='word_1_879' title='bbox 1362 2587 1461 2616; x_wconf 79' lang='lat' dir='ltr'><strong>pugnat</strong></span> <span class='ocrx_word' id='word_1_880' title='bbox 1492 2589 1518 2609; x_wconf 80' lang='lat' dir='ltr'><strong>et</strong></span> <span class='ocrx_word' id='word_1_881' title='bbox 1544 2581 1660 2610; x_wconf 71' lang='lat' dir='ltr'><strong>secunda</strong></span> <span class='ocrx_word' id='word_1_882' title='bbox 1680 2586 1707 2608; x_wconf 78' lang='lat' dir='ltr'><strong>et</strong></span> 
     </span>
    </p>
   </div>
   <div class='ocr_carea' id='block_1_111' title="bbox 1123 2618 1499 2652">
    <p class='ocr_par' dir='ltr' id='par_1_111' title="bbox 1123 2618 1499 2652">
     <span class='ocr_line' id='line_1_111' title="bbox 1123 2618 1499 2652; baseline 0.005 -10"><span class='ocrx_word' id='word_1_883' title='bbox 1123 2622 1219 2652; x_wconf 81' lang='lat' dir='ltr'><strong>quarta</strong></span> <span class='ocrx_word' id='word_1_884' title='bbox 1234 2623 1256 2643; x_wconf 85' lang='lat' dir='ltr'><strong>et</strong></span> <span class='ocrx_word' id='word_1_885' title='bbox 1275 2622 1348 2643; x_wconf 70' lang='lat' dir='ltr'><strong>sexta</strong></span> <span class='ocrx_word' id='word_1_886' title='bbox 1364 2618 1406 2643; x_wconf 82' lang='lat' dir='ltr'><strong>die</strong></span> <span class='ocrx_word' id='word_1_887' title='bbox 1425 2618 1499 2644; x_wconf 63' lang='lat' dir='ltr'><strong>reici.</strong></span> 
     </span>
    </p>
   </div>
   <div class='ocr_carea' id='block_1_112' title="bbox 952 2663 1709 2696">
    <p class='ocr_par' dir='ltr' id='par_1_112' title="bbox 952 2663 1709 2696">
     <span class='ocr_line' id='line_1_112' title="bbox 952 2663 1709 2696; baseline -0.005 -4"><span class='ocrx_word' id='word_1_888' title='bbox 952 2664 997 2692; x_wconf 75' lang='grc'><strong>51.</strong></span> <span class='ocrx_word' id='word_1_889' title='bbox 1012 2663 1113 2691; x_wconf 84' lang='lat' dir='ltr'><strong>Tribus</strong></span> <span class='ocrx_word' id='word_1_890' title='bbox 1130 2663 1308 2691; x_wconf 56' lang='lat' dir='ltr'><strong>hebdomadis</strong></span> <span class='ocrx_word' id='word_1_891' title='bbox 1325 2663 1350 2691; x_wconf 83' lang='lat' dir='ltr'><strong>di</strong></span> <span class='ocrx_word' id='word_1_892' title='bbox 1370 2663 1431 2696; x_wconf 88' lang='lat' dir='ltr'><strong>bus,</strong></span> <span class='ocrx_word' id='word_1_893' title='bbox 1448 2664 1554 2691; x_wconf 81' lang='lat' dir='ltr'><strong>scilicet</strong></span> <span class='ocrx_word' id='word_1_894' title='bbox 1575 2664 1709 2696; x_wconf 70' lang='lat' dir='ltr'><strong>secunda,</strong></span> 
     </span>
    </p>
   </div>
   <div class='ocr_carea' id='block_1_113' title="bbox 918 2709 1710 2746">
    <p class='ocr_par' dir='ltr' id='par_1_113' title="bbox 918 2709 1710 2746">
     <span class='ocr_line' id='line_1_113' title="bbox 918 2709 1710 2746; baseline -0.003 -8"><span class='ocrx_word' id='word_1_895' title='bbox 918 2715 1015 2746; x_wconf 83' lang='lat' dir='ltr'><strong>quarta</strong></span> <span class='ocrx_word' id='word_1_896' title='bbox 1025 2714 1053 2738; x_wconf 84' lang='lat' dir='ltr'><strong>et</strong></span> <span class='ocrx_word' id='word_1_897' title='bbox 1067 2715 1155 2744; x_wconf 82' lang='lat' dir='ltr'><strong>sexta,</strong></span> <span class='ocrx_word' id='word_1_898' title='bbox 1176 2718 1262 2737; x_wconf 85' lang='lat' dir='ltr'><strong>nonas</strong></span> <span class='ocrx_word' id='word_1_899' title='bbox 1280 2709 1322 2737; x_wconf 77' lang='lat' dir='ltr'><strong>fac</strong></span> <span class='ocrx_word' id='word_1_900' title='bbox 1333 2714 1478 2744; x_wconf 86' lang='lat' dir='ltr'><strong>perpetuo,</strong></span> <span class='ocrx_word' id='word_1_901' title='bbox 1501 2710 1527 2738; x_wconf 91' lang='lat' dir='ltr'><strong>id</strong></span> <span class='ocrx_word' id='word_1_902' title='bbox 1547 2715 1607 2743; x_wconf 83' lang='lat' dir='ltr'><strong>est,</strong></span> <span class='ocrx_word' id='word_1_903' title='bbox 1622 2709 1710 2736; x_wconf 67' lang='lat' dir='ltr'><strong>semet</strong></span> 
     </span>
    </p>
   </div>
   <div class='ocr_carea' id='block_1_114' title="bbox 920 2755 1711 2791">
    <p class='ocr_par' dir='ltr' id='par_1_114' title="bbox 920 2755 1711 2791">
     <span class='ocr_line' id='line_1_114' title="bbox 920 2755 1711 2791; baseline -0.003 -7"><span class='ocrx_word' id='word_1_904' title='bbox 920 2756 1045 2790; x_wconf 80' lang='lat' dir='ltr'><strong>comede,</strong></span> <span class='ocrx_word' id='word_1_905' title='bbox 1064 2763 1135 2791; x_wconf 84' lang='lat' dir='ltr'><strong>pane</strong></span> <span class='ocrx_word' id='word_1_906' title='bbox 1162 2762 1288 2788; x_wconf 89' lang='lat' dir='ltr'><strong>vescens,</strong></span> <span class='ocrx_word' id='word_1_907' title='bbox 1304 2763 1351 2783; x_wconf 86' lang='lat' dir='ltr'><strong>sex</strong></span> <span class='ocrx_word' id='word_1_908' title='bbox 1371 2755 1476 2789; x_wconf 83' lang='lat' dir='ltr'><strong>unciis;</strong></span> <span class='ocrx_word' id='word_1_909' title='bbox 1490 2763 1524 2782; x_wconf 83' lang='lat' dir='ltr'><strong>ex</strong></span> <span class='ocrx_word' id='word_1_910' title='bbox 1540 2756 1622 2784; x_wconf 83' lang='lat' dir='ltr'><strong>siccis</strong></span> <span class='ocrx_word' id='word_1_911' title='bbox 1636 2755 1711 2782; x_wconf 66' lang='lat' dir='ltr'><strong>cibis</strong></span> 
     </span>
    </p>
   </div>
   <div class='ocr_carea' id='block_1_115' title="bbox 920 2802 1710 2839">
    <p class='ocr_par' dir='ltr' id='par_1_115' title="bbox 920 2802 1710 2839">
     <span class='ocr_line' id='line_1_115' title="bbox 920 2802 1710 2839; baseline -0.005 -7"><span class='ocrx_word' id='word_1_912' title='bbox 920 2811 998 2832; x_wconf 84' lang='lat' dir='ltr'><strong>sume</strong></span> <span class='ocrx_word' id='word_1_913' title='bbox 1012 2804 1145 2839; x_wconf 84' lang='lat' dir='ltr'><strong>quantdm</strong></span> <span class='ocrx_word' id='word_1_914' title='bbox 1159 2803 1276 2831; x_wconf 86' lang='lat' dir='ltr'><strong>sutliciat</strong></span> <span class='ocrx_word' id='word_1_915' title='bbox 1288 2811 1296 2837; x_wconf 86' lang='lat'><strong>;</strong></span> <span class='ocrx_word' id='word_1_916' title='bbox 1309 2807 1336 2831; x_wconf 92' lang='lat' dir='ltr'><strong>et</strong></span> <span class='ocrx_word' id='word_1_917' title='bbox 1349 2809 1440 2837; x_wconf 63' lang='lat' dir='ltr'><strong>aqua,</strong></span> <span class='ocrx_word' id='word_1_918' title='bbox 1457 2802 1479 2830; x_wconf 85' lang='lat' dir='ltr'><strong>si</strong></span> <span class='ocrx_word' id='word_1_919' title='bbox 1494 2802 1575 2835; x_wconf 82' lang='lat' dir='ltr'><strong>velis,</strong></span> <span class='ocrx_word' id='word_1_920' title='bbox 1589 2807 1645 2830; x_wconf 87' lang='lat' dir='ltr'><strong>tres</strong></span> <span class='ocrx_word' id='word_1_921' title='bbox 1662 2808 1710 2829; x_wconf 79' lang='lat' dir='ltr'><strong>aut.</strong></span> 
     </span>
    </p>
   </div>
   <div class='ocr_carea' id='block_1_116' title="bbox 919 2849 1712 2887">
    <p class='ocr_par' dir='ltr' id='par_1_116' title="bbox 919 2849 1712 2887">
     <span class='ocr_line' id='line_1_116' title="bbox 919 2849 1712 2887; baseline -0.003 -9"><span class='ocrx_word' id='word_1_922' title='bbox 919 2856 1038 2887; x_wconf 87' lang='lat' dir='ltr'><strong>quatuor</strong></span> <span class='ocrx_word' id='word_1_923' title='bbox 1052 2849 1153 2879; x_wconf 81' lang='lat' dir='ltr'><strong>calices</strong></span> <span class='ocrx_word' id='word_1_924' title='bbox 1168 2849 1232 2879; x_wconf 85' lang='lat' dir='ltr'><strong>bibe</strong></span> <span class='ocrx_word' id='word_1_925' title='bbox 1243 2858 1252 2885; x_wconf 87' lang='lat'><strong>;</strong></span> <span class='ocrx_word' id='word_1_926' title='bbox 1272 2856 1404 2879; x_wconf 77' lang='lat' dir='ltr'><strong>cntionem</strong></span> <span class='ocrx_word' id='word_1_927' title='bbox 1418 2856 1537 2885; x_wconf 66' lang='lat' dir='ltr'><strong>sequens</strong></span> <span class='ocrx_word' id='word_1_928' title='bbox 1551 2853 1712 2878; x_wconf 58' lang='lat' dir='ltr'><strong>sanciun-</strong></span> 
     </span>
    </p>
   </div>
  </div>
