1925 3083
201 141 256 172 703

639 146 807 176 CALLISTI
828 147 874 176 ET
890 146 1035 181 iGNATl‘l
1051 147 1400 179 XANTHOPULORUM

1776 148 1830 180 ’ΖΜ

203 202 317 235 habens.
345 209 455 240 propter
479 205 595 240 vigiliam
612 205 639 233 [ο
657 211 740 237 lasse,
769 215 870 235 nonatn
891 208 991 234 solvas.

1048 207 1146 241 νύξεως
1159 215 1166 223 ⁸
1184 208 1275 242 μόνος,
1295 209 1312 243 ἢ
1331 209 1400 244 μετὰ
1416 208 1498 244 φίλης
1517 208 1564 236 καὶ
1588 209 1743 245 όμοτρόπου
1769 217 1834 235 συνι

203 247 261 276 lloc
277 250 349 277 enim
366 256 472 285 oportet
498 252 597 283 lat-ere.
621 258 647 278 et
678 252 743 280 illud
772 260 825 281 non
851 254 988 281 omittere.

204 295 392 323 “eiectionem
409 298 492 329 enim,
510 298 585 325 [inita
606 299 708 334 vigilia,
724 307 845 335 praesens
858 308 947 328 sermo
962 304 992 328 ut

206 341 290 367 lacias
307 341 481 376 praescripsit.

1045 254 1128 286 οδίας.
1145 255 1220 281 Ποίει
1235 255 1263 282 δὲ
1281 255 1327 282 καὶ
1351 255 1421 289 μετὰ
1437 254 1529 282 πᾶσάν
1545 263 1592 281 σου
1607 254 1775 289 ἀγρυπνίαν,
1791 263 1836 288 μι·

1047 300 1116 335 κρὰν
1132 301 1318 336 παράκλησιν,
1337 301 1381 328 διὰ
1397 302 1444 327 τὸν
1462 302 1495 328 ὲκ
1509 301 1559 336 τῆς
1581 301 1736 335 ἀγρυπνίας
1754 308 1836 333 γεγε-

1046 347 1166 381 νημένον
1185 347 1280 379 κόπον,
1293 347 1322 374 ἓν
1333 356 1362 374 τε
1381 348 1506 383 βρώμασι
1525 347 1572 373 καὶ
1587 347 1702 381 πόμασι,
1716 346 1788 373 κατὰ
1805 345 1837 371 τὸ

203 387 312 415 δεῖπνον
325 397 332 404 ·
353 390 438 424 ἧγουν
463 390 534 424 φάγε
555 391 637 426 ἄρτον
657 392 771 426 οὗγγίας
791 394 867 427 τρεῖς
881 401 888 407 ·
904 393 1053 429 παράθεμά
1068 403 1094 421 τι
1111 394 1288 430 ξηρότροφον,
1310 396 1341 422 τὸ
1357 396 1451 422 ἱκανόν
1467 404 1507 422 σοι
1521 404 1528 411 ·
1545 395 1592 422 πίε
1617 396 1663 422 καὶ
1691 393 1764 422 οἶνον
1783 397 1836 422 σὺν

207 437 296 468 ὕδατι,
315 437 433 472 ποτήρια
452 439 526 473 τρία.
546 432 617 474 Ὅρα
635 440 664 465 δὲ
681 441 719 475 μή
743 450 800 472 πως
819 442 860 471 εἰς
884 442 994 477 ἡμέραν
1016 442 1142 478 ὲννάτης,
1168 443 1237 478 ἔχων
1264 443 1429 478 ἀγρυπνίαν,
1449 443 1494 470 διὰ
1514 445 1564 478 τὴν
1582 443 1737 478 ἀγρυπνίαν
1753 443 1835 476 ἴσως,

208 485 364 521 καταλύσῃς
375 486 426 521 τὴν
444 488 572 522 ἐννάτην.
588 489 675 515 Τοῦτο
695 490 740 516 καὶ
756 490 811 524 γὰρ
832 491 873 517 δεῖ
887 491 1011 526 ποιῆσαι.
1025 491 1135 518 κάκεῖνο
1154 491 1192 527 μὴ
1207 492 1329 527 ἀφιέναι.
1342 492 1398 528 Τὴν
1419 492 1475 527 γὰρ
1489 492 1676 528 παράκλησιν,
1695 491 1837 519 τελεσθεί-

207 541 255 566 σης
270 533 320 566 τῆς
336 534 500 570 ἀγρυπνίας,
513 536 657 571 διωρίσατο
670 539 684 564 ό
697 539 776 572 λόγος
793 540 879 566 ποιεῖν
904 549 946 567 σε.

211 576 348 608 Quomodo
379 584 478 612 oportet
510 580 652 608 Dominiris
687 583 755 609 vesci
777 590 788 609 :
816 588 841 610 et
873 585 906 610 de
932 593 999 612 nort—

181 617 189 624 '
246 611 326 660 null/is
358 611 440 641 aliis:
472 615 507 641 ad
519 616 632 649 hoc,de
654 617 779 660 molestia.
819 623 844 646 et
886 611 999 648 humili-

246 651 313 674 tale.

244 704 289 731 5-4.
308 704 440 733 Similiter
452 711 478 734 et
499 706 648 736 Dominicis
665 709 794 738 omnibus
808 710 849 739 bis
862 718 911 747 per
924 713 998 740 diem

210 750 337 784 comede,
351 753 577 786 quemadmodum
590 759 616 782 et
634 755 761 784 Sabbalis
773 765 779 784 :
806 765 837 785 ea
853 763 943 786 autent
957 767 999 787 re-

212 795 273 828 gula
296 797 332 823 ita
360 797 436 824 ﬁrma
467 798 636 833 observetur,
665 801 769 836 absque
788 803 959 838 inﬁrmitate;
980 812 996 833 a

211 841 315 868 sanctis
326 842 397 869 euint
414 843 538 871 Patribus
552 845 578 871 lti
596 846 654 873 dies
663 848 785 875 concessi
794 853 858 876 sunt
867 854 894 877 et
905 850 999 884 soluti,

211 892 245 911 ex
260 885 340 922 longa
353 888 550 916 consuetudine
573 894 600 917 et
616 891 778 925 quibusdam
789 893 880 920 causis
901 901 1000 921 recen-

214 931 342 964 tioribus,
359 933 458 961 divinis
473 935 590 964 dicimus
605 941 651 964 aut
674 937 753 964 etiam
769 939 842 966 aliis.
867 937 914 967 His
927 940 999 967 enim
1015 932 1037 960 Β

212 976 311 1006 diebus
338 986 424 1013 neque
451 988 503 1007 una
521 984 625 1008 tantum
653 983 712 1011 vice
726 985 934 1019 manducamus,
954 993 1001 1013 ne-

212 1031 267 1057 que
298 1024 387 1052 siccos
402 1025 476 1053 cibos
504 1028 694 1057 comedimus:
724 1030 771 1057 sed
801 1031 892 1058 omnia
923 1031 1000 1059 utilia

213 1074 241 1095 et
257 1069 505 1105 irrepreltrnsibilia
523 1077 550 1100 et
561 1074 634 1101 olera
654 1075 804 1110 accipimus
819 1085 827 1104 :
844 1082 999 1112 temperan-

215 1120 257 1142 ter
271 1120 375 1149 tamen,
392 1123 418 1144 et
433 1126 494 1145 eum
511 1119 690 1148 dctermiuala
705 1123 874 1156 quantitate:
891 1132 1000 1160 semper

212 1161 285 1188 euitn
317 1162 449 1197 optimuut
466 1169 508 1191 est
535 1165 562 1192 in
577 1167 705 1195 omnibus
728 1172 911 1204 temperantes
927 1179 999 1199 esse.

212 1206 241 1233 lt
269 1209 458 1243 corporalibus
483 1211 554 1238 enim
574 1212 788 1246 inllrntitatibus,
823 1220 853 1243 ut
869 1216 1000 1249 diximus,

213 1261 267 1280 tton
297 1255 491 1284 erubescentes
505 1257 596 1285 omnia
620 1258 695 1286 utilia
714 1260 839 1294 accipere
852 1261 996 1295 debemus,

212 1305 239 1327 et
252 1308 313 1335 quae
327 1301 447 1336 legitime
461 1311 559 1338 corpus
574 1309 696 1332 nostrum
711 1307 848 1335 sustinere
863 1315 979 1343 possunt
992 1319 1000 1338 :

213 1345 391 1379 cupiditatum
408 1347 493 1380 enim,
509 1356 562 1376 non
581 1357 725 1388 corporum
742 1352 929 1383 interfectores
941 1363 1002 1384 esse

213 1392 297 1419 dit-ini
312 1391 407 1421 Patres
420 1401 470 1422 nos
495 1394 659 1426 docuerunt.
676 1397 808 1427 Similiter
824 1400 903 1429 decet
930 1406 955 1429 te
967 1410 1000 1430 ex

214 1437 343 1465 omnibus
360 1439 482 1471 statutis,
495 1448 555 1475 qua:
568 1449 664 1477 nempe
680 1451 711 1471 ca
726 1444 892 1480 indulgentia
908 1448 1001 1476 remit-

214 1487 318 1517 tuntur,
335 1486 474 1520 paululum
494 1487 649 1523 degustare,
663 1489 690 1517 in
707 1491 820 1525 gloriam
845 1492 893 1521 Dei
919 1499 946 1522 et
973 1495 1001 1523 in

215 1531 366 1564 gratiarum
388 1533 523 1561 actionem
545 1540 572 1562 et
603 1536 636 1563 ad
666 1536 805 1565 vitandam
835 1540 1000 1574 superbiam.

214 1576 351 1610 Quidquid
369 1583 459 1606 autent
483 1581 647 1614 superﬂuum
666 1587 706 1610 est
727 1584 849 1618 repellas.
873 1594 882 1611 ι
899 1585 999 1613 Rerum

214 1627 304 1648 autent
322 1624 444 1657 penuria,
463 1630 492 1651 ut
517 1625 606 1660 inquit
631 1633 742 1656 sanctus
766 1628 885 1662 lsaacus,
920 1631 1000 1659 docet

216 1667 355 1695 hominem
401 1670 517 1697 invitum
545 1679 578 1698 ac
629 1673 778 1706 nolentem,
818 1675 999 1704 sobrietatem

213 1720 341 1747 servare;
384 1716 522 1750 quoniam,
565 1725 626 1744 cum
661 1719 852 1747 abundantiam
888 1726 915 1749 et
954 1730 1000 1750 co-

213 1760 286 1794 piam
310 1768 404 1788 eorum
424 1762 585 1796 accipimus,
613 1772 664 1791 nos
688 1765 761 1800 ipsos
794 1767 930 1795 cohibere
945 1776 998 1796 non

212 1813 368 1839 possumus.
385 1806 424 1835 Nc
439 1809 610 1843 corporalettt
640 1812 762 1846 requiem
788 1812 1001 1848 diligas.Anima

217 1853 289 1880 enim
309 1861 371 1888 qua:
388 1853 472 1881 Deum
490 1856 588 1891 diligit,
599 1858 749 1885 secundum
765 1858 839 1893 pittm
865 1859 998 1894 isaacum,

213 1898 240 1924 itt
259 1897 311 1926 Deo
331 1901 390 1927 solo
404 1901 524 1935 requiem
538 1903 666 1936 possidet.
684 1912 694 1929 ι
727 1903 822 1932 Potius
850 1913 912 1934 vero
936 1914 998 1935 cutn

212 1945 306 1973 labore
331 1953 363 1973 ac
391 1947 514 1974 molestia
540 1952 567 1976 et
596 1948 773 1978 humilitatem
799 1951 877 1986 elige.
907 1952 1000 1980 Labor

211 1992 284 2019 enim
295 1997 322 2020 et
338 1993 488 2028 humilitas,
501 1999 530 2022 ut
540 1995 635 2023 scribit
644 1997 754 2032 quidam
770 2004 892 2033 sanctus,
905 1999 999 2029 Jesum

211 2040 359 2074 possident.

210 2096 350 2138 Quomodo
385 2103 485 2138 oportet
507 2099 590 2138 _ve_sci
627 2107 672 2133 per
705 2105 810 2128 sanctas
826 2101 995 2138 _Quadrage-

247 2133 340 2165 simas,
369 2142 400 2161 ae
421 2134 449 2160 in
471 2133 564 2168 primi;
588 2143 635 2169 per
662 2143 786 2171 magnam
817 2133 999 2173 Quadragin-

252 2175 334 2194 mam.

247 2222 292 2249 35.
303 2208 412 2251 Dea-ine
426 2232 523 2258 genere
534 2230 561 2252 et
573 2226 679 2258 ordine,
694 2233 742 2260 per
757 2215 863 2255 sanctas
875 2228 998 2262 Quadra-

1039 589 1136 621 Ὅπως
1147 587 1204 623 χρὴ
1219 587 1334 623 ἐσξθίειν
1349 586 1424 623 κατα
1435 585 1492 623 τὰς
1509 585 1676 623 Κυμιακὰς·
1692 584 1742 623 καὶ
1762 585 1834 618 περὶ

1075 619 1184 657 erebi.»
1196 619 1303 650 τινῶν·
1322 622 1398 656 πρὸς
1409 621 1454 653 δὲ,
1474 621 1526 648 καὶ
1540 621 1648 653 κόπου,
1664 619 1714 646 καί
1731 627 1833 646 ταπει-

1076 659 1194 691 νώσεως
1200 677 1206 685 .

1077 715 1126 742 λδ’.
1150 713 1268 749 Ὀμοίως
1282 714 1311 740 δὲ
1327 714 1379 741 κάν
1392 714 1451 745 ταῖς
1470 713 1625 746 Κυριακαϊς
1642 712 1772 743 ἁπάσαις,
1790 712 1833 744 δ’ὶς

1039 760 1113 789 ἔσθιε
1132 761 1183 795 τῆς
1198 759 1318 794 ἡμέρας,
1330 759 1425 792 ὥσπερ
1442 759 1475 794 δὴ
1490 758 1539 785 καὶ
1557 759 1586 785 ὲν
1600 759 1657 789 τοῖς
1675 758 1832 784 Σάόὅασιν·

1040 805 1111 841 αὕτη
1128 806 1158 833 δὲ
1173 806 1190 840 ὴ
1213 804 1391 838 διατύπωσις,
1409 804 1482 831 οὕτω
1503 803 1560 830 σῶα
1580 803 1729 838 τηρείειθω,
1746 803 1832 838 χωρὶς

1040 851 1201 883 ἀσθενείας·
1217 850 1262 878 ναὶ
1279 850 1332 885 μὴν
1357 850 1405 876 καὶ
1427 849 1482 876 τῶν
1505 851 1561 881 τοῖς
1587 849 1670 880 θείοις
1690 849 1833 884 Πατράσιν

1043 895 1295 931 ὲκκεχωρημένων,
1308 895 1357 922 καὶ
1366 894 1578 929 ἀπολελυμένων
1589 894 1691 921 ὡσανεὶ
1708 894 1835 929 ἡμερῶν,

1044 944 1076 970 ἐκ
1093 943 1203 978 μακρᾶς
1219 942 1376 976 συνηθείας,
1388 942 1436 968 καὶ
1450 941 1546 968 αἰτιῶν
1561 950 1641 967 τινων
1654 941 1834 975 καινοτέρων,

1042 989 1154 1022 ἐνθέων,
1171 988 1301 1024 φαμὲν,ῆ
1323 989 1369 1015 καὶ
1390 988 1530 1015 ὲναντίων.
1552 987 1597 1014 Ἐν
1618 988 1667 1023 μὲν
1686 987 1741 1022 γὰρ
1765 987 1835 1013 ταύ-

1042 1043 1123 1068 ταις,
1146 1034 1209 1061 oti-cs
1235 1034 1461 1070 μονοφαγοῦμεν,
1497 1033 1560 1060 οὔτε
1592 1034 1835 1069 ξηωτροφοῦμεν·

1043 1080 1113 1108 ἀλλὰ
1125 1080 1236 1107 πάντων
1250 1080 1305 1108 τῶν
1332 1080 1476 1115 χρησίμων
1495 1080 1543 1107 καὶ
1560 1080 1767 1115 ἀνεπιλήπτων,
1788 1081 1836 1106 καὶ

1043 1126 1168 1162 λαχάνων
1183 1125 1336 1161 μετέχομεν
1349 1135 1356 1142 ·
1371 1126 1514 1161 ἐγκρατῶς
1529 1128 1631 1161 μέντοι,
1645 1126 1691 1153 καὶ
1702 1126 1772 1160 μετά
1785 1126 1835 1160 τῆς

1043 1171 1224 1207 διορισθείσης
1238 1172 1389 1205 ποσότητος
1399 1179 1405 1186 '
1422 1173 1467 1199 ἀεὶ
1480 1172 1535 1207 γὰρ
1550 1172 1671 1207 ἄριστον,
1687 1173 1717 1199 τὸ
1733 1173 1763 1199 ὲν
1780 1173 1831 1199 πᾶ-

1045 1225 1088 1244 σιν
1103 1217 1330 1254 ὲγκρατεΰεσθαι.
1349 1217 1393 1244 Ἐν
1408 1217 1436 1244 δέ
1446 1226 1478 1252 γε
1490 1219 1552 1249 ταῖς
1565 1219 1737 1253 σωματικαῖς
1752 1219 1833 1244 ἀσθε-

1045 1264 1143 1297 νείαις,
1178 1263 1216 1296 ὥς
1240 1263 1367 1299 ἔφημεν,
1397 1264 1619 1299 άνερυθριάστως
1647 1265 1835 1300 μεταληπτέον

1045 1309 1175 1337 ἁπάντων
1190 1309 1245 1336 τῶν
1264 1309 1424 1345 χρησίμων,
1443 1310 1490 1336 καὶ
1505 1310 1692 1337 συνιστώντων
1707 1310 1737 1336 τὸ
1755 1311 1835 1344 σῶμα

1045 1355 1187 1391 νομίμων·
1224 1355 1409 1386 παθοκτόνους
1443 1356 1499 1391 γὰρ
1513 1376 1520 1387 ,
1554 1356 1585 1382 οὑ
1611 1357 1835 1391 σωματοκτόνους

1043 1402 1119 1438 ἡμᾶς
1131 1401 1277 1436 ὑπάρχειν,
1291 1402 1316 1428 οι
1330 1401 1398 1428 θεῖοι
1412 1402 1532 1437 Πατέρες
1546 1401 1679 1434 ἐδίδαξαν.
1696 1402 1835 1434 Ὡσαύτως

1045 1447 1119 1479 είκός
1137 1455 1179 1482 σε,
1195 1448 1242 1474 καὶ
1265 1447 1297 1474 ἐκ
1316 1447 1425 1475 πάντων
1439 1448 1495 1475 τῶν
1517 1448 1697 1482 δεδογμένων,
1713 1448 1835 1483 ἧτοιὸσσ

1045 1493 1152 1528 ἐφεῖται
1173 1493 1213 1529 τῷ
1233 1493 1437 1529 ἐπαγγέλματι,
1456 1496 1556 1529 μικρὸν
1578 1494 1775 1527 ἀπογεύεσθαι,
1795 1495 1836 1526 είς

1044 1539 1124 1571 δόξαν
1140 1539 1188 1567 καὶ
1209 1539 1387 1575 εὐχαριστίαν
1406 1539 1488 1572 Θεοῦ,
1504 1540 1551 1566 καὶ
1582 1540 1628 1566 διὰ
1653 1539 1684 1566 τὸ
1709 1539 1813 1574 ἄτυφον
1825 1547 1835 1555 ·

1044 1584 1219 1620 ἀποστρέφου
1233 1585 1262 1612 δὲ
1276 1586 1323 1612 καὶ
1336 1585 1369 1612 τὰ
1382 1585 1510 1621 περισσά.
1526 1594 1535 1611 ι
1557 1585 1588 1612 'H
1602 1586 1656 1620 γὰρ
1668 1586 1766 1617 σπάνις
1779 1585 1836 1612 τῶν

1045 1631 1228 1666 πραγμάτων,
1244 1631 1282 1662 ὣς
1301 1639 1384 1666 φησιν
1401 1632 1415 1657 ὁ
1431 1630 1511 1665 ἅγιος
1531 1631 1635 1664 Ἰσαὰκ,
1651 1632 1773 1658 διδάσκει
1789 1632 1836 1658 τὸν

1044 1674 1188 1710 ἄνθρωπον
1208 1675 1319 1708 ἄκοντα,
1344 1676 1392 1702 καὶ
1410 1676 1447 1711 μὴ
1463 1676 1634 1712 βουλόμενον,
1661 1677 1712 1710 τὴν
1732 1677 1836 1711 ἐγγρά-

1044 1721 1139 1754 τιιανλ·
1169 1720 1248 1754 ἐπεὶ,
1273 1721 1338 1748 ὅταν
1364 1721 1493 1757 εὐθηνίαν
1517 1723 1563 1748 καὶ
1590 1722 1683 1748 ἄδειαν
1707 1722 1835 1756 λάϐωμεν

1044 1763 1159 1797 τοῦτων,
1179 1764 1210 1791 οὐ
1225 1764 1365 1800 δυνάμεθα
1380 1766 1495 1797 ἑαυτοὺς
1511 1766 1647 1800 κατέχειν.
1670 1766 1836 1801 Σωματικὴν

1045 1809 1200 1838 ἀνάπαυσιν
1217 1810 1255 1845 μὴ
1282 1811 1442 1847 ἀγαπήσεις.
1469 1811 1551 1846 Ψυχὴ
1576 1811 1630 1846 γὰρ
1654 1812 1671 1846 ἡ
1696 1811 1743 1837 τὸν
1767 1812 1837 1838 Θεὸν

1045 1856 1195 1891 ἀγαπῶσα,
1213 1857 1286 1884 κατά
1300 1856 1346 1883 τὸν
1361 1857 1436 1883 ὅσιον
1449 1856 1531 1884 πάλιν
1554 1857 1658 1888 Ἰσαὰκ,
1675 1858 1704 1883 ὲν
1719 1857 1758 1891 τῷ
1775 1857 1837 1892 Θεῷ

1046 1903 1094 1930 καὶ
1110 1903 1183 1938 μόνῳ
1194 1902 1243 1938 τὴν
1256 1903 1412 1930 ἀνάπαυσιν
1426 1903 1569 1938 κέκτηται.
1586 1912 1595 1929 ι
1612 1903 1722 1930 Μᾶλλον
1739 1903 1772 1929 δδ
1787 1903 1838 1930 σὺν

1046 1949 1124 1984 κόπῳ
1144 1950 1191 1976 καὶ
1224 1949 1358 1984 κακουχίᾳ
1383 1949 1432 1976 καὶ
1458 1949 1489 1975 τὺ
1507 1949 1634 1976 ταπεινὸν
1656 1949 1782 1982 ὲκλέγου.
1806 1949 1838 1976 '0

1046 1995 1101 2030 γὰρ
1112 1995 1207 2026 κόπος,
1221 1995 1269 2022 καὶ
1287 1995 1303 2029 ὴ
1315 1995 1491 2028 ταπείνωσις,
1502 1995 1603 2031 γράφει
1615 2004 1657 2027 τις
1665 1994 1720 2022 τῶν
1733 1995 1837 2030 ἁγίων,

1045 2040 1165 2068 κτῶνται
1180 2041 1226 2067 τὺν
1250 2039 1365 2075 Ἰησοῦν.

1045 2096 1145 2128 Ὅπως
1158 2095 1207 2122 δεῖ
1221 2095 1389 2124 διαιτᾶσθαι
1401 2096 1450 2122 καὶ
1470 2095 1681 2130 πολιτεύεσθαι
1694 2096 1771 2123 κατὰ
1783 2096 1834 2130 τὰς

1078 2131 1166 2166 ἁγίας
1181 2130 1446 2166 Τεσσαρακοστὰς,
1461 2131 1511 2158 καὶ
1528 2129 1651 2165 μᾶλλον
1678 2131 1755 2158 κατὰ
1778 2129 1836 2166 τὴν

1075 2165 1223 2201 μεγάλην-

1077 2223 1125 2250 λε¹.
1143 2223 1212 2258 Περὶ
1228 2223 1257 2251 δέ
1274 2231 1306 2257 γε
1324 2223 1440 2258 διαίτης,
1454 2224 1519 2256 ἴσως
1531 2225 1579 2251 καὶ
1593 2223 1731 2255 πολιτείας
1741 2224 1793 2259 τῆς
1806 2224 1838 2250 ὲν

211 2268 330 2302 gesimas
342 2270 499 2303 sequendis,
512 2271 813 2306 superﬂuumdueimus
825 2275 952 2302 minutim
965 2284 997 2304 ac

1048 2270 1104 2301 ταῖς
1130 2270 1224 2304 ἁγίαις
1252 2270 1503 2305 Τεσσαρακοσταίς,
1531 2271 1661 2305 περισσὸν
1688 2269 1837 2306 ἡγούμεθα

211 2314 366 2348 specialiter
380 2315 529 2344 disserere.
548 2316 784 2348 Quemadmodum
800 2319 874 2347 enim
903 2322 999 2356 pratin-

209 2360 331 2386 dicatutn
348 2365 389 2388 est
407 2361 452 2387 tibi
468 2362 614 2390 vivendum
633 2371 695 2391 esse
717 2364 815 2393 diebus
830 2366 930 2401 quibus
949 2375 999 2396 no-

211 2415 261 2435 nas
288 2407 357 2434 facis
374 2428 381 2440 ,
409 2408 445 2435 ita
478 2413 506 2435 et
540 2409 587 2436 tibi
605 2411 713 2442 operari
747 2411 809 2438 licet
828 2420 876 2447 per
888 2420 997 2442 sanctas

210 2453 450 2487 Quadragcsimas,
460 2455 580 2489 exceptis
591 2455 719 2485 Sabbatis
727 2462 755 2484 et
767 2457 925 2487 Dominicis.
940 2460 998 2487 lttto

211 2506 287 2531 vero,
304 2499 326 2526 si
339 2500 467 2533 possibile
480 2505 534 2533 est,
547 2506 575 2528 et
599 2502 755 2530 accuratius
782 2509 809 2530 et
830 2504 995 2539 vigilantius,

210 2551 243 2570 ac
256 2545 391 2578 pra’cipuc
406 2552 454 2577 per
476 2549 596 2572 sanetam
623 2551 650 2572 et
664 2554 790 2581 magnam
817 2547 997 2584 Quadragesi.

211 2597 294 2620 tuam,
304 2589 404 2624 quippe
417 2597 476 2624 quae
489 2591 524 2618 sit
540 2592 623 2618 totius
645 2592 709 2618 anni
723 2593 878 2626 decintatio,
892 2599 919 2621 et
937 2603 996 2622 cer-

210 2634 342 2661 taminum
356 2642 402 2669 per
416 2634 523 2662 Domini
541 2635 663 2663 divinam
688 2642 715 2664 et
735 2637 867 2664 illustrent
896 2639 997 2667 Resur-

163 2672 180 2708 ”,
211 2681 341 2708 rectionis
355 2682 441 2714 diem,
470 2683 504 2711 iis
531 2684 577 2718 qui
590 2685 742 2712 secundum
759 2685 897 2714 Christum
923 2687 996 2715 vice-

209 2728 275 2761 rint,
293 2728 402 2763 pra-mia
430 2730 557 2764 praebeat.

208 2806 247 2834 Dr
270 2807 477 2847 dijttdieulione,
491 2809 518 2835 in
540 2811 638 2847 specie.
654 2815 679 2837 et
695 2810 764 2847 quod
789 2811 912 2839 mediaen‘
931 2820 993 2847 ope.

316 2843 415 2871 rationi
428 2852 478 2870 mm
492 2850 530 2871 est
544 2845 626 2871 ltounr
636 2854 646 2878 ;
658 2850 681 2872 et
692 2845 724 2872 de
733 2847 905 2881 subjectioue.

243 2910 288 2938 36.
315 2911 417 2940 Practer
444 2920 475 2941 ca
505 2913 594 2950 iisque
624 2915 722 2943 similia
749 2921 856 2950 oportet
878 2920 904 2946 te
925 2923 988 2946 cum

1043 2314 1221 2351 λεπτομερῶς
1249 2315 1297 2342 καὶ
1317 2314 1612 2351 ίδίωςδιερμηνεύειν.
1638 2316 1681 2347 Ὠς
1694 2315 1750 2350 γὰρ
1768 2324 1839 2351 προ·

1044 2360 1184 2395 διώρισται
1202 2360 1291 2386 τελεῖν
1305 2369 1346 2393 σε,
1368 2361 1397 2386 ὲν
1411 2359 1456 2392 αἶς
1470 2361 1590 2396 ἡμέραις
1605 2362 1691 2392 ποιεῖς
1706 2361 1836 2393 ἐννάτας,

1043 2405 1114 2433 οὕτω
1126 2405 1204 2440 θέμις
1217 2407 1264 2433 καὶ
1278 2407 1307 2433 ὲν
1318 2407 1379 2436 ταῖς
1388 2406 1481 2440 ἁγίαις
1494 2407 1734 2443 Τεσσαρακοσταίς
1750 2406 1838 2441 ἐργά-

1048 2453 1155 2485 ζεσθαι,
1177 2453 1248 2487 πλὴν
1272 2452 1327 2479 τῶν
1348 2452 1495 2479 Σασϐἀτων
1517 2453 1566 2479 καὶ
1590 2453 1645 2479 τῶν
1670 2451 1835 2487 Κυριακῶν.

1044 2497 1165 2530 Μᾶλλον,
1183 2497 1207 2523 εί
1224 2497 1347 2529 δυνατὸν,
1359 2497 1407 2523 καὶ
1420 2497 1626 2532 ἀκριϐέστερον,
1638 2498 1685 2524 καὶ
1696 2496 1839 2532 νηφαλιω-

1047 2547 1136 2574 τερον,
1161 2539 1208 2566 καὶ
1235 2539 1353 2572 μάλιστα
1383 2540 1455 2566 κατὰ
1481 2540 1532 2576 τὴν
1553 2542 1635 2575 ἁγίαν
1652 2543 1842 2580 mimum

1046 2584 1284 2620 Τεσσαρακοστὴν,
1303 2584 1340 2616 ὡς
1366 2584 1572 2614 ἀποδεκάτωσιν
1595 2585 1678 2614 οὖσαν
1699 2588 1749 2615 τοῦ
1772 2590 1839 2618 ὅλου

1046 2629 1180 2662 ἐνιαυτοῦ,
1193 2631 1241 2657 καὶ
1251 2631 1284 2657 τὰ
1296 2630 1411 2665 βραδεῖα
1421 2631 1476 2659 τῶν
1486 2633 1611 2667 ἀγώνων,
1620 2634 1664 2661 διὰ
1674 2634 1725 2669 τῆς
1734 2636 1840 2663 Δεσπο-

1044 2676 1123 2711 τικῆς
1137 2676 1183 2702 καὶ
1195 2676 1269 2708 θείας
1287 2677 1475 2712 ἀναστασίμου
1498 2679 1545 2706 καὶ
1557 2679 1754 2715 λαμπροφόρου
1768 2683 1840 2716 ἡμέ-

1046 2729 1106 2757 ρας,
1122 2722 1177 2753 τοῖς
1191 2721 1262 2748 κατά
1276 2722 1392 2757 Χριστὸν
1404 2723 1493 2759 Ἰησοῦ
1508 2726 1631 2760 νικηταῖς
1652 2727 1838 2762 παρέχουσαν.

1044 2789 1115 2824 Περὶ
1129 2789 1317 2829 διᾳκρίσξως,
1333 2790 1376 2829 ὠς
1396 2792 1433 2829 ἐν
1453 2794 1545 2827 μέρει,
1566 2794 1616 2820 καὶ
1632 2794 1676 2820 ὅτι
1691 2794 1729 2828 τῇ
1747 2795 1838 2829 ἐμμέ-

1080 2834 1137 2865 τρῳ
1150 2825 1293 2860 ἐργασίᾳ,
1315 2826 1384 2862 τιμὴ
1404 2825 1460 2854 οὐαὶ
1474 2825 1556 2855 ἔστι·
1578 2829 1628 2856 καὶ
1637 2825 1839 2863 περίῠάὸτα-

1081 2870 1148 2895 Τιίς-

1080 2918 1135 2952 λς’.
1149 2918 1222 2955 Πλὴν
1238 2919 1286 2947 καὶ
1300 2919 1396 2954 ταῦτα,
1411 2920 1458 2948 καὶ
1475 2920 1508 2948 τὰ
1522 2920 1626 2953 τούτοις
1641 2922 1837 2958 παραπλήσια,
