1925 3083
83 123 135 154 705

691 123 890 156 OPUSCULA
907 122 1086 153 ASCETICA
1093 144 1100 152 .
1112 135 1114 137 ν

1657 119 1710 152 τοσ

83 179 133 212 χρὴ
154 176 278 212 μετιέναι
307 185 336 202 σε
365 176 433 211 μετά
450 175 582 211 ἀκριδοῦς
608 174 781 212 διακρίσεως,
804 177 876 212 πρὸς

918 184 1039 206 accurata
1051 177 1247 213 diiudicationo
1269 176 1384 212 ingredi,
1399 177 1431 204 ad
1451 176 1568 213 duplicis
1585 179 1711 206 animati.

83 224 129 260 τὴν
140 223 187 250 τοῦ
201 222 294 250 διπλοῦ
303 222 374 255 ζώου
386 222 556 258 συμφωνίαν,
570 222 616 248 καὶ
631 222 771 257 εἰρηναίαν
787 223 873 249 κατά-

87 278 187 296 στασιν.
205 279 214 294 ι
224 269 302 296 Μετά
311 268 364 303 γὰρ
376 267 481 302 σοφίας,
491 267 583 302 φησὶν,
596 267 777 301 οἰκοδομεῖται
788 264 872 298 οἶκος·

86 314 127 340 καὶ.
144 314 213 348 μετὰ
231 313 367 344 συνέσεως
392 311 555 348 ἀνορθοῦται
567 320 573 328 ·
592 312 639 339 καὶ
658 312 811 346 αἰσθήσεως
822 313 873 346 ἐμ-

87 359 215 385 ululatur.
235 358 269 385 τὰ
282 357 396 392 ταμεϊα,
410 358 512 389 παντὸς
525 357 641 383 πλούτου
653 357 745 392 τιμίου
760 356 807 383 καὶ
822 364 873 383 κα-

85 405 139 432 λοῦ.
155 414 164 430 ι
181 405 284 441 Γράφει
296 404 324 430 δὲ
337 404 384 430 καὶ
398 405 412 430 ὁ
426 403 497 434 Baio;
518 403 672 434 Θαλάσσιος
684 411 691 418 ·
722 411 732 428 ‹
757 402 789 428 Ἡ
805 401 874 437 μετὰ

85 452 162 485 λόγου
171 451 341 485 εὐδιάκριτος
351 449 438 475 ἔνδεια
452 448 499 476 καὶ
511 448 648 483 στενότης,
659 447 786 483 βασιλική
799 448 875 473 ἐστιν

84 497 155 528 ὁδός·
180 496 251 523 ὥστε
278 496 292 521 ὁ
317 494 475 528 ἀδιάκριτος
498 494 692 528 ὑπωπιασμὺς,
778 492 875 526 ἄλογος

84 542 299 577 συγκαταϐασις,
312 540 459 575 ἀσύμφορά
473 540 553 570 εἰσιν,
563 539 600 569 ὡς
617 538 787 574 ἑκατέρωθεν
800 537 875 573 παρὰ

84 589 160 623 λόγον
173 587 314 622 γινόμενα.
332 595 341 611 ι
357 586 412 612 Καὶ
427 586 440 611 ὁ
453 585 525 615 ὅσιος
548 584 642 611 Ἰσαάκ
652 591 659 598 ·
677 592 687 609 (
708 583 825 610 Ἔπεται
840 583 874 618 τῇ

84 633 173 660 ἀνέσει
201 632 256 658 τῶν
281 631 415 666 μελῶν,ὴ
440 629 494 656 τῶν
519 627 659 664 λογισμῶν
686 627 815 659 ἔκστασις
828 627 875 654 καὶ

87 679 182 715 ,ρύρσις
195 687 202 694 ·
222 678 269 705 καὶ
296 678 329 712 τῇ
355 676 468 711 ἀμέτρῳ
485 674 612 710 ἐργασίᾳ,
631 673 750 709 ἀκηδία’
781 672 830 699 καὶ
841 673 874 708 τῇ

85 725 194 760 ἀκηδίᾳ,
209 724 337 754 ἔκστασις
347 731 353 736 ·
370 721 495 756 διαφέρει
505 721 533 747 δέ
548 721 678 751 ἔκστασις
703 719 874 750 ἐκστάσεως’

85 772 116 806 τῇ
132 771 183 805 μὲν
198 770 252 805 γὰρ
264 768 361 804 πρώτῃ
387 767 517 794 ἐκστάσει
536 766 633 792 ἕπεται
655 767 669 792 ὁ
684 765 802 800 πόλεμος
824 764 873 799 τῆς

85 816 212 852 πορνείας
223 824 230 832 ·
253 816 285 850 τῇ
300 814 327 841 δέ
342 814 467 849 δευτέρᾳ,
481 813 498 849 ἡ
515 811 561 839 τοῦ
589 811 655 838 ἰδίου
670 810 874 846 ήσυχαστηρίου

919 225 953 252 tis
974 223 1150 251 concordiam»
1166 227 1192 249 et
1203 222 1349 257 paciticum
1366 226 1477 250 statum.
1497 233 1505 249 ι
1524 223 1591 250 Cum
1601 225 1711 258 sapien-

916 270 953 298 tia
966 269 1050 301 enim,
1064 268 1163 303 inquit,
1176 267 1325 294 tediticatur
1343 267 1452 295 domus:
1484 272 1509 295 et
1527 276 1589 295 cum
1608 269 1711 296 intelli-

917 315 1006 350 gentia
1028 314 1199 342 instauratur
1215 321 1224 343 :
1239 318 1267 341 et
1291 321 1374 341 sensu
1407 314 1570 349 adimpletur
1582 315 1710 343 aerarium

915 361 1042 388 omnibus
1056 360 1159 388 divitiis
1177 360 1304 395 pretiosis
1323 365 1350 387 et
1366 359 1496 395 pulchris.
1514 370 1523 386 ι
1545 360 1645 388 Scribit
1660 370 1711 388 au~

917 411 970 434 tem
985 411 1013 434 et
1027 411 1139 434 sanctus
1153 405 1312 434 Thalassius
1331 414 1338 433 :
1359 415 1368 432 ι
1388 406 1454 433 Cum
1471 406 1576 434 ratione
1589 407 1708 435 discreta

916 452 1065 487 indigentia
1078 456 1105 479 et
1119 452 1306 486 angustia,via
1325 451 1396 487 regia
1413 457 1472 484 est;
1489 452 1525 479 ita
1542 457 1637 480 utnon
1653 454 1710 480 dis-

919 502 992 526 creta
1011 498 1149 533 sugillatio
1159 501 1186 524 et
1201 498 1400 525 irrationabilis
1426 498 1569 532 prudentia
1600 499 1708 526 inutiles
1721 532 1729 536 _

915 544 980 576 sint,
1002 548 1132 579 tanquam
1162 543 1290 577 utrinque
1305 548 1399 571 contra
1429 544 1562 571 rationem
1581 544 1668 571 factze.
1694 538 1732 575 ιζ’,

916 591 947 618 Et
957 591 1020 626 pius
1036 590 1112 617 Isaac
1126 597 1133 617 :
1147 599 1156 616 ε
1174 589 1303 625 Sequitur
1318 591 1502 617 membrorum
1518 591 1704 618 remissionem

916 637 1032 665 rationis
1046 637 1219 664 deordinatio
1233 640 1261 664 et
1288 636 1420 670 turbatio,
1445 641 1472 664 et
1497 636 1731 664 immoderatam'-

914 681 1100 716 operationem
1127 681 1233 714 acedia,
1265 686 1293 709 et
1317 682 1439 709 arediam
1471 682 1597 709 cxstasis.
1614 681 1707 709 Diii'ert

914 733 1004 755 autem
1021 727 1138 755 exstasis
1154 728 1187 755 ab
1206 728 1321 755 exstasi.
1348 727 1467 754 Primam
1486 727 1557 754 enim
1575 729 1707 755 exstasim

913 775 1038 810 sequitur
1073 773 1262 801 fornicationis
1297 773 1418 806 bellum,
1449 775 1597 801 secundani
1644 782 1708 802 vero

915 820 1018 855 proprii
1032 819 1164 847 domicilii
1187 819 1327 848 derelictio
1342 824 1370 847 et
1384 827 1400 846 a
1417 820 1478 846 loco
1498 820 1523 846 in
1548 820 1637 847 locum
1658 820 1708 847 mi-

86 861 255 895 κατάλειψις,
272 860 319 886 καὶ
330 859 384 886 ἀπὸ
392 859 477 886 τόπου
491 859 531 889 εἰς
542 859 624 884 τόπον
637 856 828 892 μετακίνησις
841 857 874 891 τῇ

918 866 1022 901 gratio;
1039 866 1183 893 moderata:
1197 869 1287 893 autem
1302 870 1329 893 et
1342 866 1475 901 patienter
1486 867 1591 894 duranti
1608 874 1705 900 opera~

85 907 112 933 δὲ
126 906 257 942 ἐμμέτρῳ
274 906 320 932 καὶ
334 904 471 935 ἐπιπόνως
484 905 650 939 διαμενούσῃ
665 902 795 938 ἐργασίᾳ,
809 901 875 937 τιμὴ

86 955 136 981 οὐκ
150 953 222 980 ἐστι’
241 952 344 979 τούτων
363 951 392 978 δέ
418 952 435 986 ἡ
453 950 566 986 μείωσις
591 949 650 984 μὲν,
675 947 807 983 πληθύνει
827 946 876 982 τὴν

85 1000 182 1035 ἡδονήν
193 1007 202 1016 ο
215 999 232 1034 ἠ
249 999 277 1025 δέ
287 997 416 1033 ἀμετρία,
428 996 480 1031 τὴν
493 995 633 1023 ἔκστασιν.
651 1003 662 1020 ι
679 993 733 1020 Καὶ
752 993 766 1019 ὁ
790 992 877 1028 μέγας

86 1046 231 1081 Μάξιμος·
262 1054 271 1070 ι
292 1044 338 1078 Μὴ
362 1043 427 1078 ὃλην
454 1043 504 1077 τὴν
524 1039 622 1076 σχολὴν
647 1039 712 1075 περὶ
723 1039 772 1073 τὴν
785 1038 876 1073 σάρκα

87 1094 149 1128 ἔχει
165 1091 223 1118 ἀλλ’
239 1091 331 1126 ’ὀρισον
346 1089 414 1124 αὐτῇ
435 1088 483 1123 τὴν
507 1087 578 1114 κατά
606 1086 720 1121 δύναμιν
743 1085 875 1118 ἄσκησιν

87 1138 134 1164 xai.
154 1137 214 1163 ὅλον
229 1136 275 1162 τὸν
302 1135 375 1167 νοῦν,
397 1134 463 1169 περὶ
487 1133 523 1160 τὰ
537 1132 611 1159 ἔνδον
635 1131 745 1167 τρέψον.
777 1130 809 1156 Ἦ
822 1128 877 1164 γὰρ

88 1182 232 1217 σωματικὴ
247 1180 386 1216 γυμνασία
396 1179 465 1213 πρὸς
480 1178 571 1212 ὀλίγον
582 1176 657 1204 ἐστὶν
674 1175 813 1210 ὠφέλιμος
823 1182 830 1189 ·
859 1174 876 1209 ἡ

87 1229 114 1254 δὲ
125 1227 251 1255 εὐσέϐεια
276 1225 344 1261 πρὸς
365 1226 466 1256 πάντα,
485 1223 531 1250 καὶ
546 1223 581 1250 τὰ
607 1222 672 1257 ἑξῆς
685 1230 692 1237 ·
707 1222 731 1248 εἰ
744 1221 773 1248 δέ
788 1229 846 1252 πως
858 1220 876 1255 ἡ

87 1274 137 1308 τῆς
154 1272 255 1307 σαρκὸς
276 1271 410 1305 πλάστιγξ
438 1269 575 1301 ἀνθέλκει,
602 1268 651 1297 καὶ
678 1268 816 1302 τυραννεῖ,
829 1266 877 1293 καὶ

89 1318 201 1354 βαρύνει
214 1317 264 1352 τὴν
275 1318 328 1352 τῆς
344 1316 434 1351 ψυχῆς
450 1315 616 1349 πλάστιγγα,
641 1314 710 1349 πρὸς
724 1313 810 1350 ῥοπὰς
829 1311 877 1339 καὶ

89 1366 210 1400 κινήσεις
235 1364 381 1395 ἀτάκτους,
410 1362 458 1388 καὶ
476 1359 665 1396 ψυχοφθόρους
693 1359 875 1390 καθέλκουσα,

88 1411 156 1438 καθὸ
169 1411 337 1445 γέγραπται,
352 1409 384 1435 Ἡ
396 1407 464 1443 σὰρξ
473 1407 602 1441 ἐπιθυμεῖ
615 1405 686 1433 κατὰ
697 1405 744 1432 τοῦ
757 1405 878 1439 πνεύμα-

87 1467 143 1490 τος,
161 1457 210 1484 καὶ
224 1457 255 1482 τὸ
266 1455 374 1490 πνεῦμα
391 1454 462 1481 κατά
475 1454 524 1488 τῆς
536 1451 648 1489 σαρκός.
671 1460 681 1478 ι
709 1451 780 1478 Ἀλλ’
796 1450 877 1482 αὐτὸς

88 1504 190 1538 ταύτην
203 1502 284 1538 κημῷ
293 1499 460 1536 ἐγκρατείας
470 1498 636 1535 χαλινώσας,
651 1497 800 1532 νέκρωσον,
824 1496 878 1527 ἕως

87 1551 120 1577 ἂν
134 1532 183 1577 καὶ
197 1532 320 1580 ἄκουσα,⁷
339 1532 449 1583 εὐήνιος
471 1532 608 1581 ἰγένηται·
626 1545 674 1572 καὶ
698 1544 821 1579 ὑποταγῇ
839 1532 896 1578 “pc

90 1596 237 1631 κρείττονι,
256 1593 432 1629 μεμνημένος
445 1591 493 1619 τοῦ
510 1591 629 1626 μεγάλου
641 1590 794 1626 φάσκοντος
806 1588 879 1616 Παύ-

88 1642 134 1669 λου
146 1649 154 1657 ·
170 1651 180 1668 ς
199 1641 283 1667 Ὅσον
293 1641 307 1666 ὁ
323 1639 377 1673 ἐξω
391 1639 470 1674 ἡμῶν
483 1637 627 1674 ἄνθρωπος
646 1635 799 1672 φθείρεται,
816 1644 878 1663 τοσ-

88 1687 192 1713 οῦτονό
206 1685 262 1712 εσω
284 1683 480 1711 ἀνακαινοῦται
508 1682 599 1718 ἡμέρᾳ
613 1682 646 1717 τῇ
666 1681 767 1717 ἡμέρᾳ.
789 1690 798 1706 ι
823 1680 879 1708 Καὶ

88 1732 136 1760 τοῦ
150 1732 229 1767 ἁγίου
248 1729 342 1758 Ἰσαάκ
354 1737 360 1744 ·
381 1738 390 1755 ι
410 1729 487 1755 Δίδου
499 1727 612 1754 σεαυτὸν
623 1726 768 1754 ἀποθανεῖν
781 1726 810 1752 ἐν
822 1725 878 1756 τοῖς

89 1779 274 1813 ἀγωνίσμασι,
298 1776 346 1803 καὶ
367 1775 404 1811 μὴ
421 1773 471 1810 ζῇν
493 1774 522 1800 ἐν
535 1772 664 1809 ἀμελείᾳο
685 1772 717 1798 οὺ
731 1771 810 1807 μόνον
823 1770 878 1806 γάρ

88 1826 114 1852 οἱ
125 1825 171 1852 διὰ
183 1823 232 1858 τὴν
246 1823 286 1854 εἰς
302 1821 419 1857 Χριστὸν
434 1819 526 1846 πίστιν
536 1819 680 1853 δεξάμενοι
695 1816 741 1844 τδν
752 1817 878 1849 θάνατον,

91 1869 231 1907 μάρτυρές
242 1870 322 1900 εἰσιν,
336 1866 404 1894 ἀλλά
417 1865 499 1893 καὶοὶ
511 1865 556 1891 διὰ
567 1864 617 1899 τὴν
630 1863 685 1890 τῶν
704 1861 819 1890 ἐντολῶν
830 1862 865 1888 αὑ

88 1917 137 1943 τοῦ
154 1917 270 1951 τήρησιν
285 1913 518 1948 ἀποθνήσκοντες.
541 1910 597 1937 Καὶ
611 1909 736 1945 κρεῖσσον
749 1908 816 1943 ἡμῖν
831 1907 880 1934 θά-

89 1970 170 1994 νατος
183 1962 211 1988 ἐν
224 1959 262 1996 τῷ
275 1958 372 1994 ἀγῶνι,
386 1958 404 1994 ἢ
421 1957 503 1992 ζῆσαι
518 1956 547 1982 ἐν
562 1953 776 1990 παραπτώματι.
795 1963 805 1980 ο
825 1952 880 1980 Καὶ

90 2007 146 2042 πρό
159 2015 192 2041 γε
208 2005 330 2037 πάντων,
361 2004 430 2040 μετὰ
454 2002 551 2038 βουλῆς
573 2001 622 2028 καὶ
636 2001 798 2036 ἐρωτήσεως
820 1998 878 2032 ἔσο,

89 2052 180 2080 πάντα
196 2051 281 2079 ποιῶν
292 2050 339 2077 τοῦ
355 2048 403 2076 σοῦ
415 2048 486 2076 κατὰ
500 2047 604 2082 Κύριον
619 2044 805 2081 πνευματικοῦ
820 2045 878 2071 Πα-

88 2098 166 2131 τρός.
181 2096 260 2123 Οὕτω
272 2095 336 2131 γὰρ,
350 2092 470 2129 Χριστοῦ
485 2093 587 2127 χάριτι,
605 2091 654 2118 καὶ
663 2091 697 2117 τὰ
716 2090 821 2125 ἐπαχθῆ
833 2090 879 2116 καὶ

89 2144 205 2178 ἀνάντη,
222 2142 322 2176 κοῦφα,
341 2141 390 2167 καὶ
402 2140 440 2171 ὼς
459 2138 530 2166 κατά
544 2137 664 2172 πρανοῦς
692 2137 783 2163 πεδίου
808 2136 879 2170 δόξει

89 2196 133 2214 σοι
151 2185 294 2222 φέρεσθαι.
313 2184 383 2211 Ἀλλ’
396 2182 538 2210 ἐπανιτέον
550 2181 612 2208 ὅθεν
623 2180 782 2216 ἐξήλθομεν.

89 2266 188 2298 Ὅπως
198 2264 242 2291 δεῖ
253 2264 307 2290 τὸν
322 2260 724 2298 ἀγωνιῶμενονγδιέρχειῖᾷαι
748 2260 782 2287 τὸ
805 2261 881 2298 μετᾲ

124 2301 161 2328 τὸ
176 2295 274 2334 γεῦμα
300 2295 369 2333 ᾶχρι
393 2295 509 2334 eodem
535 2296 624 2334 ἡλίου
647 2295 812 2334 διάστημας
829 2296 880 2334 καὶ

125 2336 171 2363 ὅτι
181 2330 406 2370 ὂεῖειῑιστέῧειν,
423 2332 503 2370 atqu
519 2331 580 2370 τὸν.
590 2332 695 2370 κόπον,
705 2332 765 2370 aut
782 2330 815 2356 τὸ
827 2330 880 2364 μὲ-

124 2378 198 2404 τρον
211 2369 267 2403 τῆς
281 2366 537 2404 ἐργασίαςνήμᾲῷγ,
551 2366 609 2404 τὴν
627 2366 686 2404 τῶς
698 2366 784 2393 θείων
796 2374 880 2400 χαρι-

127 2400 414 2440 ὁμάτωκίὸιαίπομὴν
425 2401 610 2429 ἐκιδίδοσθαι
625 2400 704 2435 ἡμῖν.

113 2478 169 2510 λζ’.
183 2476 262 2505 Μετὰ
276 2476 305 2503 δέ
322 2484 354 2510 γε
367 2475 398 2502 τὸ
409 2474 557 2511 ἀριστῆσαι
573 2472 611 2505 ὡς
621 2473 663 2500 δεῖ
680 2472 727 2499 τὸν
740 2469 873 2506 ἀγωνιξό-

82 2533 179 2559 μενον,
196 2523 268 2550 κατά
280 2522 328 2549 τὸν
352 2520 498 2548 θεσπέσιον
516 2519 633 2552 Παῦλον,
651 2517 814 2550 κελεύοντα,
833 2517 874 2544 ὅτι

80 2568 311 2604 ὁάγωνιζόμενος
330 2567 420 2594 πάντα
434 2564 642 2600 ἐγκρατεύεται,
661 2562 798 2597 ἀνάγνωθι
809 2561 874 2589 καθ-

84 2617 99 2650 ή
104 2623 199 2651 μενος,
215 2615 244 2641 ἐν
256 2614 313 2645 τοῖς
330 2613 472 2648 νηπτικοῖς
483 2610 596 2638 τοπλέον
614 2609 815 2644 συγγράμμασι
822 2607 875 2634 τῶν

83 2661 228 2696 Πατέρων,
244 2659 355 2690 ίκανῶς.
375 2657 432 2684 Καὶ
444 2657 537 2684 ἔκτοτε
552 2655 700 2690 κοιμήθητι
710 2654 783 2689 ὥραν
801 2652 876 2688 μίαν,

83 2708 168 2742 εἰπερ
182 2707 250 2734 εἰσιν
265 2707 292 2733 al
309 2705 411 2741 ἡμέραι
428 2703 556 2739 μεγάλαι.
573 2699 631 2728 Εἶθ’
644 2701 729 2732 οὕτως
747 2699 876 2732 ἀναστὰς,

86 2753 188 2788 μικρὸν
202 2751 407 2787 ἐργοχείρησον,
429 2749 539 2785 κρατῶν
554 2748 601 2776 καὶ
625 2747 673 2780 τὴν
689 2747 780 2781 εὐχήν.
800 2745 877 2772 Μετὰ

145 2834 169 2851 ’θ
179 2833 202 2860 ιι
215 2832 281 2861 Cor.
291 2839 329 2867 tv,
351 2830 396 2860 i6.

882 2203 906 2234 D

915 913 981 939 tioni
999 919 1051 940 non
1063 916 1104 939 est
1121 912 1220 945 honor,
1235 919 1330 939 eorum
1341 917 1432 939 autem
1448 912 1623 940 mcdlocritas
1639 913 1706 940 la‘ti-

915 957 978 985 tiam
996 958 1130 993 adauget;
1143 958 1353 986 immoderantia
1372 965 1437 986 vero
1448 958 1634 986 exstasim.Et
1647 966 1705 985 ma-

913 1010 983 1039 gnus
997 1002 1151 1032 Maximus:
1165 1013 1176 1030 ι
1195 1003 1235 1031 Ne
1249 1011 1329 1031 omne
1357 1008 1463 1039 tempus
1477 1004 1503 1030 in
1517 1011 1625 1031 carnem
1653 1004 1706 1030 int-

913 1049 1027 1084 pendas,
1036 1049 1082 1076 sed
1091 1049 1115 1077 ei
1127 1049 1224 1077 adhibe
1236 1057 1285 1084 pro
1297 1049 1400 1077 viribus
1412 1049 1570 1079 exercitium
1580 1055 1605 1076 et
1621 1054 1704 1077 totam

914 1100 1032 1133 mentem
1064 1095 1093 1122 in
1121 1095 1254 1123 interiora
1274 1099 1432 1123 convertas.
1459 1095 1605 1130 Corporale
1633 1096 1705 1123 enim

912 1140 1075 1169 exercitium
1091 1149 1145 1169 non
1161 1142 1239 1170 valde
1249 1146 1292 1170 est
1306 1141 1383 1169 utile:
1399 1142 1487 1177 pietas
1502 1142 1536 1169 ad
1554 1142 1658 1175 omnia,
1679 1148 1706 1169 et

913 1191 1024 1215 caetera.
1039 1187 1067 1215 Si
1080 1192 1171 1215 autem
1196 1187 1400 1223 quodammodo
1416 1188 1509 1216 carnis
1534 1195 1601 1214 cura
1615 1192 1702 1214 attra-

913 1233 954 1260 hit
968 1238 995 1261 et
1011 1234 1153 1270 tyrannica
1181 1241 1276 1262 curam
1302 1235 1401 1262 anima!
1425 1234 1505 1270 regit,
1525 1241 1641 1268 eantque
1656 1241 1705 1268 ag.

913 1283 1007 1314 gravat
1017 1279 1051 1307 ad
1076 1280 1247 1308 inordinatos
1270 1285 1362 1308 motus
1376 1284 1403 1307 et
1420 1280 1517 1308 animat
1538 1280 1637 1308 noxios
1664 1280 1704 1307 in-

912 1326 1012 1358 citans.
1029 1329 1059 1354 ut
1070 1327 1201 1362 scriptum
1216 1331 1259 1355 est
1273 1335 1281 1355 :
1299 1327 1370 1355 Caro
1393 1327 1561 1362 concupiscit
1573 1327 1704 1354 adversus

912 1372 1049 1407 spiritum,
1079 1378 1106 1400 et
1140 1373 1252 1408 spiritus
1271 1373 1404 1401 adversus
1434 1380 1565 1407 carnem;
1582 1373 1629 1401 sed
1645 1374 1704 1409 ipsa

912 1423 971 1444 eam
989 1417 1169 1452 temperantia
1194 1417 1315 1450 frenans,
1329 1418 1424 1446 occide
1449 1417 1627 1453 quoadusque
1660 1417 1702 1445 vel

912 1463 996 1490 invita
1011 1463 1107 1491 docilis
1119 1463 1190 1491 facta
1206 1463 1288 1491 fuerit
1304 1483 1312 1497 ,
1328 1469 1355 1491 et
1381 1464 1486 1492 meliori
1512 1464 1631 1495 obcdiat.
1660 1472 1704 1491 rc-

912 1511 1039 1538 cordatus
1053 1518 1147 1537 eorum
1166 1517 1226 1546 quae
1245 1518 1358 1546 magnus
1369 1511 1469 1538 Paulus
1482 1511 1586 1538 dictitat
1602 1518 1611 1538 :
1628 1511 1703 1543 «Quo

914 1557 1002 1591 magis
1032 1557 1150 1584 exterior
1167 1557 1249 1584 homo
1263 1562 1355 1585 noster
1371 1558 1568 1591 corrumpitur,
1584 1564 1617 1584 eo
1645 1564 1703 1583 ma-

914 1603 955 1639 gis
971 1603 1084 1631 interior
1099 1608 1248 1631 renovatur
1258 1603 1346 1639 de.die
1364 1604 1391 1630 in
1405 1604 1476 1631 dicm
1489 1603 1523 1630 ".
1542 1613 1554 1634 p
1586 1603 1618 1629 Et
1640 1610 1703 1631 san-

913 1656 974 1679 ctus
990 1651 1080 1678 Isaac:
1098 1649 1168 1678 «Fac
1181 1655 1206 1678 te
1217 1652 1305 1686 ipsum
1317 1651 1344 1678 in
1354 1650 1549 1679 certaminibus
1562 1651 1642 1685 mori,
1655 1659 1702 1679 ne-

915 1705 968 1732 que
989 1698 1015 1724 in
1027 1697 1132 1725 incuria
1149 1697 1315 1730 vivere;non
1324 1697 1397 1725 enim
1410 1702 1516 1725 tantum
1538 1698 1618 1733 ii,qui
1638 1706 1702 1733 pro-

913 1749 972 1779 pter
983 1744 1085 1772 Christi
1100 1744 1179 1772 tidem
1194 1748 1306 1771 mortem
1322 1751 1462 1778 accepere,
1474 1749 1607 1780 martyres
1626 1749 1701 1777 sunt,

915 1794 963 1820 sed
983 1797 1009 1819 et
1027 1792 1074 1826 qui
1102 1795 1213 1825 propter
1239 1791 1427 1818 mandatorum
1451 1790 1511 1825 ejus
1534 1792 1702 1818 observatio-

913 1847 974 1866 nem
997 1839 1160 1864 moriuntur.
1174 1836 1207 1864 Et
1214 1837 1305 1870 potius
1316 1836 1394 1863 nobis
1405 1841 1445 1863 est
1456 1836 1619 1863 deeertando
1629 1838 1698 1864 mori

914 1891 998 1919 quam
1012 1883 1136 1910 cadendo
1152 1882 1254 1909 vivere.
1273 1891 1282 1908 ι
1293 1882 1327 1909 Ει
1344 1888 1407 1910 ante
1421 1883 1512 1910 omnia
1527 1890 1588 1910 rum
1612 1885 1701 1911 consi-

913 1930 949 1957 lio
970 1935 997 1957 et
1009 1929 1219 1963 interrogatione
1233 1932 1303 1960 esto,
1319 1928 1409 1955 omnia
1424 1928 1526 1955 iaciens
1561 1936 1621 1962 qua:
1652 1929 1701 1958 tibi

915 1977 1109 2011 prmscripserit
1123 1976 1204 2002 Pater
1220 1979 1283 2001 tuus
1292 1975 1450 2009 spiritualis.
1461 1975 1499 2000 lta
1507 1974 1700 2007 enim,Christi

914 2022 1010 2058 gratia,
1023 2027 1050 2049 et
1064 2022 1158 2049 odiosa
1182 2025 1210 2048 et
1236 2021 1351 2055 ingrata,
1368 2020 1435 2047 levia
1445 2020 1520 2053 ticnt,
1531 2026 1557 2048 ct
1573 2026 1699 2055 tanquam

914 2071 992 2105 plano
1019 2069 1114 2096 itinere
1129 2068 1177 2095 tibi
1200 2067 1333 2095 videbitur
1356 2067 1432 2095 ferri.
1449 2066 1501 2094 Sed
1532 2068 1699 2096 redeundum

914 2116 986 2144 unde
1000 2114 1147 2143 exivimus.

1731 2233 1741 2246 Α

916 2253 1053 2287 Quomodo
1075 2255 1176 2287 oportet
1206 2252 1347 2287 certantem
1371 2252 1471 2280 tempus
1498 2248 1612 2287 transire
1626 2248 1695 2283 quod
1732 2247 1743 2264 ε’

951 2294 988 2315 est
1004 2290 1072 2314 inter
1082 2283 1222 2321 prandium
1237 2291 1259 2321 ει
1273 2284 1336 2310 solis
1347 2291 1467 2310 cerasum
1478 2291 1487 2315 ;
1498 2289 1521 2309 et
1537 2283 1605 2317 quod
1618 2291 1698 2317 opor-

953 2328 987 2350 tet
1014 2319 1118 2349 credere
1148 2321 1175 2347 in
1205 2319 1292 2346 labore
1310 2322 1334 2345 ιι
1353 2326 1477 2345 mensura
1489 2324 1587 2345 nasute
1603 2326 1698 2352 opera-

954 2358 1032 2384 tionis
1058 2357 1205 2383 divinorum
1229 2357 1359 2380 donorum
1381 2353 1603 2387 perseverantiam
1622 2353 1696 2380 nobis

956 2399 1106 2419 concessam
1121 2399 1188 2417 εσσε.

955 2460 1001 2487 57.
1023 2459 1085 2486 Post
1098 2456 1240 2492 prandium
1256 2460 1346 2482 autem
1362 2454 1499 2489 quomodo
1513 2458 1618 2488 oportet
1637 2461 1698 2481 cer-

920 2511 1021 2534 tantem
1040 2505 1141 2535 vivere,
1161 2501 1312 2529 secuuduut
1333 2499 1454 2526 divinum
1473 2499 1587 2525 Paulum
1597 2499 1699 2526 docen-

921 2557 985 2583 tem,
1010 2557 1070 2577 eum
1090 2548 1136 2583 qui
1160 2551 1256 2579 certat,
1275 2546 1364 2573 omnia
1383 2546 1501 2576 vincere,
1519 2545 1576 2578 lege
1591 2545 1700 2577 sedens,

920 2597 1082 2632 plerumque
1097 2594 1125 2620 in
1144 2591 1270 2620 ascetieis
1285 2590 1395 2618 Patrum
1420 2589 1497 2616 libris
1522 2589 1698 2616 suliit-ienter.

920 2643 959 2670 Ac
983 2641 1079 2668 deinde
1102 2645 1183 2665 unam
1200 2637 1294 2664 horam
1310 2636 1407 2668 dormi,
1424 2636 1448 2662 si
1467 2636 1536 2670 longi
1555 2635 1610 2662 sint
1631 2635 1701 2662 dies.

923 2688 1024 2716 Deinde
1038 2693 1148 2713 rursum
1168 2690 1294 2718 surgens,
1308 2681 1417 2717 paulum
1434 2681 1560 2709 manibus
1578 2688 1701 2716 operare,

923 2734 1074 2762 orationem
1097 2738 1205 2766 quoque
1231 2735 1377 2763 otcupans.
1396 2727 1493 2755 Postea
1519 2734 1583 2755 vero
1609 2727 1702 2759 adora,
