1925 3083
216 105 267 139 ’111

633 103 804 136 CALLISTI
826 101 873 131 ΕΤ
896 99 1042 131 IGNATlI
1074 97 1417 134 XANTHOPULORU)!

1785 92 1837 125 ’Ξίῖ

215 168 320 195 lnl'antc
334 167 448 194 lactente
464 167 497 193 ad
519 166 607 193 virum
628 168 778 199 perlectum
807 165 995 197 pervcntas.in
1015 186 1018 192 ι

1059 159 1206 194 ampliﬁcat
1223 158 1262 188 εις
1273 157 1303 182 τὸ
1318 154 1518 190 προσευχεσθαι
1534 155 1562 181 ἓν
1579 149 1694 187 καρδίᾳ,
1709 149 1839 199 καθαρῶς

215 217 373 238 mensurlm
387 210 476 238 aetatis
490 209 667 244 plenitudinis
682 209 796 242 Christi,
813 215 840 237 et
853 218 916 238 cum
930 209 1001 237 ﬁdeli

214 263 246 283 ac
258 255 386 290 prudenti
401 262 479 283 servo
491 255 686 282 beatitudinem
702 259 730 282 et
758 263 887 283 coronam
904 263 1001 283 consc-

214 301 495 337 quaris,utdirigetts
510 302 536 328 in
548 300 652 336 judicio
675 308 816 329 Sermones
834 305 907 333 tuos;
929 309 1005 328 nctn-

217 356 250 382 pe
262 347 412 375 secundum
437 347 571 374 rationem
594 354 687 381 agens,
721 347 793 374 unde
820 354 874 374 non
900 352 1005 382 pertur-

218 394 290 421 beris
321 394 348 420 in
380 393 523 424 sacculum,
552 393 782 426 quemadmodum
802 393 836 420 de
856 401 889 420 co
910 393 1005 420 scribit

204 444 328 475 sanctus
346 438 498 471 Philemon,
525 438 562 465 ita
576 447 584 466 :
599 447 609 464 ι
627 438 732 471 Frater,
759 439 818 466 sive
842 444 932 471 nocte,
947 439 1004 466 sive

180 519 182 522 _
216 485 271 516 die,
284 484 413 518 dignatus
425 484 478 512 erit
495 490 520 512 te
540 484 610 511 Deus
621 491 700 511 orare
715 489 806 511 mente
817 491 883 518 pura
902 484 1007 519 absque

181 530 184 552 l
216 530 407 561 distractione,
420 538 453 557 ne
467 530 582 565 propria:
603 535 656 557 tuae
669 530 768 564 regula:
784 530 944 562 adhereas;
958 530 1005 558 sed

181 590 184 595 ι
216 581 348 610 quantum
361 577 408 602 tibi
427 576 529 608 licebit,
548 575 633 603 nitere
647 583 709 603 Clllll
727 576 781 604 Deo
797 576 870 603 uniri
885 585 893 609 ;
911 581 938 604 et
950 577 1007 611 ipse

216 630 265 650 cot-
280 626 356 649 tuum
377 622 540 649 illuminabit
561 622 595 649 de
628 622 753 649 Oratione
769 623 914 657 spirituali.
939 631 949 648 ι
975 622 1008 650 Et

217 669 328 703 quidam
338 676 371 695 ex
379 669 480 695 sanctis
496 676 503 694 :
521 677 531 694 ‹
546 667 574 696 Si
586 669 626 696 vis
637 669 664 695 in
682 675 797 703 corpore
807 673 934 703 tanquam
948 669 1007 696 sine

216 720 332 748 corpore
346 713 400 740 Deo
411 713 526 746 servire,
545 713 747 740 indesinenter“
771 714 922 741 orationem
947 720 1009 748 pns-

218 758 276 786 sidc
288 763 393 786 secreto
402 759 427 786 in
442 759 524 786 corde
537 763 594 791 tuo,
609 764 637 786 et
651 763 716 786 ante
729 763 844 786 mortem
857 759 903 787 ﬂet.
918 759 1007 786 anima

219 810 265 833 tua
278 805 356 840 quasi
374 806 495 839 angelus.
512 814 521 831 ι
540 805 575 832 lis
594 809 776 833 consentanea
788 806 883 834 scribit
897 811 1008 834 sanctus

219 852 302 878 Isaac.
317 850 502 885 Interrogatus
523 851 594 878 enim
613 853 648 879 ab
668 851 760 886 aliquo
786 852 922 886 quodnam
936 857 1008 880 esset

1049 202 1096 227 καὶ
1112 200 1326 236 ἀρῤεμϐαστως·
1341 199 1374 225 ἵν’
1390 198 1486 230 οὕτως,
1501 199 1537 229 ὡς
1549 198 1582 224 ἐκ
1597 197 1695 232 νηπίου
1705 195 1837 230 θηλάξον-

1049 255 1105 279 τος,
1122 244 1261 281 προκόψῃς
1277 245 1316 275 είς
1329 243 1412 278 ἄνδρα
1428 243 1529 269 τέλειον
1540 249 1546 256 ·
1560 242 1600 272 εἰς
1617 240 1716 275 μέτρον
1728 239 1838 274 ἡλικίας

1050 293 1096 320 τοῦ
1115 291 1298 326 πληρώματος
1315 290 1360 316 τοῦ
1379 289 1508 325 Χριστοῦ,
1524 289 1571 314 καὶ
1589 287 1656 322 μετὰ
1674 286 1721 312 τοῦ
1739 285 1836 311 πιστοῦ

1049 337 1192 372 οίκονόμου
1209 337 1256 363 καὶ
1287 336 1429 371 φρονίμου,
1453 333 1500 361 τοῦ
1521 332 1698 368 μακαρισμοῦ
1727 331 1838 365 καὶτῆς

1050 383 1228 419 ἀναρρήσεως
1245 381 1384 417 ἐπιτύχῃς,
1402 379 1439 411 ὡς
1458 378 1607 413 οἰκονομῶν
1623 378 1651 404 ὲν
1667 378 1757 412 κρίσει
1775 377 1838 407 τοὺς

1052 430 1115 461 σοὺς
1126 429 1221 463 λόγους
1231 437 1238 444 ·
1255 428 1338 463 ἤγουν
1363 426 1435 452 κατὰ
1448 425 1527 458 λόγον
1543 424 1761 458 πολιτευόμενος.
1776 423 1838 449 ὅθεν

1051 477 1098 504 καὶ
1112 477 1142 502 οὐ
1159 475 1311 510 σαλευθήσῃ
1331 474 1370 505 είς
1387 472 1432 499 τὸν
1448 471 1545 504 αίῶνα,
1560 469 1651 502 καθὼς
1662 469 1727 504 περὶ
1741 468 1838 495 τούτου

1051 524 1152 560 γράφει
1166 524 1180 549 ὁ
1195 521 1271 555 ἆγιος
1286 520 1422 555 Φιλήμων,
1438 518 1542 549 οὕτως’
1559 526 1568 543 ι
1591 516 1712 549 Ἀδελφὲ,
1729 516 1784 541 εἴτε
1810 516 1839 541 ὲν

1052 571 1141 602 νυκτὶ,
1166 569 1221 595 εἴτε
1239 568 1267 594 ὲν
1285 567 1386 602 ἡμέρα,
1412 563 1522 598 ἀξιώσει
1540 572 1569 590 σε
1595 564 1608 589 ὕ
1627 562 1693 593 Θεὸς
1709 561 1839 596 καθαρῶς

1052 616 1091 651 τῷ
1104 614 1143 642 νοῒ
1160 612 1360 650 προσεύξασθαι
1375 610 1598 646 ἀπερισπάστως,
1610 608 1648 644 μὴ
1664 608 1787 643 πρόσχῃς
1799 607 1839 642 τῷ

1054 661 1111 697 ἰδίῳ
1125 661 1217 688 κανόνι
1230 668 1237 676 ·
1251 659 1307 686 ἀλλ’
1320 659 1369 693 ὅση
1383 666 1423 684 σοι
1436 656 1550 691 δύναμις
1562 654 1718 682 ὲπεκτείνου
1730 653 1769 688 τῷ
1780 653 1840 688 Θεῷ

1053 707 1221 742 κολλώμενος
1238 714 1245 722 ·
1274 705 1322 732 καὶ
1339 704 1419 735 αὐτὸς
1442 702 1555 738 φωτίζει
1578 701 1627 736 τὴν
1649 700 1763 735 καρδίαν
1793 707 1840 726 σου

1053 754 1117 789 περὶ
1125 752 1255 788 ἐργασίας
1267 749 1465 785 πνευματικῆς.
1480 758 1489 774 ι
1501 747 1554 776 Καί
1564 756 1606 779 τις
1619 746 1674 773 τῶν
1685 745 1822 779 θεοσόφων
1832 752 1839 760 ·

1056 809 1066 827 ι
1084 801 1115 827 Et
1129 800 1217 831 θέλεις
1230 800 1258 825 ὲν
1271 798 1376 832 σώματι
1387 797 1424 828 ὼς
1433 796 1578 831 ἀσώματος
1589 793 1648 830 Θεῷ
1661 793 1841 829 λειτουργεῖν,

1054 846 1136 881 εὐχὴν
1165 844 1337 871 ἀδιάλειπτον
1366 842 1463 877 κτῆσαι
1496 839 1626 876 κρυπτῶς
1641 840 1670 866 ὲν
1695 839 1729 874 τῇ
1744 837 1843 873 καρδίᾳ

220 897 412 925 universorum
438 897 520 930 hujus
548 897 637 932 operis
660 897 830 932 prolectuum
858 905 1007 931 summum,

1059 901 1112 924 Iov,
1130 891 1179 918 κα¹ι
1192 890 1298 924 γίνεται
1316 888 1369 923 πρὸ
1384 887 1500 914 θανάτου
1512 887 1528 920 ἡ
1544 886 1617 922 ψυχή
1632 894 1688 918 σου,
1709 885 1748 916 ὡς
1760 885 1845 919 ἀγγε-

219 943 425 979 tranquillitatis
436 950 544 977 nempe,
557 942 638 973 itaut
661 941 734 978 [quis
756 943 788 970 ad
805 944 831 971 id
849 944 1010 978 perveniens

220 990 289 1016 sciat
297 997 325 1016 se
334 989 396 1016 vitae
407 988 600 1023 perfectionem
613 989 740 1024 adeptum
757 997 828 1021 esse,
844 990 985 1024 respondit
1001 998 1009 1017 :

223 1046 232 1062 ι
245 1035 373 1072 Quando]
386 1035 447 1070 quis
463 1035 562 1070 dignus
574 1036 661 1063 factus
674 1040 716 1064 est
727 1036 856 1063 continua
870 1038 1009 1070 oratione;

221 1087 367 1116 postquam
379 1082 451 1109 enim
469 1082 493 1109 id
507 1082 638 1117 attigerit,
653 1081 774 1109 omnium
788 1082 919 1110 virtutum
937 1090 1010 1109 sum-

221 1135 292 1154 mam
304 1127 405 1162 attigit,
419 1135 450 1154 ac
469 1127 595 1161 deinceps
609 1126 728 1161 Spiritus
738 1128 825 1154 sancti
839 1128 1008 1155 domicilium

221 1173 309 1201 factus
323 1179 374 1201 est.
391 1174 419 1200 Si
435 1174 497 1208 quis
510 1173 581 1200 enim
601 1173 716 1207 gratiam
732 1172 863 1200 Paracleti
878 1182 932 1200 non
948 1181 1010 1208 per-

223 1222 290 1248 l'ccte
301 1224 443 1248 assecutus
455 1220 499 1250 sit,
510 1219 642 1246 orationis
658 1220 887 1253 perseverantiam
897 1227 950 1247 non
964 1227 997 1253 po

222 1270 273 1293 test
285 1266 311 1292 in
323 1266 379 1292 otio
390 1265 528 1299 perlicere.
543 1274 552 1290 ν
572 1264 689 1299 Spiritus
704 1264 789 1297 enim,
800 1265 898 1299 inquit,
908 1272 969 1291 cum
981 1265 1010 1292 in

222 1313 281 1339 viro
290 1312 408 1346 quodam
419 1310 533 1342 habitat,
542 1318 595 1336 non
605 1314 695 1337 cessat
703 1317 793 1338 orare.
805 1309 863 1345 Ipse
872 1311 944 1338 enim
955 1312 1010 1346 spi-

224 1357 293 1384 ritus
310 1363 417 1390 semper
428 1359 500 1382 erat.
516 1355 592 1382 ’l'unc
609 1361 697 1389 neque
715 1355 742 1382 in
760 1362 868 1388 somno,
883 1363 971 1391 neque
982 1357 1010 1384 in

223 1402 326 1438 vigilia,
339 1401 426 1428 nrntio
437 1408 469 1428 ex
481 1400 540 1435 ejus
550 1400 638 1427 anima
647 1400 755 1434 deﬁcit;
769 1400 817 1428 sed
826 1401 884 1429 sive
898 1402 1011 1430 mandu-

222 1453 276 1481 cet,
292 1448 349 1474 sive
366 1447 452 1479 bibnt,
467 1446 525 1474 sive
539 1446 668 1480 dormiat,
684 1447 741 1474 sive
756 1447 821 1482 quid
832 1447 905 1483 aliud
919 1447 1009 1482 faciat,

222 1499 304 1527 atque
318 1492 400 1520 etiam
413 1492 439 1519 in
452 1491 588 1527 proluttdo
600 1500 707 1524 somno.
718 1494 810 1521 suavis
821 1493 891 1522 odor
899 1499 925 1521 et
938 1494 1010 1522 hali-

1053 938 1109 970 λος.
1126 947 1135 964 ι
1152 938 1264 969 Τούτοις
1282 935 1429 970 συνᾴδοντα
1442 934 1542 969 γράφει
1554 933 1600 960 καὶ¹
1620 934 1634 959 ὁ
1645 932 1722 967 ἆγιος
1737 931 1844 958 Ἰσαάκ.

1060 982 1225 1019 Ἐρωτηθεὶς
1250 981 1305 1016 γὰρ
1327 981 1401 1015 παρά
1417 987 1499 1011 τινος,
1512 978 1539 1005 τί
1552 979 1609 1005 ἐστι
1626 977 1656 1004 τδ
1669 977 1846 1012 περιεκτικὶιν

1054 1027 1108 1054 τῶν
1123 1027 1216 1054 κόπων
1232 1026 1300 1053 ὅλων
1314 1025 1360 1052 τοῦ
1378 1025 1458 1060 ἔργου
1475 1024 1582 1057 τούτου,
1598 1023 1700 1057 δηλαδὴ
1715 1023 1765 1057 τῆς
1779 1023 1846 1056 ἠσυ-

1055 1076 1127 1110 χίας,
1140 1074 1183 1101 ἵνα
1204 1082 1245 1105 τις
1257 1072 1427 1106 καταντήσας
1448 1072 1489 1102 εἰς
1502 1070 1577 1102 αὐτὸ,
1597 1069 1670 1105 μάθῃ
1682 1070 1721 1095 ὅτι
1734 1068 1785 1104 τὴν
1801 1076 1846 1094 τε-

1055 1121 1182 1154 λειότητα
1197 1119 1246 1153 τῆς
1274 1117 1412 1149 πολιτείας
1443 1116 1570 1151 ἔφθασεν,
1596 1114 1733 1150 ἀπεκρίθη
1746 1113 1844 1144 οὕτως·

1062 1177 1072 1193 α
1092 1167 1176 1193 Ὅταν
1191 1165 1292 1200 ἀξιωθῇ
1320 1173 1362 1195 τις
1388 1164 1437 1199 τῆς
1451 1163 1582 1198 διαμονῆς
1601 1161 1650 1195 τῆς
1671 1159 1826 1195 προσευχῆς
1838 1167 1845 1174 ·

1057 1212 1121 1239 ὃταν
1134 1212 1186 1246 γὰρ
1204 1211 1296 1246 φθάσῃ
1311 1209 1424 1245 ταύτην,
1442 1208 1510 1243 πρὸς
1523 1208 1571 1243 τὴν
1583 1206 1671 1242 ἄκραν
1684 1206 1780 1233 πασῶν
1792 1205 1848 1232 τῶν

1059 1258 1163 1293 ἀρετῶν
1183 1256 1295 1290 ἔφθασε,
1323 1255 1372 1282 καὶ⁸
1390 1253 1545 1286 τουλοιπού,
1573 1253 1783 1287 κατοικητήριον
1800 1252 1847 1279 τοῦ

1057 1303 1136 1337 ἁγίου
1159 1302 1318 1336 Πνεύματος
1339 1300 1458 1335 ἐγένετο.
1491 1299 1555 1326 Ἐὰν
1577 1299 1630 1334 γάρ
1642 1307 1684 1330 τις
1703 1298 1751 1333 τὴν
1767 1298 1848 1332 χάριν

1058 1349 1106 1375 τοῦ
1123 1349 1302 1384 Παρακλήτου
1319 1346 1440 1380 ἀκριὸὦς
1453 1345 1504 1372 οὐκ
1518 1345 1638 1377 ἐδέξατο,
1649 1344 1698 1379 τὴν
1717 1343 1849 1378 διαμονὴν

1059 1396 1161 1431 ταύτης
1177 1395 1227 1430 τῆς
1254 1393 1410 1429 προσευχῆς
1428 1392 1572 1419 τελειῶσαι
1597 1391 1627 1417 ἐν
1643 1390 1733 1417 ἀνέσει
1748 1390 1779 1416 οὐ
1802 1388 1849 1416 δύ-

1060 1451 1150 1470 ναται.
1167 1441 1203 1468 Τὸ
1221 1440 1276 1474 γὰρ
1304 1439 1427 1474 Πνεῦμα,
1440 1438 1535 1473 φησιν,
1566 1437 1630 1464 ὅταν
1657 1437 1810 1471 κατοικήσῃ
1821 1435 1849 1461 ἕν

1061 1497 1113 1516 τινι
1126 1488 1179 1514 τῶν
1192 1486 1354 1522 ἀνθρώπων,
1371 1485 1400 1511 οὺ
1431 1483 1548 1510 παύεται
1563 1483 1596 1510 ὲκ
1608 1483 1657 1518 τῆς
1679 1482 1848 1517 προσευχῆς.

223 1545 266 1567 tns
275 1539 406 1567 orationis
416 1542 563 1573 erumpunt
579 1538 682 1573 absque
691 1538 794 1573 labore;
805 1544 831 1567 et
845 1545 909 1567 tunc
921 1541 1010 1568 oratio

1062 1534 1133 1561 Λὺτδ
1148 1534 1201 1568 γὰρ
1211 1533 1242 1560 τὸ
1257 1531 1369 1566 Πνεῦμα
1387 1530 1432 1557 ἀεὶ
1443 1528 1635 1565 προσεύχεται.
1652 1527 1730 1560 Τότε,
1746 1527 1808 1553 οὗτε
1821 1527 1849 1553 ἐν

223 1586 384 1613 divisionem
400 1592 455 1612 non
472 1584 551 1611 habet
563 1592 571 1617 ;
583 1585 629 1612 sed
641 1584 768 1613 omnibus
798 1585 884 1619 horis,
903 1586 1011 1614 etiamsi

222 1631 285 1658 talis
293 1630 353 1665 ejus
361 1630 449 1657 oratio
461 1630 607 1664 tranquilla
619 1630 792 1662 sitexterius,
805 1631 851 1658 sed
863 1639 972 1660 rursum
983 1632 1011 1659 in

223 1684 255 1704 eo
262 1676 343 1703 servit
353 1675 521 1703 abscondite.
532 1675 675 1703 Silentium
685 1676 757 1703 enim
768 1676 941 1710 mundorum,
950 1685 1012 1705 ora-

224 1722 326 1749 tionetn
336 1726 415 1748 vocat
424 1721 533 1756 quidam
544 1727 654 1749 sanctus
665 1730 673 1754 ;
685 1722 814 1756 quoniam
830 1730 926 1750 eorum
937 1723 1012 1759 cogi-

224 1767 344 1795 tationes
357 1767 466 1801 quidam
496 1767 581 1794 divini
599 1772 689 1795 motus
699 1772 782 1802 sunt;
800 1773 891 1797 motus
921 1774 1011 1798 autem

226 1813 320 1839 mundi
332 1813 422 1839 cordis
447 1816 474 1839 ct
485 1813 595 1845 mentis,
610 1813 703 1841 dulces
717 1821 797 1841 voces
825 1819 898 1848 sunt,
914 1816 1012 1850 quibus

224 1858 293 1884 clam
304 1857 465 1884 abscondito
478 1857 532 1885 Deo
545 1858 673 1892 psallunt.
692 1867 702 1884 ι
720 1858 753 1885 Ει
766 1859 811 1887 alii
828 1861 905 1888 mttlti
923 1862 1012 1889 sancti

225 1903 287 1933 viri.
302 1903 391 1930 divina
410 1903 467 1937 ipsa
485 1904 569 1936 gratia
587 1904 696 1938 initiati,
717 1905 782 1932 talia
815 1907 900 1934 multa
926 1908 1012 1935 admi-

225 1949 333 1976 ratione
349 1949 429 1984 digna
442 1950 571 1982 edidere;
589 1958 649 1985 qua:
675 1959 723 1978 nos
741 1956 851 1987 propter
877 1953 1012 1981 sermonis

226 1994 421 2029 longitudinem
438 1995 598 2023 omittimus.

1061 1580 1100 1616 τῷ
1112 1578 1253 1607 καθεύδειν
1263 1577 1355 1610 αὑτὸν,
1371 1575 1433 1603 οὔτε
1449 1577 1479 1602 ὲν
1490 1574 1665 1611 ὲγρηγόρσει,
1679 1575 1696 1609 ἡ
1709 1573 1849 1609 προσευχὴ

1061 1627 1094 1654 ὲκ
1108 1625 1159 1660 τῆς
1172 1624 1262 1660 ψυχῆς
1278 1622 1361 1650 αὐτοῦ
1385 1623 1534 1649 κόπτεται·
1554 1620 1611 1648 ἀλλ’
1635 1620 1684 1647 ὲάν
1697 1619 1785 1655 suam,
1804 1620 1850 1647 καὶ

1063 1671 1111 1698 ἐὰν
1127 1671 1203 1706 πίνῃ,
1219 1669 1267 1696 καὶ
1283 1669 1331 1696 εὰν
1345 1669 1487 1704 κοιμᾶται,
1504 1667 1552 1694 καὶ
1570 1667 1618 1694 ὲάν
1631 1675 1657 1693 τι
1674 1666 1794 1702 πράττῃ,
1803 1665 1851 1692 καὶ

1064 1715 1116 1747 ἕως
1132 1716 1161 1742 ὲν
1178 1715 1256 1750 βαθεῖ
1285 1715 1372 1749 ὕπνῳ,
1397 1713 1425 1740 al
1452 1712 1572 1744 εὑωδίαι,
1594 1711 1642 1738 καὶ
1668 1711 1691 1737 οἱ
1705 1711 1788 1746 ἀτμοὶ
1802 1710 1850 1745 τῆς

1064 1761 1218 1795 προσευχῆς
1240 1760 1270 1786 ὲν
1294 1761 1327 1795 τῇ
1355 1758 1455 1794 καρδίᾳ
1482 1756 1565 1784 αὑτοῦ
1592 1756 1770 1788 ἀναδίδονται,
1785 1755 1850 1783 ἄνευ

1064 1807 1165 1833 κόπου·
1193 1806 1241 1833 καὶ
1261 1805 1400 1841 χωρισμὸν
1419 1804 1480 1831 τότε
1508 1804 1525 1838 ὴ
1541 1803 1680 1839 προσευχὴ
1695 1803 1744 1830 οὒκ
1773 1802 1830 1838 ἔχει
1842 1810 1850 1819 ·

1064 1850 1134 1880 ἀλλὰ
1159 1853 1250 1884 πάσας
1269 1852 1320 1884 τὰς
1343 1851 1418 1887 ὥρας
1434 1849 1528 1881 αὑτοῦ,
1542 1849 1594 1876 κᾶν
1612 1849 1738 1885 ἡσυχάσῃ
1752 1849 1853 1882 ἔξωθεν

1064 1898 1147 1925 αὑτοῦ
1163 1899 1181 1933 ή
1193 1897 1316 1932 τοιαύτη,
1335 1895 1393 1923 ἀλλ’
1411 1895 1459 1923 οὖν
1485 1895 1568 1922 πάλιν
1582 1896 1600 1930 ἡ
1615 1894 1683 1929 αὐτὴ
1700 1894 1855 1930 λειτουργεῖ

1066 1945 1095 1971 ὲν
1111 1943 1185 1979 αὑτῷ
1211 1942 1351 1978 κρυπτῶς.
1375 1941 1431 1977 Τὴν
1448 1940 1553 1977 σιωπὴν
1567 1941 1622 1976 γὰρ
1643 1940 1697 1967 τῶν
1713 1941 1854 1976 καθαρῶν,

224 2047 353 2083 λογισμοὶ
371 2047 471 2079 αύτῶν,
493 2046 563 2073 θεῖαι
586 2046 709 2081 κινήσεις
729 2044 798 2072 εἰσιν
813 2052 821 2061 ο
845 2045 873 2071 al
893 2044 1016 2079 κινήσεις
1029 2043 1058 2070 δὲ
1074 2043 1125 2078 τῆς
1139 2041 1265 2076 καθαρᾶς
1282 2039 1406 2075 καρδίας,
1427 2040 1474 2067 καὶ
1487 2039 1618 2071 διανοίας,
1634 2037 1722 2072 φωναὶ
1738 2034 1850 2070 πραεῖαί

224 2098 304 2128 εἰσιν,
326 2097 356 2123 ἐν
368 2093 409 2127 αἷς
424 2094 553 2129 κρυπτῶς
568 2093 606 2128 τῷ
627 2093 742 2129 κρυπτῷ
762 2093 908 2128 ψάλλουσι.
926 2101 935 2118 ι
955 2092 1009 2118 Καὶ
1023 2091 1098 2118 ἄλλοι
1121 2090 1150 2117 δὲ
1164 2089 1258 2116 πολλοὶ
1276 2088 1330 2115 τῶν
1354 2088 1505 2124 θεοφόρων,
1520 2088 1552 2114 ἐκ
1568 2087 1617 2121 τῆς
1633 2086 1747 2120 χάριτος
1762 2084 1851 2118 αὐτῆς

226 2145 308 2179 πείρᾳ
325 2142 622 2178 μεμυσταγωγημένοι,
639 2141 753 2167 τοιαῦτα
773 2140 888 2166 πλεῖστα
909 2139 1049 2173 θαύματος
1065 2137 1128 2170 ἀξια
1156 2135 1281 2169 ἐξέθεντο
1297 2143 1303 2150 ·
1321 2134 1393 2170 ἆπερ
1413 2135 1460 2161 καὶ
1486 2133 1530 2160 διὰ
1546 2132 1577 2160 τδ
1595 2131 1643 2159 τοῦ
1658 2131 1740 2165 λόγον
1760 2129 1852 2166 μῆκος

225 2192 368 2225 εῑᾰσαμεν.

225 2239 263 2265 De
277 2243 385 2264 numero
399 2233 607 2293 gettnﬂexionzm
625 2239 670 2264 per
686 2232 800 2266 spatium
822 2231 900 2257 unius
925 2229 1008 2256 noctis

586 2275 678 2293 imaue.

586 2275 686 2302 mque,

264 2334 309 2361 39.
331 2333 368 2359 De
395 2339 512 2359 numero
544 2335 634 2358 autem
664 2329 893 2365 genuﬂexionnm,
911 2328 1012 2357 scimus

227 2380 337 2414 triginta
354 2378 485 2405 adivinis
513 2377 638 2404 Patrihus
663 2383 722 2403 esse
739 2374 922 2410 praescriptas,
945 2382 1013 2409 quas

227 2433 274 2460 per
304 2424 392 2452 noctis
416 2423 523 2458 dieique
548 2422 664 2455 spatium
693 2422 815 2456 quinque
837 2421 1012 2448 hebdomadas

227 2471 323 2498 diebus
339 2470 426 2496 lacere
451 2476 500 2495 nos
517 2472 634 2501 oportet.
661 2466 768 2494 Etenim
796 2467 871 2494 omni
895 2467 1013 2494 Sabbato

227 2521 255 2544 et
269 2515 343 2543 omni
360 2514 511 2546 Dominica,
526 2518 553 2540 et
569 2514 649 2540 etiam
680 2513 742 2540 aliis
758 2521 791 2540 ex
816 2513 1014 2540 consuetudine

228 2561 344 2597 signatis
368 2560 465 2587 diebus
481 2564 507 2587 et
526 2559 714 2590 hebdomadis,
737 2559 813 2593 juxta
848 2559 959 2594 mystica
988 2563 1016 2586 et

228 2614 326 2635 arcana
342 2606 464 2638 oracula,
484 2609 514 2632 ut.
531 2605 564 2631 ab
580 2605 613 2631 iis
630 2605 816 2632 abstineamus
834 2606 913 2632 nobis
940 2612 1014 2639 prac-

227 2654 339 2687 cipitur.
360 2653 429 2678 Sunt
444 2655 534 2677 autent
558 2650 605 2685 qui
634 2650 707 2677 hunc
733 2658 874 2677 numerum
902 2654 1016 2685 praster-

229 2698 399 2733 grediuntur.
416 2695 533 2729 Quidam
547 2703 610 2722 vero
624 2703 685 2723 cum
703 2703 755 2722 non
768 2697 914 2730 attingunt,
932 2703 1015 2723 unus-

228 2744 343 2777 quisque
359 2750 409 2777 pro
425 2741 530 2769 viribus
545 2746 570 2768 et
590 2741 737 2768 voluntate.
756 2741 789 2768 Et
803 2747 830 2768 tu
853 2742 935 2776 igitur
963 2743 1015 2773 fac,

229 2792 310 2822 prout
328 2787 439 2815 valebis.
459 2787 512 2814 Sed
527 2792 619 2814 tamen
648 2795 712 2815 vere
736 2787 832 2815 beatus
858 2792 900 2815 est
919 2787 964 2822 qui
989 2787 1015 2814 itt

229 2831 358 2859 omnibus
373 2839 434 2867 qua:
449 2831 599 2860 secundum
616 2832 700 2861 Deum
718 2837 782 2860 sunt
799 2833 849 2860 sibi
871 2832 923 2859 vim
940 2833 1014 2860 itttU<

1065 2232 1133 2266 Περὶ
1152 2232 1206 2266 τῆς
1231 2231 1306 2259 κατὰ
1327 2231 1361 2258 τὸ
1389 2228 1579 2269 νυχρήμςρον
1607 2222 1776 2258 ποσότητος
1792 2223 1855 2250 τῶν

1345 2265 1557 2301 τονυκλισιῶν.

1097 2334 1147 2361 λθ’.
1164 2333 1231 2369 Περὶ
1244 2333 1272 2359 δέ
1288 2341 1319 2367 γε
1345 2331 1494 2367 ποσότητος
1517 2328 1695 2364 γονυκλισιῶν
1708 2346 1717 2359 ,
1738 2335 1855 2362 τριακο-

1065 2381 1126 2413 σίας
1138 2380 1217 2415 ῐσμεν
1229 2379 1267 2415 τῷ
1276 2378 1395 2414 ἀριθμῷ,
1408 2378 1457 2409 τὰς
1470 2378 1526 2408 τοῖς
1538 2376 1621 2407 θείοις
1633 2375 1714 2411 ἡμῶν
1728 2374 1857 2409 ηατράσι

1064 2426 1256 2462 διωρισμένας,
1277 2425 1309 2456 ἃς
1326 2425 1373 2451 καὶ
1387 2423 1530 2457 ὀφείλομεν
1554 2421 1640 2447 ποιεῖν
1656 2420 1717 2447 καθ’
1734 2419 1856 2445 ἕκαστον

1066 2472 1236 2508 νυχθήμερον
1263 2470 1318 2497 τῶν
1332 2470 1382 2504 τῆς
1401 2467 1548 2503 ὲὸδομάδος
1565 2467 1648 2493 πέντε
1662 2465 1791 2501 ἡμερῶν
1807 2464 1860 2491 καὶ

1065 2519 1119 2555 γὰρ
1134 2520 1162 2545 ὲν
1178 2518 1259 2546 παντὶ
1270 2516 1412 2550 Σαϐϐάτῳ,
1428 2515 1475 2542 καὶ
1492 2515 1567 2550 πάσῃ
1586 2514 1725 2549 Κυριακῇ,
1740 2512 1786 2538 ναὶ
1801 2511 1859 2547 μὴν

1067 2566 1114 2593 καὶ
1129 2567 1156 2592 ὲν
1166 2565 1259 2596 ἄλλαις
1271 2564 1301 2595 ἐξ
1315 2564 1392 2594 ἔθους
1408 2560 1643 2596 σεσημειωμέναις
1660 2559 1791 2595 ἡμέραις,
1808 2557 1859 2584 καὶ

1066 2612 1097 2647 δὴ
1109 2611 1155 2638 καὶ
1167 2610 1307 2644 ἑϐδομάσι,
1323 2608 1392 2635 κατά
1404 2616 1480 2638 τινας
1499 2606 1645 2642 μυστικοὺς
1660 2605 1707 2631 καὶ
1730 2603 1859 2638 ἀπορρή-

1067 2666 1129 2688 τους
1143 2657 1250 2691 λόγους,
1264 2654 1361 2690 σχολὴν
1372 2653 1476 2680 τούτων
1491 2653 1570 2686 ἄγειν
1582 2649 1775 2685 ὲντετάλμεθα.
1796 2648 1859 2675 Εἰσὶ

1038 2723 1040 2726 ‹
1069 2705 1160 2739 μέντοι
1188 2702 1261 2733 τινὲς
1296 2699 1505 2735 ὑπερῧαίνοντες
1529 2697 1623 2724 τοῦτον
1651 2697 1696 2723 τὸν
1725 2694 1857 2730 ἀριθμόν.

1069 2750 1155 2776 Ἔνιοι
1178 2748 1206 2775 δὲ
1233 2748 1280 2775 καὶ
1310 2745 1510 2780 ὑστερίζοντες,
1538 2744 1655 2775 ἕκαστος
1682 2740 1775 2773 καθὼς
1799 2740 1858 2775 ἔχει

1069 2793 1169 2829 ἰσχύος,
1186 2792 1410 2828 ἢπροαιρέσεως.
1427 2790 1482 2817 Καὶ
1498 2790 1529 2816 σὺ
1545 2789 1634 2816 τοίνυν
1650 2787 1720 2814 ποίει
1737 2794 1859 2813 τοκατα-

1068 2840 1196 2874 δύναμιν·
1210 2838 1305 2875 μενοῦν
1317 2845 1347 2872 γε
1365 2837 1499 2873 μακάριος
1513 2835 1552 2871 τῷ
1561 2834 1628 2868 ὄντι,
1641 2832 1779 2860 καὶτοῦτο
1792 2832 1859 2858 πολ-
