1925 3083
239 135 293 168 ’ἱεῖ

656 141 824 173 CALLISTI
847 143 895 173 ET
917 143 1088 175 IGNATII.'
1101 146 1444 178 XANTHOI’ULORUM

1814 153 1858 182 TER

240 195 385 221 draconem
399 196 444 230 qui
461 204 574 231 paseura
591 203 717 232 occupat,
739 199 876 232 humiliel,
907 202 1016 228 animant

1060 225 1064 230 ,
1082 204 1130 238 τὴν
1142 206 1250 239 νικῆσαι
1265 208 1309 232 καὶ
1328 207 1476 242 ἑκριζύςαι
1495 208 1564 234 κατὰ
1585 207 1677 244 μέρος,
1702 210 1745 236 ἶνα
1760 211 1790 236 τὸ
1810 213 1861 237 ιιι,-

240 249 305 268 vero
319 241 406 269 salvet
421 250 453 270 ac
474 243 602 271 viviﬂcet.
622 243 807 273 lndesinenter
824 246 907 281 igitur
921 248 1030 276 adhazt-e

241 287 345 314 nomini
356 288 546 322 DominiJesu,
569 291 695 318 utehibat
708 300 755 318 cor
767 297 842 319 tuum
867 293 1027 327 Dominum,

238 337 265 359 et
281 332 411 360 Dominus
420 341 476 366 eor,
490 339 516 361 et
531 335 585 363 dno
601 335 626 362 in
639 345 723 364 unttm
737 338 811 365 ﬂant.
830 337 882 365 Sed
893 339 944 366 hoc
957 347 1026 374 opus

237 382 344 404 estnon
357 378 438 406 unius
452 379 517 412 diei,
528 380 574 407 sed
588 380 666 407 multi
678 381 809 415 temporis
824 390 831 413 ;
843 381 928 409 multo
938 387 1026 409 certa-

237 424 310 450 mine
325 428 353 451 et
372 429 493 459 tempore
505 432 575 460 opus
586 431 636 456 est.
650 432 681 453 ut
701 427 830 460 ejiciatur
846 428 985 459 inimicus.
1002 433 1029 455 et

237 468 426 497 lntrodueatnr
440 471 577 500 Christus.
592 481 600 498 t
614 472 645 500 Et
656 481 777 506 rursntn,
788 483 797 500 (
810 473 922 508 Oportet
931 474 1028 502 contir-

236 522 311 544 mare
323 520 350 544 et
365 517 439 545 intus
468 517 568 546 habere
577 523 743 551 mentem,et
764 520 876 548 fraennm
895 521 945 556 ipsi
966 521 1028 556 inji-

235 569 308 595 cere,
321 568 347 590 et
357 571 465 590 omnem
475 565 664 599 cogitationem
674 573 825 601 omnesque
833 567 943 602 maligni
956 568 1026 595 vires
1050 598 1055 603 γ

234 614 283 642 per
300 608 500 636 invocationem
521 610 628 637 Domini
647 612 732 638 nostri
755 611 930 639 Jesu-Christi
949 614 1027 640 casti-

235 660 309 686 gare.
327 663 336 679 ι
356 654 389 681 Ει
409 655 452 681 ubi
478 659 531 682 stat
560 657 718 691 corpus.ibi
729 657 764 685 sit
779 663 805 684 et
817 666 902 691 mens,
915 658 1026 685 utinter

236 697 322 724 Deum
351 704 378 725 et
393 700 520 727 rorniltil
542 701 703 737 inveniatur;
716 704 905 731 intermedium
918 709 965 731 aut
984 712 1026 732 sc-

236 748 312 777 ptum
328 751 375 771 cor
387 745 537 774 obscurans
556 747 636 782 idque
649 756 663 774 a
678 748 731 776 Deo
741 751 899 785 scjungens.
916 750 944 777 Si
961 758 1024 777 vero

234 789 298 823 quid
317 796 435 818 mentem
459 794 555 827 rapiat,
571 801 623 820 non
637 795 848 829 cogitationibus
861 797 1023 824 morandum

233 839 293 868 est;
308 844 341 863 ne
358 844 489 865 assensus
505 838 579 866 hisce
590 840 802 875 cogitationibus
814 842 864 877 ipsi
875 842 1024 876 imputetur

1081 258 1118 284 μα
1135 251 1181 277 τοῦ
1199 252 1299 286 Κυρίου
1318 253 1405 287 Ἰησοῦ
1419 253 1537 286 Χριστοῦ
1555 255 1757 290 κατερχόμενον
1781 259 1820 287 εἰς
1836 259 1861 283 τὸ

1079 296 1160 329 βάθος
1174 297 1222 331 τῆς
1234 298 1357 333 καρδίας,
1372 298 1417 325 τὸν
1434 299 1482 333 μὲν
1497 300 1631 333 δράκοντα
1647 301 1693 327 τον
1710 303 1861 337 κρατοῦντι

1078 340 1127 370 τὰς
1159 341 1245 374 νομὰς
1275 343 1442 378 ταπεινώσῃ,
1468 343 1516 378 τὴν
1535 344 1562 370 δὲ
1589 344 1678 380 ψυχὴν
1714 347 1791 383 σώσῃ
1819 350 1861 374 xz‘.

1077 381 1245 420 ζωῡ-οιήσῃ.
1283 385 1476 419 Ἀδιαλείπτως
1503 388 1594 415 τοίνυν
1628 391 1802 425 παράμεινον
1827 394 1861 427 ττι

1076 427 1187 462 ὀνόματι
1202 428 1248 454 τοῦ
1265 429 1368 463 Κυρίου
1404 429 1503 465 Ἰησοῦ,
1526 432 1569 458 ἵνα
1585 434 1706 470 καταπίῃ
1723 435 1740 469 ἡ
1760 437 1856 475 καρδει

1076 473 1119 500 τὸν
1140 474 1251 509 Κύριον,
1264 475 1310 501 καὶ
1323 477 1337 502 ὁ
1351 476 1452 512 Κύριος
1466 477 1515 512 τὴν
1539 479 1665 514 καρδίαν,
1681 483 1729 507 xui
1752 473 1860 516 γένηται

1073 520 1108 546 τὰ
1122 519 1177 546 δύω
1197 520 1235 552 είς
1255 520 1294 548 ἓν.
1322 521 1402 548 Ἀλλὰ
1415 522 1445 549 τὸ
1462 523 1542 558 ἔργον
1557 525 1635 551 τοῦτο
1651 527 1701 553 οὐκ
1721 527 1781 554 ἐστι
1800 531 1860 561 μιᾶς

1073 565 1190 600 ἡμέρας,
1211 565 1227 600 ἢ
1253 566 1319 598 δύω,
1338 567 1406 593 ἀλλὰ
1437 569 1534 603 χρόνου
1560 567 1658 597 ττολλοῦ
1684 573 1730 598 καὶ
1754 575 1858 608 καιροῦ

1073 611 1171 638 πολλοῦ
1189 612 1242 647 γὰρ
1254 613 1359 647 ἀγῶνος
1386 615 1433 640 καὶ
1451 616 1547 650 χρόνου
1561 617 1651 652 χρεία,
1670 619 1744 651 ὅπως
1761 621 1858 656 ὲκὸλιτν

1073 657 1106 692 Θῃ
1125 657 1139 682 ὁ
1154 657 1260 691 ἐχθρὸς,
1282 658 1329 684 xui
1346 659 1473 696 ἐνοικήπῃ
1493 662 1507 687 ὁ
1523 662 1650 696 Χριστός.
1671 673 1679 689 t
1698 666 1753 692 Καὶ
1773 664 1858 697 c159:-

1075 711 1084 726 ι
1106 701 1165 736 Χρὴ
1184 701 1394 735 ἀσφαλίζεσοαι,
1427 706 1473 731 καὶ
1495 707 1614 742 ἡνιοχεῖν
1635 709 1681 734 τὸν
1711 710 1785 741 νοῦν,
1815 713 1859 737 καὶ

1071 748 1270 784 χαλ.ιναγωγείν
1285 749 1377 781 αὐτὴν,
1405 752 1452 778 xui
1473 752 1563 779 πάντα
1579 753 1719 789 λογισμὸν,
1735 758 1782 783 xu‘:
1807 759 1857 783 πΞ-

1072 801 1122 819 σιν
1139 793 1185 819 τοῦ
1202 794 1320 829 πονηροῦ
1338 795 1478 831 ἐνέργειαν
1508 798 1632 831 κολάζειν
1652 800 1697 826 διὰ
1724 802 1776 836 τῆς
1796 803 1855 828 ἐπι-

1071 839 1193 873 κλήσεως
1212 839 1259 866 τοῦ
1276 840 1379 876 Κυρίου
1396 842 1477 877 ἡμῶν
1499 844 1587 878 Ἰησοῦ
1614 846 1747 880 Χριστοῦ.
1764 857 1773 872 ι
1803 849 1857 874 Καὶ

233 880 261 907 in
272 881 315 909 die
326 882 422 914 judicii
442 891 533 911 coram
545 885 669 920 Domino,
684 888 793 922 quando
805 876 938 923 jtidieahit
950 888 1016 916 Deus

1070 885 1137 910 ὅπου
1155 886 1185 911 τι
1199 885 1279 920 σῶμα
1306 887 1424 919 ἵσταται,
1448 889 1507 915 ἐκεῖ
1529 889 1599 916 ἔστω
1615 892 1662 917 καὶ
1687 892 1700 917 ὁ
1720 893 1796 925 νοῦς,
1816 895 1857 920 ἴνα

232 928 337 955 occulta
353 929 502 957 hominum.
521 930 622 959 Vacate
634 932 717 966 igitur
733 942 854 968 semper,
880 940 907 962 et
924 936 1016 963 adita:-

232 979 289 1001 rete
308 974 423 1003 Domino
442 976 495 1004 Deo
512 983 616 1010 nostro.
635 979 722 1007 donec
734 981 896 1008 misereatur
923 983 1018 1013 vestri,

232 1027 282 1047 nec
294 1021 443 1056 quidquam
458 1024 530 1050 aliud
545 1025 668 1058 quaerite,
689 1026 740 1053 ttisi
759 1026 842 1053 solam
861 1028 1018 1054 misericor-

230 1065 302 1092 diam
315 1075 330 1093 a
347 1067 458 1095 Domino
469 1070 570 1103 gloriae.
580 1070 739 1103 Quaerentes
752 1076 843 1100 autent
858 1074 1017 1101 miscricor-

229 1111 316 1143 diam.
333 1113 360 1140 in
384 1114 481 1142 humili
510 1121 536 1142 et
566 1117 711 1144 miserabili
737 1119 818 1146 corde
837 1120 962 1154 quaerite,
990 1125 1017 1147 et

228 1158 345 1186 clamate
359 1167 374 1186 a
396 1168 475 1187 mane
493 1161 525 1188 ad
539 1170 689 1196 vesperam,
700 1169 727 1191 et
737 1166 759 1192 si
767 1165 824 1192 ﬁeri
835 1167 921 1201 possit
932 1168 1016 1193 totam

227 1210 333 1232 noctem
351 1206 417 1233 illud
430 1216 439 1232 ‹
457 1207 570 1235 Domine
586 1209 651 1237 Jesu
667 1210 787 1244 Christe,
808 1212 940 1240 miserere
952 1213 1014 1243 mei,

226 1253 253 1276 et
275 1251 363 1285 cogite
383 1257 499 1280 mentem
519 1259 635 1281 vestram
652 1256 683 1282 ad
702 1257 767 1283 illttd
785 1264 854 1292 opus
872 1266 960 1292 usque
981 1259 1014 1286 ad

226 1303 353 1325 ntortem.
374 1298 456 1326 Multa
477 1301 550 1328 enirn
569 1302 697 1330 violentia
719 1311 787 1338 opus
809 1311 861 1337 est,
884 1307 1013 1340 quoniant

226 1348 341 1378 angusta
360 1348 385 1371 ct
408 1350 481 1379 porta
500 1351 526 1374 et
535 1352 610 1375 arcta
629 1349 754 1384 via,'quze
776 1350 850 1377 duci'.
868 1351 901 1378 ad
916 1351 1013 1385 vitam,

225 1392 252 1414 et
274 1388 382 1417 violenti
407 1390 596 1425 ingrediuntur
625 1394 650 1420 in
683 1402 736 1429 ea;
758 1396 939 1424 violentorutn
972 1403 1013 1425 est

224 1434 296 1460 enim
329 1443 441 1470 regnum
465 1438 607 1467 emlorunt.
622 1431 722 1468 Hortor
744 1442 827 1477 igitur
843 1451 900 1476 vos,
918 1452 952 1471 tte
969 1451 1012 1472 se-

225 1480 325 1511 p'tt‘ells
344 1488 357 1508 a
378 1481 432 1509 Deo
450 1483 532 1510 ecrda
553 1489 663 1518 vestra;
685 1487 732 1514 sed
748 1488 911 1516 adlncreatis
935 1490 960 1517 ei
986 1495 1012 1518 et

1071 929 1153 964 μέσον
1172 930 1218 957 τοῦ
1235 931 1302 958 Θεοῦ
1322 932 1369 959 καὶ
1396 933 1445 968 τῆς
1461 935 1575 969 καρδίας
1592 937 1674 971 μηδὲν
1699 938 1794 972 ἕτερον
1812 941 1857 966 εὐ-

1071 977 1197 1011 ρίσκηται
1213 977 1250 1008 ὡς
1265 980 1432 1012 μεσότοιχον,
1454 979 1469 1013 ἣ
1485 981 1610 1014 tepet-(ph;
1629 983 1795 1010 ἐπισκοτοῦν
1810 987 1857 1019 τὴν

1069 1022 1193 1057 καρδίαν,
1219 1023 1265 1049 καὶ
1292 1024 1410 1058 χωρίζον
1435 1025 1480 1052 τὸν
1515 1026 1578 1052 νοῦν
1605 1028 1660 1054 ἀπὸ
1691 1029 1738 1055 τοῦ
1775 1031 1854 1059 Θεοῦ.

1074 1068 1136 1096 Ἐὰν
1146 1069 1173 1096 δὲ
1189 1070 1234 1096 καί
1252 1079 1316 1096 ποτε
1331 1071 1441 1106 ἁρπάζῃ
1458 1072 1503 1098 τὸν
1521 1072 1593 1105 νοῦν,
1606 1074 1637 1100 οὗ
1655 1076 1707 1110 χρὴ
1732 1079 1790 1108 τοῖς
1811 1079 1855 1104 λο-

1067 1117 1176 1150 γισμοῖς
1198 1116 1378 1151 ἐγχρονίζειν,
1401 1117 1445 1143 ἵνα
1473 1119 1510 1153 μὴ
1529 1120 1546 1155 ή
1572 1121 1774 1154 συγκατάθεσις
1802 1124 1856 1150 τῶν

1067 1161 1203 1196 λογισμῶν
1237 1163 1277 1194 εἰς
1310 1163 1409 1197 πρᾶξιν
1443 1163 1517 1201 αὐτῷ
1557 1166 1669 1202 λογισθῇ
1703 1169 1732 1194 ἐν
1761 1170 1854 1206 ἡμέρᾳ.

1066 1208 1184 1242 κρίσεως
1206 1208 1321 1235 ἐνώπιον
1336 1209 1383 1235 τοῦ
1399 1210 1514 1245 Κυρίου,
1534 1212 1577 1238 ὅτε
1599 1215 1687 1248 κρινεῖ
1701 1215 1715 1240 ὁ
1736 1215 1804 1248 Θεὸς
1821 1219 1854 1243 τὰ

1066 1254 1174 1288 κρυπτὰ
1187 1254 1241 1280 τῶν
1255 1254 1416 1290 ἀνθρώπων.
1430 1257 1583 1291 Σχολάσατε
1596 1260 1683 1286 τοίνυν
1694 1260 1852 1294 διαπαντὶς,

1065 1300 1112 1325 καὶ
1126 1300 1311 1334 παραμείνατε
1324 1301 1418 1337 Κυρίῳ
1429 1303 1467 1338 τῷ
1481 1303 1540 1339 Θεῷ
1554 1305 1643 1340 ἡμῶν,
1653 1306 1705 1339 ἓως
1715 1305 1746 1335 οῦ
1761 1310 1854 1345 οἰκτη-

1068 1346 1137 1381 ρήσῃ
1155 1346 1223 1378 ὑμᾶς
1234 1365 1241 1377 ,
1258 1347 1304 1372 καὶ
1322 1347 1406 1381 μηδὲν
1418 1348 1512 1384 ἕτερον
1527 1350 1645 1386 ζητεῖτε,
1660 1353 1675 1388 ῆ
1688 1354 1770 1388 μόνον
1780 1356 1853 1388 ἔλεος

1067 1389 1141 1424 παρὰ
1157 1389 1203 1416 τοῦ
1219 1390 1321 1426 Κυρίου
1341 1392 1391 1426 τῆς
1407 1393 1495 1427 δόξης.
1512 1395 1663 1429 Ζητοῦντες
1681 1398 1710 1424 δὲ
1731 1399 1808 1432 ἕλεος
1824 1402 1853 1427 ἐν

1064 1437 1178 1471 ταπεινῇ
1192 1436 1238 1463 xui
1261 1437 1365 1473 ὲλεεινῇ
1383 1439 1480 1475 καρδίᾳ
1497 1440 1615 1475 ζητεῖτε,
1637 1443 1684 1469 καὶ
1700 1444 1782 1479 βοᾶτε
1798 1447 1853 1474 ἀπὸ

1064 1480 1137 1516 πρωϊ
1148 1481 1200 1513 ἕως
1217 1482 1348 1518 ἑσπέρας,
1365 1485 1389 1509 εἰ
1406 1484 1519 1512 δυνατὸν
1535 1487 1583 1512 καὶ
1602 1487 1665 1522 ὃλην
1680 1489 1729 1524 τὴν
1747 1491 1846 1525 νὺχτα,

222 1525 304 1552 corda
318 1527 479 1555 custodiatis
499 1529 603 1564 ubique!
621 1536 648 1559 et
670 1539 776 1568 semper
800 1542 861 1561 eum
877 1538 1007 1564 memoria

1064 1526 1103 1558 τὸ,
1119 1528 1206 1561 Κύριε
1229 1527 1316 1564 Ἰησοῦ
1332 1529 1443 1564 Χριστὲ,
1461 1530 1572 1566 ἐλέησόν
1596 1542 1640 1568 με,
1653 1536 1699 1561 καὶ
1718 1535 1850 1570 βιάσασθε

223 1569 329 1597 Domini
354 1574 438 1599 nostri
449 1573 514 1602 Jesu
540 1575 651 1610 Christi,
666 1578 752 1606 donec
770 1579 944 1614 intplantetur
956 1590 1005 1609 no-

223 1623 284 1642 mett
304 1616 410 1644 Domini
425 1618 499 1646 intus
511 1620 537 1646 in
554 1622 645 1655 corde,
659 1628 685 1650 et
699 1624 764 1650 nihil
781 1625 855 1652 aliud
871 1627 1004 1661 cogitetis,

222 1666 252 1688 ut
265 1663 451 1696 tnagniiieetur
462 1665 585 1692 Christus
599 1667 625 1693 in
648 1669 733 1696 vobis.
749 1679 758 1695 ι
771 1671 839 1698 Ante
865 1679 927 1699 eunt
950 1681 1007 1700 ma-

221 1715 290 1742 gnus
301 1707 399 1736 Paulus
421 1709 564 1738 Dominum
584 1711 676 1739 Jesum
699 1721 851 1749 proponens
867 1718 934 1745 dicit
950 1730 958 1744 I
979 1719 1006 1746 Si

219 1753 375 1781 conﬁtearis
396 1755 423 1782 in
439 1763 486 1783 ore
504 1762 551 1784 tuo
565 1757 707 1785 Dominttm
724 1760 827 1793 Jesum.
839 1767 865 1790 et
886 1765 1007 1792 credide-

218 1798 256 1825 ris
273 1800 299 1825 in
315 1800 398 1827 corde
415 1806 471 1833 tuo.
486 1803 556 1835 quod
571 1803 640 1831 Deus
660 1807 803 1834 suscitavit
817 1808 890 1835 illtnn
905 1817 919 1836 a
934 1818 1006 1838 mor-

219 1844 285 1878 tuis,
297 1845 388 1872 salvus
403 1848 468 1874 eris.
484 1848 572 1876 Corde
590 1851 663 1877 enint
681 1853 801 1879 creditur
813 1854 846 1880 ad
857 1855 1004 1889 justitiam,

217 1896 264 1916 ore
273 1895 363 1917 autem
377 1892 512 1919 confessio
522 1893 553 1920 fit
565 1895 598 1920 ad
611 1897 737 1923 salutem.
749 1897 781 1923 Et
790 1905 914 1926 rursum:
927 1909 935 1925 ι
950 1899 1004 1927 Ne-

217 1942 261 1960 tno
271 1935 491 1965 dicitzDominus
504 1937 593 1971 Jesus,
610 1941 662 1967 nisi
680 1941 705 1968 in
722 1942 823 1976 Spiritu
847 1949 941 1972 sancto
952 1946 1002 1973 ⁸³.»

215 1981 298 2008 Addit
313 1987 402 2010 autem
419 1984 446 2010 iit
457 1984 560 2018 Spiritu
570 1992 672 2017 saneta.
688 1988 714 2014 id
737 1994 788 2022 cst,
817 1991 925 2025 quando
948 1993 1003 2019 vim

214 2027 333 2060 Spiritus
354 2029 430 2063 illud,
453 2032 538 2058 sancti
561 2040 610 2059 cor
634 2036 779 2070 acceperit,
798 2044 845 2070 per
873 2045 954 2072 quam
977 2034 1005 2066 ei

197 2077 284 2111 _orat,
296 2075 366 2108 quod
385 2081 425 2103 est
445 2077 655 2111 proficientium,
670 2084 697 2107 et
716 2089 810 2109 eorunt
830 2084 876 2118 qui
892 2084 1002 2112 Christo

214 2118 240 2144 in
257 2120 322 2153 ipsis
338 2123 481 2151 manifeste
495 2124 643 2158 habitante.
659 2127 756 2155 divites
780 2129 845 2156 facti
861 2135 935 2157 sunt.
955 2131 1001 2158 llis

212 2172 331 2200 congrua
356 2167 461 2195 dictitat
480 2175 506 2196 et
537 2178 648 2200 sanctus
665 2173 821 2202 Diadochus
843 2184 851 2201 I
875 2176 998 2204 Postulat

212 2204 312 2238 anohis
330 2216 441 2240 omnino
461 2222 536 2243 mens
559 2224 620 2244 cum
637 2218 696 2253 ejus
719 2227 814 2248 omnes
829 2222 918 2250 aditus
936 2231 994 2250 nte-

211 2257 297 2284 moria
317 2258 363 2285 Dei
390 2261 568 2296 obstruimus,
592 2271 660 2299 opns
689 2267 824 2300 quoddam
845 2270 916 2303 quod
934 2270 993 2304 ejus

210 2303 325 2330 solertia:
356 2305 513 2334 satisfacere
532 2310 629 2341 possit.
654 2310 764 2346 Oportei
791 2313 872 2348 igitur
894 2303 992 2346 nosiei

207 2349 273 2376 dare
295 2351 359 2376 illud
377 2359 385 2378 :
407 2360 416 2376 ι
438 2352 548 2381 Domine
568 2354 642 2388 Jcsu,
663 2366 672 2382 ι
695 2359 866 2389 solummodo
883 2363 908 2390 in
934 2366 994 2392 uni—

206 2401 313 2422 versam
339 2398 543 2433 operationem“
556 2408 609 2435 qua
626 2405 760 2432 tendatad
777 2411 992 2442 scopum.l\'ento

206 2440 279 2467 enittt
301 2442 365 2469 dicit
384 2443 526 2471 Dominum
539 2445 704 2480 Jesum,nisi
721 2451 747 2477 in
761 2440 862 2487 Spiritui
885 2463 989 2486 sancto.

206 2486 259 2514 Sed
281 2487 306 2514 id
332 2489 425 2516 sttictc
447 2491 557 2518 verbum
586 2494 613 2519 itt
634 2494 770 2525 thesauris
786 2498 843 2526 suis
870 2507 991 2529 eontem-

205 2533 311 2567 pietur,
337 2542 372 2561 ne
394 2536 421 2562 in
443 2537 601 2571 pltantasias
625 2542 756 2574 quasdam
779 2545 896 2574 aberret.
927 2549 991 2581 Qui-

205 2586 311 2614 cunque
328 2582 400 2608 enim
417 2582 482 2610 illud
505 2584 651 2618 gloriosum
673 2592 700 2614 et
718 2590 834 2618 amabile
850 2600 947 2621 nomen
962 2597 989 2623 itt

203 2627 340 2659 proluttdo
358 2629 439 2655 corde
461 2631 592 2658 continue
611 2634 812 2670 meditantur,ii
835 2645 947 2674 pOssuul
963 2646 988 2669 et

205 2671 295 2698 lumen
306 2674 403 2701 utentis
416 2675 563 2708 aliquando
578 2685 710 2714 eernere;
730 2689 808 2710 arcto
825 2671 899 2712 enim
926 2693 985 2714 stu-

203 2718 246 2743 dio
256 2727 270 2744 a
279 2720 442 2753 cogitatione
452 2729 624 2758 occupatum,
635 2733 730 2755 omnes
741 2731 834 2757 sordes
858 2731 884 2758 in
895 2733 985 2761 anima

201 2771 379 2800 emergentes,
402 2767 429 2794 in
446 2768 588 2798 suﬂicieuti
602 2780 683 2800 sensu
696 2776 798 2804 adurit.
810 2777 881 2806 Deus
913 2782 984 2808 cnim

243 2857 264 2872 "
283 2857 361 2884 nom.
379 2867 405 2891 x,
423 2859 508 2892 9,10.
563 2865 584 2879 ”
599 2865 607 2891 l
624 2867 642 2893 (ζ
656 2843 751 2899 ιτ..Χιι,
785 2869 811 2896 3.

1061 1571 1107 1598 τὸν
1133 1572 1194 1599 νοῦν
1212 1573 1289 1608 ὑμῶν
1308 1575 1347 1607 εἰς
1379 1575 1457 1602 τοῦτο
1485 1577 1515 1604 τὸ
1538 1578 1617 1613 ἔργον
1643 1581 1694 1613 ἕως
1708 1583 1825 1611 Θανάτου
1841 1594 1849 1600 ·

1061 1618 1162 1653 πολλῆς
1175 1619 1229 1655 γὰρ
1261 1619 1321 1655 βίας
1339 1622 1435 1656 χρείαν
1460 1623 1516 1657 ἔχει
1535 1625 1566 1651 τὸ
1589 1626 1669 1661 ἔργον
1690 1629 1781 1659 τοῦτο.
1808 1631 1849 1658 ὅτι

1062 1664 1140 1697 στενή
1157 1664 1230 1690 ἐστιν
1246 1666 1261 1700 ἡ
1279 1666 1361 1701 πύλη,
1398 1668 1446 1694 καὶ
1465 1669 1634 1706 τεθλιμμένη
1656 1673 1671 1708 ή
1687 1674 1777 1711 ὁδὸςὴ
1795 1677 1848 1703 ἀπ-

1061 1706 1166 1740 άγουσα
1182 1710 1221 1739 εἰς
1235 1709 1285 1744 τὴν
1301 1710 1385 1746 ζωὴν,
1407 1713 1453 1739 καὶ
1466 1713 1490 1739 oi
1504 1706 1848 1755 Btugdpevoreicépxbv-rut

1060 1754 1089 1779 ὲν
1108 1754 1188 1789 αὐτῇ·
1206 1755 1324 1789 βιαστῶν
1339 1757 1393 1793 γάρ
1419 1758 1491 1785 ἐστιν
1507 1761 1522 1794 ἡ
1541 1759 1663 1794 βασιλεία
1687 1754 1743 1790 τῶν
1758 1767 1844 1800 οὐρα-

1058 1798 1121 1826 νῶν.
1138 1801 1291 1835 Παρακαλῶ
1300 1800 1347 1828 οὖν
1362 1803 1445 1837 ὑμᾶς,
1465 1805 1500 1840 μὴ
1514 1807 1644 1841 χωρίζετε
1661 1809 1711 1841 τὰς
1731 1798 1847 1847 καρέίας

1059 1844 1135 1880 ὑμῶν
1151 1846 1203 1872 ἀπὸ
1224 1847 1302 1879 θεοῦ,
1323 1848 1390 1875 ἀλλὰ
1417 1847 1597 1886 προσμένετε,
1618 1855 1665 1880 καὶ
1691 1844 1847 1889 φυλάασετε

1056 1891 1142 1922 αὑτὰς
1158 1891 1226 1926 μετὰ
1240 1893 1288 1926 τῆς
1297 1895 1407 1930 μνήμης
1420 1896 1468 1922 τοῦ
1479 1897 1579 1932 Κυρίου
1587 1900 1664 1934 ἡμῶν
1682 1900 1769 1935 Ἰησοῦ
1777 1904 1847 1938 Χρι-

1057 1936 1120 1962 ατοῦ
1136 1937 1261 1967 πάντοτε.
1273 1938 1324 1970 ἕως
1334 1937 1364 1966 οὗ
1376 1940 1531 1978 ἐμφυτευθῇ
1543 1943 1573 1969 τὸ
1585 1944 1670 1979 ὄνομα
1681 1946 1726 1972 τοῦ
1741 1948 1845 1983 Κυρίου

1056 1981 1109 2008 ἔσω
1120 1982 1148 2008 ὲν
1160 1983 1192 2018 τῇ
1212 1983 1319 2020 καρδίᾳ.
1338 1985 1384 2012 xui
1397 1987 1479 2021 μηδὲν
1491 1987 1584 2023 ἕτερον
1611 1991 1700 2026 ὲννοῇ,
1722 1992 1767 2020 ἵνα
1787 1981 1828 2029 ’με

1050 2042 1170 2078 γαλυνθῇ
1181 2044 1195 2070 ὁ
1207 2043 1323 2078 Χριστὸς
1331 2045 1359 2071 ὲν
1367 2045 1439 2079 ὑμῖν.
1449 2055 1457 2071 ›
1469 2046 1525 2081 Πρὸ
1537 2046 1564 2074 δέ
1578 2055 1610 2080 γε
1620 2047 1714 2074 τούτου
1723 2049 1737 2074 ὁ
1753 2050 1841 2084 μέγας

1052 2087 1157 2118 Παῦλος
1171 2089 1216 2114 τὸν
1234 2089 1336 2124 Κύριον
1355 2090 1459 2126 Ἰησοῦν
1481 2093 1595 2128 γράφων
1613 2094 1706 2128 φησίν·
1725 2104 1735 2120 ι
1774 2096 1840 2123 Ἐὰν

1048 2131 1219 2169 ὁμολογήσῃς
1235 2134 1263 2160 ἐν
1275 2134 1312 2169 τῷ
1329 2136 1442 2171 στόματί
1455 2145 1502 2163 σου
1524 2137 1626 2172 Κύριον
1655 2139 1772 2173 Ἰησοῦν,
1791 2142 1840 2167 καὶ

1048 2178 1196 2214 πιστεύσῃς
1213 2180 1242 2205 ἐν
1253 2182 1283 2215 τῇ
1297 2182 1396 2217 καρδίᾳ
1410 2190 1468 2213 σου,
1480 2183 1614 2215 ὃτιὸΘεὸς
1626 2184 1736 2219 ἧγειριν
1752 2186 1838 2212 αὐτὸν

1047 2223 1078 2248 ἐκ
1092 2223 1208 2257 νεκρῶν,
1239 2224 1347 2260 σωθήσῃ
1358 2234 1364 2240 ·
1393 2227 1490 2262 καρδίᾳ
1505 2228 1559 2263 γὰρ
1574 2228 1732 2255 πιστεύεται
1750 2231 1790 2260 εἰς
1803 2230 1838 2256 δι·

1048 2275 1065 2292 κ
1071 2267 1178 2300 χιοσύνη
1184 2277 1207 2299 ν,
1218 2269 1332 2303 στόματι
1340 2270 1368 2296 δὲ
1377 2271 1548 2305 ὁμολογεῖται
1558 2282 1569 2298 ε
1575 2274 1596 2303 ίς
1607 2282 1678 2308 σωτη
1684 2274 1756 2308 ρίαν,
1764 2284 1773 2300 ι
1780 2276 1802 2302 Κ
1808 2277 1837 2302 ui

1045 2310 1132 2343 αὖθις·
1150 2322 1160 2338 ι
1175 2313 1269 2344 Οὐδεὶς
1280 2314 1353 2348 λέγει
1369 2315 1470 2350 Κύριον
1485 2317 1599 2352 Ἰησοῦν.
1613 2319 1637 2344 εἰ
1651 2319 1687 2353 μὴ
1703 2320 1732 2344 ὲν
1746 2321 1833 2346 Πνεῦ-

1046 2366 1110 2391 ματι
1132 2359 1210 2393 ἁγίῳ.
1230 2369 1238 2384 t
1262 2361 1424 2396 Προστίϐησι
1437 2362 1465 2388 δὲ
1481 2363 1520 2394 τὸ,
1539 2365 1567 2389 ὲν
1583 2364 1722 2398 Πνεύματι
1749 2367 1834 2401 ἁγίῳ,

1044 2402 1194 2434 τουτέστιν,
1212 2404 1276 2430 ὅταν
1293 2405 1433 2440 ἐνέργειαν
1449 2407 1608 2442 Πνεύματος
1623 2409 1701 2442 ἁγίου
1718 2410 1836 2446 δέξηται

1043 2448 1183 2482 ήκαρδία,
1198 2449 1231 2474 δι’
1246 2447 1280 2484 ἧς
1309 2451 1355 2477 καὶ
1379 2451 1568 2486 προσεύχεται,
1596 2454 1663 2489 ὅπερ
1688 2455 1747 2481 ἐστὶ
1777 2457 1836 2482 τῶν

1042 2493 1248 2527 προκοῲάντων,
1262 2496 1309 2521 καὶ
1326 2496 1355 2522 ἐν
1369 2497 1459 2528 αὐτοῖς
1475 2497 1599 2532 ἐναργῶς
1614 2499 1772 2526 ἐνοικοῦντα
1787 2501 1835 2528 τὸν

1041 2539 1158 2572 Χριστὸν
1186 2541 1424 2577 πεπλουτηκότων,
1458 2544 1604 2571 Ἀκόλουοα
1621 2545 1708 2581 τούτῳ
1728 2547 1834 2580 φάσκει

1042 2584 1088 2610 καὶ
1104 2587 1116 2611 ὁ
1131 2585 1207 2620 ἆγιος
1218 2587 1354 2622 Διάδοχος·
1369 2598 1378 2613 ί
1390 2589 1513 2615 ’Λπαιτεῖ
1527 2591 1600 2625 ἡμᾶς
1609 2592 1716 2623 πάντως
1728 2594 1740 2618 ὁ
1755 2593 1832 2626 νοῦς,

1040 2631 1103 2658 ὅταν
1120 2633 1201 2659 αὑτοῦ
1218 2634 1308 2665 πάσας
1323 2634 1372 2665 τὰς
1388 2635 1520 2667 διεξόδους
1533 2639 1565 2672 τῇ
1592 2638 1687 2674 μνήμῃ
1701 2638 1832 2674 ἀποφρὰ-

1041 2676 1129 2711 ξωμεν
1143 2678 1190 2704 τοῦ
1215 2678 1292 2710 Θεοῦ,
1318 2679 1398 2713 ἔργον
1413 2680 1520 2714 ὀφεῖλον
1544 2682 1727 2718 πληροφορείν
1742 2684 1830 2712 αὐτοῦ

1039 2722 1087 2756 τὴν
1108 2723 1274 2759 ἐντρέχειαν.
1300 2727 1345 2751 Δετ
1370 2723 1416 2753 οὖν
1445 2728 1520 2762 αὺτῷ
1539 2729 1638 2755 διδόναι
1665 2730 1706 2762 τὸ,
1738 2731 1827 2766 Κύριε

1045 2768 1143 2802 Ἰησοῦ,
1167 2771 1247 2804 μόνον
1266 2773 1306 2802 εἰς
1321 2771 1466 2809 ὁλόκληρον
1490 2776 1683 2811 πραγματείαν
1697 2776 1745 2803 τοῦ
1761 2786 1826 2805 σκο-
