1925 3083
199 149 253 182 ’727

616 150 784 181 CALLISTI
807 150 854 180 ET
878 137 1404 180 [ωιτη.-ΧΑΝΤιιονυιοιιυιί

1772 148 1825 178 T38

201 208 346 235 draconem
359 208 404 242 qui
422 215 534 242 pascura
552 212 677 241 occupat,
700 207 837 239 humiliet,
867 208 986 234 animam

1043 208 1090 242 τὴν
1102 209 1211 242 νικῆσαι
1226 210 1270 234 καὶ
1288 208 1437 243 ἐκριζῶσσι
1456 207 1524 234 κατὰ
1546 206 1638 242 μέρος.
1661 207 1704 233 ἴνα
1718 207 1748 233 τὸ
1768 208 1828 234 δνο-

201 262 266 281 vero
280 254 366 282 salvet
382 262 414 281 ac
435 255 562 282 vivilicet.
584 252 768 281 ludesinenter
785 253 868 288 igitur
882 254 990 281 adiutare

202 301 306 327 nomini
317 300 423 327 Domini
433 300 507 332 Jesu,
530 300 656 327 utebibat
669 308 716 327 cor
729 305 804 327 tuum
829 299 988 333 Dominum,

199 350 226 373 et
243 345 372 373 Dominus
382 353 438 378 cor,
452 350 478 372 et
493 345 547 372 duo
563 345 589 372 in
601 353 685 372 unum
699 346 774 372 (lant.
792 344 844 372 Sed
855 346 906 372 hoc
920 353 987 380 opus

200 396 306 418 estnon
319 390 400 417 unius
415 389 480 422 diei,
491 389 537 417 sed
551 389 629 417 multi
640 389 771 424 temporis
787 388 890 420 ;multo
900 393 989 415 certa-

200 438 273 464 mine
288 441 316 464 et
335 442 456 471 tempore
468 443 539 470 opus
549 441 600 466 est.
614 441 644 463 ut
664 436 793 469 ejiciatur
809 435 948 465 inimicus,
964 439 991 460 ct

201 482 389 510 lntroducatur
404 482 541 510 Christus.
555 491 564 508 ι
578 482 609 509 Et
620 490 741 514 rursum,
751 491 760 508 ι
773 481 885 516 Oportet
895 480 992 508 contir-

200 536 275 557 mare
287 533 314 557 et
329 530 403 557 intus
432 529 532 556 habere
542 533 670 560 mentem.
681 533 707 555 et
728 529 840 555 l'rzenum
859 527 909 562 ipsi
930 526 992 562 inji-

200 583 274 608 cere,
286 580 311 603 et
322 583 429 602 omnem
439 575 628 610 cogitationem
639 582 790 609 omnesque
798 573 907 609 maligni
920 574 991 601 vires
1016 603 1020 607 ,

199 628 248 656 per
265 621 466 648 invocationem
486 620 593 647 Domini
612 621 697 648 nostri
720 619 895 647 Iesu-Christi
914 619 992 646 casti-

201 674 275 700 gare.
293 676 302 692 ›
322 667 355 693 Et
374 666 417 693 ubi
443 670 497 693 stat
525 673 636 700 corpus.
648 666 683 693 ibi
695 666 729 693 sit
744 671 771 693 et
782 673 867 697 utens,
881 670 910 692 ut
921 664 992 691 inter

202 711 288 738 Deum
317 717 343 738 et
359 719 406 738 cor
417 712 485 738 nihil
507 712 669 746 inveniaturj
682 711 871 738 intermedium
884 715 932 737 aut
950 718 992 738 se-

202 761 279 792 ptum
294 764 341 784 cor
353 757 504 785 ohscurans
522 757 603 791 idque
616 766 630 784 α
644 757 698 784 1)εο
709 759 865 793 scjungens.
883 756 910 783 Si
928 763 991 783 vero

201 803 264 837 quid
284 808 402 830 mentem
425 805 522 838 rapiat,
538 812 590 830 non
605 803 815 838 cogitationibus
829 803 990 830 morandum

200 853 260 881 est;
275 856 308 876 ne
325 856 456 876 assensus
473 849 546 876 hisce
558 849 770 884 cogitationibus
781 848 991 884 ipsiimputelur

1043 263 1079 288 μα
1096 254 1142 280 τοῦ
1160 255 1260 289 Κυρίου
1279 254 1366 289 Ἰησοῦ
1381 253 1498 287 Χριστοῦ
1515 253 1716 287 κατερχόμενον
1739 256 1780 284 εἱς
1797 254 1828 279 τὸ

1041 300 1122 334 βάθος
1136 300 1184 334 τῆς
1196 300 1319 335 καρδίας,
1334 299 1378 326 τον
1395 299 1444 334 μὲν
1459 299 1593 333 δράκοντα
1608 299 1654 325 τὸν
1671 300 1827 335 κρατοῦντα

1040 345 1088 375 τὰς
1122 344 1207 377 νομὰς
1237 344 1404 379 ταπεινώσῃ,
1430 344 1478 378 τὴν
1497 344 1524 369 δὲ
1551 343 1640 378 ψυχὴν
1675 344 1750 380 σώσῃ
1779 346 1828 371 καὶ

1039 386 1207 423 ζωοῖοιήσῃ.
1246 387 1439 419 Ἀδιαλείπτως
1465 388 1556 414 τοίνυν
1591 389 1762 424 παράμεινον
1789 390 1830 423 1‘}

1039 431 1150 466 ὀνόματι
1166 431 1212 457 τοῦ
1229 431 1331 465 Κυρίου
1367 430 1466 466 Ἰησοῦ,
1489 432 1532 458 ἵνα
1548 433 1669 467 καταπίῃ
1686 433 1702 467 ἡ
1721 433 1823 472 καρδεα

1040 477 1083 505 τὸν
1104 477 1215 513 Κύριον,
1228 478 1274 503 καὶ
1287 478 1300 504 ὁ
1315 477 1415 513 Κύριος
1430 477 1479 512 τὴν
1503 478 1628 513 καρδίαν,
1645 480 1692 505 καὶ
1714 479 1828 513 γένηται

1037 524 1072 550 τὰ
1087 523 1141 550 δύω
1161 524 1199 555 εις
1219 523 1259 549 ἓν.
1285 523 1365 550 Ἀλλὰ
1379 523 1409 550 τὸ
1426 523 1507 558 ἔργον
1521 524 1598 550 τοῦτο
1615 524 1664 551 οὐκ
1684 524 1743 551 ἐστι
1762 526 1838 558 uti;

1038 569 1155 604 ἡμέρας,
1176 568 1192 604 ἢ
1218 568 1283 600 δύω,
1302 568 1371 595 ἀλλὰ
1401 569 1498 604 χρόνου
1525 566 1622 595 «iam;
1648 571 1694 596 καὶ
1716 571 1827 605 καιροῦ·

1038 615 1136 642 πολλοῦ
1155 615 1207 650 γὰρ
1220 615 1324 649 ἀγῶνος
1351 615 1398 641 καὶ
1416 616 1513 650 χρόνου
1526 616 1616 651 χρεία,
1635 617 1708 648 ὃπως
1724 618 1827 652 ὲκόλην

1039 662 1071 696 Θῃ
1090 661 1104 686 ὁ
1120 660 1226 695 ἐχθρὸς,
1248 660 1295 686 καὶ
1312 661 1438 696 ὲνοικήσῃ
1459 662 1472 687 ὁ
1489 661 1615 695 Χριστός.
1636 671 1644 687 t
1663 663 1718 688 Καὶ
1737 661 1827 694 alto-g-

1041 715 1050 731 ί
1071 705 1132 740 Χρὴ
1149 704 1360 738 ἀσφαλίζεσοαι,
1392 706 1439 732 καὶ
1461 706 1579 741 ἡνιοχεῖν
1601 706 1647 732 τθιν
1676 707 1749 738 νοῦν,
1780 709 1829 734 καὶ

1037 752 1236 788 χαλιναγωγεῖν
1252 751 1344 783 αὑτὸν,
1372 752 1419 778 καὶ
1440 752 1530 779 πάντα
1545 752 1685 787 λογισμὸν,
1701 754 1747 780 καὶ
1772 756 1828 779 πᾶ-

1039 806 1088 823 σαν
1106 796 1152 823 τοῦ
1169 796 1287 831 πονηροῦ
1305 797 1445 832 ἐνέργειαν
1474 797 1599 829 κολάζειν
1619 798 1664 825 δια
1691 799 1741 833 τῆς
1761 799 1826 825 επι-

1038 843 1160 877 κλήσεως
1180 841 1227 868 τοῦ
1243 842 1346 878 Κυρίου
1363 842 1444 878 ἡμῶν
1466 843 1554 877 Ἰησοῦ
1582 844 1713 878 Χριστοῦ.
1730 854 1739 869 ι
1770 845 1827 870 Kai.

201 894 229 921 iu
240 895 282 922 die
294 895 390 927 judicii
410 903 501 922 coram
513 881 638 929 Domino,
652 896 761 930 quando
773 881 905 930 judicabit
918 894 988 922 Deus

1038 889 1105 915 ὅπου
1123 889 1153 914 τὸ
1168 888 1247 922 σῶμα
1274 888 1392 920 ἵσταται,
1416 889 1474 915 ἐκεῖ
1497 889 1567 915 ἔστω
1583 889 1630 915 καὶ
1655 890 1668 915 ὁ
1688 889 1761 922 νοῦς,
1783 890 1828 916 ἵνα

201 941 305 968 occulta
321 941 471 968 hominum.
490 941 591 969 Vacate
603 942 686 975 igitur
702 950 822 976 semper,
849 946 876 969 et
893 941 985 969 adlue-

201 992 259 1015 rete
276 987 392 1015 Domino
409 988 464 1015 Deo
481 993 586 1020 nostro,
604 988 691 1015 donec
703 989 865 1015 misereatur
892 988 986 1018 vestri,

201 1041 251 1060 nec
264 1034 412 1069 quidquam
428 1035 500 1062 aliud
515 1035 637 1068 quzerite,
659 1034 709 1061 nisi
728 1034 812 1060 snlam
831 1034 988 1061 misericor-

200 1079 272 1105 diam
285 1088 299 1106 a
316 1080 428 1107 Domino
439 1080 540 1114 gloriae.
550 1080 710 1113 Qucerentes
722 1084 813 1107 autem
828 1081 987 1107 miscricor-

200 1125 287 1156 diam.
303 1126 331 1153 in
354 1126 451 1153 humili
481 1132 507 1153 et
537 1125 682 1153 miserabili
708 1126 789 1153 corde
808 1126 933 1161 quaerite,
961 1131 988 1153 et

199 1172 316 1199 clamate
331 1179 345 1198 α
367 1180 446 1199 mane
464 1172 496 1199 ad
510 1180 661 1206 vesperam,
671 1177 698 1199 et
709 1173 795 1200 siﬁeri
806 1173 892 1208 possit
903 1177 987 1199 totam

199 1223 305 1246 noctem
323 1218 389 1245 illud
402 1228 411 1244 ε
428 1218 542 1246 Domine
557 1219 623 1246 Jesu
639 1219 759 1252 Christe,
779 1219 912 1247 miserere
923 1219 986 1249 mei.

199 1267 226 1290 ct
247 1264 336 1298 cogite
355 1268 472 1291 mentem
491 1270 608 1292 vestram
624 1265 656 1292 ad
674 1265 739 1291 illud
758 1272 826 1299 opus
845 1273 932 1299 usque
953 1265 986 1292 ad

199 1316 326 1338 mortem.
347 1311 429 1338 Multa
451 1312 523 1339 enim
542 1307 670 1339 violentia
692 1320 760 1346 opus
781 1317 833 1344 cst,
857 1312 985 1347 quoniam

199 1361 314 1391 angusta
333 1361 358 1383 et
381 1362 454 1391 porta
473 1361 584 1385 etarcta
601 1359 727 1392 via,‘qu;e
749 1358 823 1385 duci:
841 1358 874 1385 ad
889 1358 986 1389 vitam,

198 1406 226 1428 et
248 1401 355 1429 violenti
381 1402 570 1437 ingrediuntur
598 1404 624 1430 in
657 1411 710 1437 ea;
732 1404 912 1431 violentorum
945 1408 987 1431 est

198 1448 271 1474 enim
303 1456 415 1483 regnum
439 1449 581 1477 ewlorum.
596 1441 696 1477 [ἰοὶ-ωι-
719 1451 801 1485 igitur
817 1458 875 1483 vos,
892 1458 926 1477 ue
944 1457 986 1478 sc-

200 1493 301 1526 pu'etis
319 1501 332 1521 a
352 1493 407 1521 Deo
425 1494 507 1522 corda
527 1500 638 1528 vestra;
660 1496 706 1522 sed
723 1496 886 1523 adium-eatis
910 1497 935 1523 ei
961 1501 987 1523 et

197 1539 279 1565 corda
293 1539 454 1567 custodiatis
473 1541 579 1575 ubique-
596 1546 624 1569 et
645 1549 752 1576 semper
776 1550 837 1569 cum
852 1544 983 1570 memoria
997 1543 1020 1572 ϐ

198 1583 306 1611 Domini
330 1586 414 1612 nostri
425 1585 490 1613 Jesu
516 1585 627 1620 Christi,
642 1587 728 1614 donec
745 1587 981 1622 implanteturno-

200 1637 260 1656 men
280 1629 386 1657 Domini
401 1631 475 1657 intus
487 1631 513 1658 in
530 1631 622 1665 corde,
636 1637 662 1659 et
676 1633 740 1658 nihil
757 1633 832 1659 aliud
847 1633 981 1667 cogitetis.

198 1681 229 1702 ut
241 1676 427 1709 tnagnilicetur
438 1676 562 1704 Christus
575 1677 602 1703 in
624 1678 710 1704 vobis.
725 1687 734 1704 ι
748 1679 816 1706 Ante
842 1686 904 1706 eum
927 1687 984 1706 ma-

198 1729 267 1757 gnus
278 1721 376 1748 Paulus
397 1721 540 1749 Dominum
561 1721 653 1749 Jesum
676 1730 828 1757 proponens
844 1724 911 1751 dicit
927 1736 936 1750 ι
956 1725 983 1751 Si

196 1767 353 1794 conﬁtearis
373 1768 400 1794 in
417 1775 464 1794 ore
482 1774 528 1794 tuo
543 1767 685 1795 Domimun
702 1768 804 1800 Jesum.
817 1775 842 1797 et
864 1771 985 1798 credide-

196 1813 235 1839 ris
252 1813 277 1839 iu
294 1813 377 1840 corde
393 1818 449 1844 tuo.
464 1814 534 1847 quod
549 1813 618 1841 Deus
639 1815 781 1842 suscitavit
795 1816 869 1842 illiilli
884 1823 898 1843 a
912 1824 985 1843 mor-

198 1858 264 1892 tuis,
275 1859 366 1886 salvus
381 1860 447 1886 eris.
463 1859 551 1887 Corde
569 1860 641 1887 enim
660 1861 780 1888 creditur
792 1861 824 1888 ad
836 1862 982 1896 justitiam,

196 1911 244 1930 ore
252 1908 343 1930 autem
356 1904 491 1931 confessio
501 1904 532 1930 l'it
544 1905 577 1931 ad
591 1907 717 1933 salutent.
729 1905 876 1932 Etrursum
887 1914 914 1933 ε(
929 1905 983 1933 Ne-

197 1957 240 1974 mo
251 1949 472 1976 dicitzbomiuus
484 1949 572 1981 Jesus.
589 1950 642 1977 nisi
659 1951 684 1977 in
702 1951 803 1985 Spiritu
827 1956 921 1979 sancto
932 1952 982 1979 η.»

195 1995 278 2021 Addit
294 2000 383 2022 autem
400 1996 426 2022 iit
437 1996 540 2030 Spiritu
551 2002 652 2027 sancto.
668 1997 694 2023 id
717 2002 768 2030 est,
797 1998 905 2032 quando
929 1999 984 2024 vim

195 2041 313 2074 Spiritus
335 2041 411 2075 illud,
434 2043 519 2069 sancti
542 2050 591 2070 cor
615 2044 760 2078 acceperit,
779 2051 826 2078 per
855 2052 935 2079 quam
958 2040 986 2072 οι

179 2091 266 2126 .orat,
277 2088 347 2122 quod
366 2093 407 2115 est
427 2088 637 2122 proﬁcientium,
652 2094 678 2116 et
697 2097 791 2117 eorum
812 2091 858 2125 qui
873 2091 983 2118 Christo

196 2133 221 2159 iu
239 2133 304 2167 ipsis
319 2135 463 2162 manifeste
477 2135 626 2168 habitante,
641 2136 738 2163 divites
762 2137 827 2163 facti
843 2142 917 2164 sunt.
938 2138 983 2164 llis

195 2186 314 2214 congrua
338 2180 444 2207 dictitat
463 2187 489 2207 et
519 2188 630 2209 sanctus
649 2182 803 2209 Diadocltus
825 2192 833 2209 ι
858 2183 980 2211 Postulat

195 2218 295 2252 anubis
313 2229 423 2253 omnino
443 2233 519 2254 mens
543 2234 602 2254 cum
619 2228 679 2262 ejus
701 2235 796 2255 omnes
812 2229 901 2257 aditus
919 2237 977 2256 Ille-

195 2271 281 2298 tuoria
301 2272 346 2298 Dei
374 2273 552 2307 obstruimus,
575 2282 644 2309 opus
672 2275 807 2310 quoddam
828 2276 900 2310 quod
917 2276 977 2310 ejus

194 2317 309 2344 solertia:
340 2317 496 2346 satisfacere
516 2320 613 2352 possit.
638 2319 748 2355 Oportet
775 2321 856 2356 igitur
877 2330 926 2350 nos
952 2325 976 2352 ei

192 2363 258 2390 dare
280 2364 344 2390 illud
362 2372 369 2391 :
391 2373 400 2389 ε
422 2364 532 2392 Domine
552 2365 627 2398 Jesu,
647 2375 657 2392 ›
679 2367 850 2395 solummodo
867 2369 892 2397 in
918 2371 978 2398 uni-

192 2416 298 2436 versam
324 2411 529 2444 operationema
541 2419 594 2446 qua
611 2414 745 2440 tendatad
761 2417 978 2450 scopum.l\'ctno

191 2454 265 2481 cuim
287 2455 350 2482 dicit
369 2456 511 2483 Dominum
524 2456 690 2490 Jesum,nisi
707 2459 733 2486 in
746 2459 848 2494 Spiritu
871 2469 975 2492 sancto.

192 2501 245 2528 Sed
268 2501 292 2528 id
318 2502 412 2529 stricte
433 2503 543 2529 verbum
573 2505 598 2529 iu
620 2504 756 2533 thesauris
772 2506 829 2533 suis
856 2513 977 2535 contem-

191 2547 298 2582 pletur,
324 2555 358 2574 ne
380 2548 407 2574 in
431 2548 588 2583 phantasias
611 2551 742 2584 quasdam
766 2553 883 2580 aberret.
914 2555 978 2587 Qui-

192 2601 299 2628 cunque
315 2595 387 2620 enim
404 2594 469 2621 illud
492 2595 638 2629 gloriosum
661 2601 687 2623 et
705 2598 821 2625 amabile
837 2607 934 2627 nomen
949 2603 976 2628 iu

190 2640 327 2675 prolundo
346 2641 427 2667 corde
449 2641 580 2668 continue
599 2643 772 2678 meditantur,
783 2645 800 2671 ii
823 2652 935 2681 pas-sunt
950 2652 977 2674 et

192 2687 283 2713 lumen
294 2686 391 2713 mentis
404 2687 552 2720 aliquando
566 2695 698 2723 cernere;
719 2697 796 2718 arcto
813 2693 887 2719 enim
915 2699 973 2720 stu-

190 2733 235 2759 dio
244 2741 258 2759 a
268 2734 431 2767 cogitatione
440 2739 612 2769 occupatum,
624 2743 719 2763 ornucs
730 2738 823 2764 sordes
847 2738 872 2764 in
884 2739 975 2766 anima

190 2785 369 2814 cruci-gentes,
391 2780 418 2806 iu
435 2780 577 2808 sullicieuti
592 2790 672 2809 sensu
686 2783 787 2811 adurit.
800 2784 870 2813 Deus
902 2788 973 2814 enim

233 2871 254 2886 ¹¹
272 2871 351 2897 nom.
369 2879 395 2903 ι,
413 2871 439 2903 9,
458 2873 499 2899 10.
553 2875 574 2890 ³³
589 2875 598 2900 1
614 2876 632 2902 (1
646 2851 741 2907 ωλι),
776 2877 802 2903 5.

1039 933 1122 969 μέσον
1140 933 1187 960 τοῦ
1203 933 1271 961 Θεοῦ
1290 934 1338 960 καὶ
1364 934 1413 968 τῆς
1429 934 1543 969 καρδίας
1560 935 1642 970 μηδὲν
1667 936 1761 970 ἓτερον
1780 937 1828 962 εὑ-

1040 981 1166 1016 ρίσκηται
1182 980 1219 1011 ὡς
1235 981 1402 1014 μεσότοιχον,
1423 979 1439 1014 ἢ
1454 980 1579 1014 opst-(po;
1599 981 1762 1008 ἐπισκοτοῦν
1778 983 1829 1016 τὴν

1038 1026 1163 1061 καρδίαν,
1188 1026 1235 1052 καὶ
1262 1025 1379 1060 χωρίζον
1404 1026 1449 1052 τὸν
1484 1025 1547 1052 νοῦν
1575 1027 1629 1053 ἀπὸ
1660 1026 1707 1053 τοῦ
1743 1028 1824 1055 Θεοῦ.

1044 1073 1106 1099 Ἐὰν
1116 1073 1143 1099 δὲ
1158 1073 1204 1099 καί
1222 1081 1286 1099 ποτε
1301 1072 1411 1108 ἁρπάζῃ
1428 1073 1473 1099 τὸν
1490 1072 1563 1104 νοῦν,
1576 1073 1606 1099 οὐ
1625 1074 1677 1108 χρὴ
1701 1075 1758 1105 τοῖς
1780 1075 1826 1100 λο-

1037 1121 1146 1154 γισμοῖς
1168 1118 1348 1154 ἐγχρονίζειν,
1371 1118 1415 1144 ἵνα
1443 1119 1481 1154 μὴ
1500 1119 1517 1154 ἡ
1543 1119 1743 1153 συγκατάθεσις
1770 1120 1827 1146 τῶν

1037 1165 1175 1200 λογισμῶν
1208 1166 1248 1197 εἰς
1281 1164 1381 1199 πρᾶξιν
1414 1165 1488 1201 αὐτῷ
1528 1166 1640 1201 λογισοῇ
1674 1167 1703 1192 ὲν
1730 1167 1826 1202 ἡμέρα

1038 1212 1156 1247 κρίσεως
1178 1211 1293 1237 ἐνώπιον
1308 1210 1354 1236 τοῦ
1370 1211 1486 1246 Κυρίου,
1506 1212 1549 1238 ὅτε
1571 1213 1659 1247 κρινεῖ
1673 1213 1687 1238 ὁ
1707 1212 1774 1244 Θεὸς
1791 1214 1827 1239 τὰ

1038 1257 1147 1292 κρυπτὰ
1159 1257 1213 1283 τῶν
1228 1256 1388 1292 ἀνθρώπων.
1402 1257 1555 1291 Σχολάσατε
1568 1258 1656 1284 τοίνυν
1667 1258 1825 1290 διαπαντὸς,

1038 1305 1085 1330 καὶ
1098 1303 1284 1338 παραμείνατε
1296 1303 1391 1338 Κυρίῳ
1402 1303 1440 1338 τῷ
1453 1303 1513 1338 Θεῷ
1526 1304 1615 1338 ἡμῶν,
1625 1304 1678 1336 ἕως
1688 1302 1718 1332 οὗ
1732 1306 1826 1341 01x11;-

1041 1350 1110 1385 ρήσῃ
1127 1349 1196 1382 ὑμᾶς
1207 1369 1214 1380 ,
1231 1349 1277 1374 καὶ
1296 1349 1379 1383 μηδὲν
1391 1349 1485 1384 ἕτερον
1499 1349 1618 1384 ζητεῖτε,
1633 1350 1648 1386 ἦ
1662 1351 1741 1385 μόνον
1751 1352 1827 1384 ἔλεος

1041 1394 1115 1428 παρὰ
1130 1393 1177 1419 τοῦ
1193 1393 1294 1428 Κυρίου
1314 1393 1364 1428 τῆς
1380 1393 1468 1428 δόξης.
1486 1394 1636 1428 Ζητοῦντες
1655 1395 1684 1421 δὲ
1704 1396 1778 1427 ἕλεος
1796 1398 1827 1423 ἐν

1038 1441 1152 1475 ταπεινῇ
1166 1439 1212 1466 καὶ
1235 1439 1339 1474 ὲλεεινῇ
1357 1440 1455 1475 καρδίᾳ
1471 1439 1589 1474 ζητεῖτε,
1611 1441 1658 1467 καὶ
1674 1441 1755 1476 βοᾶτε
1770 1443 1828 1470 ἀπὸ

1039 1484 1112 1520 πρωϊ
1123 1485 1175 1516 ἓως
1192 1484 1322 1520 ἑσπέρας,
1339 1485 1364 1510 εἰ
1380 1485 1493 1511 δυνατὸν
1509 1485 1558 1511 καὶ
1576 1486 1640 1520 ὃλην
1655 1487 1703 1521 τὴν
1721 1488 1821 1520 νὶικτα,

1039 1531 1079 1562 τὸ,
1094 1531 1181 1565 Κύριε
1205 1530 1291 1566 Ἰησοῦ
1307 1530 1418 1565 Χριστὲ,
1436 1530 1547 1565 ἐλέησόν
1571 1541 1615 1566 με,
1628 1533 1674 1559 καὶ
1693 1532 1827 1567 βιάσασοε

1037 1576 1083 1604 τὸν
1109 1576 1170 1603 νοῦν
1187 1576 1264 1610 ὑμῶν
1284 1577 1323 1608 εἰς
1354 1576 1433 1603 τοῦτο
1461 1577 1490 1604 τὺ
1513 1577 1593 1612 ἔργον
1618 1579 1670 1611 ἕως
1683 1580 1801 1607 θανάτου
1817 1589 1825 1596 ·

1037 1622 1138 1656 πολλῆς
1152 1622 1205 1657 γὰρ
1237 1621 1298 1657 βίας
1315 1622 1410 1657 χρείαν
1436 1622 1492 1657 ἔχει
1511 1624 1542 1650 τὸ
1565 1624 1646 1659 ἔργον
1666 1625 1756 1656 τοῦτο,
1783 1627 1827 1653 ὅτι

1039 1668 1117 1701 στενή
1134 1668 1207 1693 ἐστιν
1223 1669 1239 1702 ἠ
1256 1667 1338 1703 πύλη,
1375 1669 1422 1695 καὶ
1442 1668 1611 1705 τεθλιμμένη
1633 1671 1648 1705 ἠ
1664 1671 1723 1703 ὁδὸς
1737 1673 1753 1707 ἡ
1770 1673 1827 1699 ὰπ-

1038 1710 1143 1745 ἁγουσα
1160 1713 1198 1743 είς
1212 1711 1262 1746 τὴν
1278 1712 1362 1748 ζωὴν,
1384 1713 1430 1739 καὶ
1443 1713 1467 1739 οί
1481 1713 1636 1748 βιαζόμενοι
1653 1716 1827 1752 εἰσέρχονται

1037 1759 1066 1784 ὲν
1086 1758 1165 1792 αὐτῇ·
1184 1757 1302 1792 βιαστῶν
1317 1758 1371 1794 γάρ
1396 1759 1469 1785 ἐστιν
1484 1760 1500 1794 ἡ
1518 1759 1641 1793 βασιλεία
1665 1761 1720 1788 τῶν
1735 1763 1823 1796 οὐρα-

1036 1803 1100 1831 νῶν.
1116 1803 1269 1838 Παρακαλῶ
1278 1802 1325 1830 οῦν
1340 1805 1423 1838 ὑμᾶς,
1443 1805 1479 1840 μὴ
1492 1805 1622 1840 χωρίζετε
1639 1807 1690 1838 τὰς
1709 1809 1827 1843 καρδίας

1037 1849 1113 1884 ὑμῶν
1130 1850 1182 1875 ἀπὸ
1203 1849 1281 1881 Θεοῦ,
1301 1849 1369 1876 ἀλλὰ
1396 1846 1576 1886 προσμένετε,
1597 1853 1644 1879 καὶ
1670 1853 1827 1887 φυλάσσετε

1035 1895 1121 1926 αὑτὰς
1138 1894 1206 1930 μετὰ
1219 1895 1268 1929 τῆς
1277 1896 1386 1931 μνήμης
1400 1896 1447 1922 τοῦ
1458 1897 1558 1931 Κυρίου
1566 1898 1643 1932 ήμῶν
1661 1898 1747 1932 Ἰησοῦ
1755 1900 1827 1934 Χρι-

1036 1940 1100 1967 στοῦ
1116 1941 1241 1970 πάντοτε,
1253 1940 1303 1972 ἕως
1314 1938 1344 1968 οὗ
1356 1941 1511 1977 ἐμφυτευθῇ
1523 1942 1552 1968 τὸ
1565 1942 1650 1977 ὄνομα
1660 1943 1706 1969 τοῦ
1721 1945 1826 1979 Κυρίου

1036 1985 1089 2013 ἔσω
1101 1986 1128 2012 ὲν
1140 1987 1173 2020 τῇ
1192 1985 1300 2022 καρδίᾳ,
1319 1987 1365 2013 καὶ
1377 1987 1460 2022 μηδὲν
1471 1987 1565 2022 ἕτερον
1591 1989 1680 2023 ὲννοῇ,
1702 1989 1746 2016 ἴνα
1773 1999 1808 2024 με

1032 2046 1151 2081 γαλυνθῇ
1162 2047 1176 2073 ό
1188 2046 1304 2081 Χριστὸς
1311 2046 1340 2072 ὲν
1348 2046 1420 2080 ὑμῖν.
1429 2055 1438 2071 ι
1450 2045 1506 2080 Πρὸ
1518 2045 1545 2072 δέ
1559 2053 1591 2078 γε
1601 2044 1695 2072 τούτου
1704 2046 1718 2072 ὁ
1733 2046 1822 2080 μέγας

1033 2091 1138 2121 Παῦλος
1152 2091 1197 2117 τὸν
1215 2091 1316 2126 Κύριον
1336 2091 1440 2127 Ἰησοῦν
1463 2092 1578 2127 γράφων
1595 2091 1687 2126 φησίν·
1707 2101 1716 2117 ι
1755 2092 1822 2118 Ἐὰν

1030 2136 1200 2172 ὁμολογήσῃς
1217 2137 1245 2162 ὲν
1257 2136 1294 2170 τῷ
1311 2136 1424 2171 στόματί
1437 2145 1484 2163 σου
1506 2136 1608 2170 Κύριον
1637 2135 1754 2171 Ἰησοῦν,
1772 2137 1821 2163 καὶ

1030 2182 1179 2218 πιστεύσῃς
1195 2182 1223 2208 ἐν
1235 2183 1266 2216 τῇ
1280 2182 1379 2218 καρδίᾳ
1393 2190 1450 2212 σου,
1463 2182 1597 2213 ὃτιὸΘεὸς
1609 2182 1719 2216 ἥγειρεν
1734 2181 1820 2208 αὐτὸν

1030 2227 1061 2252 ὲκ
1075 2226 1191 2260 νεκρῶν,
1222 2226 1330 2261 σωθήσῃ
1341 2235 1347 2241 ⁸
1376 2227 1473 2262 καρδίᾳ
1488 2227 1542 2261 γὰρ
1557 2226 1714 2253 πιστεύεται
1732 2227 1772 2256 εἰς
1785 2226 1820 2251 δι-

1032 2271 1191 2304 καιοσύνην,
1202 2271 1315 2305 στόματι
1323 2271 1351 2297 δὲ
1360 2271 1532 2306 ὁμολογεῖται
1542 2272 1580 2301 εἰς
1591 2271 1739 2305 σωτηρίαν.
1747 2280 1756 2296 ι
1763 2271 1820 2297 Καὶ

1029 2314 1116 2347 αὖθις·
1135 2325 1143 2341 ι
1159 2316 1252 2346 Οὐδεὶς
1264 2315 1337 2348 λέγει
1353 2315 1454 2350 Κύριον
1469 2316 1584 2350 Ἰησοῦν.
1597 2317 1621 2341 εἰ
1635 2316 1671 2350 μὴ
1688 2317 1716 2341 ὲν
1730 2317 1816 2342 [Ινεύ-

1031 2371 1095 2396 ματι
1116 2362 1194 2396 ἁγίῳ.
1214 2371 1223 2386 ›
1247 2361 1409 2396 Πρω-τίθησι
1422 2362 1449 2388 δὲ
1465 2362 1505 2393 τὸ,
1524 2364 1552 2388 ἐν
1568 2362 1706 2396 Πνεύματι
1733 2362 1817 2397 ἁγίῳ,

1029 2406 1178 2437 τουτέστιν,
1197 2406 1261 2432 ὅταν
1278 2406 1418 2441 ἐνέργειαν
1435 2406 1593 2440 Πνεύματος
1608 2407 1686 2440 ἁγίου
1703 2407 1819 2442 δέξηται

1029 2452 1169 2486 ἡκαρδία,
1184 2449 1265 2486 δι’ἦς
1294 2452 1340 2478 καὶ
1364 2452 1553 2485 προσεύχεται,
1581 2452 1649 2487 ὅπερ
1674 2452 1732 2477 ἐστὶ
1763 2452 1820 2478 τῶν

1029 2497 1234 2531 προκοψάντων,
1249 2497 1295 2523 καὶ
1312 2498 1341 2523 ἐν
1355 2497 1446 2527 αὐτοῖς
1461 2496 1585 2531 ἐναργῶς
1600 2496 1758 2523 ἐνοικοῦντα
1773 2497 1820 2523 τὸν

1028 2543 1144 2577 Χριστὸν
1173 2544 1411 2579 πεπλουτηκότων.
1445 2543 1590 2570 Ἀκόλουοα
1607 2542 1695 2578 τούτῳ
1714 2544 1819 2577 φάσκει

1029 2589 1076 2615 καὶ
1091 2591 1104 2616 ὸ
1118 2589 1194 2623 am;
1205 2589 1341 2624 Διάδοχος·
1357 2599 1365 2614 ι
1377 2590 1500 2615 Ἀπαιτεῖ
1515 2590 1588 2624 ἡμᾶς
1596 2589 1703 2620 πάντως
1715 2590 1728 2614 ὁ
1741 2589 1818 2621 νοῦς,

1027 2636 1091 2662 ὅταν
1107 2636 1189 2662 αὑτοῦ
1206 2636 1295 2667 πάσας
1311 2635 1360 2666 τὰς
1376 2635 1508 2667 διεξόδους
1521 2637 1553 2670 τῇ
1580 2636 1675 2671 μνήμῃ
1689 2635 1818 2670 ἀποφράς

1029 2681 1117 2715 ξωμεν
1131 2681 1179 2707 τοῦ
1203 2681 1281 2713 Θεοῦ,
1307 2681 1387 2715 ἔργον
1401 2681 1508 2714 ὀφεῖλον
1532 2680 1715 2716 πληροφορεῖν
1730 2681 1817 2707 αὑτοῦ

1027 2727 1076 2761 τὴν
1097 2727 1263 2762 ἐντρέχειαν.
1289 2728 1334 2754 Δεῑ
1359 2724 1404 2753 οὖν
1434 2727 1509 2762 αὺτῷ
1527 2727 1627 2753 διδόναι
1653 2727 1695 2759 τὸ,
1727 2727 1815 2762 Κύριε

1034 2773 1132 2807 Ἰησοῦ,
1157 2774 1236 2808 μόνον
1256 2775 1296 2804 si;
1310 2773 1456 2810 ὁλόκληρον
1479 2774 1673 2810 πραγματείαν
1687 2772 1734 2800 τοῦ
1750 2782 1815 2800 atto.
