1932 3088
173 68 228 102 753

781 69 973 99 OPUSCULA
991 72 1179 103 ASCl’Il‘lCA.

1741 82 1792 112 73!

173 134 239 160 Θεὸν
256 135 284 160 ἐν
299 133 388 159 πίστει.
404 131 600 159 ἀνατείνεσθαι·
612 131 628 166 ὴ
639 130 678 162 δὲ,
691 131 774 165 ἤγουν
790 130 806 164 ἡ
824 127 893 155 κατὰ
904 135 956 153 πα-

1007 131 1043 151 n-r
1061 137 1074 150 ιι
1087 132 1140 156 tuo.
1159 128 1233 161 juxta
1253 129 1486 161 sapientissimum
1506 132 1661 165 Maximum,
1682 142 1733 162 non
1746 143 1792 162 au~

175 180 301 215 ραδοχὴν,
314 179 423 212 ἀμέσως
439 177 503 212 παρ’
521 175 603 203 αὐτοῦ
624 176 671 202 τοῦ
687 175 754 201 Θεοῦ
767 173 957 203 ὑποστατικὼς

173 227 247 253 ἔνδον
258 226 370 261 καρδίας
387 224 491 258 πέφυκε
502 223 636 258 γίνεσθαι,
653 222 708 248 ἔσθ’
724 223 767 248 ὅτε
784 222 830 247 καὶ
846 220 955 253 ἔξωθεν,

173 273 220 299 καὶ
239 272 277 306 τῷ
295 271 401 306 σώματι
418 270 594 306 μεταδιδοῦσα
612 268 741 304 ἐμφανῶς
765 268 834 302 ὑπὲρ
851 267 956 293 ἔννοιαν

171 319 221 353 τῆς
243 318 345 348 οἰκείας
375 317 533 352 ὲλλάμψεως
557 317 604 343 καὶ
633 315 679 342 τοῦ
712 314 849 341 θειοτάτου
872 322 956 347 φωτι-

173 364 254 400 σμοῦ,
271 362 417 398 ὑπερφυῶς
434 361 591 396 πασχούσης
604 361 656 396 ίτῆς
679 360 803 394 καρδίας,
819 358 889 385 κατὰ
911 359 956 384 τὸν

173 410 329 445 σοφώτατον
356 409 491 442 Μάξιμον,
520 408 550 434 οὐ
580 407 708 441 ποιούσης
733 406 782 441 τὴν
809 405 956 439 ἀγέννητον

173 457 281 484 θέωσιν,
299 457 368 490 Φησὶ
385 455 439 490 γὰρ
464 450 541 484 οὗτος
566 455 578 480 ὁ
593 454 686 487 ἅγιος·
709 452 869 486 Ἀγέννητον
885 450 957 482 λέγω

171 503 269 530 θέωσιν
290 502 340 536 τὴν
369 501 429 527 κατ’
454 498 522 531 εἶδος
555 500 733 526 ὲνυπόστατον
760 498 809 532 τῆς
831 498 956 533 θεότητος

171 547 304 583 ἔλλαμψιν
321 556 327 563 ·
344 547 406 581 ἥτις
421 546 471 573 οὐκ
496 546 552 581 ἔχει
573 546 689 580 γένεσιν,
703 545 759 571 ἀλλ’
777 545 955 579 ἀνεπινόητον

170 596 200 622 ἐν
223 596 280 625 τοῖς
307 593 392 626 ἀξίοις
416 593 579 627 φανέρωσιν.
595 592 746 626 Συνᾲδοντα
770 591 826 621 τοῖς
851 590 956 625 ῥηθεῖσι

170 640 245 673 λέγει
272 639 318 665 καὶ
344 639 358 666 ὁ
386 638 473 672 μέγας
494 637 629 667 Διονύσιος
645 645 650 651 ·
667 645 676 661 ι
702 636 767 662 Δέον
792 635 892 662 εἰδέναι
910 635 956 660 τὸν

126 708 132 711 .
170 686 232 712 καθ’
251 686 322 720 ἡμᾶς
338 683 411 717 νοῦν,
423 684 472 718 τὴν
491 683 540 718 μὲν
558 683 630 717 ἔχειν
644 682 760 716 δύναμιν
776 683 816 712 εἰς
838 682 868 707 τὸ
882 683 952 707 νοεῖν

170 730 251 766 δι’ἦς
277 732 312 757 τὰ
340 730 424 765 νοητὰ
457 728 634 764 βλέπειιτὴν
663 728 692 754 δὲ
718 728 815 754 ἕνωσιν
841 726 956 761 ὑπεραί-

173 786 272 814 ρουσαν
301 777 350 812 τὴν
376 776 422 803 τοῦ
448 775 494 802 νοῦ
524 775 627 809 φύσιν,
654 775 687 801 δι’
720 771 753 810 ἧς
788 773 954 800 συνάπτεται

1005 178 1056 198 tvm
1074 173 1124 202 sibi
1137 173 1333 202 dedicationem
1344 182 1486 210 prmstante
1503 187 1555 205 non
1573 187 1740 214 generatam.
1752 181 1794 207 Di-

1003 219 1039 244 cit
1059 219 1129 245 enim
1148 219 1190 246 hic
1208 225 1318 248 sanctus
1341 231 1348 249 :
1364 231 1372 247 ι
1390 222 1447 249 Non
1471 229 1626 258 generatam
1643 226 1703 252 dico
1716 227 1794 253 deiti-

1003 265 1149 298 cationcm,
1166 273 1224 292 eam
1243 275 1302 301 qua:
1316 276 1362 302 per
1377 268 1530 298 Divinitatis
1543 271 1659 304 speciem
1672 272 1709 303 tit,
1727 273 1794 298 illu-

1006 310 1179 338 minationcm
1194 321 1201 339 :
1215 321 1275 347 qum
1287 314 1395 348 quidem
1412 317 1616 350 generationem
1633 326 1685 344 non
1699 318 1790 350 habet.

1005 355 1049 382 sed
1062 355 1088 382 in
1098 356 1130 383 iis
1142 357 1187 392 qui
1200 359 1272 392 digni
1285 364 1359 391 sunt,
1374 361 1570 395 incogitabilem
1583 363 1789 397 apparitionetn.

1005 400 1111 436 Iisqut'e
1127 403 1198 430 dicta
1215 409 1278 431 sunt
1305 407 1488 440 congruentia
1522 408 1652 441 exprimit
1677 414 1789 436 sant-tus

1006 442 1152 480 Dionysius
1169 455 1175 473 :
1200 457 1207 472 ι
1226 448 1374 475 Sciendum
1391 456 1431 476 cst
1452 457 1569 478 mentem
1587 459 1717 485 nostraml
1735 454 1789 480 vim

1005 489 1115 523 quidem
1143 491 1242 519 haltere
1263 494 1409 529 cogitandi,
1441 504 1488 530 per
1507 504 1589 530 quam
1609 497 1788 531 intclligibilia

1004 535 1108 563 cernit:
1123 537 1252 564 unionem
1271 547 1335 566 vero
1350 541 1458 572 mentis,
1471 547 1594 569 naturam
1604 543 1789 577 extollentem,

1005 588 1052 615 per
1069 589 1150 616 quam
1171 583 1202 611 iis
1221 592 1281 618 qum
1294 586 1362 612 ultra
1382 587 1466 621 ipsam
1483 593 1557 619 sunt.
1574 589 1763 624 coniungitur.
1780 600 1789 615 ι

1006 626 1038 654 Et
1058 629 1119 662 pius
1135 629 1229 657 isnac:
1247 639 1256 656 ι
1274 631 1344 659 Duos
1361 633 1458 660 animae
1489 634 1583 661 oculos
1603 635 1805 668 possidemus.‘

1006 681 1034 700 ιιι
1058 674 1152 702 dicunt
1168 675 1273 710 Patres,
1292 669 1380 713 neque
1409 679 1504 706 eadem
1540 685 1582 707 est
1608 681 1711 708 utilitas
1741 689 1788 716 per

1007 725 1151 755 utrumque
1171 725 1490 757 contemplationis:uun
1507 726 1617 760 quidem
1630 727 1787 761 oculo,qu:e

1007 767 1032 792 in
1053 768 1158 795 naturis
1174 769 1330 796 abscondita
1361 776 1434 803 sunt,
1452 772 1589 806 vEdemus;
1614 780 1710 807 nempe
1742 773 1790 801 Dei

171 824 239 859 προς
254 824 287 850 τὰ
312 822 440 848 ἐπέκεινα
464 820 572 847 ἑαυτοῦ.
595 829 603 845 ι
624 819 680 846 Καὶ
706 821 719 845 ὁ
743 820 815 851 ὅσιος
835 818 926 844 Ἰσαάκ
943 827 950 834 ·

1007 813 1150 844 potentiam
1174 819 1200 841 et
1220 815 1392 850 sapientiam,
1408 822 1435 844 et
1450 819 1509 852 ejus
1525 826 1588 852 erga
1621 827 1670 846 nos
1695 820 1791 847 Provi-

174 880 184 897 ι
212 869 263 896 Δύο
308 868 464 903 ὀφθαλμοὺς
494 866 651 901 κεκτήμεθα
684 865 838 900 ψυχικοὺς,
863 863 954 895 καθὼς

169 916 294 949 λέγουσιν
315 916 339 941 οἱ
356 914 492 949 Πατέρες,
509 913 556 939 καὶ
579 913 629 946 οὺχ
657 912 674 947 ὴ
701 911 769 945 αὑτὴ
796 910 874 945 χρεία
904 910 952 943 τῆς

167 962 201 989 δι’
228 961 359 996 ἑκατέρου
386 960 501 994 θεωρίας
520 967 527 975 ·
549 960 578 985 ἓν
593 959 634 985 ὲνὶ
658 958 706 992 μὲν
727 957 782 992 γὰρ
809 955 951 991 ὀφθαλμῷ,

169 1009 201 1035 τὰ
210 1008 387 1043 κεκρυμμένα
407 1008 436 1033 ὲν
451 1007 509 1037 ταῖς
526 1005 638 1040 φύσεσιν
649 1005 757 1039 ὁρῶμεν
775 1012 781 1017 ⁸
801 1003 884 1036 ἤγουν
902 1002 950 1036 τὴν

167 1055 281 1089 δύναμιν
299 1053 346 1080 τοῦ
370 1053 511 1086 Θεοῦ,’καὶ
538 1052 586 1087 τὴν
608 1051 703 1086 σοφίαν
721 1049 813 1082 αὑτοῦ,
829 1048 877 1075 καὶ
903 1048 952 1083 τὴν

167 1101 232 1136 περὶ
249 1101 322 1135 ἡμᾶς
349 1099 476 1135 πρόνοιαν
494 1098 588 1130 αὐτοῦ,
606 1097 654 1132 τὴν
669 1095 953 1131 καταλαμὸανομένην

153 1145 261 1181 iniu];
272 1147 417 1181 ἁγιότητος
433 1146 482 1180 τῆς
495 1146 684 1180 κυϐερνήσεως
696 1143 778 1171 αὐτοῦ
799 1144 838 1174 εἰς
853 1143 927 1178 ἡμᾶς
943 1148 951 1157 ⁸

166 1193 214 1219 καὶ
229 1194 257 1219 ἐν
273 1192 311 1226 τῷ
324 1192 409 1228 ἑτέρῳ
423 1191 565 1226 ὀφθαλμῷ,
580 1191 735 1226 θεωροῦμεν
750 1190 798 1224 τὴν
811 1189 889 1220 δόξαν
903 1189 951 1222 τῆς

168 1238 276 1271 φύσεως
297 1237 379 1264 αὑτοῦ
405 1238 453 1271 τῆς
470 1237 560 1270 ἁγίας,
576 1237 620 1263 ὅτε
645 1237 684 1268 είς
698 1236 732 1262 τὰ
755 1237 891 1270 μυστήρια
920 1235 954 1260 τὰ

168 1278 344 1313 πνευματικὰ
358 1279 498 1314 εὐδοκήσει
510 1281 523 1306 ὁ
538 1280 604 1311 Θεὸς
615 1281 722 1312 εἰσάξει
739 1282 821 1316 ἡμᾶς.
839 1291 847 1306 ι
868 1282 922 1307 Καὶ
940 1282 953 1308 ὀ

167 1324 238 1354 θεῖος
254 1324 389 1358 Διάδοχος·
406 1334 414 1350 t
433 1325 486 1351 Τοῦ
500 1326 548 1360 μὲν
564 1326 622 1356 ἐνὸς
639 1326 717 1359 ἁγίου
729 1326 886 1361 Πνεύματος
902 1328 956 1353 εἰσὶ

165 1369 336 1405 χαρίσματα,
348 1369 364 1403 ἦ
384 1378 413 1395 τε
430 1370 521 1404 σοφία,
535 1371 580 1396 καὶ
594 1371 610 1404 ἡ
625 1371 734 1404 γνῶσις,
758 1372 795 1402 ὡς
807 1371 854 1398 καὶ
868 1372 954 1397 πάντα

165 1416 199 1441 τὰ
221 1416 280 1441 θεῖα
300 1414 456 1450 χαρίσματα
472 1423 478 1429 ·
503 1415 570 1442 ἰδίαν
597 1416 624 1442 δὲ
647 1416 741 1450 ὦσι-εί)
761 1416 876 1444 ἕκαστον
906 1419 955 1453 τὴν

1006 859 1135 892 dentiam,
1150 867 1231 894 qualn
1249 862 1414 896 percipimus
1430 872 1460 890 cx
1479 865 1626 892 sanctitate
1642 866 1789 900 guberna--

1007 905 1088 932 tionis
1103 905 1164 940 ejus
1177 906 1203 933 in
1222 915 1273 935 nos
1285 915 1293 939 ;
1307 909 1393 936 altero
1408 916 1497 936 autem
1515 911 1604 942 oculo.
1618 917 1717 939 sancta‘
1732 913 1792 947 ejus

1006 957 1109 978 naturae
1128 953 1239 987 gloriam
1266 956 1482 990 contenplamnr,
1511 958 1623 992 quando
1654 958 1680 984 in
1710 957 1790 992 spiri-

1006 998 1087 1025 tualia
1105 1001 1230 1034 mysteria
1248 1008 1297 1028 nos
1317 1001 1387 1028 Deus
1403 1002 1578 1030 introducere
1596 1003 1762 1039 dignabitur.
1777 1012 1786 1029 ι

1007 1042 1036 1069 ΕΙ
1058 1043 1168 1072 (Ιὶνίηιιδ
1185 1045 1336 1073 Diadochus
1355 1055 1362 1074 :
1379 1056 1388 1073 ι
1406 1046 1490 1074 Unius
1503 1048 1612 1082 quidem
1628 1050 1716 1076 sancti
1732 1048 1794 1084 Spi-

1007 1090 1075 1116 ritus
1086 1090 1156 1116 dona
1169 1095 1267 1118 suntet
1280 1093 1412 1126 sapientia
1429 1097 1455 1119 et
1474 1094 1600 1125 scientia,
1615 1098 1644 1120 nt
1658 1099 1684 1121 et
1699 1095 1791 1122 omnia

1005 1135 1093 1162 divina
1115 1136 1193 1163 dona.
1215 1137 1324 1172 Singula
1345 1143 1433 1165 autem
1450 1139 1593 1173 propriam
1611 1140 1713 1167 [tabent
1730 1139 1789 1167 elli-

1006 1182 1118 1209 t‘aciam.
1149 1183 1238 1217 Itaque
1265 1183 1309 1210 alii
1338 1184 1447 1218 quidem
1465 1185 1522 1211 dari
1541 1185 1717 1219 sapientiam,
1737 1187 1786 1212 alii

1008 1235 1073 1255 vero
1095 1228 1238 1255 scientiam
1253 1229 1279 1256 in
1306 1229 1402 1257 eodem
1424 1231 1519 1265 spiritu
1538 1237 1652 1258 testatur
1679 1231 1794 1266 Aposta-

1006 1273 1059 1301 lus.
1076 1274 1196 1301 Scientia
1209 1275 1281 1302 enim
1297 1275 1433 1303 hominem
1465 1278 1636 1311 experientia
1653 1276 1708 1304 Deo
1729 1286 1793 1304 con-

1004 1320 1104 1355 jungit,
1121 1320 1238 1347 animam
1255 1329 1308 1348 non
1335 1329 1448 1348 movens
1464 1323 1497 1349 ad
1527 1331 1617 1350 rerum
1637 1324 1792 1351 ratiocinia.

1005 1366 1068 1393 Ideo
1077 1370 1102 1392 et
1116 1367 1237 1394 nonnulli
1248 1375 1342 1394 eorum
1354 1369 1400 1403 qui
1414 1370 1590 1396 [nonasticam
1605 1370 1686 1396 vitam
1699 1376 1792 1404 agunt.

1006 1419 1054 1446 per
1079 1419 1138 1439 eam
1152 1412 1178 1439 in
1205 1420 1286 1440 sensu
1304 1413 1507 1443 illuminantnr:
1528 1423 1580 1442 non
1598 1420 1685 1443 autem
1703 1416 1736 1443 ad
1753 1417 1793 1443 di-

167 1461 308 1496 ὲνέργειαν
334 1460 400 1496 ἔχει.
419 1461 519 1497 Διόπερ
539 1461 610 1496 ἄλλῳ
638 1464 686 1497 μὲν
703 1463 821 1490 δίδοσθαι
847 1463 954 1498 σοφίαν,

1007 1458 1069 1484 vina
1100 1457 1243 1486 ratiocinia
1280 1459 1452 1493 perveniunt.
1484 1460 1621 1495 Sapientia
1665 1470 1737 1492 vero.
1769 1463 1791 1490 si

172 1506 201 1532 ἄ)
208 1507 245 1541 λῳ
259 1506 286 1532 δὲ
305 1506 406 1540 γνῶσιν
425 1506 494 1533 κατὰ
504 1507 534 1533 τὸ
549 1507 613 1533 αὐτὸ
629 1508 749 1542 Πνεῦμα,
759 1509 773 1534 ό
792 1508 954 1539 Ἀπόστολος

167 1555 321 1588 μαρτυρεῖ·
337 1555 352 1588 ἡ
372 1553 422 1589 μὲν
442 1554 496 1589 γὰρ
511 1555 622 1588 γνῶσις,
639 1555 707 1589 αὐτῇ
725 1555 807 1590 πείρᾳ
822 1555 953 1582 συνάπτει

165 1599 210 1625 τὸν
233 1599 374 1633 ἄνθρωπον
391 1599 430 1634 τῷ
447 1600 516 1634 Θεῷ,
533 1601 572 1631 εἰς
591 1601 687 1634 λόγους
707 1601 759 1627 τῶν
782 1601 955 1636 πραγμάτων

165 1645 213 1678 τὴν
227 1643 315 1679 ψυχὴν
332 1644 369 1679 μὴ
382 1645 505 1672 κινοῦσα.
523 1646 567 1671 Διὶ)
579 1646 625 1671 καί
638 1655 707 1678 τινες
720 1647 774 1672 τῶν
785 1647 832 1673 τὸν
849 1647 954 1683 μονήρη

167 1689 224 1724 βίον
247 1690 477 1724 φιλοσοφούντων,
494 1692 656 1725 φωτίζονται
685 1693 733 1727 μὲν
760 1693 806 1719 ὑπ’
823 1693 908 1726 αὐτῆς
927 1695 955 1720 ἐν

166 1736 315 1771 αἰσθήσει·
332 1737 371 1768 εἰς
396 1736 423 1763 δὲ
450 1737 545 1771 λόγους
567 1738 655 1770 θείους
681 1740 730 1765 οὐκ
764 1740 900 1774 ἔρχονται.
924 1740 956 1766 Ἡ

166 1781 193 1807 δὲ
210 1781 300 1815 σοφία,
317 1782 395 1817 είπερ
412 1783 480 1817 μετὰ
491 1783 590 1818 ταύτης
603 1785 631 1810 ἐν
649 1785 722 1818 φόῆῳ
735 1785 797 1820 δοθῇ
810 1794 861 1812 τινι
878 1786 956 1821 (σπά-

166 1835 222 1851 νιον
233 1826 260 1851 δὲ
277 1826 376 1861 τοῦτο)⁷
392 1828 477 1858 αὑτὰς
489 1828 537 1859 τὰς
551 1829 687 1863 ἐνεργείας
702 1831 812 1864 ῳανεροῖ
822 1832 871 1864 τῆς
887 1830 957 1864 γνώ-

167 1880 254 1903 ςεως·
275 1873 368 1908 ἐπειδὴ
389 1874 405 1908 ἡ
430 1875 488 1909 μὲν,
505 1876 538 1909 τῇ
557 1875 705 1910 ἐνεργεία-
725 1876 740 1909 ὴ
765 1875 804 1907 δὲ,
818 1876 857 1910 τῷ
882 1876 954 1911 λόγῳ

167 1918 294 1950 φωτίζειν
310 1918 414 1945 εἴωθεν.
435 1919 515 1946 Ἀλλὰ
525 1921 573 1954 τὴν
594 1921 642 1955 μὲν
655 1921 757 1954 γνῶσιν
773 1921 839 1956 εὐχὴ
863 1922 953 1957 φέρει,

168 1964 214 1989 καὶ
234 1963 317 1999 πολλὴ
343 1965 442 1999 ἡσυχία
464 1966 492 1991 ὲν
524 1966 675 2002 ἀμεριμνίᾳ
699 1966 835 1993 παντελεῖ.
852 1967 908 2000 Τὴν
928 1967 956 1994 δὲ

170 2008 276 2040 σοιίαν,
293 2009 451 2042 ἁκενόὸοξος
476 2010 576 2044 μελέτη
603 2011 657 2036 τῶν
673 2011 772 2044 λογίων
799 2010 847 2037 τοῦ
877 2010 956 2038 Θεοῦ.

170 2055 223 2080 Καὶ
242 2053 349 2088 πρῶτον
373 2056 389 2089 ἡ
406 2055 486 2090 χάρις
503 2055 549 2082 τοῦ
563 2056 679 2083 διδόντος
694 2057 772 2083 Θεοῦ.
794 2066 802 2082 ι
824 2057 894 2092 Πρὸς
915 2056 955 2089 δὲ,

169 2100 216 2126 καὶ
230 2101 243 2126 ὁ
263 2101 340 2134 am;
364 2109 431 2135 φησι
448 2101 575 2136 Μάξιμος
603 2103 631 2128 ἐν
657 2104 711 2133 τοῖς
730 2103 848 2137 Σχολίοις
865 2111 872 2118 ’
893 2111 902 2127 ι
921 2103 958 2128 Τὸ

169 2146 258 2182 φρέαρ
272 2146 319 2173 τοῦ
340 2147 437 2173 Ἰακώϐ
449 2148 523 2173 ἐστιν
536 2149 552 2182 ἡ
571 2148 665 2183 Γραιρή
679 2157 685 2163 '
698 2149 728 2174 τὺ
744 2149 771 2175 δὲ
785 2149 858 2184 ὕδωρ
873 2149 957 2181 ἐστὶν,
972 2162 992 2190 D

169 2193 184 2226 ἡ
201 2193 228 2216 ἐν
249 2193 281 2227 τῇ
294 2193 386 2228 Γραφῇ
401 2193 501 2227 γνῶσις
519 2201 525 2208 ¹
540 2194 571 2219 τὸ
586 2193 613 2220 δὲ
629 2193 722 2228 βάθος,
740 2195 756 2228 ἡ
772 2194 826 2220 τῶν
854 2195 958 2229 Γραφι-

170 2236 225 2263 κὼν
247 2237 416 2272 αἰνιγμάτων
443 2238 641 2274 δυσδιεξίτητος
673 2239 792 2273 θεωρία·
812 2239 841 2266 τὸ
860 2239 888 2266 δὲ
910 2241 958 2267 ἆν-

170 2284 263 2317 τῖημά
284 2285 358 2311 ἐστιν
374 2285 391 2320 ή
410 2284 454 2311 διὰ
467 2285 520 2311 τῶν
536 2285 708 2321 γραμμάτων
722 2285 768 2312 τοῦ
793 2286 865 2312 θείου
880 2285 958 2320 λόγου

173 2329 302 2363 ιίεὶϋησιςο
318 2331 351 2366 ἣν
376 2332 426 2358 οὐκ
441 2329 514 2366 εἶχεν
536 2333 550 2358 ό
573 2332 686 2368 Κύριος,
703 2332 849 2366 αὐτολόγος
870 2333 960 2369 ὑπάρ-

171 2387 238 2411 χων,
255 2379 301 2405 καὶ
320 2379 351 2405 οὐ
366 2379 416 2415 τὴν
433 2381 465 2406 ἐκ
490 2380 635 2415 μαθήσεως
665 2381 711 2407 καὶ
730 2381 844 2415 μελέτης
861 2381 960 2415 γνῶσιν

172 2423 261 2454 διδους
284 2425 341 2456 τοῖς
364 2425 551 2458 γιστεύουσιν,
564 2427 633 2453 ἀλλὰ
661 2426 710 2462 τὴν
729 2427 761 2453 ὲκ
775 2427 885 2462 χάριτος
899 2429 960 2454 ἀεν-

173 2471 237 2496 νόου
265 2473 453 2507 πνευματικῆς
480 2472 592 2499 ἀένναον
613 2472 719 2507 σοφίαν,
735 2473 783 2500 καὶ
805 2472 873 2508 μηδέ
897 2481 961 2499 ποτε

172 2517 309 2551 ὶήοίουσαν
321 2519 377 2549 τοῖς
397 2517 482 2550 ἀξίοις
497 2518 667 2554 δωρούμενος
684 2527 691 2533 ·
709 2519 740 2545 τδ
754 2519 809 2554 γὰρ
825 2519 960 2554 ἄντλημα,

172 2562 312 2589 τούτεστιν
330 2563 346 2598 ἡ
371 2563 499 2598 μάθησις,
515 2565 598 2600 μέρος
622 2565 763 2599 ἐλάχιστον
785 2565 961 2600 λαμϐάνουσα

173 2608 311 2641 γνώσεως,
325 2608 354 2634 τὸ
373 2609 426 2636 πᾶν
442 2610 485 2644 ἐᾷ,
503 2610 599 2645 μηδενὶ
617 2610 690 2646 λόγῳ
709 2611 906 2646 κρατούμενον.
930 2611 962 2638 'H

173 2654 200 2679 δὲ
215 2654 286 2680 κατὰ
310 2654 389 2690 χάριν
406 2654 518 2688 γνῶσις,
534 2655 598 2691 ὃλην
614 2655 681 2691 ἔχει,
697 2658 743 2683 καὶ
757 2657 818 2692 δίχα
837 2658 960 2693 μελέτης,

174 2700 223 2733 τὴν
233 2700 344 2736 ὲφικτὴν
353 2700 506 2736 ἀνθρώποις
519 2702 624 2736 σοφίαν,
639 2703 706 2737 προς
728 2704 776 2735 τὰς
789 2704 885 2738 χρείας
899 2713 963 2730 not-

176 2745 259 2776 κίλως
278 2746 474 2780 βλυστάνουσα.
495 2755 504 2772 ι
520 2747 574 2774 Καὶ
591 2745 668 2779 αὖθις
686 2749 698 2774 ὁ
714 2748 791 2782 ἅγιος
814 2749 940 2784 Διάδοχος
954 2758 961 2765 ·

180 2800 188 2816 ι
212 2791 241 2818 Ὀ
256 2791 317 2824 νοῦς
331 2793 418 2827 ἡμῶν,
437 2793 468 2819 τὰ
484 2793 567 2819 πολλὰ
593 2793 654 2827 περὶ
670 2795 717 2828 μὲν
736 2794 784 2827 τὴν
800 2794 977 2830 ’προσευχὴ-ιζ

1008 1503 1051 1531 cui
1079 1512 1140 1531 eum
1157 1512 1189 1532 ea
1218 1505 1245 1532 in
1267 1505 1365 1532 timore
1383 1505 1499 1533 donetur
1514 1508 1616 1540 (rarum
1635 1513 1724 1535 autem
1739 1509 1792 1536 hoc

1007 1548 1070 1583 εει.)
1089 1550 1162 1583 ipsas
1180 1551 1301 1578 scientia:
1321 1551 1392 1579 vires
1415 1553 1542 1587 explicat.
1558 1555 1686 1588 quoniam
1705 1555 1791 1582 altera

1007 1595 1116 1630 quidem
1145 1596 1275 1628 ellicacia,
1303 1597 1388 1623 altera
1406 1605 1470 1624 vero
1498 1599 1603 1625 ratione
1635 1600 1790 1626 illuminare

1008 1641 1089 1668 solet.
1103 1641 1155 1669 Sed
1170 1641 1312 1669 scientiam
1332 1646 1421 1669 oratio
1436 1644 1518 1670 atl'ert
1531 1650 1557 1671 ct
1581 1652 1676 1679 magna
1692 1647 1719 1672 in
1749 1653 1792 1672 se—

1008 1689 1123 1716 curitate
1149 1691 1340 1725 tranquillitas.
1369 1699 1425 1718 non
1450 1701 1526 1720 vame
1555 1693 1647 1727 gloria!
1662 1698 1792 1727 appetens

1008 1735 1182 1762 oraculorum
1218 1737 1264 1764 Dei
1294 1737 1447 1765 meditatio.
1463 1739 1496 1765 Et
1527 1740 1614 1773 primo
1641 1739 1727 1774 gratia
1752 1743 1792 1766 est

1009 1781 1053 1807 Dei
1082 1782 1218 1809 donantis.
1238 1791 1248 1807 ι
1275 1783 1315 1810 Ad
1345 1784 1409 1816 lucc,
1455 1784 1521 1811 dicit
1549 1792 1658 1819 quoque
1683 1789 1792 1812 sanctus

1009 1827 1140 1854 Maximus
1151 1828 1177 1854 in
1193 1828 1328 1856 Scholiis:
1344 1838 1354 1856 ι
1371 1829 1470 1857 Puteus
1480 1830 1565 1858 Iacob
1577 1836 1618 1858 est
1632 1831 1792 1866 Scriptura:

1009 1880 1079 1907 aqua
1106 1881 1180 1907 vcro,
1194 1882 1226 1901 ea
1241 1882 1302 1908 quae
1317 1876 1342 1902 in
1359 1875 1498 1910 Scriptura
1522 1882 1563 1904 est
1579 1878 1692 1904 scuentia
1709 1887 1716 1910 ;
1731 1885 1792 1911 pro-

1014 1918 1128 1946 fundum
1147 1927 1221 1953 rcro,
1239 1920 1388 1956 Scriptura:
1406 1922 1578 1957 :enigmatum
1593 1922 1709 1950 difﬁcilis
1725 1931 1792 1950 con-

1009 1966 1148 2000 templatio
1162 1975 1168 1993 :
1183 1967 1301 1996 haUstus
1320 1973 1411 1996 autem
1430 1974 1472 1996 est
1487 1970 1572 1997 divini
1586 1971 1658 1997 verbi
1679 1978 1726 2005 per
1751 1971 1790 1998 lit-

1008 2017 1080 2040 teras
1092 2013 1235 2048 disciplina
1249 2035 1255 2046 ,
1275 2022 1358 2050 quam
1378 2022 1434 2042 non
1447 2016 1560 2043 habebat
1575 2016 1716 2047 Dominus.
1730 2024 1791 2044 cum

1008 2058 1066 2093 ipse
1076 2063 1148 2086 esset
1163 2059 1330 2093 ipsissimnm
1349 2059 1470 2088 Verbum
1499 2069 1588 2095 neque
1604 2062 1791 2089 scientiam'ex

1008 2104 1150 2139 disciplina
1181 2109 1207 2132 et
1224 2106 1400 2133 meditatione
1430 2106 1611 2134 cretlendibus
1634 2107 1727 2138 dedit.
1745 2107 1792 2134 sed

1008 2156 1066 2176 eam
1079 2157 1139 2183 quae
1149 2157 1180 2177 ex
1195 2151 1279 2185 gratia
1291 2157 1468 2186 permanente
1481 2156 1507 2178 et
1528 2152 1674 2186 spirituali,
1693 2160 1793 2187 peren~

1009 2196 1052 2223 nis
1067 2201 1118 2227 est,
1137 2204 1227 2231 neque
1242 2204 1361 2232 unquam
1376 2204 1476 2231 cessat,
1487 2198 1575 2232 dignis
1585 2198 1706 2226 donavit.
1719 2198 1790 2226 Hau-

1008 2246 1070 2268 stus
1086 2241 1170 2272 enim,
1190 2241 1215 2268 id
1242 2246 1284 2269 est
1319 2241 1475 2276 disciplina,
1503 2242 1650 2270 nonnullas
1675 2243 1791 2270 scientia

1008 2292 1100 2321 partes
1121 2286 1337 2322 apprehendens,
1352 2290 1438 2314 totum
1451 2287 1589 2323 relinquit,
1599 2288 1674 2314 nulla
1690 2288 1791 2314 ratione

1009 2333 1075 2360 illud
1091 2340 1227 2368 occupare
1248 2333 1350 2360 valens.
1367 2332 1433 2366 Quae
1455 2339 1545 2360 autem
1568 2335 1716 2361 secundum
1733 2341 1791 2368 gra-

1009 2378 1074 2406 tiam
1106 2383 1148 2406 est
1190 2379 1318 2411 scientia,
1345 2383 1429 2406 totam
1459 2379 1541 2406 habet
1574 2379 1747 2413 sapientiam,
1768 2384 1791 2406 et

1010 2425 1113 2458 absque
1129 2425 1319 2458 meditatione,
1331 2433 1390 2452 earn
1407 2433 1467 2460 quae
1481 2426 1638 2452 hominibus
1651 2425 1790 2459 competit,

1009 2470 1041 2497 ad
1055 2470 1198 2498 utilitatem
1209 2471 1324 2503 variam,
1339 2469 1464 2506 gignens.
1480 2480 1489 2497 ι
1517 2472 1548 2498 Et
1560 2478 1667 2498 rursum
1680 2476 1790 2498 sanctus

1008 2517 1181 2545 Diadochus:
1201 2527 1211 2543 ι
1229 2517 1303 2545 Mens
1328 2521 1432 2548 nostra.
1455 2517 1552 2552 inquit,
1579 2517 1740 2552 plerumque
1758 2516 1791 2543 ad

1009 2563 1161 2590 orationem
1187 2563 1296 2591 diﬂicile
1317 2567 1459 2596 movetur;
1487 2563 1549 2597 quia
1578 2570 1674 2597 nempe
1706 2562 1790 2589 virtus

1009 2609 1127 2643 optativa
1143 2609 1227 2636 nimis
1238 2613 1313 2636 arcta
1325 2615 1351 2635 et
1368 2613 1482 2644 angusta
1499 2613 1558 2642 est;
1575 2609 1717 2643 theologia:
1728 2615 1790 2634 vero
1811 2622 1825 2644 ἦ,

1009 2655 1096 2683 libens
1124 2655 1240 2689 seipsam
1265 2655 1358 2685 tradit.
1393 2654 1456 2688 quia
1490 2655 1579 2681 divina
1597 2654 1790 2688 contemplatis

1010 2701 1085 2735 larga
1103 2703 1130 2727 et
1155 2700 1243 2727 soluta
1266 2704 1319 2727 est.
1339 2699 1377 2726 Ne
1404 2704 1493 2726 autem
1520 2699 1571 2734 ipsi
1589 2700 1672 2726 multa
1685 2700 1789 2727 dict-ndi

1010 2746 1177 2773 voluntatem
1205 2746 1312 2778 demus,
1338 2753 1368 2772 ac
1383 2753 1464 2780 supra
1482 2745 1592 2772 modum
1609 2746 1718 2772 evolare
1733 2754 1789 2772 οτι-ι

1011 2793 1143 2824 sinamus,
1164 2792 1271 2825 lmtitia‘,
1290 2793 1404 2820 orationi
1423 2791 1579 2827 plerumque
1592 2797 1616 2818 ct
1639 2791 1788 2827 psalmodia
