1932 3088
144 151 196 181 78Ὶ

750 156 942 190 OPUSCULA
965 163 1116 194 ASCETHI
1129 167 1153 196 \.

1717 171 1768 202 7'30

144 220 191 248 τοῦ
216 221 346 255 λογισμοῦ
375 220 536 255 βιαιότερον,
563 220 613 247 κᾶν
637 219 704 251 τέως
726 220 763 256 μὴ
786 221 932 257 ἁμαρτάνῃ

980 221 1119 250 lrntiorem
1131 224 1213 251 sentit
1228 232 1308 259 quam
1322 226 1522 260 cogitationem.
1553 227 1637 255 Dulce
1653 227 1767 255 afficitur

142 267 232 299 ἐκτός.
262 266 417 301 Ἦδυπαθὴς
443 266 482 298 δὲ,
502 267 516 293 ὁ
537 267 585 301 τὴν
608 265 749 300 ἐνέργειαν
771 265 820 300 τῆς
842 266 931 300 ἀμαρ-

141 312 201 344 τίας
225 312 294 347 έχων
320 311 519 347 ἀσθενεστέραν
539 309 584 337 τοῦ
605 308 749 349 λογισμοῦ⁷
774 309 826 337 κᾶν
840 310 932 346 πάσχῃ

141 357 218 389 ἐκτός
233 356 279 393 [ἐν
293 356 363 384 ἄλλ.
381 354 479 392 ὲντός].
496 355 662 392 Προσπαθὴς
681 355 720 389 δὲ,
739 357 752 382 ὁ
771 356 804 391 τῇ
821 355 929 381 ἐλευθε-

142 404 189 439 ρία
206 403 317 438 μᾶλλον,
340 402 356 438 ἢ
378 404 411 438 τῇ
425 401 533 439 δουλείᾳ
546 403 600 429 τῶν
618 403 707 437 μέσων
723 402 931 437 προσκείμενος.

148 449 269 484 ’Δπαθὴς
291 449 312 475 δ’
326 447 358 476 ἂν
382 448 436 484 εῐη,
450 449 464 475 ὁ
479 448 582 475 τούτων
603 448 711 475 πάντων
737 448 786 483 τὴν
801 447 933 482 διαφορὰν

141 495 255 529 ἀγνοῶν.
280 494 418 526 Ὡσαύτως
443 495 535 530 μέντοι
557 495 604 522 καὶ
619 494 747 530 περὶτῆς
769 493 933 529 ἀμφοτέρων

141 540 301 575 θεραπείας,
326 540 388 568 τάδε
410 541 553 576 διασαφεῖ·
579 540 729 567 ἀπόλλυται
764 539 796 566 ἐκ
832 538 931 573 ψυχῆς,

140 587 278 622 ἐμπάθεια
300 587 357 622 μὲν,
373 586 417 614 διὰ
441 586 567 622 νηστείας
582 586 627 612 καὶ
643 586 797 621 προσευχῆς
808 593 815 600 ·
829 584 932 620 ἡδυπά-

141 631 202 659 θεια
219 632 258 664 δὲ,
274 633 307 659 δι’
324 633 489 668 ἀγρυπνίας,
514 633 562 659 καὶ
588 632 693 666 σιωπῆς
705 640 712 646 ·
729 632 745 664 ἡ
761 631 789 657 δὲ
806 631 932 665 προσ·πά-

141 679 212 711 θεια,
227 679 271 705 διὰ
296 679 420 714 ἡσυχίας,
443 680 491 706 καὶ
511 678 659 715 προσοχῆς·
686 677 805 705 ἀπάθεια
823 677 851 703 δὲ
867 686 929 703 συν-

141 723 258 755 ίσταται,
274 725 305 750 ἐκ
322 724 431 760 μνήμης
446 722 525 751 Θεοῦ.
543 732 553 749 ι

245 770 314 803 Περὶ
327 770 466 802 πίστεως,
482 768 617 801 ἐλπίδος,
634 766 684 794 καὶ
698 765 828 802 ἀγάπης.

175 826 210 860 μ’.
233 826 302 852 Ἀλλ’
326 826 388 853 ἐπεὶ
405 826 514 853 πάντων
537 825 647 859 ἀγαθῶν
673 824 757 860 ἀρχὴ,
782 823 829 850 καὶ
847 823 928 858 μεσό-

140 881 201 907 της,
227 872 274 898 καὶ
301 871 388 903 τέλος,
410 871 435 897 εί
452 869 554 905 βούλοιο
574 870 603 897 δὲ
616 871 718 897 εἰπεῖν’
736 870 784 896 καὶ
800 869 927 904 χορηγὸς,

142 917 189 943 καὶ
207 916 348 952 πρύτανις,
375 915 476 947 πίστις,
499 915 586 946 ἐλπὶς.
604 914 713 949 ἀγάπη·
732 913 763 940 τὸ
782 913 928 948 τρίπλοκον

141 963 283 998 σπαρτίον,
311 963 359 989 καὶ
385 961 560 995 θεοΰφαντον,
585 961 632 987 καὶ
656 960 757 995 μᾶλλον
784 960 892 986 πάντων
912 960 928 995 ή

140 1008 246 1041 ἀγάπη,
262 1009 301 1034 ὅτι
323 1009 337 1034 ὁ
361 1007 428 1039 Θεὸς
444 1007 538 1042 ἀγάπη
556 1007 615 1033 ὲστί
639 1015 669 1033 τε
690 1007 736 1033 καὶ
762 1006 880 1039 λέγεται,
896 1006 926 1031 οὐ

138 1057 252 1088 δίκαιον,
271 1056 308 1092 μὴ
324 1056 373 1083 καὶ
391 1056 435 1084 διὰ
454 1056 557 1084 τούτων
579 1064 610 1084 το
625 1056 673 1083 τοῦ
699 1057 832 1092 παρόντος
860 1065 927 1092 συγ-

138 1103 303 1143 γράμματος
330 1102 453 1129 ἐλλεῖπον
478 1102 675 1138 ἀναπληρῶσαι
715 1111 726 1129 ‹
757 1102 865 1129 Μᾶλλον
888 1102 927 1135 δὲ,

138 1149 290 1184 ἐπειδήπερ
314 1149 362 1175 καὶ
384 1149 454 1175 κατὰ
470 1148 516 1174 τὸν
541 1148 620 1182 ἀγιον
641 1148 735 1174 Ἰσαὰκ
758 1147 808 1183 τὴν
824 1147 928 1174 τελειό-

138 1203 208 1230 τητα
226 1195 280 1222 τῶν
296 1194 403 1221 πολλῶν
429 1202 543 1229 καρπῶν
556 1193 604 1220 τοῦ
619 1192 786 1228 πνεύματος,
803 1193 863 1220 τότε
885 1201 928 1224 τις

138 1242 255 1277 δέχεται,
269 1242 333 1268 ὅταν
347 1240 449 1276 ἀξιωθῇ
467 1241 516 1276 τῆς
527 1240 633 1271 τελείας
649 1239 771 1274 ἀγάπης.
793 1249 802 1266 ι

175 1287 243 1322 Φέρε
258 1287 304 1314 καὶ
326 1287 390 1322 περι
410 1287 496 1321 αὐτῆς
525 1285 622 1321 μικρὸν
638 1285 929 1323 διαμνημονεύσωμεν.

140 1333 197 1361 Καὶ
212 1331 278 1367 γοῦν
290 1333 390 1367 γράφει
404 1333 418 1358 ὁ
433 1334 483 1367 τῆς
499 1331 641 1366 Κλίμακος
656 1340 662 1347 ·
679 1341 688 1358 ι
708 1332 777 1360 Νυνὶ
792 1332 821 1360 δὲ
836 1333 930 1361 λοιπὸν

142 1379 212 1414 μεεά
232 1379 320 1406 πάντα
342 1378 376 1405 τὰ
397 1378 597 1413 προειρημένα,
624 1377 699 1413 μένει
715 1379 750 1405 τὰ
763 1379 828 1413 τρία
844 1378 931 1406 ταῦτα

139 1424 187 1451 τὸν
204 1423 352 1458 σύνδεσμον
364 1423 473 1450 πάντων
487 1423 694 1457 ὲπισφίγγοντα,
707 1423 754 1449 καὶ
767 1418 930 1459 κρατοῦντα,

142 1470 244 1502 πίστις,
260 1469 347 1500 ἐλπὶς,
362 1469 472 1504 ἀγάπη·
492 1468 593 1503 μείζων
609 1468 638 1495 δὲ
657 1469 770 1500 τούτων,
786 1470 803 1504 ὴ
823 1470 928 1506 ἀγάπη·

141 1516 156 1542 ὁ
170 1515 236 1547 Θεὸς
247 1515 301 1550 γὰρ
312 1513 483 1549 ὀνομάζεται.
501 1513 574 1549 Πλὴν
587 1513 686 1549 ἔγωγε,
698 1515 748 1550 τὴν
760 1515 821 1550 μὲν,
834 1516 932 1543 ἀκτῖνα

985 268 1030 302 qui
1046 270 1150 304 peccati
1167 270 1316 298 eﬂicaeiam
1337 272 1503 307 cogitatione
1524 273 1704 301 inﬁrmiorem
1719 275 1769 302 ha—

979 315 1033 348 bet,
1049 316 1100 343 etsi
1118 321 1193 343 extra
1211 317 1347 351 patiatur;
1367 319 1541 346 vehementer
1563 324 1664 353 autem,
1681 321 1725 354 qui
1737 321 1769 347 li-

977 360 1072 387 bertati
1087 361 1258 397 magisquam
1268 363 1391 390 servituti
1401 363 1624 391 intermediorum
1635 365 1766 400 sulijaret.

977 405 1084 432 Nullum
1097 412 1186 434 autem
1205 407 1330 435 aﬂ'ectum
1349 409 1499 443 experitur,
1515 410 1560 444 qui
1577 411 1698 437 omnium
1717 411 1767 437 lio-

980 459 1041 479 rum
1057 452 1238 480 dim-rentiam
1254 454 1370 488 ignorat.
1391 453 1525 482 Similiter
1535 463 1617 488 porro
1625 456 1658 483 de
1669 464 1762 483 eorum

977 498 1118 527 Curatione
1139 500 1196 526 haec
1214 501 1337 534 exponit.
1357 502 1410 528 «Ex
1425 503 1515 529 anima
1526 501 1647 538 rejicitur
1668 510 1767 537 corpo-

977 553 1039 572 reus
1051 544 1162 572 affectus
1177 545 1363 581 perjcjnnium
1377 547 1580 580 etoralionem;
1596 548 1685 575 dulcis
1700 539 1767 575 olle;

976 595 1102 626 ctus,per
1117 591 1236 627 vigiliam
1253 597 1279 619 et
1295 593 1433 620 silentium
1448 602 1456 626 ;
1471 593 1615 621 vehemens
1632 602 1678 628 per
1693 600 1768 621 tran-

977 636 1135 671 quillitatem
1152 642 1178 665 et
1189 638 1380 672 attentionem;
1398 639 1530 667 formatur
1540 647 1604 667 vero
1618 639 1764 667 affectuum

977 683 1095 710 carentia
1109 691 1142 710 ex
1160 684 1205 712 Dei
1222 685 1352 712 memoria

1155 770 1189 799 De
1217 772 1370 808 ﬁde,speet
1398 774 1538 801 r/tart'tule.

1009 815 1055 844 90.
1075 817 1127 846 Sed
1155 819 1284 853 quoniam
1300 820 1421 847 omnium
1453 820 1586 848 bonorum
1603 820 1765 856 principium

973 867 1000 890 et
1024 862 1144 891 medium
1173 869 1200 892 et
1224 865 1302 898 ﬁnis;
1320 866 1341 894 si
1357 871 1448 894 autem
1465 867 1490 894 id
1506 867 1572 894 velis
1585 868 1685 901 dicere,
1711 868 1767 896 dux

972 913 999 936 et
1017 909 1141 944 princeps
1161 915 1226 943 est,
1246 911 1322 945 tldes,
1338 920 1411 947 spes,
1434 913 1575 946 charitas;
1606 914 1700 949 tripch
1720 914 1767 941 ille

971 955 1044 984 funis
1059 960 1086 983 et
1098 964 1112 983 a
1130 956 1184 985 Deo
1212 959 1271 993 ipso
1285 963 1438 992 contextus,
1453 963 1480 986 et
1503 959 1604 995 optima
1621 968 1653 988 ex
1677 961 1709 988 iis
1725 965 1767 987 cst

971 1002 1172 1037 eharitas,cum
1190 1004 1262 1033 Deus
1274 1006 1394 1034 charitas
1413 1007 1448 1034 sit
1465 1011 1493 1035 et
1515 1007 1632 1041 dicatur,
1650 1016 1702 1035 non
1715 1010 1761 1042 ju-

970 1054 1041 1076 stum
1056 1055 1129 1078 esset
1145 1058 1197 1078 non
1211 1059 1258 1086 per
1274 1060 1320 1080 eas
1342 1053 1454 1080 virtutes
1467 1054 1539 1088 quod
1548 1054 1610 1082 huic
1624 1055 1699 1089 operi
1718 1053 1765 1082 de-

971 1093 1007 1122 sit
1021 1094 1178 1129 adimplere.
1193 1095 1248 1124 ιΕο
1267 1098 1458 1133 Inagis,.quod.
1475 1099 1554 1133 juxta
1570 1105 1695 1127 sanctum
1712 1099 1766 1127 Isa-

972 1147 1004 1167 ac
1021 1141 1170 1169 multorum
1181 1141 1302 1177 Spiritus
1314 1145 1400 1172 sancti
1414 1145 1551 1174 fructuum
1567 1146 1765 1181 perfectionem

972 1186 1071 1222 aliquis
1106 1189 1214 1224 accipit,
1245 1198 1306 1218 cum
1336 1191 1453 1226 perfecta
1479 1193 1617 1220 clnaritate
1657 1192 1757 1227 dignus

973 1233 1083 1261 habitus
1093 1239 1145 1262 est.

1007 1279 1097 1308 Pauca
1114 1281 1195 1315 igitur
1215 1287 1241 1310 et
1255 1283 1289 1311 de
1311 1290 1341 1311 ea
1364 1292 1560 1313 memoremus.
1579 1285 1681 1313 Scribit
1707 1285 1764 1313 Cli-

974 1333 1034 1354 max
1053 1335 1061 1354 :
1084 1336 1093 1353 (
1109 1327 1187 1356 Nunc
1208 1333 1267 1364 post
1290 1331 1383 1358 omnia
1403 1339 1464 1366 qua:
1477 1331 1599 1359 diximus
1622 1337 1764 1360 remanent

973 1371 1023 1400 tria
1037 1372 1093 1401 haec
1108 1374 1230 1402 omnium
1242 1376 1380 1404 vinculum
1398 1377 1612 1412 constringentia
1631 1382 1658 1404 et
1676 1377 1763 1404 domi-

973 1419 1077 1453 nantia,
1095 1419 1161 1448 lldes
1177 1429 1284 1457 nempe,
1299 1430 1362 1457 spes
1374 1427 1401 1450 et
1413 1423 1532 1451 charitas
1546 1433 1553 1456 ;
1574 1424 1661 1459 major
1672 1429 1762 1451 autem

974 1464 1082 1497 horum,
1099 1465 1219 1494 Charitas
1234 1475 1240 1499 ;
1262 1467 1384 1496 charitas
1408 1469 1482 1496 enim
1500 1469 1574 1496 Deus
1593 1470 1762 1497 nominatur.

975 1509 1030 1545 Ego
1045 1515 1148 1544 tamen,
1169 1520 1251 1540 unam
1273 1513 1394 1548 quidem,
1414 1519 1444 1542 ut
1461 1516 1566 1542 radium
1586 1515 1676 1548 video,
1691 1516 1761 1543 alte-

140 1560 206 1596 ὁρῶ,
221 1561 270 1595 τὴν
282 1560 320 1591 δὲ,
333 1559 400 1595 φῶς,
413 1559 461 1595 τὴν
473 1559 513 1592 δὲ,
525 1559 633 1593 κύκλον,
643 1560 732 1588 πάντα
746 1561 785 1594 δὲ,
802 1561 831 1588 ἓν
843 1562 932 1589 ἀπαύα

978 1562 1047 1587 ram,
1066 1555 1168 1589 lumen,
1183 1558 1290 1585 tertiam
1303 1562 1394 1586 autem
1410 1559 1558 1592 circulum,
1577 1566 1672 1586 omnes
1687 1567 1762 1590 vero,

142 1615 247 1641 γασμα,
267 1607 314 1633 καὶ
333 1606 397 1641 μίαν
422 1606 615 1642 λαμπρότητα.
638 1606 670 1633 'H
693 1607 743 1643 μὲν
764 1607 819 1644 γὰρ
843 1609 932 1636 πάντα

978 1609 1061 1629 unum
1079 1602 1212 1639 fulgorem
1225 1610 1252 1632 et
1263 1604 1448 1638 splendorem.
1472 1604 1531 1632 Una
1547 1605 1657 1641 quidem
1673 1606 1764 1632 omnia

141 1651 253 1678 δύναται
275 1653 361 1679 ποιεῖν
380 1652 426 1678 καὶ
447 1652 633 1687 δημιουργεῖν,
656 1653 706 1688 τὴν
721 1653 749 1680 δὲ
766 1653 841 1686 ἔλεος
864 1654 932 1682 Θεοῦ

142 1696 314 1730 περικυκλοῖ,
341 1696 389 1722 καὶ
409 1695 625 1730 άκαταίπχυντον
649 1697 732 1729 ποιεῖ,
757 1697 773 1732 ή
795 1697 823 1724 δὲ
838 1697 867 1724 οὐ
888 1697 933 1724 πί-

145 1751 216 1774 πτει,
231 1742 291 1768 οὐδὲ
318 1742 413 1775 στήκει
427 1741 474 1767 τοῦ
490 1740 572 1772 θέειν,
589 1741 650 1768 οὐδὲ
664 1741 709 1768 τὸν
723 1742 861 1775 τρωθέντα
876 1741 932 1770 λοιο

143 1787 193 1813 πὺν
209 1787 322 1821 ἠρεμεῖν
336 1787 385 1821 τῆς
401 1786 539 1821 μακαρίας
567 1786 665 1820 μανίας
679 1787 721 1821 ἐᾷ.
743 1787 846 1818 λἘτι·
868 1797 877 1814 ι
902 1787 932 1815 ’0

144 1833 209 1868 περὶ
226 1833 337 1867 ἀγάπης
351 1832 441 1866 λόγος,
457 1832 584 1866 ἀγγέλοις
610 1831 759 1868 γνώριμος,
785 1833 930 1866 κάκείνοις,

143 1878 215 1905 κατά
237 1878 285 1914 τὴν
310 1878 450 1913 ἐνέργειαν
467 1878 515 1912 τῆς
542 1877 710 1912 ὲλλάμψεως,
727 1878 822 1913 ἀγάπη
839 1879 853 1904 ό
867 1879 934 1911 Θεός

144 1925 228 1951 ἐστιν.
259 1924 289 1950 '0
316 1924 378 1959 ὅρον
406 1924 433 1950 δὲ
461 1923 557 1950 τούτου
585 1924 674 1958 λέγειν
704 1924 874 1960 βουλόμενος,
903 1926 933 1952 ὲν

142 1970 255 2006 ἅϐύσσῳ
275 1970 439 2005 τυφλώττων
461 1969 510 2005 τὴν
536 1970 650 2005 ψάμμον
676 1971 781 2005 μετρεῖ.
814 1971 932 2006 Ἀγάτιη,

144 2017 213 2044 κατά
236 2017 284 2051 μὲν
306 2017 356 2051 τὴν
385 2016 526 2051 ποιότητα,
550 2016 680 2051 ὁμοίωσις
708 2016 787 2047 Θεοῦ.
816 2016 932 2044 καθόσον

143 2062 253 2097 ὶιρικτὺν
276 2062 396 2098 βροτοῖς·
415 2062 486 2089 κατὰ
506 2063 534 2088 δὲ
560 2062 712 2098 ἐνέργειαν,
740 2062 810 2098 μέθη
825 2063 932 2098 ψυχῆς”

143 2109 213 2136 κατὰ
233 2108 261 2136 δὲ
276 2109 325 2144 τὴν
345 2109 474 2144 ἰδιότητα,
492 2109 568 2143 πηγὴ
593 2109 723 2141 πίστεως,
741 2109 861 2140 ἄϐυσσος
880 2118 934 2145 μα-

144 2154 311 2189 κροθυμίας,
327 2153 448 2181 θάλασσα
467 2153 669 2186 ταπεινώσεως.
691 2155 801 2191 ’Λγάπη
814 2156 872 2182 ἐστὶ
888 2165 936 2182 κυ-

146 2199 212 2234 ρίως
239 2199 369 2231 ἀπόθεσις
391 2200 521 2231 παντοίας
545 2199 669 2231 ἐναντίας
685 2200 789 2232 ἐννοίας
800 2221 807 2233 ,
822 2201 902 2237 εἰπερ
918 2202 936 2235 ἡ

982 1653 1071 1684 potest
1095 1649 1186 1679 facere
1199 1656 1227 1678 et
1245 1651 1352 1686 operari
1369 1659 1376 1685 ;
1408 1651 1556 1680 secundam
1574 1651 1763 1679 miserieOrdia

977 1694 1021 1722 Dei
1033 1695 1218 1725 circumdatet
1230 1705 1282 1725 non
1293 1697 1423 1725 confundi
1435 1697 1517 1731 sinit;
1533 1698 1612 1725 tertia
1624 1704 1762 1731 nunquam

976 1741 1078 1775 deﬂuit,
1105 1750 1193 1778 neque
1212 1751 1325 1771 currere
1341 1744 1455 1777 desinit,
1480 1751 1568 1779 neque
1594 1751 1658 1771 eum
1680 1751 1761 1778 quem

977 1788 1165 1822 rulneravit,a
1192 1790 1274 1818 beato
1299 1790 1345 1818 illo
1364 1791 1463 1819 ardore
1484 1791 1626 1825 quiescere
1654 1790 1728 1818 sinit.
1752 1800 1761 1816 ι

977 1831 1009 1859 Ει
1023 1833 1131 1862 adhuc:
1157 1844 1166 1859 ι
1182 1833 1277 1862 Sermo
1294 1835 1327 1863 de
1343 1836 1486 1869 cltaritate,
1503 1835 1608 1871 angelis
1626 1841 1717 1868 notus,
1738 1840 1765 1863 et

976 1879 1030 1907 illis
1052 1887 1099 1914 per
1113 1880 1324 1909 illuminationis
1336 1881 1477 1915 virtutem,
1493 1881 1614 1909 eharitas
1628 1881 1699 1909 Deus
1712 1886 1764 1910 est.

976 1925 1027 1958 Qui
1039 1925 1112 1954 illius
1127 1927 1273 1954 terminum
1288 1928 1345 1955 vult
1356 1928 1459 1960 dicere,
1470 1936 1559 1956 caecus
1571 1933 1612 1956 est
1625 1929 1652 1956 in
1664 1929 1764 1964 abysso

977 1976 1089 1999 arenam
1107 1972 1232 2000 metiens.
1246 1972 1383 2006 Charitas,
1398 1981 1448 2009 pro
1463 1973 1523 2008 ejus
1536 1975 1676 2009 qualitate,
1689 1975 1766 2002 siuti-

977 2017 1062 2044 litudo
1078 2024 1140 2045 cum
1157 2017 1212 2045 Deo
1226 2024 1278 2051 est,
1306 2025 1441 2054 quantum
1458 2020 1621 2048 mortalibus
1636 2021 1766 2047 accedere

976 2065 1009 2091 ad
1023 2073 1084 2092 cum
1098 2065 1177 2098 licet;
1193 2073 1240 2100 pro
1259 2065 1370 2098 virtute,
1387 2067 1486 2095 animo:
1503 2071 1544 2095 est
1559 2067 1678 2094 ebrietas
1693 2074 1700 2099 ;
1719 2074 1764 2095 St‘-

976 2111 1095 2138 cundum
1123 2111 1328 2146 proprietatem,
1349 2112 1410 2139 fons
1434 2118 1476 2140 est
1501 2112 1617 2145 liducim,
1639 2113 1765 2148 longani-

978 2157 1081 2184 mitatis
1109 2157 1236 2193 abyssus,
1266 2158 1432 2186 humilitatis
1458 2166 1544 2187 mare.
1566 2159 1693 2187 Charitas
1721 2165 1763 2187 est

978 2211 1041 2231 vere
1062 2203 1185 2238 cujusvis
1220 2206 1366 2232 contrariae
1387 2206 1560 2241 cogitationis
1577 2206 1708 2240 repulsio,
1726 2206 1764 2234 si-

144 2246 250 2281 ἀγάπη,
262 2246 292 2272 οὐ
303 2246 442 2280 λογίζεται
455 2246 486 2272 τὸ
500 2245 594 2272 κακόν.
615 2245 732 2280 Ἀγάπη,
748 2246 794 2273 καὶ
807 2247 932 2282 ἀπάθεια,

980 2251 1089 2285 quidem
1109 2252 1229 2279 charitas
1252 2259 1305 2279 non
1330 2252 1432 2287 cogitat
1450 2253 1564 2280 malum.
1583 2252 1722 2285 Charitas,
1738 2257 1766 2280 et

144 2294 193 2321 καὶ
206 2293 278 2320 υίοθε
283 2295 407 2327 ptiar-toi:
412 2293 524 2328 ὀνόμασι
533 2294 701 2329 διακρίνεται
711 2294 811 2329 μόνοις,
817 2295 857 2326 ὼς
866 2296 934 2330 φῶς,

147 2341 194 2367 καὶ
208 2340 275 2375 πῦρ,
289 2340 336 2366 καὶ
351 2340 429 2374 φλὸξ,
448 2340 488 2371 εἰς
502 2340 567 2375 μίαν
580 2340 773 2376 συντρέχουσιν
785 2341 934 2376 ἐνέργειαν,

144 2386 217 2413 οὕτω
233 2386 281 2412 καὶ
296 2387 359 2421 περὶ
382 2386 486 2412 τούτων
506 2395 551 2420 μοι
569 2386 636 2413 νόει.
657 2395 665 2412 ι
683 2387 736 2413 Καὶ
753 2387 767 2413 ὁ
784 2386 861 2421 ἅγιος
874 2389 936 2415 Διά-

144 2433 237 2468 δοχος·
255 2442 264 2458 ι
283 2433 377 2467 Πάσης
393 2433 592 2468 πνευματικῆς,
607 2433 717 2468 ἀδελφοὶ
728 2434 858 2468 ,ἡγείσθω
869 2428 945 2461 θεω-”

147 2479 220 2515 ρίας.
233 2479 334 2511 πίστις,
344 2479 431 2511 ἐλπὶς,
444 2479 552 2513 ἀγάπη·
561 2479 644 2505 πλέον
654 2479 708 2514 δὲή
722 2479 827 2515 ἀγάπη.
839 2479 872 2506 Al.
887 2481 937 2515 μὲν

147 2525 213 2560 γὰρ,
225 2526 408 2560 καταφρονεῖν
416 2525 471 2551 τῶν
483 2525 629 2559 ὁρωμένων
638 2525 827 2552 ἐκδιδάσκουσι
836 2525 935 2559 καλῶν,

147 2571 165 2605 ἡ
177 2570 205 2596 δὲ
222 2571 330 2605 ἀγάπη,
343 2571 429 2605 αὐτὴν
441 2570 572 2597 συνάπτει
585 2571 635 2605 τὴν
649 2571 739 2606 ψυχὴν
755 2572 814 2603 ταῖς
828 2572 938 2608 ἀρεταῖς

148 2616 197 2642 τοῦ
222 2616 301 2647 Θεοῦ,
326 2616 452 2650 αἰσθήσει
472 2616 570 2650 νοερᾷ,
592 2615 637 2642 τὸν
664 2610 779 2651 ἀόρατον
805 2618 871 2643 Θεὸν
895 2617 938 2650 ἐξ·

149 2662 301 2698 ιχνεύουσα.
321 2671 329 2687 ι
351 2662 410 2688 Ἔτι
424 2671 430 2677 ·
450 2670 459 2687 ι
483 2662 566 2696 ’Λλλη
584 2662 658 2688 ἐστὶν
673 2663 689 2696 ἠ
708 2661 801 2696 ἀγάπη
814 2663 864 2698 τῆς
886 2663 937 2697 ψυ-

149 2709 201 2744 χῆς
216 2709 231 2742 ἠ
255 2708 372 2743 φυσικὴ,
391 2708 439 2734 καὶ
451 2707 528 2742 ἀλλη,
542 2709 558 2743 ἡ
576 2708 608 2734 ἐκ
626 2707 673 2734 τοῦ
688 2708 766 2742 ἁγίου
782 2709 939 2744 Ιῐνεὺματος

150 2755 218 2789 αὐτῇ
236 2753 447 2789 προσγινομένη.
469 2754 500 2779 'H
519 2753 567 2788 μὲν
583 2753 647 2788 γὰρ,
673 2754 705 2779 ὲκ
723 2754 772 2788 τῆς
789 2754 938 2790 ἡμετέρας,

107 2796 110 2797 ν
150 2800 194 2827 ὅτε
212 2800 336 2835 θέλομεν,
360 2799 526 2834 συμμέτρως
543 2800 657 2825 κινεῖται
677 2799 824 2834 θελήσεως,
844 2801 938 2834 διόπερ

150 2846 199 2872 καὶ
213 2845 334 2880 εὐχερῶς
349 2845 402 2872 ὑπὸ
416 2843 469 2870 τῶν
487 2844 614 2878 πονηρῶν
627 2844 790 2878 πνευμάτων
805 2845 884 2880 ἡνίκα
902 2845 939 2880 μὴ

152 2891 198 2926 βίᾳ
222 2890 368 2926 κρατῶμεν
386 2891 436 2924 τῆς
464 2889 568 2916 ἑαυτῶν
593 2889 795 2924 προαιρέσεως,
824 2889 938 2924 διαρπά-

979 2297 1165 2332 trauquillitas
1188 2297 1221 2325 ab
1238 2298 1390 2332 aﬂ‘ectibus,
1416 2303 1443 2326 et
1462 2300 1582 2335 adoptio,
1608 2301 1765 2327 nominibus

980 2343 1045 2370 solis
1066 2343 1271 2378 discernuntur,
1289 2349 1318 2372 ut
1335 2345 1437 2378 lurnrn,
1457 2350 1483 2373 et
1503 2346 1584 2381 ignis.
1601 2350 1628 2374 et
1643 2346 1762 2379 ﬂamma,

981 2389 1007 2416 iu
1023 2396 1104 2416 uuam
1121 2396 1289 2418 concurrunt
1303 2390 1463 2418 efﬁcaciam.
1486 2390 1523 2418 Ita
1547 2392 1612 2418 mihi
1628 2392 1662 2418 dc
1676 2392 1709 2420 iis
1724 2392 1765 2418 vi—

981 2435 1070 2463 detur.
1087 2444 1096 2461 ι
1126 2435 1157 2462 Ει
1176 2440 1287 2464 sanctus
1312 2436 1487 2464 Diadoeltus:
1511 2446 1520 2462 ‹
1541 2436 1658 2463 Omnem
1682 2436 1764 2470 spiri-

982 2481 1095 2514 tualetn,
1123 2481 1232 2514 fratres,
1258 2483 1521 2518 contemplationem
1542 2483 1660 2517 dirigant
1686 2483 1764 2514 tides,

981 2533 1056 2560 spes,
1081 2526 1221 2560 charitas,
1248 2527 1366 2555 maxime
1391 2531 1482 2555 autem
1502 2528 1634 2555 charitas.
1658 2527 1767 2555 Priori-5

981 2564 1235 2607 quidem'visibilia
1254 2574 1324 2600 bona
1348 2574 1490 2608 despicere
1505 2574 1622 2606 docent;
1645 2575 1768 2602 Charitas-

983 2627 1047 2646 vero
1057 2620 1203 2646 virtutibus
1216 2620 1260 2647 Dei
1273 2621 1392 2646 animam
1404 2619 1526 2655 adoptat,
1538 2621 1672 2654 spirituali
1685 2629 1767 2648 sensu

983 2664 1148 2693 lnvisiltilem
1166 2665 1249 2692 Deum
1267 2665 1445 2700 investigans.
1465 2675 1473 2691 ι
1495 2666 1527 2693 Et
1542 2666 1653 2694 adhuc:
1671 2677 1679 2692 ι
1703 2667 1764 2694 Alia

981 2714 1024 2737 est
1039 2709 1160 2737 charitas
1174 2710 1273 2736 animat
1289 2710 1433 2741 naturalis,
1450 2714 1476 2737 et
1491 2711 1543 2737 alia
1555 2718 1615 2745 quae
1625 2719 1655 2738 ea
1671 2717 1769 2738 sancto

984 2757 1086 2792 Spiritu
1103 2757 1129 2783 in
1144 2756 1203 2790 ipsa
1219 2754 1342 2784 rlIieitur.
1361 2756 1419 2783 Alia
1431 2756 1514 2788 enim,
1529 2763 1633 2790 nostra,
1648 2765 1709 2784 cum
1724 2766 1770 2784 vo-

984 2803 1086 2834 lumus,
1111 2801 1254 2829 voluntate
1284 2802 1423 2829 moderate
1440 2803 1587 2835 excitatur,
1605 2808 1631 2830 et
1664 2803 1770 2830 idcirco

985 2848 1063 2876 facile
1078 2856 1091 2875 a
1108 2848 1188 2874 malis
1203 2848 1355 2882 spiritibus,
1373 2849 1481 2883 quando
1509 2856 1561 2875 non
1577 2850 1712 2876 violrnter
1724 2858 1770 2876 no-

984 2899 1066 2921 stram
1085 2892 1253 2920 voluntatem
1273 2892 1418 2925 vincimus,
1435 2891 1579 2928 abripitur.
1604 2893 1662 2919 Alia
1677 2897 1771 2920 autem
