1932 3088
137 153 186 182 ’τίὶὶ

567 145 742 178 CALLISTI
755 143 803 173 ET
827 138 975 171 IGNATH
999 133 1346 168 XANTHOPULORUM

1715 130 1770 164 792

138 212 206 238 adeo
221 211 341 238 animam
361 209 482 237 incendit
512 209 544 235 ad
560 207 607 235 Dei
624 212 758 237 amorem,
774 207 805 230 ut
827 208 925 228 omnes

984 199 1058 231 ζεται
1071 207 1078 213 ·
1095 199 1112 234 ἡ
1132 198 1171 231 δὲ,
1197 198 1323 226 τοσοῦτον
1348 198 1453 226 ἐκκαίει
1469 200 1517 235 τὴν
1534 201 1622 235 ψυχὴν
1639 200 1707 236 πρὸς
1720 202 1770 237 τὴν

137 257 236 293 animo:
251 260 341 291 partes
355 254 484 282 ineﬂabili
503 253 587 281 divini
604 251 734 279 desiderii
756 248 927 277 excellentia:

137 304 294 330 adunentur
309 302 335 329 in
348 302 482 329 immensa
505 299 623 335 quadam
637 296 822 332 simplicitatis
837 294 928 329 dispo-

138 351 248 377 sitione.
263 347 370 376 Referta
382 349 453 376 enim
469 345 603 381 spirituali
617 345 718 371 virtute
731 350 819 373 mens.
832 349 927 376 quem-

139 395 202 423 dam
232 395 375 422 charitatis
401 402 432 420 ac
462 393 562 421 laetitiae
590 391 694 419 fontem
722 389 832 417 emittit.
855 398 865 414 ι
895 387 928 414 Ει

138 445 250 468 sanctus
261 439 354 467 lsanc:
376 449 385 464 ι
401 438 529 466 Charitas
542 445 603 473 quae
620 445 652 464 ex
664 435 829 471 quibusdam
845 434 928 461 rebus

140 486 265 516 eiiit‘ilttt‘,
289 491 329 512 est
353 490 481 519 tanquam
509 492 593 519 parva
608 484 721 510 lucerna
734 482 794 509 olco
812 481 926 512 nutrita,

138 538 165 559 et
188 532 228 559 sic
245 531 328 558 alitur
340 529 401 565 ejus
427 530 531 562 lumen,
550 535 597 556 aut
617 533 748 563 tanquam
763 533 872 555 torrens
895 534 927 553 ex

141 577 230 611 pluria
245 584 340 607 ruens,
355 576 433 610 cujus
448 575 550 602 ﬂuctus
564 578 685 606 cessant,
702 573 748 600 ubi
764 571 857 599 deiicit
870 579 930 607 qua!

139 630 188 650 eos
212 620 339 658 producit
365 621 493 649 materia.
512 620 641 648 Charitas
672 626 738 647 vero
766 626 826 653 quae
844 615 928 645 Deum

140 675 280 698 auctorem
295 670 388 703 habet,
402 675 444 698 est
459 674 588 703 tanquam
610 668 672 696 fons
689 668 802 700 saliens,
821 671 849 695 et
860 675 930 694 nun-

141 724 223 751 quam
244 715 346 743 ﬂuctus
367 716 427 750 ejus
443 715 704 749 iuterrumpuntur:
722 714 780 749 ipse
795 713 867 741 enim
884 720 929 740 so-

143 763 185 789 lus
196 767 239 789 est
255 761 317 789 l'ons
332 761 477 789 charitatis
491 765 518 788 et
531 761 590 796 ejus
601 759 764 787 indeliciens
776 758 900 786 materia.
917 767 927 784 ι

147 808 180 835 Et
200 816 311 835 rursum
326 808 512 842 intermgatus
528 813 653 842 quaenam
666 806 701 833 sit
716 805 864 832 multorum
876 804 932 838 spi-

142 852 213 882 ritus
229 854 367 882 fructuum
383 853 527 889 perfectio,
549 853 710 888 respondit:
730 850 931 886 «Quandoquis

143 902 243 936 dignus
268 901 388 936 perlecta
420 901 465 928 Dei
492 901 628 928 charitate
657 899 769 926 habitus
796 903 849 926 est.
871 906 880 923 ι
901 896 932 924 Ει

144 948 235 974 denuo
261 944 450 981 interrogatus
473 947 545 973 unde
559 946 659 981 aliquis
679 945 750 973 sciat
763 952 793 972 se
807 944 840 971 ad
860 944 932 971 hanc

145 994 272 1020 virtutem
288 993 470 1027 processisse,
484 993 572 1019 dixit:
593 1002 602 1018 ι
616 992 682 1019 Cum
700 991 830 1018 memoria
847 990 892 1017 Dei
907 991 932 1016 in

146 1041 207 1075 ejus
233 1041 401 1076 cogitatione
424 1040 541 1067 excitata
569 1039 665 1070 fuerit,
684 1038 776 1067 statim
801 1045 851 1064 cor
875 1036 934 1071 ejus

149 1086 193 1113 Dei
207 1087 343 1114 charitale
356 1087 505 1118 excitatur,
522 1091 549 1112 et
563 1086 625 1121 ejus
637 1085 711 1112 oculi
730 1084 830 1111 multas
843 1083 934 1110 edun-

145 1133 215 1161 dunt
240 1134 387 1169 lacrymas.
405 1133 482 1160 lianc
507 1133 580 1160 enim
599 1132 826 1160 consuetudinem
853 1131 934 1158 habet

148 1179 279 1211 Charitas,
305 1188 337 1206 ex
356 1180 488 1206 memoria
506 1179 588 1214 hujus
606 1187 688 1214 quem
706 1183 779 1205 amat
800 1178 935 1213 lacrymas

147 1225 272 1253 eliciendi
291 1235 297 1258 ;
315 1231 339 1252 ct
356 1226 402 1260 qui
417 1226 579 1252 charitatem
594 1226 686 1258 habet,
704 1232 846 1260 nunquam
867 1231 882 1250 a
894 1223 934 1250 la-

149 1272 249 1307 ctymis
276 1271 378 1299 deﬁcit.
400 1271 546 1306 Nunquam
568 1272 641 1298 cnim
657 1270 694 1298 illi
721 1271 797 1298 deest
819 1269 933 1296 materia

148 1325 209 1352 qua.-
225 1318 314 1352 ipsum
337 1318 370 1344 ad
389 1317 434 1344 Dci
453 1317 521 1344 lerat
542 1317 714 1349 memoriam,
739 1316 775 1343 ita
795 1320 823 1342 ut
840 1315 881 1342 vel
907 1314 935 1341 in

148 1371 246 1390 somno
269 1371 318 1390 suo
331 1371 392 1391 cum
407 1363 460 1390 Deo
475 1368 661 1390 conversetur.
673 1361 848 1388 Consuetudo
861 1360 934 1388 enim

150 1409 294 1437 chartiatis
308 1414 350 1436 est
376 1409 441 1436 talia
457 1416 536 1444 agere
557 1414 583 1435 et
599 1409 656 1443 ipsa
683 1411 725 1434 est
742 1407 883 1434 hominum
908 1407 935 1433 in

149 1457 338 1491 hujusmunodi
373 1456 430 1483 vita
461 1456 604 1491 perfectio.
627 1465 636 1481 I
656 1454 687 1482 Et
704 1455 812 1482 adhuc:
837 1464 845 1480 ι
865 1453 935 1481 Cha«

150 1503 216 1530 ritas
240 1503 285 1529 Dei
301 1507 396 1530 natura
422 1503 510 1534 ardet,
527 1506 554 1529 et
573 1501 683 1537 quando
707 1501 882 1528 vchementer
907 1501 935 1527 in

981 244 1094 279 ἀγάπην
1110 244 1158 271 τοῦ
1180 244 1259 277 Θεοῦ,
1284 245 1354 272 ὥστε
1375 245 1463 272 πάντα
1487 246 1520 272 τὰ
1535 247 1584 281 τῆς
1608 246 1696 283 ψυχῆς
1711 248 1773 275 τότε

983 292 1067 328 μέρη,
1093 292 1129 326 τῇ
1153 290 1200 318 τοῦ
1224 290 1298 318 θείου
1328 291 1412 318 πόοου
1439 291 1564 328 ἀλαλήτῳ
1590 292 1772 326 ἐγκολλᾶσοαι

982 334 1160 374 χρηστότητι,
1186 338 1215 364 ὲν
1241 337 1349 372 ἀπείρῳ
1377 337 1431 364 τινὶ
1453 337 1585 373 ἁπλότητι
1614 339 1771 371 διαθέσεως·

982 384 1110 419 ἐγκύμων
1125 385 1179 420 γὰρ
1201 383 1294 419 ὥσπερ
1312 385 1325 410 ὁ
1340 384 1401 416 νοῦς
1413 384 1475 410 τότε
1491 383 1544 411 ὑπὸ
1559 384 1608 420 τῆς
1622 393 1773 421 πνευματι-

982 430 1033 464 κῆς
1056 430 1195 465 ἐνεργείας
1216 429 1368 464 γινόμενος,
1397 431 1488 465 πηγήν
1504 438 1564 457 τινα
1579 430 1690 466 ἀγάπης
1704 432 1772 458 ἀνα-

983 475 1076 507 ελύζει
1105 475 1152 501 καὶ
1176 475 1274 510 χαρᾶς,
1307 484 1316 501 ι
1345 474 1400 502 Καὶ
1424 475 1438 501 ὁ
1455 475 1532 510 ἆγιος
1567 477 1677 503 Ἰσαάκ·
1704 487 1713 502 ι
1741 476 1772 504 Ἦ

982 520 1086 555 ἀγάπη,
1101 521 1117 555 ἡ
1133 520 1165 547 ἔκ
1179 528 1259 547 τινων
1267 520 1396 556 γινομένη
1410 521 1591 556 πραγμάτων,
1606 522 1643 554 ὡς
1659 522 1772 557 λαμπάς

981 567 1040 592 ἐστι
1057 565 1153 601 μικρὰ,
1171 567 1203 592 ὲκ
1214 565 1260 592 τοῦ
1275 565 1365 593 ἐλαίου
1375 566 1540 601 τρεφομένη,
1558 566 1605 593 καὶ
1619 565 1691 593 οὕτω
1709 576 1773 594 συν-

983 609 1089 636 ίσταται
1102 609 1133 636 τὺ
1150 610 1207 644 φῶς
1219 609 1303 645 αὐτῆς
1315 618 1322 626 ·
1337 610 1354 645 ἦ
1377 610 1423 636 καὶ
1438 610 1476 641 ὡς
1490 610 1640 646 χείμαρῤος
1657 611 1726 646 ῥέων
1741 613 1773 639 ἐκ

980 655 1027 682 τοῦ
1043 655 1133 688 ὑετοῦ,
1155 651 1241 690 οὗπερ
1260 656 1277 690 ἠ
1302 655 1395 691 ῥεῦσις
1415 656 1616 689 καταπαύεται,
1632 657 1681 692 τῆς
1710 666 1773 684 συν-

983 702 1102 738 ιστώσης
1110 702 1192 729 αὐτὸν
1207 701 1282 737 ὕλης,
1295 701 1382 736 λεῖψιν
1397 701 1546 737 παθούσης.
1561 702 1593 729 Ἦ
1602 703 1696 739 ἀγάπη
1705 703 1744 735 δὲ,
1753 705 1770 739 ἠ

979 748 1025 775 τὸν
1040 748 1106 775 Θεὸν
1129 749 1214 774 αίτιον
1232 749 1339 783 ἔχουσα,
1353 747 1390 779 ὡς
1405 748 1481 783 πηγή
1500 749 1558 775 ἔστι
1574 748 1705 784 βρύουσα,
1723 750 1772 776 καὶ

980 794 1041 820 οὐδέ
1057 802 1123 821 ποτε
1136 794 1170 821 τά
1183 794 1307 829 ῥεύματα
1318 793 1403 829 αὐτῆς
1414 794 1609 821 ἀνακόπτεται’
1623 795 1702 826 αὐτὸς
1717 795 1772 830 γὰρ

984 838 1064 874 μόνος
1086 839 1145 866 ἐστὶ
1161 839 1208 874 τῆς
1229 839 1339 875 ἀγάπης
1355 840 1441 875 πηγὴ,
1459 841 1504 866 καὶ
1520 840 1666 875 ἀνελλιπὴς
1685 841 1701 876 ὴ
1719 840 1770 876 ὕλη

949 879 968 907 Β
982 885 1076 920 αὐτῆς.
1090 895 1100 911 ι
1115 885 1168 911 Καὶ
1182 883 1259 917 αὖθις
1273 885 1431 921 ἐρωτηθεὶς,
1445 886 1507 912 ποία
1519 887 1592 912 ἐστὶν
1602 888 1618 921 ἡ
1634 885 1771 921 τελειότης

982 931 1037 959 τῶν
1061 932 1166 959 πολλῶν
1197 934 1311 968 καρπῶν
1340 932 1386 960 τοῦ
1418 933 1589 969 πνεύματος,
1618 933 1773 969 ἀπεκρίθη·

987 987 998 1004 ι
1015 978 1100 1005 Ὅταν
1114 987 1156 1010 τις
1169 979 1271 1015 ἀξιωθῇ
1287 980 1336 1015 τῆς
1352 979 1458 1011 τελείας
1475 980 1586 1014 ἀγάπης
1597 979 1645 1006 τοῦ
1663 980 1740 1006 Θεοῦ.
1762 989 1772 1005 ι

981 1035 1036 1062 Καὶ
1061 1031 1138 1064 αὖθις
1160 1029 1316 1066 ἐρωτηθεὶς,
1334 1029 1382 1055 καὶ
1408 1027 1490 1054 πόθεν
1504 1025 1635 1061 γινώσκει
1655 1033 1707 1057 τις,
1728 1024 1769 1051 ὅτι

980 1079 1098 1114 ἔφθασεν
1113 1078 1152 1108 είς
1165 1076 1267 1109 ταύτην
1277 1095 1284 1107 ,
1303 1074 1354 1109 ἔφη
1364 1082 1370 1088 ·
1391 1082 1400 1098 t
1422 1073 1507 1099 Ὅταν
1521 1071 1619 1107 κινηθῇ
1640 1071 1657 1105 ἡ
1674 1071 1770 1105 μνήμη

980 1122 1026 1150 τοῦ
1043 1121 1110 1148 Θεοῦ
1126 1123 1154 1148 ὲν
1177 1121 1209 1156 τῇ
1227 1118 1332 1154 διανοίᾳ
1349 1117 1442 1150 αὐτοῦ,
1458 1117 1559 1148 εὐθέως
1573 1117 1590 1152 ἡ
1605 1115 1703 1150 καρδία
1718 1115 1768 1141 αὐ-

979 1167 1038 1200 τοῦ,
1061 1168 1176 1194 κινεῖται
1193 1167 1221 1192 ὲν
1241 1166 1274 1200 τῇ
1289 1165 1384 1199 ἀγάπῃ
1400 1163 1493 1195 αὐτοῦ,
1517 1163 1565 1189 καὶ
1590 1163 1614 1189 oi
1633 1160 1770 1196 ὀφθαλμοὶ

981 1213 1063 1242 αὐτοῦ
1079 1212 1264 1247 καταφέρουσι
1280 1211 1385 1245 δάκρυα
1400 1209 1532 1244 δαψιλῶς·
1550 1208 1611 1240 ἔθος
1632 1207 1687 1242 γάρ
1711 1206 1768 1242 ἔχει

981 1261 997 1295 ἡ
1013 1259 1117 1294 ἀγάπη,
1143 1259 1176 1284 ὲκ
1197 1257 1247 1292 τῆς
1270 1257 1378 1292 μνήμης
1398 1254 1452 1282 τῶν
1466 1254 1626 1289 ἀγαπητῶν,
1643 1253 1771 1285 ἐξάπτειν

981 1305 1096 1340 δάκρυα,
1108 1305 1155 1331 καὶ
1169 1303 1288 1333 τοιοῦτος
1300 1302 1349 1334 ὣν,
1362 1301 1489 1328 οὐδέποτε
1502 1301 1655 1335 ὐστερεῖται
1670 1300 1703 1326 ὲκ
1714 1298 1770 1325 τῶν

981 1351 1117 1387 δακρύων.
1135 1351 1207 1377 Διότι
1222 1350 1252 1376 οὺ
1269 1349 1356 1375 λείπει
1372 1347 1446 1383 αὐτῷ
1460 1347 1503 1373 ἀεὶ
1517 1345 1567 1381 ὕλη
1585 1346 1706 1380 φέρουσα
1720 1344 1772 1371 αὺ-

983 1398 1027 1425 τδν
1040 1397 1080 1428 είς
1099 1397 1209 1431 μνήμην
1223 1395 1270 1422 τοῦ
1287 1393 1366 1426 Θεοῦ,
1383 1392 1453 1420 ὥστε
1467 1392 1513 1419 καὶ
1531 1393 1560 1418 εν
1574 1391 1612 1426 τῷ
1627 1391 1704 1426 ὕπνῳ
1722 1390 1772 1417 αὐ-

982 1443 1040 1474 τοῦ,
1057 1441 1196 1476 συνομιλεῖ
1210 1440 1248 1473 τῷ
1259 1439 1317 1474 Θεῷ
1328 1448 1334 1454 ·
1351 1439 1411 1470 ἔθος
1426 1438 1480 1473 γὰρ
1495 1439 1527 1472 τῇ
1545 1437 1650 1472 ἀγάπῃ.
1667 1435 1772 1469 πρᾶξαι

983 1489 1016 1515 τὰ
1035 1487 1157 1518 τοιαῦτα,
1177 1486 1224 1513 καὶ
1239 1485 1307 1520 αὕτη
1323 1485 1396 1511 ἐστὶν
1412 1485 1428 1520 ή
1443 1483 1580 1518 τελειότης
1593 1483 1648 1509 τῶν
1664 1481 1773 1517 ἀνθρώ-

151 1527 157 1529 .
178 1527 215 1530 η-
240 1527 285 1529 ᾐ.
301 1527 396 1530 ..η-,ν
423 1527 510 1534 κηη,
529 1527 552 1529 ε,
575 1527 679 1537 VM”
766 1527 770 1528 γ
844 1527 848 1528 γ

151 1548 267 1582 aliquem
283 1548 390 1579 incidit,
407 1549 477 1575 hanc
507 1550 626 1576 animam
643 1551 719 1575 extra
734 1555 763 1574 se
783 1554 844 1574 esse
861 1545 936 1574 facit.

984 1542 1042 1560 πων
1053 1533 1082 1559 ὲν
1093 1533 1126 1567 τῇ
1138 1532 1192 1567 ζωῇ
1205 1531 1295 1558 αὐτῶν
1304 1530 1399 1567 ταύτῃ.
1418 1539 1428 1556 ι
1444 1530 1517 1556 Ἔτι⁸
1536 1538 1546 1555 t
1569 1529 1600 1555 Ἦ
1617 1529 1710 1563 ἀγάπη
1724 1527 1774 1554 τοῦ

151 1593 214 1622 ldco
229 1601 276 1621 cor
289 1603 341 1620 non
358 1598 446 1628 potest
457 1601 517 1621 eam
531 1602 545 1620 a
561 1593 695 1621 charitate
706 1601 789 1628 quam
805 1592 936 1627 percepit,

153 1640 306 1676 sejungere,
323 1645 368 1667 aut
386 1649 444 1667 eam
465 1645 631 1674 temperare,
649 1639 695 1667 sed
715 1647 764 1674 pro
777 1639 836 1673 ejus
852 1638 939 1673 quali—

155 1688 218 1715 tatis
236 1688 316 1714 modo
329 1692 356 1714 et
379 1687 405 1714 in
429 1695 489 1715 eam
526 1687 734 1722 superveniente
749 1685 894 1718 charitate,
912 1686 938 1712 in

154 1741 186 1761 ca
208 1738 320 1768 apparet
345 1734 453 1761 insolita
467 1733 623 1760 conversio.
648 1733 682 1760 Et
699 1734 756 1760 hrec
772 1737 836 1760 sunt
850 1731 939 1759 sensi-

155 1780 218 1807 bilia
230 1779 289 1814 ejus
307 1779 401 1815 signa:
420 1780 448 1806 lit
466 1779 584 1807 hominis
602 1781 692 1806 vultus
711 1779 816 1814 igneus,
836 1778 913 1805 laetus
930 1798 937 1810 ,

155 1831 183 1854 et
209 1835 309 1862 corpus
334 1827 394 1862 ejus
415 1827 514 1860 caleﬁl,
543 1827 577 1854 ab
604 1834 637 1854 eo
656 1827 737 1854 timor
762 1826 883 1865 recedit;
911 1830 939 1852 ut

157 1880 251 1900 amcus
267 1872 391 1905 edicitur.
411 1877 527 1900 mortem
549 1881 610 1908 qua:
626 1878 679 1900 tam
693 1872 829 1900 horrenda
844 1877 896 1905 est,
912 1877 940 1899 ut

156 1919 277 1946 lmtitiam
299 1919 391 1950 habet,
415 1925 442 1946 et
461 1927 601 1953 nunquam
627 1919 725 1945 tuentis
742 1918 801 1952 ejus
819 1922 940 1945 corutem-

156 1965 239 1999 platio
254 1973 268 1992 a
284 1965 434 1992 cmi-cstiqu
451 1966 615 2000 cogitatione
629 1964 808 1991 defectionem
823 1965 940 1998 patitur:

156 2016 182 2039 cl.
194 2012 293 2039 absens
305 2017 432 2046 tanquam
452 2019 582 2046 praesens,
596 2015 785 2042 CUHVCI‘SRIUI‘,
802 2018 816 2036 a
830 2009 940 2037 nomine

158 2058 244 2086 \isus.
260 2059 379 2086 Scientia
405 2059 465 2093 ejus
477 2066 508 2086 ac
530 2059 595 2086 visio
611 2057 743 2084 naturalis
767 2060 941 2091 pra-tercunt,

158 2113 247 2140 neque
265 2105 431 2132 sensibiliter
449 2109 551 2131 mutum
565 2112 646 2131 suum
673 2103 868 2131 animadvertit
886 2110 940 2136 quo

157 2153 185 2178 in
203 2151 285 2178 rebus
303 2156 437 2178 movetur.
456 2150 523 2178 Etsi
546 2149 610 2184 quid
627 2155 699 2185 agat,
717 2157 770 2176 nou
787 2148 813 2175 id
829 2148 942 2174 omnino

159 2197 252 2230 sentit,
269 2202 387 2225 tuentem
402 2197 504 2224 habens
523 2198 548 2223 in
563 2198 616 2223 hac
631 2195 862 2229 coutcmplatione
892 2193 944 2220 liu-

156 2250 307 2276 ctuantem,
323 2250 350 2271 et
376 2244 458 2279 hujus
473 2244 601 2279 cogitatio
617 2251 721 2277 semper
739 2250 799 2269 cum
819 2242 873 2269 alio
890 2241 939 2268 ali-

158 2300 213 2327 quo
226 2292 403 2326 colloquitur.
421 2291 477 2318 liac
497 2290 633 2325 spirituali
657 2290 789 2317 ebrietate
800 2289 870 2316 ebrii
883 2288 944 2315 lue-

161 2341 224 2364 runt
235 2337 299 2364 olim
313 2336 427 2370 apostoli
441 2341 465 2363 ct
481 2342 631 2372 martyres;
645 2341 671 2363 et
683 2335 727 2362 alii
743 2335 851 2370 quidem
866 2342 946 2361 mun~

159 2384 224 2411 dum
243 2385 402 2411 universum
422 2388 624 2417 percutrenles,
647 2383 816 2414 laborantes,
835 2380 945 2416 injuriis

159 2428 285 2462 onerati;
312 2429 357 2456 alii
377 2437 452 2461 vero,
471 2429 597 2457 laceratis
611 2428 753 2461 membris,
781 2428 945 2463 sanguinem

161 2484 240 2503 suum
259 2475 414 2503 elTudcrunt
430 2480 559 2510 tanquam
575 2482 685 2509 aquam,
702 2480 729 2502 et
743 2475 879 2502 horrenda
897 2482 940 2510 pa-

161 2523 270 2554 tir-mes,
288 2529 340 2549 non
353 2521 525 2553 deciderunt,
539 2523 585 2549 sed
598 2529 730 2557 generose
743 2522 944 2550 sustinuerunt.

160 2569 192 2594 lit
227 2576 288 2594 cum
312 2573 403 2595 essent
432 2568 583 2603 sapientes,
612 2573 642 2595 ut
669 2569 832 2602 insipientes
862 2567 945 2594 habiti

160 2619 235 2646 sunt,
254 2619 281 2641 et
296 2615 341 2641 alii
361 2614 388 2642 in
403 2615 521 2643 desertis
537 2620 699 2643 erraverunt
710 2620 738 2642 ct
754 2615 904 2646 montibus,
921 2618 948 2641 et

161 2662 188 2688 in
203 2661 340 2696 speluncis
367 2666 393 2688 et
420 2662 446 2688 in
460 2663 584 2689 cavernis
601 2666 691 2693 terra),
706 2666 733 2688 ct
749 2662 776 2688 in
796 2669 827 2688 ea
845 2662 947 2688 tumul-

162 2708 284 2734 tnatiouc
298 2716 351 2735 non
373 2708 522 2742 perturbati
537 2709 657 2735 fucwnt.
674 2708 722 2735 Det
736 2709 815 2736 nobis
832 2707 903 2734 Dcus
914 2708 947 2734 ad

163 2755 234 2780 hanc
250 2754 396 2781 amentiam
411 2754 562 2788 pervenire.

983 1579 1063 1613 Θεοῦ,
1078 1579 1165 1614 θερμή
1182 1579 1240 1604 εστι
1254 1578 1287 1613 τῇ
1309 1577 1389 1611 φύσει
1400 1597 1407 1609 ,
1429 1577 1475 1603 καὶ
1489 1577 1553 1603 ὅταν
1569 1575 1697 1610 ἀμέτρως
1710 1575 1775 1601 ἔπι-

985 1627 1055 1661 πέσῃ
1077 1625 1141 1656 τινὶ,
1169 1625 1241 1651 ποιεί
1266 1623 1373 1659 εκείνην
1399 1623 1448 1658 τὴν
1472 1622 1570 1658 ψυχὴν,
1594 1621 1773 1656 ἐκστατικὴν.

985 1672 1034 1700 Διὰ
1049 1671 1127 1698 τοῦτο
1140 1671 1171 1697 οὐ
1195 1670 1304 1697 δύναται
1325 1670 1342 1705 ὴ
1363 1669 1461 1704 καρδία
1475 1668 1521 1695 τοῦ
1537 1667 1710 1702 αἰσθηθέντος
1725 1667 1774 1693 αὑ-

985 1718 1043 1752 τῆς,
1061 1716 1185 1752 χωρῆσαι
1202 1715 1297 1751 αὐτὴν,
1313 1715 1360 1741 καὶ
1375 1714 1556 1750 καρτερῆσαι.
1577 1713 1644 1740 ἀλλά
1659 1712 1730 1740 κατά
1743 1712 1776 1738 τὸ

986 1764 1085 1799 μέτρον
1107 1763 1157 1797 τῆς
1186 1762 1328 1794 ποιότητος
1358 1761 1405 1788 καὶ¹
1428 1761 1477 1795 τῆς
1509 1759 1675 1794 ἐπελθούσης
1699 1758 1777 1793 αὐτῷ

984 1810 1105 1844 ἀγάπης,
1120 1808 1216 1844 ὁρᾶται
1236 1809 1265 1834 ὲν
1282 1806 1356 1842 αὺτῷ
1376 1805 1518 1836 ἀλλοίωσις
1543 1804 1691 1840 ἀσυνήθης.
1718 1803 1776 1830 Καὶ

984 1855 1071 1882 ταῦτα
1084 1854 1118 1881 τὰ
1131 1855 1232 1889 σημεῖα
1244 1853 1330 1887 αὐτῆς
1345 1852 1379 1879 τὰ
1393 1852 1518 1886 αἰσθητά*
1531 1851 1636 1886 γίνεται
1649 1850 1680 1877 τὸ
1690 1850 1776 1885 πρόσ·

985 1911 1058 1929 ωπον
1088 1900 1135 1927 τοῦ
1161 1899 1317 1934 ἀνθρώπου,
1345 1899 1461 1934 πυρρὸν,
1486 1897 1646 1933 περιχαρὲς,
1673 1897 1721 1923 καὶ
1743 1895 1778 1922 ἰδ

986 1948 1066 1982 σῶμα
1090 1946 1173 1974 αὑτοῦ
1198 1946 1384 1980 θερμαίνεται,
1408 1944 1556 1979 ἀφίσταται
1583 1943 1630 1970 ἀπ’
1653 1942 1736 1969 αὑτοῦ
1763 1943 1778 1968 ό

986 1994 1077 2029 φόϐος,
1093 1994 1140 2020 καὶ
1154 1993 1171 2028 ἡ
1187 1992 1280 2022 αίδὼς,
1296 1991 1459 2024 καὶγίνεται
1473 1989 1510 2022 ὡς
1534 1988 1706 2019 ὲκστατικδς,
1727 1988 1778 2015 καὶ

986 2041 1002 2075 ἡ
1023 2040 1138 2073 δύναμις
1161 2039 1178 2073 ἡ
1203 2037 1357 2071 συνάγουσα
1374 2036 1420 2063 τὸν
1434 2036 1497 2062 νοῦν
1510 2035 1605 2070 φεύγει
1631 2034 1660 2066 ἐξ
1679 2034 1777 2067 αὑτοῦ,

986 2085 1033 2112 καὶ
1043 2085 1080 2115 ὼς
1095 2083 1205 2118 ἔκφρων
1216 2083 1331 2116 γίνεται,
1345 2083 1390 2109 τὸν
1403 2082 1518 2117 φοϐερὸν
1540 2081 1654 2108 θάνατον
1667 2081 1777 2116 ἡγεῖται

982 2130 1084 2168 χαρὰν,
1097 2130 1143 2155 καὶ
1159 2129 1288 2155 οὐδέποτε
1308 2130 1324 2163 ἠ
1342 2128 1445 2162 θεωρία
1465 2127 1512 2154 τοῦ
1528 2127 1586 2158 νοὸς
1603 2126 1697 2159 αὑτοῦ,
1719 2126 1779 2153 δια-

987 2174 1074 2208 κοπήν
1082 2181 1142 2199 τινα
1155 2173 1258 2209 πάσχῃ,
1273 2174 1304 2199 ὲκ
1316 2173 1365 2208 τῆς
1379 2172 1432 2199 τῶν
1448 2172 1580 2207 οὐρανίων
1596 2172 1776 2207 διανοήσεως.

957 2220 1042 2258 οΚαὶ
1057 2218 1145 2251 ἀπὼν,
1154 2219 1192 2250 ὼς
1203 2218 1299 2254 παρὼν
1312 2218 1410 2254 ὁμιλεῖ,
1424 2218 1461 2252 μὴ
1473 2217 1611 2254 ὁρώμενος
1624 2217 1677 2244 ὑπό
1692 2225 1778 2249 τινος.

994 2265 1025 2292 Ἦ
1040 2264 1150 2299 γνῶσις,
1169 2264 1217 2291 καὶ
1230 2266 1246 2299 ή
1270 2264 1365 2299 ὅρασις
1381 2264 1464 2291 αὐτοῦ
1476 2272 1482 2279 ·
1500 2263 1678 2300 παρέρχεται,
1695 2263 1712 2298 ἠ
1728 2271 1780 2298 φυ-

989 2311 1062 2346 σικὴ,
1087 2311 1133 2337 καὶ
1150 2311 1201 2338 οὐκ
1225 2310 1381 2338 αίσθάνεται
1407 2310 1544 2345 αἰσθητῶς
1566 2310 1617 2344 τῆς
1644 2310 1780 2345 κινήσεως

989 2355 1081 2389 αὑτοῦ,
1109 2353 1143 2392 ἧς
1171 2357 1200 2382 ὲν
1219 2356 1276 2386 τοῖς
1302 2355 1447 2390 πράγμασι
1475 2356 1601 2382 κινεῖται.
1635 2355 1695 2381 Κᾶν
1724 2354 1780 2389 γὰρ

989 2402 1098 2438 πράττῃ
1120 2411 1161 2434 τι,
1181 2401 1211 2428 οὺ
1229 2400 1339 2432 τελείως
1365 2400 1447 2427 αὐτοῦ
1473 2400 1641 2431 αἰσθάνεται,
1669 2399 1708 2431 ὡς
1732 2399 1780 2426 τὸν

989 2447 1052 2475 νοῦν
1075 2448 1144 2483 ἔχων
1169 2447 1198 2474 ὲν
1221 2448 1254 2482 τῇ
1283 2446 1385 2482 θεωρίᾳ
1410 2446 1558 2481 μετέωρον,
1574 2446 1649 2480 καὶὴ
1674 2445 1781 2472 διάνοια

989 2493 1084 2526 αὑτοῦ,
1113 2494 1156 2520 ἀεὶ
1180 2493 1218 2524 ὡς
1243 2493 1312 2527 μετά
1331 2492 1412 2518 ἄλλου
1427 2491 1576 2526 ἀδολεσχεῖ,
1594 2490 1704 2524 Ταύτην
1728 2491 1781 2525 τὴν

991 2540 1178 2576 πνευματικὴν
1195 2540 1291 2575 μέθην,
1307 2538 1496 2574 ὲμεθύσθησάν
1507 2546 1573 2565 ποτε
1586 2538 1611 2564 oi
1623 2537 1779 2571 ἀπόστολοι,

990 2588 1037 2614 καὶ
1049 2588 1073 2613 οί
1090 2587 1236 2622 μάρτυρες,
1255 2586 1302 2611 καλ¹
1321 2586 1344 2611 οἱ
1363 2585 1422 2620 μὲν,
1437 2584 1498 2610 ὅλον
1522 2584 1569 2610 τὸν
1584 2584 1686 2618 κόσμον
1707 2583 1780 2609 διελ-

991 2633 1094 2665 θόντες,
1109 2632 1269 2663 κοπιῶντες,
1283 2631 1331 2658 καὶ
1345 2629 1549 2665 ὀνειδιζόμενοι,
1565 2630 1590 2656 οι
1604 2629 1643 2661 δὲ,
1659 2628 1693 2655 τὰ
1710 2628 1780 2663 μέλη

991 2678 1240 2712 κατακοπτόμενοι,
1266 2677 1378 2712 ἐξέχεαν
1403 2676 1437 2703 τά
1464 2677 1569 2711 αἵματα
1591 2676 1690 2708 αὐτῶν,
1714 2675 1782 2701 ὡσεὶ

992 2726 1074 2761 ὕδωρ,
1089 2724 1137 2751 καὶ
1149 2725 1182 2751 τὰ
1195 2724 1335 2751 δεινότατα
1352 2723 1514 2758 πάσχοντες,
1526 2722 1576 2748 οὐκ
1587 2721 1781 2757 ὠλιγώρησαν,

163 2801 232 2826 ἀλλὰ
246 2799 376 2833 γενναίως
391 2799 550 2832 ὐπήνεγκαν
566 2805 573 2812 θ
600 2797 647 2824 καὶ
660 2797 736 2829 ὄντες
760 2797 847 2831 σοφοὶ,
877 2795 914 2827 ὡς
931 2794 1050 2829 ἄφρονες
1066 2793 1261 2828 ἐνομίσθησαν,
1280 2794 1327 2820 καὶ
1344 2793 1419 2821 ἄλλοι
1433 2795 1462 2821 ἐν
1479 2793 1608 2830 ἐρημίαις
1626 2793 1787 2828 ιπλανήθη-

163 2857 226 2877 σαν,
241 2847 288 2871 καὶ
303 2846 390 2880 ὖρεσι,
406 2846 452 2871 καὶ.
465 2846 495 2871 ἑν
513 2845 667 2879 σπηλαίοις,
681 2845 728 2871 καὶ
740 2845 799 2876 ταῖς
814 2843 894 2874 ὀπαῖς
917 2842 965 2876 τῆς
976 2842 1038 2876 γῆς,
1052 2841 1081 2868 ὲν
1099 2840 1236 2874 ἀταξίαις,
1253 2840 1379 2868 εὔτακτοι
1392 2841 1479 2874 ὅντες,
1500 2840 1608 2873 Ταύτην
1620 2840 1669 2876 τὴν
1679 2840 1787 2872 ἄνοιαν,

163 2893 278 2924 ἀξιώσαι
292 2894 363 2924 ἡμᾶς
378 2894 390 2918 ὁ
404 2892 469 2923 Θεὸς
487 2892 598 2924 φθάσαι.
619 2900 627 2916 ι
