1932 3088
215 148 268 179 7.95

634 146 808 177 CALLISTI
828 145 877 175 ET
903 143 1053 175 IGNATll
1071 140 1422 173 XANTHOPULORUM

1791 138 1845 170 796

216 205 293 232 cillcs
319 210 343 231 et
359 204 500 232 dormiunt
522 203 609 231 multi.
626 203 654 230 Si
671 203 853 238 nosmetipsos
871 191 1005 237 dijudica-

1067 199 1093 225 ὲν
1108 199 1172 233 ἡμῖν
1188 193 1279 226 πολλοὶ
1298 199 1421 232 ἀσθενεῖς
1438 203 1484 227 καὶ
1500 201 1647 236 ἄρρωστοι,
1666 203 1712 229 καὶ
1729 203 1852 238 κοιμῶν-

217 257 321 281 remus,
338 257 391 276 non
411 249 714 284 uliquejudicaremur.
741 246 808 275 Dum
828 253 916 274 autem
932 248 1004 282 judi-

216 304 322 328 cntnnr,
350 303 364 322 a
394 295 508 322 Domino
541 295 714 329 corripiatur,
741 300 770 322 ut
796 302 849 321 non
873 301 935 321 cunt
952 293 1006 320 boc

218 341 320 367 mundo
334 340 496 367 damnemur
508 341 540 366 '°.
561 350 570 366 ι

217 395 293 427 Quod
310 403 413 422 necesse
429 400 467 422 est
482 396 582 422 disrere
595 403 733 422 sacrorum
751 395 938 430 mysteriorum
959 395 1008 421 mi-

254 431 373 457 raculum
384 439 393 462 ,'
406 436 430 457 et
445 432 508 465 quid
523 436 572 463 est,
589 437 612 458 et
629 439 711 466 quare
725 432 817 457 datum
836 435 885 462 est,
899 433 925 457 et
936 437 1009 464 qua-

254 474 314 492 nam
335 466 408 493 illius
425 466 538 493 utilitas.

253 523 298 551 92.
312 523 416 551 Scribit
428 528 519 550 autem
535 523 749 558 Chrysostomus
766 531 774 550 :
790 531 799 548 ι
816 522 1007 558 Mysteriorum

218 571 380 598 miraculum
413 571 478 605 quid
494 571 530 598 sit
557 570 663 597 discere
693 569 879 597 necessarium
902 573 954 601 est,
981 573 1010 596 et

216 624 340 650 quanam
358 616 486 650 sithujus
498 616 536 642 rei
554 615 667 642 utllitas.
684 614 774 644 Unum
790 622 891 649 corpus
902 622 1009 646 smnus,

216 665 243 688 rt
261 662 381 688 membra
402 669 434 687 ex
450 668 533 687 carne
550 660 656 687 Domini
676 660 761 687 nostri
779 660 843 687 Jesu
858 659 972 690 Christi,
984 664 1011 686 et

216 715 247 734 cx
261 707 370 735 ossibus
386 707 456 742 ejus.
478 707 530 740 Qui
553 712 643 734 autem
669 706 770 733 initiati
789 712 863 738 sunt,
891 706 924 733 iis
949 713 1011 740 quae

216 753 348 780 dicuntur
364 760 458 780 aurem
475 756 604 787 praestent
618 772 625 784 ,
640 756 669 779 ut
693 760 746 779 non
761 752 843 779 modo
857 752 1010 779 secundum

217 799 379 826 charitatem
395 799 423 826 id
445 800 552 831 liatnus,
571 799 617 826 sed
634 799 721 833 reipsa
738 798 764 825 in
794 805 875 825 ulnam
901 805 1011 824 carnem

221 844 384 871 misceantur
397 853 404 877 ;
423 844 448 871 id
465 852 512 879 pcr
522 845 613 871 cibum
631 844 757 872 ell'ectum
770 849 823 876 est,
837 851 918 878 quem
933 843 1012 871 nobis

218 890 332 924 largitus
345 895 398 923 est,
419 891 498 918 nobis
512 897 632 918 amorem
644 898 725 925 quem
747 890 775 917 in
791 898 842 918 nos
864 890 955 921 habet,
966 897 1011 915 vo-

219 937 279 964 lens
308 937 463 964 ostendere.
480 937 542 964 Ideo
560 938 639 965 nobis
669 937 790 972 seipsum
809 937 968 969 immiscuit,
984 940 1012 964 et

220 983 336 1011 inseruit
351 984 377 1011 in
396 985 475 1012 nobis
487 992 586 1019 corpus
597 991 690 1016 attinn,
705 988 733 1010 ut
751 990 836 1010 unum
849 982 1012 1016 efﬁciantur,

220 1035 350 1065 tanquam
368 1038 468 1065 corpus
493 1030 576 1065 capiti
597 1031 714 1057 unitum.
734 1029 762 1057 ld
776 1029 849 1057 enim
863 1033 905 1056 est
927 1028 1011 1055 vehe-

220 1082 324 1105 menter
346 1078 529 1113 diligentium.
549 1078 627 1111 Quod
646 1079 762 1104 innuens
777 1076 829 1104 Job
853 1075 962 1103 dicebat
978 1075 1013 1102 de

220 1123 307 1150 servis
325 1124 393 1155 auis,
406 1124 506 1158 quibus
528 1129 588 1150 erat
605 1123 695 1150 vivide
720 1122 921 1153 desiderabilis,
937 1121 1010 1156 quod

220 1175 341 1196 amorem
360 1177 440 1196 suum
466 1169 626 1196 ostendendi
649 1176 731 1196 causa
748 1168 877 1195 dicebant
900 1176 907 1193 :
928 1166 1011 1199 «Quis

222 1217 267 1242 det
285 1215 364 1243 nobis
380 1216 413 1242 de
434 1216 564 1243 carnibus
577 1216 636 1251 ejus
658 1214 801 1242 saturari?
818 1215 878 1241 Ideo
894 1218 921 1241 et
932 1212 1012 1240 Chri-

221 1265 280 1289 stus
299 1262 364 1289 illud
378 1261 478 1294 eﬁecit,
500 1262 532 1288 ad
558 1261 689 1296 majorem
713 1261 861 1289 amicitiam
885 1267 935 1287 nos
959 1259 1012 1286 du-

221 1315 297 1340 cens,
317 1314 344 1335 et
371 1317 452 1335 suum
472 1310 499 1335 in
515 1316 566 1335 nos
588 1315 709 1335 amorem
734 1307 891 1337 ostendens,
911 1313 964 1332 non
982 1312 1012 1332 se

223 1355 413 1380 tantummodo
428 1354 507 1381 nobis
527 1353 674 1381 videndum
687 1352 815 1389 praebuit,
830 1351 879 1380 sed
892 1355 919 1378 et
936 1350 1013 1385 cupi-

224 1399 333 1426 entibus
349 1400 513 1434 tangendmn
530 1407 562 1428 ac
571 1399 813 1431 manducandum;
828 1404 855 1425 et
867 1397 944 1425 carni
956 1404 1013 1425 sua:

228 1455 277 1475 nos
292 1448 362 1475 uniri
381 1449 463 1476 voluit
491 1453 518 1476 et
533 1449 654 1476 connecti
675 1454 703 1476 et
731 1453 817 1475 totum
844 1446 1011 1475 desiderium

227 1500 348 1522 nostrum
363 1496 503 1530 compleri.
524 1505 534 1521 ι
553 1495 584 1522 Et
596 1495 708 1523 adhuc:
724 1503 734 1520 ι
752 1494 804 1528 Qui
818 1494 883 1521 huic
897 1492 1015 1520 sanctis-

226 1543 296 1569 simo
314 1543 423 1577 corpori
439 1550 472 1568 ac
497 1543 654 1570 venerando
680 1541 807 1576 sanguini
836 1539 1012 1575 participant,
1029 1555 1049 1584 ε

225 1595 287 1615 cum
314 1589 416 1623 angelis
432 1593 458 1615 et
470 1589 640 1623 archangelis
657 1595 689 1615 ac
707 1587 867 1615 caelestibus
882 1585 1013 1620 potentiis

227 1635 332 1665 sedent,
361 1637 460 1669 regiam
479 1634 580 1662 Christi
606 1639 709 1661 Vestem
736 1633 878 1660 induentes
892 1635 920 1659 et
938 1638 1013 1658 artua

226 1683 358 1711 habentes
378 1683 509 1710 cmlcstia.
525 1681 575 1710 Sed
596 1688 649 1709 non
668 1680 758 1708 adhuc
778 1678 926 1713 quidquam
940 1677 1016 1705 dixe-

229 1736 313 1765 runt;
330 1731 416 1766 ipsum
434 1729 505 1757 enim
529 1736 620 1763 regem
637 1728 794 1755 induerunt.
816 1724 868 1754 Sed
883 1724 1016 1761 quemad-

231 1779 342 1805 modum
359 1777 425 1804 illud
440 1782 481 1803 est
496 1782 624 1809 magnum
640 1779 666 1801 et
684 1774 855 1801 tremendum
871 1777 899 1800 et
912 1772 1017 1799 miran-

229 1825 305 1856 dum,
325 1824 361 1850 ita
387 1824 409 1849 si
432 1831 494 1850 cum
522 1822 640 1857 puritate
660 1820 787 1851 accedas,
815 1818 956 1845 aeccssisti
982 1817 1016 1844 ad

228 1871 344 1898 salutem
360 1877 367 1902 ;
383 1869 406 1898 si
422 1876 485 1898 vero
501 1875 563 1899 cum
584 1868 654 1894 mala
669 1865 848 1896 conscientia.
865 1867 890 1891 in
908 1870 1016 1899 poenam

228 1923 260 1944 ac
285 1915 460 1950 supplicium.
473 1914 523 1947 Qui
540 1913 612 1941 enim
631 1919 731 1948 corpus
744 1917 771 1938 et
786 1910 946 1946 sanguinem
965 1908 1017 1936 Do-

229 1963 294 1990 mini
307 1962 453 1989 manducat
467 1968 498 1988 ac
510 1959 578 1987 bibit
591 1959 712 1994 indigne,
724 1957 858 1993 judicium
874 1956 926 1984 sibi
939 1963 1017 1983 man-

228 2010 310 2037 ducat
326 2016 358 2035 ac
374 2008 449 2035 bibit.
469 2007 498 2035 Si
522 2007 593 2033 enim
614 2006 660 2040 qui
681 2005 781 2040 regiam
803 2010 952 2039 purpuram
976 2002 1018 2030 in.

229 2057 422 2091 quinaverunt,
442 2062 496 2081 non
519 2054 609 2080 minus
624 2051 774 2086 puniuntur
789 2057 870 2085 quam
893 2049 939 2084 qui
957 2056 1017 2076 eam

228 2103 427 2132 laceravernnt,
449 2099 561 2127 omnino
576 2102 790 2125 consentaneum
806 2101 849 2124 cst
870 2100 901 2123 ut
922 2101 949 2123 et
971 2095 1018 2130 qui

229 2154 328 2181 corpus
343 2154 404 2173 cum
421 2146 564 2180 inquinata
583 2143 750 2172 conscientia
769 2142 932 2176 receperint,
945 2149 1020 2169 eam-

226 2194 286 2220 dem
300 2200 407 2227 poenam
423 2193 536 2218 subeant
558 2198 590 2217 ac
601 2191 646 2225 qui
660 2197 707 2224 per
722 2189 812 2216 clavos
825 2188 890 2215 illud
904 2188 1018 2223 fregere.

1063 253 1108 271 ται
1134 245 1229 272 ἱκανοί.
1254 245 1286 272 Et
1310 246 1365 281 γὰρ
1394 247 1506 278 ἑαυτοὺς
1533 248 1714 283 διεκρίνομεν,
1741 250 1791 276 οὐκ
1818 250 1853 276 ἆν

1064 291 1240 327 ἐκρινόμεθα·
1268 292 1423 327 κρινόμενοι
1449 293 1477 318 δὲ
1509 293 1561 319 ὑπὸ
1586 293 1632 319 τοῦ
1653 295 1757 328 Κυρίου
1787 303 1852 322 παι-

1063 336 1206 372 δευόμεθα,
1222 337 1265 363 ἵνα
1284 338 1320 373 μὴ
1335 338 1384 364 σὺν
1402 337 1435 372 τῷ
1452 337 1545 373 κόσμῳ
1557 339 1780 375 κατακριθῶμεν.
1802 351 1811 366 ι

1064 403 1130 430 Ὅτι
1160 404 1324 442 ἀναγκαῖον
1345 405 1456 442 Δμαθεῖν’
1490 406 1523 442 τὸ
1550 407 1648 441 θαῦμα
1674 406 1735 434 τῶν
1762 408 1854 442 ἁγίων

1097 440 1287 476 μυστηρίων-⁸
1303 440 1351 476 καὶ
1363 441 1391 466 τί
1404 442 1476 467 ποτέ
1489 441 1556 468 ἐστι
1566 450 1572 456 ⁸
1589 443 1636 468 καὶ
1649 441 1698 468 διὰ
1709 443 1738 468 τί
1751 440 1854 476 ἐδζθη,

1100 476 1149 500 καὶ
1162 476 1208 507 τίς
1228 475 1246 508 ἠ
1267 474 1405 508 ὠφέλεια.

1100 529 1153 565 ιιβι.
1172 530 1277 565 Γράφει
1291 530 1319 556 δὲ
1333 531 1380 556 καὶ
1395 531 1408 556 ὁ
1422 531 1644 567 Χρυσορῥήμων·
1660 541 1669 557 ι
1693 532 1853 566 Ἀναγκαῖον

1066 576 1162 610 μαθεῖν
1183 575 1214 602 τὺ
1239 576 1331 611 θαῦμα
1351 576 1406 602 τῶν
1427 576 1583 612 μυστηρίων
1598 577 1623 603 τί
1642 578 1705 604 ποτέ
1719 579 1789 611 ἐστι,
1807 579 1853 605 καὶ

1064 621 1107 647 διὰ
1121 621 1147 647 τί
1162 621 1251 656 ἐδόθη,
1266 622 1313 648 καὶ
1326 622 1365 653 τίς
1381 623 1398 656 ἡ
1418 622 1537 656 ὠφέλεια
1553 622 1599 648 τοῦ
1614 623 1786 658 πράγματος.
1807 625 1855 650 Ἐν

1065 666 1145 701 σῶμά
1169 668 1263 702 ὲσμεν,
1288 667 1334 693 καὶ
1357 667 1436 702 μέλη,
1454 668 1485 693 ὲκ
1507 668 1556 702 τῆς
1573 668 1673 703 σαρκὸς
1685 667 1731 694 τοῦ
1748 669 1854 704 Κυρίου

1065 712 1143 747 ήμῶν
1162 712 1249 747 Ἰησοῦ
1266 712 1394 748 Χριστοῦ,
1412 713 1458 739 καὶ
1474 713 1506 739 ὲκ
1530 713 1583 739 τῶν
1600 713 1701 740 ὀστέων
1715 714 1808 740 αὐτοῦ.
1822 715 1855 740 Ui

1065 757 1094 784 δὲ
1110 758 1290 792 μεμυημένοι,
1308 757 1599 793 παρακολουθείτωσαν
1616 760 1669 790 τοῖς
1684 758 1852 794 λεγομένοις·

1067 805 1111 831 ἵνα
1130 802 1176 831 οὖν
1188 804 1225 839 μὴ
1240 804 1319 838 μόνον
1339 805 1410 831 κατὰ
1422 805 1471 839 τὴν
1486 804 1596 839 ἀγάπην
1609 804 1688 830 τοῦτο
1698 803 1853 838 γενώμεθα,

1067 850 1135 876 ἀλλὰ
1157 851 1204 877 καὶ
1221 851 1279 876 κατ’
1305 850 1370 876 αὐτὸ
1395 850 1425 876 τὸ
1439 850 1556 885 πρᾶγμα
1572 851 1612 881 εὶς
1631 850 1739 884 ἐκείνην
1754 851 1855 877 ἀνακε-

1068 899 1211 935 ρασθῶμεν
1226 899 1275 934 τὴν
1299 898 1398 934 σάρκα,
1413 898 1456 924 διὰ
1471 898 1572 933 τροφῆς
1587 897 1667 923 τοῦτο
1685 898 1800 931 γίνεται,
1822 898 1855 933 ἦν

1067 945 1220 980 ἐχαρίσατο,
1245 944 1404 980 βουλόμενος
1437 944 1503 979 ἡμῖν
1527 943 1611 976 δεῖξαι
1638 944 1682 970 τὸν
1706 943 1799 976 πόθον,
1825 943 1854 969 ὃν

1067 991 1123 1027 ἔχει
1143 991 1210 1027 πρὸς
1236 991 1319 1026 ἡμᾶς.
1341 991 1390 1017 Διὰ
1408 990 1487 1017 τοῦτο
1505 990 1633 1024 ἀνέμιξεν
1653 990 1717 1024 ἡμῖν
1742 989 1851 1021 ἑαυτὸν,

1065 1042 1113 1068 καὶ
1128 1042 1246 1076 ἀνέφυρε
1260 1041 1291 1068 τὸ
1304 1041 1383 1075 σῶμα
1399 1039 1481 1067 αὑτοῦ
1496 1040 1535 1071 εἱς
1553 1039 1637 1074 ἡμᾶς,
1658 1039 1701 1065 ῖνα
1717 1037 1746 1064 ἓν
1763 1037 1852 1071 γενώ-

1066 1087 1135 1122 μεθα
1155 1087 1280 1121 καθάπερ
1296 1087 1376 1121 σῶμα
1397 1086 1502 1121 κεφαλῇ
1525 1084 1708 1121 συνημμένον.
1721 1083 1782 1109 Τῶν
1798 1084 1853 1118 γὰρ

1066 1134 1167 1168 σφόδρα
1190 1133 1342 1159 ποθούντων
1364 1133 1422 1158 ἐστὶ
1444 1131 1533 1159 τοῦτο.
1556 1131 1642 1158 Τοῦτο
1666 1131 1730 1165 γοῦν
1752 1131 1766 1156 ὁ
1792 1129 1854 1156 Ἰὼϐ

1065 1179 1260 1213 αἰνιττόμενος,
1274 1178 1350 1211 ἔλεγε
1374 1177 1439 1213 περὶ
1459 1177 1513 1204 τῶν
1539 1177 1664 1210 οἰκετῶν,
1681 1173 1721 1207 οῖς
1740 1173 1774 1211 ἦν
1793 1175 1853 1211 μεθ’

1065 1224 1217 1258 ὑπερϐολῆς
1229 1224 1363 1254 ποθεινὸς,
1378 1224 1421 1250 ὅτι
1433 1223 1465 1259 δὴ
1480 1223 1526 1249 τὸν
1541 1223 1622 1249 πόθον
1639 1221 1852 1256 ἐνδεικνύμενοι,

1064 1268 1156 1303 ἔλεγον
1167 1277 1174 1284 ⁶
1196 1268 1242 1300 Τίς
1259 1268 1290 1295 ἂν
1303 1268 1357 1303 δῴη
1374 1269 1439 1303 ἡμῖν
1455 1268 1486 1294 ὲκ
1499 1267 1552 1294 τῶν
1568 1266 1678 1303 σαρκῶν
1697 1266 1779 1292 αὑτοῦ
1802 1267 1855 1300 ὲμο

1065 1313 1216 1348 πλησθῆναι
1227 1321 1234 1346 ;
1247 1313 1292 1339 Διὸ
1307 1313 1339 1348 δὴ
1350 1312 1396 1338 καὶ
1408 1313 1421 1338 ὁ
1433 1312 1548 1347 Χριστὸς
1559 1311 1624 1338 αὐτὸ
1637 1311 1798 1345 πεποίηκεν,
1814 1311 1854 1341 εἰς

1065 1358 1156 1392 φιλίαν
1179 1358 1252 1393 ἡμᾶς
1274 1358 1349 1392 ἄγων
1374 1357 1502 1392 μείζονα,
1532 1357 1579 1383 καὶ
1596 1356 1640 1382 τὺν
1665 1355 1746 1382 αὐτοῦ
1770 1355 1854 1382 πόθον

1065 1404 1269 1439 ἐνδεικνύμενος
1296 1404 1361 1438 περὶ
1381 1404 1466 1438 ἡμᾶς,
1490 1403 1539 1429 οὐκ
1570 1403 1634 1428 ιδείν
1660 1401 1740 1436 μόνον
1757 1401 1856 1427 ἑαυτίν

1066 1451 1192 1484 παρέχων
1209 1450 1264 1481 τοῖς
1285 1449 1473 1484 ἐπιθυμοῦσιν,
1499 1448 1565 1474 ἀλλὰ
1589 1448 1636 1474 καὶ
1653 1444 1788 1481 ἆψαὲοαι,
1808 1447 1855 1473 καὶ

1066 1496 1179 1529 φαγεῖν·
1200 1495 1247 1521 καὶ
1263 1495 1382 1529 ἐμπῆξαι
1402 1495 1434 1529 τῇ
1452 1494 1552 1528 σαρκί·
1569 1494 1614 1520 καὶ
1638 1493 1853 1528 συμπλακῆναι,

1067 1542 1113 1568 καὶ
1137 1541 1182 1567 τὸν
1200 1540 1281 1567 πόθον
1299 1541 1438 1575 ἐμπλῆσαι
1455 1541 1555 1567 πάντα.
1576 1549 1585 1566 ι
1613 1540 1686 1567 Ἐτι⁶
1708 1549 1716 1565 t
1737 1540 1768 1566 Οῐ
1788 1549 1854 1574 μετ-

1066 1587 1172 1621 έχοντες
1187 1586 1235 1612 τοῦ
1250 1586 1383 1620 παναγίου
1401 1586 1537 1621 σώματος,
1548 1586 1595 1613 καὶ
1609 1585 1655 1612 τοῦ
1668 1586 1758 1620 τιμίου
1768 1586 1855 1620 αἷμα-

1066 1643 1109 1665 τος
1121 1654 1128 1664 ,
1148 1633 1217 1668 μετὰ
1239 1634 1363 1668 ἀγγέλων
1381 1634 1427 1660 καὶ
1450 1633 1638 1670 ἀρχαγγέλων,
1658 1633 1704 1659 καὶ
1725 1632 1779 1659 τῶν
1797 1632 1855 1659 ἄνω

1065 1679 1207 1714 δυνάμεων
1230 1679 1388 1714 ἑστήκασιν,
1406 1680 1490 1715 αὐτὴν
1508 1679 1695 1715 περικείμενοι
1717 1679 1763 1706 τοῦ
1786 1681 1855 1714 Χρι-

1067 1725 1130 1751 στοῦ
1157 1726 1205 1758 τὴν
1232 1725 1376 1760 βασιλικὴν
1402 1725 1516 1760 στολὴν,
1541 1726 1575 1751 τὰ
1593 1725 1664 1751 ὅπλα
1690 1724 1798 1759 ἔχοντες
1820 1725 1855 1751 τὰ

1066 1770 1245 1804 πνευματικά.
1268 1769 1338 1796 Ἀλλ’
1360 1770 1435 1797 οὐδὲν
1449 1768 1526 1796 εἷπον
1541 1769 1602 1796 οὺδὲ
1618 1778 1677 1795 πω·
1698 1770 1779 1796 αὑτὸν
1796 1770 1854 1805 γάρ

1067 1816 1134 1842 εἰσιν
1157 1815 1326 1851 ἐνδεδυμένοι
1352 1816 1396 1842 τὸν
1421 1815 1543 1851 βασιλέα.
1576 1815 1645 1842 Ἀλλ’
1673 1816 1767 1850 ὥσπερ
1794 1817 1858 1842 ἐστι

1068 1864 1149 1898 μέγα,
1165 1862 1211 1889 καὶ
1229 1863 1351 1898 φρικτὸν,
1376 1863 1423 1889 καὶ
1440 1863 1607 1897 θαυμαστὸν,
1630 1861 1715 1894 οὕτως
1733 1861 1764 1888 ἂν
1783 1862 1856 1896 μετὰ

1067 1908 1252 1942 καθαρότητος
1264 1907 1424 1945 προσέλθῃς,
1436 1908 1475 1939 εἰς
1490 1908 1627 1943 σωτηρίαν
1639 1907 1804 1943 προσῆλθες,
1820 1907 1855 1934 ἂν

1067 1955 1095 1981 δὲ
1116 1955 1184 1989 μετὰ
1200 1954 1317 1989 πονηροῦ
1339 1954 1497 1985 συνειδότος,
1515 1955 1553 1984 εἰς
1571 1954 1690 1985 κόλασιν,
1706 1954 1752 1980 καὶ
1765 1962 1856 1988 τιμω-

1070 1999 1139 2033 ρίαν.
1158 1999 1187 2025 ’0
1205 1998 1259 2034 γὰρ
1283 1999 1389 2031 ἐσθίων,
1413 2000 1461 2026 καὶ
1483 1999 1567 2024 πίνων
1581 1998 1696 2030 ἀναξίως
1721 1998 1751 2024 τὸ
1773 1999 1856 2033 σῶμα

1069 2047 1115 2072 καὶ
1132 2044 1199 2081 αἷμα
1225 2045 1270 2072 τοῦ
1286 2045 1399 2081 Κυρίου,
1417 2047 1504 2080 κρῖμα
1526 2045 1614 2079 ἑαυτῷ
1630 2045 1725 2077 ἐσθίει,
1742 2046 1789 2071 καὶ
1808 2045 1856 2070 πί-

1069 2100 1120 2118 νει.
1137 2091 1168 2117 Εἰ
1189 2091 1242 2126 γὰρ
1259 2093 1283 2117 οἱ
1306 2091 1455 2127 ρυποῦντες
1476 2091 1525 2125 τὴν
1548 2092 1690 2126 πορφύραν
1707 2091 1755 2126 τὴν
1777 2091 1857 2126 βασι-

1069 2137 1155 2173 λικὴν,
1173 2135 1332 2169 κολάζονται
1349 2139 1459 2173 ὁμοίως,
1478 2137 1571 2172 ὥσπερ
1588 2139 1613 2164 οἱ
1628 2137 1855 2173 διαρῤηγνύντες,

1069 2183 1144 2210 οὐδὲν
1158 2183 1269 2214 ἀπεικὸς
1280 2203 1287 2215 ,
1307 2184 1353 2210 καὶ
1372 2185 1435 2215 τοὺς
1449 2175 1595 2218 ἀκαθάρτῳ
1621 2184 1727 2219 διανοίᾳ
1742 2183 1856 2219 δεχομέ-

228 2238 295 2266 Vide
318 2239 400 2273 igitur
414 2237 551 2272 quomodo
569 2236 670 2263 Paulus
686 2236 755 2262 hanc
770 2242 877 2270 pmnam
891 2234 1019 2261 ostende-

1070 2239 1131 2262 νους
1147 2230 1176 2256 τὸ
1201 2230 1291 2265 σῶμα,
1305 2231 1354 2266 τὴν
1368 2231 1452 2265 αὐτὴν
1471 2231 1615 2266 ὑπομεῖναι
1635 2230 1781 2265 τιμωρίαν,
1801 2232 1856 2263 τοῖς

227 2286 272 2319 rit,
285 2285 378 2312 dicens
392 2293 399 2311 :
417 2293 428 2310 ‹
446 2284 497 2317 Qui
515 2285 598 2319 legem
611 2281 711 2317 Moysis
734 2282 908 2315 contempsit,
919 2281 1022 2316 absque

231 2330 430 2362 misericordia,
450 2330 556 2357 duobus
573 2329 612 2356 vel
630 2329 717 2356 tribus
733 2327 848 2355 testibus
863 2331 1022 2360 accusatus,

231 2376 357 2403 moritur.
383 2375 491 2409 Quanto
507 2375 610 2410 majora
638 2374 738 2409 putatis
763 2373 861 2401 mereri
877 2373 1021 2408 supplicia,

229 2422 275 2458 qui
290 2421 388 2448 Filium
417 2422 462 2448 Dei
478 2421 689 2453 conculcaverit,
707 2425 734 2448 et
757 2420 916 2455 sanguinem
941 2424 1012 2447 testa

231 2468 314 2495 menti
325 2468 457 2502 pollutum
470 2467 588 2498 duxerit,
600 2467 626 2494 in
639 2475 694 2502 quo
705 2467 892 2494 sanctilicatus
904 2470 945 2493 est
956 2465 992 2493 ἰζ’
1006 2475 1015 2492 ι

231 2514 394 2548 Quicunque
420 2513 503 2548 igitur
519 2513 584 2540 huic
603 2513 711 2547 corpori
729 2513 937 2547 participamus,
957 2512 1019 2547 qui—

231 2567 339 2596 cunque
367 2559 440 2587 hunc
463 2559 621 2594 sanguinem
641 2563 793 2594 gustamus,
824 2559 940 2592 cogitate
970 2565 1020 2585 nos

232 2606 307 2633 illum
322 2606 369 2641 qui
387 2614 497 2634 sursum
520 2606 605 2638 sedet,
624 2605 671 2640 qui
696 2605 730 2632 ab
758 2605 861 2641 angelis
881 2606 1021 2638 adcratur,

232 2654 277 2687 qui
295 2653 498 2688 omnipotentiae
510 2652 649 2688 prOximus
660 2656 711 2684 est,
724 2655 877 2687 degustare.
893 2651 944 2679 0h!
957 2656 1022 2686 quot

232 2699 265 2725 ad
283 2699 398 2726 salutent
410 2699 460 2726 viae
475 2699 554 2726 nobis
575 2703 675 2734 apertae
697 2699 777 2725 sunt!
794 2697 849 2724 Nos
865 2706 945 2725 suum
959 2705 1022 2725 cor-

234 2752 283 2778 pus
299 2745 397 2776 elfecit,
416 2753 465 2772 nos
485 2745 528 2772 sui
551 2746 675 2779 corporis
691 2745 835 2779 participes
854 2745 984 2779 reddidit,
999 2749 1026 2772 et

234 2790 302 2817 nihil
318 2791 417 2818 horum
434 2799 484 2818 nos
502 2800 517 2818 a
536 2792 608 2818 man
629 2791 760 2818 retrahit!
781 2792 802 2818 Ο
820 2791 1000 2819 indolentiam
1015 2792 1023 2820 ι

271 2882 317 2909 ⁷⁹ι
341 2881 404 2909 Cor.
434 2890 471 2915 XI,
494 2882 528 2908 25
544 2883 590 2909 δὲ.
639 2883 657 2897 ⁷³
679 2881 768 2917 llcbr._
782 2891 808 2918 it,
823 2882 869 2915 28,
886 2882 931 2910 29.

1070 2277 1135 2304 αὐτὸ
1151 2277 1313 2313 ὃιαῤῥήξασι
1331 2278 1374 2304 διὰ
1389 2278 1443 2304 τῶν
1457 2277 1537 2314 ἥλων.
1557 2278 1626 2313 Ὅρα
1642 2278 1715 2312 γοῦν,
1732 2278 1790 2309 πῶς
1809 2287 1858 2312 φο-

1071 2323 1154 2358 ϐερὰν
1175 2323 1275 2355 ἔδειξεν
1291 2323 1304 2349 ὁ
1322 2322 1426 2355 Παῦλος
1440 2324 1489 2359 τὴν
1506 2323 1627 2357 κόλασιν,
1645 2324 1730 2350 εἰπών
1744 2333 1750 2339 ·
1780 2324 1858 2350 Ἀθε-

1069 2371 1153 2406 τήσας
1168 2379 1209 2400 τις
1224 2370 1305 2404 νόμον
1317 2370 1448 2403 Μωσέως,
1470 2370 1553 2405 χωρὶς
1569 2369 1730 2405 οἰκτιρμῶν,
1745 2370 1792 2396 ἐπὶ
1808 2371 1857 2397 δυ-

1070 2416 1122 2447 σὶν,
1147 2415 1163 2450 ἢ
1197 2415 1269 2451 τρισί
1296 2415 1430 2450 μάρτυσιν
1447 2415 1626 2450 ἀποθνήσκει.
1653 2415 1731 2450 Πόσῳ
1752 2415 1859 2442 δοκεῖτε

1069 2462 1190 2498 χείρονος
1207 2462 1376 2498 ἀξιωθήσετε
1392 2463 1538 2498 τιμωρίας,
1553 2465 1567 2489 ὁ
1586 2463 1632 2490 τὸν
1648 2463 1709 2489 Yle
1724 2462 1772 2489 τοῦ
1789 2462 1860 2490 Θεοῦ

1069 2509 1275 2543 καταπατήσας,
1288 2510 1334 2535 καὶ
1346 2509 1377 2535 τὸ
1392 2507 1461 2545 αἷμα
1473 2509 1522 2543 τῆς
1535 2509 1668 2544 διαθήκης
1682 2508 1772 2535 κοινὸν
1786 2510 1862 2544 ἡγη-

1069 2553 1194 2588 σάμενος,
1218 2555 1247 2581 ὲν
1272 2553 1293 2589 ᾧ
1319 2555 1453 2591 ήγιὰσοη;
1483 2555 1561 2582 Ὅσοι
1589 2556 1677 2582 τοίνυν
1701 2555 1860 2590 μετέχομεν

1068 2599 1161 2626 τούτου
1172 2599 1218 2626 τοῦ
1236 2601 1374 2635 σώματος,
1389 2603 1446 2628 ὅσοι
1458 2602 1503 2629 τοῦ
1517 2602 1633 2638 αἵματος
1649 2602 1857 2636 ἀπογευόμεθα,

1068 2645 1182 2672 ἐννοεῖτε
1196 2647 1236 2672 ὅτι
1248 2647 1353 2674 ἐκείνου
1365 2647 1411 2674 τοῦ
1424 2648 1479 2674 ἄνω
1495 2648 1661 2683 καθημένου,
1671 2646 1717 2673 τοῦ
1732 2655 1856 2682 προσκυ-

1067 2691 1195 2725 νουμένου
1211 2692 1285 2728 παρὰ
1295 2693 1429 2727 ἀγγέλων,
1441 2694 1486 2720 τοῦ
1500 2694 1546 2728 τῆς
1558 2694 1697 2729 ἀκηράτου
1713 2692 1858 2727 δυνάμεως

1068 2738 1161 2772 ἐγγὺς,
1175 2738 1269 2766 τούτου
1287 2740 1488 2775 ἀπογευόμεοα.
1508 2740 1599 2775 Οἵμοι,
1617 2740 1697 2766 πόσαι
1719 2739 1787 2774 πρὸς
1802 2747 1856 2764 σω-

1067 2783 1162 2819 τηρίαν
1177 2785 1242 2819 ἡμῖν
1256 2783 1327 2812 ὁδοίῑ
1351 2785 1434 2821 Σῶμα
1450 2787 1523 2821 ἡμᾶς
1539 2785 1634 2812 ἑαυτοῦ
1657 2784 1782 2815 ἐποίησε,
1804 2784 1856 2810 σώ-
