1932 3088
86 117 136 148 7‘37

681 125 833 157 OPUSCU
839 127 884 156 LA
907 130 1097 162 ASCETICA.

1663 146 1713 177 738

89 212 173 240 ματος
190 204 256 238 ἡμῖν
270 202 316 229 τοῦ
337 201 434 228 ἑαυτοῦ
451 199 598 236 μετέδωκε,
617 198 664 224 καὶ
678 196 753 223 οὐδὲν
772 196 874 222 τούτων

931 200 941 220 3
959 193 1173 228 impudentiam!
1195 208 1204 224 ι
1225 198 1258 226 Et
1279 209 1386 228 rursum
1403 212 1409 229 :
1426 213 1434 230 ι
1455 203 1594 233 Mirandus
1607 206 1716 241 quidam

88 252 160 286 ἡμᾶς
178 250 327 285 ἀποτρέπει
340 247 393 275 τῶν
409 247 511 274 κακῶν.
529 246 560 272 Ὢ
584 245 631 280 τῆς
647 243 814 278 ἀναλγησίας
828 243 834 269 1
853 240 875 268 ὣ

89 298 139 332 τῆς
165 296 358 332 ἀναισθησίαςί
378 305 386 321 ι
417 294 471 320 Καὶ
493 290 580 324 αὖθις·
615 301 624 318 ‹
645 290 804 327 Πρεσϐύτης
833 298 874 320 τις

91 344 256 379 θαυμαστὸς,
283 343 344 377 ἐμοὶ
367 342 526 376 διηγήσατο,
552 337 671 366 τοιοῦτόν
699 345 725 364 τι
752 335 876 367 ἀξιωθεὶς

93 391 169 422 ἰδεῖν,
186 391 232 416 καὶ
247 389 372 419 ἀκοῦσαι,
387 389 428 414 ὅτι
437 387 502 427 τοὺς
520 385 665 421 μέλλοντας
677 382 781 410 ἐνθένδε
794 381 877 408 ἀπαί-

93 448 160 474 ρειν,
177 439 209 464 ἂν
219 437 320 472 τύχωσι
335 436 389 462 τῶν
400 433 558 469 μυστηρίων
570 432 762 469 μετασχόντες,
771 432 800 457 ἐν
815 438 879 456 συν-

92 485 195 520 ειδήσει
229 483 350 518 καθαρᾷ,
376 483 439 508 ὅταν
473 479 618 508 ἀποθανεῖν
646 478 772 513 μέλλωσι,
798 477 877 511 δορυ-

93 531 239 567 φοροῦντες
256 531 279 557 οί
297 529 408 564 ἄγγελοι
423 529 456 555 δι’
476 528 564 554 ἐκεῖνο
579 527 608 553 τὺ
625 526 807 561 μεταληφθὲν,
836 525 879 550 ἐν·

93 579 167 606 θὲνδε
198 578 344 611 ἀπάγουσι.
366 585 374 601 ι
402 577 456 602 Καὶ
489 575 503 600 6
527 575 597 606 θεῖος
621 573 879 607 ῚωάννηςὸΔαμα-

93 623 192 658 σκηνός
203 630 210 636 ·
227 633 236 649 ι
261 621 371 657 Ἐπειδὴ
384 621 473 648 διπλοί
487 621 558 651 τινές
573 621 666 654 ἐσμεν,
679 619 726 645 χαὶ
746 617 878 648 συνθετοι,

93 670 133 697 δεῖ
149 671 197 696 καὶ
210 669 258 704 τὴν
280 668 408 702 γέννησιν
426 666 522 700 διπλῆν
535 663 615 698 εἶναι,
639 664 739 699 ὁμοίως
761 663 808 689 καὶ
831 662 880 697 τὴν

95 715 208 750 βρῶσιν,
229 713 366 740 σύνθετον.
386 712 418 739 Ἡ
437 713 486 747 μὲν
513 709 559 738 οὖν
579 710 717 745 γέννησις,
736 708 768 734 δι’
786 707 881 739 ὕδατος

94 761 172 796 ἡμῖν,
188 761 235 786 καὶ
249 758 404 793 πνεύματος
417 757 527 789 δίδοται,
538 756 554 790 ἡ
567 755 595 781 δὲ
609 755 708 791 βρῶσις
719 753 798 785 αὑτός
810 754 882 780 ἐστιν

94 807 108 833 6
125 807 206 841 ἄρτος
217 806 266 840 τῆς
283 804 366 839 ζωῆς,
383 805 397 830 6
412 803 513 837 Κύριος
530 802 610 837 ἡμῶν
633 799 736 835 Ἰησοῦς
753 798 881 834 Χριστὸς,

95 853 109 880 6
129 851 159 884 ἐξ
174 850 288 887 οὑρανοῦ
311 849 443 880 καταϐὰς.
461 849 507 875 καὶ
528 848 622 882 ὥσπερ
646 846 693 872 ἐπὶ
718 844 764 871 τοῦ
783 844 882 880 βαπτί-

97 905 210 932 σματος,
227 895 322 930 ἐπειδὴ
336 894 396 925 ἔθος
412 894 466 924 τοῖς
481 892 634 927 ἀνθρώποις
649 889 725 917 ὕδατι
740 889 881 921 λούεσθαι,

96 943 144 968 καὶ
172 941 253 975 ὲλαῖῳ
275 938 416 975 χρίεσθαι,
444 935 587 968 συνέζευξε
611 935 649 970 τῷ
666 934 748 968 ἐλαίῳ
774 934 820 959 καὶ
843 933 881 968 τῷ

97 987 186 1019 ὕδατι,
202 986 250 1020 τὴν
264 986 342 1020 χάριν
355 983 401 1010 τοῦ
420 982 589 1017 Πνεῦματος,
610 981 657 1007 καὶ
678 979 805 1014 ἐποίησεν
817 978 882 1005 αὐτὸ

98 1033 210 1067 λουτρὸν
243 1031 463 1065 ἀναγεννὴσεωε,
494 1027 581 1059 οὕτως
606 1026 700 1062 ἐπειδὴ
729 1025 789 1057 ἔθος
818 1026 884 1060 ἡμῖν

98 1080 180 1114 ἄρτον
196 1077 307 1108 ἐσθίειν,
321 1075 394 1110 ὕδωρ
405 1075 433 1102 δὲ
457 1074 506 1101 καὶ
521 1072 593 1100 οἶνον
605 1073 703 1105 πίνειν,
722 1071 883 1103 συνέζευξεν

94 1133 186 1165 αὐτοῖς
206 1133 255 1168 τὴν
280 1118 376 1159 ἑαυτοῦ
400 1130 533 1165 θεότητα·
563 1128 611 1155 καὶ
633 1127 783 1162 πεποίηκεν
804 1127 874 1154 αὐτὰ

97 1179 177 1214 σῶμα
199 1179 246 1205 καὶ
273 1175 342 1212 αἷμα
367 1176 461 1209 αὐτοῦ,
479 1177 522 1203 ἵνα
541 1175 586 1202 διὰ
602 1175 656 1201 τῶν
681 1174 817 1210 συνήθων,
839 1172 886 1199 καὶ

96 1226 168 1252 κατὰ
192 1224 284 1258 φύσιν,
304 1224 404 1254 ἐντοῖς
431 1222 500 1257 ὑπὲρ
517 1221 598 1256 φύσιν
622 1220 777 1255 γενώμεθα.
802 1219 887 1254 Σῶμὰ

96 1271 170 1296 ἐστιν
193 1268 300 1304 ἀληθῶς
325 1268 464 1304 ἡνωμένον
487 1266 593 1300 θεότητι
607 1285 614 1297 ,
631 1265 662 1292 τὸ
685 1265 716 1290 ὲκ
735 1264 784 1298 τῆς
805 1263 885 1297 ἁγίας

97 1315 239 1351 Παρθένου
249 1314 338 1349 σῶμα,
348 1313 397 1348 οὺχ
409 1313 449 1339 ὅτι
461 1312 525 1338 αὐτὸ
534 1311 563 1337 τδ
576 1310 666 1345 σῶμα,
678 1310 707 1336 τδ
718 1307 884 1343 ἀναληφθὲν,

96 1361 126 1393 ἐξ
142 1359 266 1396 οὐρανῶν
281 1359 451 1394 κατέρχεται,
469 1357 526 1383 ἀλλ’
542 1357 583 1383 ὃτι
596 1356 676 1386 αὐτὸς
695 1356 709 1381 6
727 1355 818 1390 ἄρτος,
837 1354 884 1379 καὶ

96 1408 110 1434 6
125 1405 207 1438 οἶνος,
225 1406 413 1441 μεταποιεῖται
429 1405 469 1435 είς
487 1404 577 1438 σῶμα,
601 1402 649 1428 καὶ
672 1398 741 1436 αἷμα
756 1400 836 1426 Θεοῦ.
857 1400 888 1426 Ei.

96 1452 124 1479 δὲ
141 1452 186 1478 τὸν
211 1451 312 1486 τρόπον
340 1450 479 1484 ἐπιζητεῖς
507 1447 565 1478 πῶς
590 1446 706 1481 γίνεται,
737 1445 818 1480 ἀρκεῖ
845 1452 886 1470 σοι

97 1495 226 1527 ἀκοῦσαι,
249 1495 289 1521 ὄτι
309 1494 352 1520 διὰ
379 1492 537 1527 Πνεύματος
565 1490 654 1524 ἁγίου,
676 1488 772 1523 ὥσπερ
793 1488 825 1513 ὲκ
839 1487 887 1522 τῆς

924 245 1004 266 senex
1017 241 1082 269 mihi
1096 243 1217 270 narravit
1233 245 1284 273 sibi
1297 246 1349 273 tale
1361 248 1463 283 aliquid
1482 250 1573 278 videre
1585 256 1612 278 et
1623 252 1718 280 audire

923 286 1072 320 contigisse
1088 297 1095 316 :
1113 289 1227 323 scilicet,
1243 299 1292 319 eos
1317 294 1363 328 qui
1391 295 1454 323 inde
1471 297 1588 330 migrare
1606 298 1718 330 debent.

925 331 948 357 sl
973 334 1166 367 mysteriorum
1197 338 1344 374 participes
1372 340 1462 369 eif-cti
1485 343 1540 370 sint
1560 345 1585 370 in
1618 345 1719 372 munda

925 380 1104 426 conscientia,
1121 383 1155 410 ab
1173 384 1287 418 angelis,
1306 388 1415 422 quando
1431 391 1597 422 moriuntur,
1610 397 1720 426 propter

925 425 991 452 illud
1023 433 1164 462 acceptum
1193 439 1303 466 corpus,
1331 433 1395 460 inde
1413 435 1524 464 abduci.
1545 447 1554 463 ι
1641 425 1719 465 divus

924 470 1042 500 Joannes
1062 473 1268 505 Damascenus:
1294 487 1303 504 ι
1324 479 1459 512 Quoniam
1477 481 1600 516 duplices
1624 491 1720 510 smnus

926 525 958 545 ac
977 522 1130 554 compositi,
1147 528 1253 557 oportet
1267 529 1293 551 et
1317 527 1521 560 generationem
1543 533 1664 555 nostratui
1689 537 1720 555 ac

926 564 1051 591 similiter
1064 567 1240 595 nutritionrm
1257 570 1392 605 duplicem
1408 580 1467 599 esse
1481 577 1507 599 ct
1523 573 1718 608 compositam.

926 608 1072 638 Generatio
1089 612 1170 648 igitur
1188 616 1267 643 nobis
1283 624 1330 651 per
1343 625 1440 653 aquam
1458 626 1489 646 ac
1517 620 1643 652 spiritum
1659 620 1721 647 data

926 660 978 688 est,
999 657 1077 685 cibus
1095 663 1185 686 autem
1209 666 1303 688 noster
1321 668 1363 690 est
1388 664 1467 698 panis
1495 665 1565 695 vitae.
1591 665 1721 692 Dominus

927 706 1021 729 nOster
1038 701 1118 732 Jesus
1134 705 1260 734 Christus
1286 708 1332 742 qui
1349 708 1382 736 de
1411 709 1481 737 coelo
1508 710 1659 738 descendit.
1690 710 1723 737 Et

927 750 1158 782 quemadmodum
1181 753 1206 779 in
1235 754 1380 788 baptismo,
1411 757 1540 790 quoniam
1565 756 1723 784 hominibus

927 797 1100 823 consuetudo
1115 803 1157 825 est
1173 805 1244 833 aqua
1261 799 1345 827 lavari
1363 805 1389 828 et.
1404 802 1464 829 oleo
1484 801 1590 837 inungi,
1605 807 1630 830 ct
1645 811 1724 837 aqua:

929 841 1056 869 virtutem
1073 843 1191 878 Spiritus
1205 847 1291 873 sancti
1309 846 1462 880 conjunxit,
1479 855 1595 883 eamque
1611 856 1724 883 regene-

927 889 1042 916 rationis
1076 890 1202 918 balneum
1237 892 1336 924 effecit,
1377 893 1414 920 ita
1442 894 1572 928 quoniam
1603 895 1723 921 solemus

927 942 996 969 pane
1010 937 1092 969 vesci,
1111 945 1209 972 aquam
1231 947 1295 966 vero
1312 945 1339 967 et
1357 941 1450 968 vinum
1466 940 1570 972 bibere,
1598 941 1631 968 iis
1659 948 1724 968 con-

925 979 1014 1014 junin
1029 989 1106 1009 suam
1124 982 1272 1018 Deitatem;
1289 993 1376 1022 eaque
1392 994 1492 1022 corpus
1507 993 1534 1015 et
1562 989 1723 1023 sanguinem

927 1035 1008 1055 suum
1026 1028 1128 1062 eﬂ'ecit,
1147 1036 1177 1058 ut
1194 1039 1242 1067 per
1256 1038 1387 1060 consueta
1401 1038 1428 1061 et
1447 1035 1582 1062 naturalia
1597 1035 1723 1062 alimenta

928 1075 961 1102 ad
994 1082 1025 1102 ea
1060 1084 1121 1111 quae
1151 1080 1370 1111 supernaturalia
1414 1085 1488 1113 sunt,
1522 1082 1724 1116 perveniamus.

927 1121 1034 1157 Corpus
1075 1127 1118 1156 est
1157 1132 1219 1152 vere
1264 1125 1399 1153 divinitati
1437 1127 1627 1162 conjunctum,
1662 1135 1724 1154 cor—

928 1176 980 1204 pus
1009 1176 1041 1196 ex
1079 1175 1172 1198 sancta
1201 1169 1311 1206 Virgine
1345 1177 1450 1203 natum.
1477 1181 1530 1200 non
1555 1173 1628 1208 quod
1657 1173 1723 1200 illud

928 1221 1028 1249 Corpus
1059 1216 1131 1249 quod
1159 1217 1309 1252 accipimus
1335 1226 1350 1245 e
1387 1219 1458 1247 cmlo
1486 1219 1643 1251 descendat,
1678 1220 1724 1246 sed

929 1263 1001 1295 quod
1028 1263 1106 1297 panis
1136 1268 1163 1291 et
1187 1264 1280 1291 vimun
1314 1264 1342 1292 in
1375 1273 1475 1301 corpus
1501 1273 1534 1293 ac
1563 1265 1723 1301 sanguinem

930 1308 976 1335 Dei
1007 1314 1136 1336 mutetur.
1166 1310 1192 1336 Si
1220 1319 1274 1346 quo
1303 1312 1384 1339 modo
1431 1312 1457 1339 id
1508 1313 1553 1340 ﬁat
1600 1313 1726 1348 inquiris,

930 1355 978 1381 tibi
1004 1355 1104 1383 suﬁicit
1127 1357 1234 1389 audire.
1253 1358 1326 1391 quod
1353 1365 1400 1392 per
1426 1358 1561 1394 Spiritum
1576 1363 1719 1390 sanctum,

930 1403 1163 1437 quemadmodum
1194 1411 1226 1431 ex
1244 1409 1341 1432 sancta
1365 1405 1481 1440 Dcipara
1513 1413 1561 1441 per
1589 1405 1723 1440 Spiritum

931 1452 1071 1483 sanctum,
1101 1448 1154 1476 sibi
1175 1454 1203 1475 et
1231 1450 1257 1476 in
1281 1450 1333 1477 hoc
1358 1458 1427 1485 pane
1456 1450 1589 1478 Dominus
1612 1458 1723 1478 carnem

931 1495 1100 1529 assumpsit;
1118 1499 1145 1522 et
1172 1495 1240 1522 nihil
1267 1495 1386 1530 amplius
1412 1497 1549 1524 novimus.
1576 1495 1631 1523 Sed
1659 1496 1723 1531 quia

99 1543 182 1577 ἁγίας
197 1541 329 1568 Θεοτόκου
345 1540 389 1566 διὰ
403 1538 559 1573 Πνεύματος
575 1537 665 1571 ἁγίου,
681 1533 780 1568 ἐαυτῷ,
798 1532 846 1560 καὶ
859 1532 885 1559 ιν

933 1541 1051 1569 Verbum
1075 1541 1122 1569 Dei
1148 1549 1231 1569 verax
1250 1547 1293 1569 cst
1320 1547 1347 1570 et
1366 1541 1462 1570 efﬁcax
1492 1547 1519 1570 et
1535 1543 1723 1574 omnipotens,

95 1597 174 1632 αὐτῷ
187 1598 200 1623 6
217 1596 318 1632 Κύριος
340 1595 431 1630 σάρκα
449 1594 636 1630 ὑπεστήσατο,
652 1594 698 1620 καὶ
714 1593 794 1619 πλέον
811 1591 886 1618 οὐδὲν

98 1641 283 1674 γινώσκομεν.
301 1639 372 1666 Ἀλλ’
385 1641 426 1666 ὅτι
440 1641 454 1665 6
468 1639 552 1673 Λόγος
565 1639 611 1665 τοῦ
622 1638 699 1668 Θεοῦ.
711 1637 825 1672 ἀληθὴς,
839 1635 887 1663 καὶ

96 1688 212 1722 ἐνεργής
229 1688 296 1718 ἐστι,
321 1686 368 1712 καὶ
392 1685 607 1720 παντοδύναμος,
634 1686 648 1712 ὁ
667 1685 695 1711 δὲ
711 1684 822 1720 τρόπος,
840 1683 888 1709 ἀν-

96 1732 284 1768 εξερεύνητος,
299 1732 404 1765 γίνεται
420 1732 509 1758 τοίνυν
528 1733 584 1763 τοῖς
599 1731 691 1757 πίστει
705 1729 788 1762 ἀξίως
806 1737 887 1764 μετα-

95 1778 292 1812 λαμϐάνουσιν,
317 1778 356 1809 εἰς
381 1777 477 1811 ἄφεσιν
503 1777 658 1812 ἁμαρτιῶν,
685 1776 732 1803 καὶ
758 1776 797 1807 είς
814 1774 886 1809 ζωὴν

97 1823 218 1855 αἰώνιον,
231 1824 279 1850 καὶ
296 1824 335 1854 εἰς
349 1824 533 1858 φυλακτήριον
547 1822 636 1857 ψυχῆς
647 1830 675 1848 τε
691 1822 738 1848 καὶ
750 1819 885 1855 σώματος,

96 1871 152 1901 τοῖς
165 1870 194 1896 δὲ
211 1871 239 1896 ὲν
255 1869 369 1904 ἀπιστίᾳ
389 1868 505 1901 ἀναξίως
520 1867 691 1903 μετέχουσιν,
709 1867 748 1897 είς
763 1866 886 1898 κόλασιν,

97 1917 145 1943 καὶ
158 1915 305 1950 τιμωρίαν,
329 1914 453 1950 καθάπερ
478 1914 524 1940 καὶ
543 1915 557 1940 6
573 1912 621 1940 τοῦ
640 1913 745 1948 Κυρίου
762 1911 886 1942 θάνατος.

99 1961 155 1987 Καὶ
177 1961 226 1987 οὐκ
249 1960 306 1986 ἔστι
319 1961 403 1991 τύπος
417 1961 431 1986 6
447 1960 539 1995 ἄρτος.
558 1959 604 1986 καὶ
619 1960 633 1985 6
647 1956 717 1990 οἶνος
732 1957 778 1984 τοῦ
794 1958 887 1992 σῶμα·

96 2014 154 2038 τος,
172 2005 220 2032 καὶ
244 2006 360 2040 αἵματος
386 2006 433 2031 τοῦ
460 2004 578 2039 Χριστοῦ
590 2013 597 2020 ·
629 2004 667 2040 μὴ
681 2004 785 2037 γένοιτο
804 2011 811 2018 ·
829 2001 888 2029 ἀλλ’

98 2051 166 2077 αὐτὸ
181 2051 211 2077 τδ
229 2051 308 2085 σῶμα
327 2050 375 2076 τοῦ
400 2050 530 2085 Χριστοῦ,
550 2049 733 2085 τεθεωμένον·
754 2049 800 2076 καὶ
823 2048 889 2075 αὐτὸ

97 2097 130 2123 τὸ
150 2095 220 2131 αἷμα
239 2104 246 2111 ·
269 2096 302 2122 Ἠ
327 2095 381 2131 γὰρ
409 2095 477 2130 σάρξ
498 2103 561 2130 μου,
585 2096 678 2130 φησιν,
707 2094 810 2130 ἀληθής
830 2094 888 2121 ἐστι

99 2141 218 2177 βρῶσις,
243 2141 291 2167 καὶ
317 2141 347 2167 τὸ
374 2138 443 2175 αἷμά
483 2149 533 2175 μου
565 2140 667 2175 ἀληθής
701 2141 760 2166 ἔστι
791 2140 886 2171 πόσις.

99 2187 184 2212 Σῦαά
214 2188 270 2212 ἐστι
296 2187 342 2212 καὶ
367 2183 437 2221 αἷμα
467 2185 605 2220 Χριστοῦ,
630 2186 669 2217 είς
692 2185 822 2212 σύστασιν
839 2185 888 2220 τῆς

102 2238 244 2273 ἡμετέρας
267 2238 371 2274 ψυχῆς,
386 2239 433 2265 καὶ
456 2238 503 2265 τοῦ
524 2238 650 2274 σώματος
665 2242 781 2275 χωροῦν,
797 2241 828 2267 οὑ
845 2240 890 2268 δα-

103 2283 273 2317 πανώμενον,
287 2284 317 2310 οὺ
335 2283 525 2318 φθειρόμενον,
544 2285 594 2310 οὐκ
609 2285 648 2316 είς
674 2285 817 2320 ἀφεδρῶνα
838 2294 892 2321 χω-

103 2328 178 2364 ροῦν,
198 2329 254 2355 ἀλλ’
270 2330 309 2361 εἰς
325 2330 374 2366 τὴν
391 2331 470 2366 ήμῶν
487 2331 582 2357 οὐσίαν
602 2339 632 2357 τε
649 2331 696 2356 καὶ
714 2322 889 2366 συντήρησιν,

102 2374 191 2410 ῥύπου
205 2376 304 2407 παντὸς
319 2376 518 2412 καθαρτήριον”
535 2377 585 2404 κᾶν
596 2377 695 2412 χρυσὸν
713 2377 782 2412 λάϐῃ
796 2377 890 2413 κίϐδηο

100 2420 159 2452 λον,
175 2420 219 2446 διὰ
235 2421 285 2456 τῆς
300 2422 426 2457 κριτικῆς
438 2430 587 2458 πυρωσεως
601 2422 736 2458 καθαίρει,
750 2423 794 2449 ἵνα
810 2422 847 2457 μὴ
862 2424 891 2449 ὲν

101 2466 142 2501 τῷ
176 2466 311 2501 μέλλοντι,
341 2467 390 2494 σὺν
409 2467 449 2502 τῷ
479 2468 576 2503 κόσμῳ
599 2469 822 2503 κατακριθῶμεν.
852 2467 891 2495 Δι’

102 2511 186 2538 αὑτοῦ
201 2511 394 2546 καθαιρόμενοι
405 2532 413 2544 ,
429 2512 565 2547 ὲνούμεθα
582 2513 621 2548 τῷ
638 2512 745 2547 σώματι
762 2512 891 2548 Χριστοῦ,

103 2557 204 2592 καὶτῷ
220 2557 360 2593 Πνεύματι
382 2559 475 2590 αὑτοῦ,
503 2559 552 2585 καὶ
577 2558 711 2594 γινόμεθα
727 2558 806 2593 σῶμα
825 2559 892 2594 Χρι-

104 2602 180 2629 στοῦ.
197 2600 281 2635 οὗτος
294 2605 307 2630 6
323 2603 404 2639 ἄρτος
427 2605 512 2637 ἐστὶν,
528 2605 544 2640 ἡ
559 2605 671 2640 ἀπαρχὴ
686 2603 732 2631 τοῦ
751 2604 892 2639 μέλλοντος

102 2649 198 2683 ἄρτου,
213 2648 241 2679 ὃς
258 2649 332 2675 ἔστιν
348 2649 362 2674 6
376 2648 523 2681 ὲπιούσιος·
541 2649 572 2675 τὺ
585 2649 640 2683 γὰρ
656 2649 793 2675 ἐπιούσιον
807 2649 891 2684 δηλοῖ,

103 2695 120 2728 ἥ
136 2693 183 2720 τὸν
201 2694 343 2728 μέλλοντα,
358 2695 480 2721 τουτέστι
496 2695 541 2721 τὸν
560 2694 607 2721 τοῦ
624 2695 766 2729 μέλλοντος
784 2695 891 2727 αἰῶνος,

103 2740 120 2774 ἢ
136 2740 183 2766 τὸν
207 2741 275 2775 πρὸς
300 2741 464 2775 συντήρησιν
478 2741 526 2775 τῆς
550 2741 645 2772 οὐσίας
661 2741 740 2775 ἡμῶν
754 2740 892 2776 λαμὸανό-

105 2792 199 2819 μενον.
216 2784 328 2818 Πνεῦμα
343 2784 474 2817 ζωοποιόν
495 2786 579 2818 ἐστιν,
598 2787 614 2820 ἡ
630 2785 698 2820 σὰρξ
716 2785 762 2811 τοῦ
778 2785 891 2821 Κυρίου,

104 2830 172 2856 διότι
189 2830 221 2856 ἐκ
231 2829 278 2856 τοῦ
295 2830 427 2862 ζωοποιοῦ
444 2831 602 2866 Πνεύματος
617 2831 780 2866 συνελήφθη·
796 2834 826 2857 16
839 2832 893 2866 γὰρ

105 2876 306 2911 γεγεννημένον
321 2877 352 2903 ὲκ
366 2876 412 2904 τοῦ
425 2876 591 2913 πνεύματος,
605 2877 715 2912 πνεῦμά
729 2878 795 2905 ἐστι.
809 2877 893 2905 Τοῦτο

932 1589 1030 1616 modus
1047 1594 1140 1616 autem
1161 1589 1362 1622 inscrutahilis,
1389 1589 1419 1617 ﬁt
1438 1590 1523 1625 igitur
1547 1590 1591 1618 his
1623 1591 1681 1625 qui,
1696 1595 1726 1618 ut

932 1634 1012 1662 ﬁdem
1032 1634 1123 1666 decet,
1141 1635 1207 1662 illud
1229 1635 1380 1670 accipiunt.
1397 1636 1423 1663 in
1455 1637 1647 1664 remissionem
1665 1645 1727 1672 pec-

931 1685 1055 1708 ratorum
1066 1686 1093 1709 et
1109 1681 1192 1708 vitam
1208 1687 1352 1714 internae",
1367 1687 1393 1710 et
1410 1682 1437 1710 in
1457 1683 1611 1710 custodiam
1627 1683 1726 1709 anima:

931 1731 958 1754 ct
975 1727 1124 1762 carparis:
1141 1727 1184 1754 his
1206 1732 1297 1754 autem
1312 1728 1359 1762 qui
1377 1728 1404 1754 in
1423 1727 1617 1755 incredulitate
1630 1732 1657 1754 et
1681 1727 1723 1754 iu-

931 1772 1013 1808 digne
1025 1773 1091 1800 illud
1107 1774 1319 1808 participant,in
1336 1781 1443 1809 pmnam
1457 1774 1726 1807 suppliciumque,ut

932 1820 992 1854 ipsa
1013 1827 1088 1847 mors
1102 1819 1221 1847 Domini.
1241 1819 1298 1847 Non
1315 1825 1356 1847 est
1384 1820 1463 1854 panis
1484 1819 1571 1854 ﬁgura
1586 1821 1725 1855 corporis.

932 1870 982 1891 nec
1014 1864 1106 1891 vinum
1133 1865 1219 1898 ﬁgura
1247 1864 1390 1900 sanguinis
1410 1873 1417 1892 :
1437 1863 1529 1891 absitl
1560 1865 1606 1892 sed
1634 1867 1724 1900 ipsum

931 1909 1034 1937 Christi
1060 1917 1162 1945 corpus
1191 1911 1330 1938 divinitati
1354 1912 1478 1946 unitum;
1504 1917 1532 1939 et
1546 1912 1604 1946 ipse
1621 1911 1725 1940 Christi

933 1957 1066 1991 sanguis:
1084 1966 1094 1982 ι
1108 1957 1179 1984 Caro
1197 1957 1269 1984 enim
1293 1966 1366 1989 mea,
1381 1958 1479 1993 inquit,
1493 1966 1557 1986 vere
1574 1963 1617 1986 est
1634 1958 1724 1996 cilius,

933 2008 959 2028 ct
977 2002 1090 2038 sanguis
1109 2010 1188 2030 meus
1207 2010 1271 2031 vere
1288 2009 1330 2031 est
1355 2008 1448 2038 potus.
1470 2013 1479 2031 ι
1497 2003 1605 2039 Corpus
1630 2009 1673 2031 cst
1698 2008 1726 2031 et

933 2049 1046 2083 sanguis
1063 2049 1179 2082 Christi,
1200 2050 1226 2076 in
1242 2055 1343 2078 nostra:
1361 2051 1459 2078 anime
1476 2056 1502 2078 et
1519 2051 1644 2086 corporis
1659 2050 1726 2077 suh-

936 2095 1068 2123 stantiam
1084 2095 1268 2129 descendens,
1294 2104 1348 2124 non
1366 2097 1534 2132 impensum,
1556 2104 1610 2124 non
1627 2104 1726 2123 corru-

935 2146 1028 2176 ptum.
1045 2149 1099 2169 non
1116 2142 1143 2169 iu
1162 2142 1290 2170 latrinam
1304 2143 1464 2176 deductum,
1481 2143 1528 2171 sed
1552 2143 1580 2170 in
1602 2148 1726 2170 nostram

936 2189 1121 2216 substantiam
1148 2194 1176 2216 et
1205 2189 1374 2220 custodiam,
1392 2197 1488 2217 omnes
1505 2190 1601 2217 sordes
1618 2190 1725 2216 abster-

936 2243 1014 2269 gens.
1032 2234 1145 2262 Etiamsi
1169 2227 1267 2262 aurum
1285 2235 1373 2263 scoria
1399 2235 1511 2264 mismm
1532 2236 1661 2269 inveniat,
1679 2244 1726 2270 per

935 2281 1127 2316 puriﬁcantem
1154 2281 1243 2316 ignem
1274 2281 1340 2309 illud
1358 2282 1489 2316 mundat;
1506 2291 1542 2310 ne
1565 2283 1591 2310 in
1620 2283 1724 2315 futuro,

937 2335 1000 2354 cum
1020 2328 1073 2355 hoc
1099 2328 1202 2355 mundo
1225 2328 1399 2356 dalnnemur.
1414 2328 1465 2356 Per
1483 2329 1508 2356 id
1526 2337 1626 2364 corpus
1646 2338 1726 2357 mun-

936 2374 1002 2404 dati,
1017 2373 1121 2401 Christi
1150 2374 1259 2409 corpori
1286 2375 1398 2402 unimur
1417 2381 1444 2403 et
1463 2376 1525 2411 ejus
1541 2376 1667 2410 Spiritui,
1698 2382 1726 2403 et

937 2427 1040 2454 corpus
1051 2419 1156 2448 Christi
1171 2421 1318 2448 efﬁcimur.
1336 2421 1391 2449 lste
1402 2422 1481 2456 panis
1504 2427 1545 2449 est
1561 2422 1725 2456 principium

937 2467 1022 2494 futuri
1039 2467 1130 2501 panis,
1150 2467 1197 2501 qui
1207 2472 1249 2494 est
1272 2468 1512 2503 supernaturalis:
1531 2469 1727 2502 supernatu‘ra-

938 2514 990 2540 lem
1008 2514 1080 2540 cnim
1105 2514 1227 2541 ostendit
1245 2519 1293 2540 aut
1312 2515 1435 2541 futurum
1452 2521 1562 2548 panem.
1576 2514 1602 2541 id
1621 2517 1664 2541 est
1679 2521 1727 2544 Da-

937 2568 1000 2588 ncm
1019 2560 1102 2587 luturi
1119 2561 1222 2593 saculi,
1240 2565 1287 2588 aut
1310 2569 1372 2588 cum
1399 2568 1480 2595 quem
1497 2561 1523 2588 in
1538 2565 1637 2588 nostra;
1658 2560 1726 2588 sub-

937 2607 1045 2635 stantiae
1053 2607 1289 2634 conservationem
1303 2607 1464 2642 accipimus.
1472 2607 1590 2642 Spiritus
1600 2607 1727 2634 viviﬁcus

937 2658 981 2681 est
997 2661 1063 2681 caro
1090 2653 1209 2686 Domini,
1226 2661 1259 2680 eo
1272 2653 1345 2688 quod
1366 2661 1380 2679 a
1396 2653 1506 2680 viviﬁco
1522 2652 1629 2688 Spiritu
1649 2660 1726 2680 com-

936 2703 1019 2733 pacta
1035 2702 1096 2729 est;
1125 2699 1197 2730 quod
1224 2698 1296 2725 enim
1313 2703 1407 2725 natum
1425 2703 1466 2725 est
1490 2706 1523 2726 ex
1546 2698 1654 2732 spiritu,
1669 2698 1727 2732 spi-

938 2745 1008 2772 ritus
1022 2748 1075 2772 εει.
1092 2743 1119 2770 Id
1135 2749 1226 2770 autem
1249 2744 1320 2774 dico,
1339 2751 1392 2770 non
1405 2744 1529 2778 corporis
1550 2747 1676 2770 naturam
1691 2745 1728 2770 de

939 2791 1030 2818 medio
1045 2789 1155 2821 tollens,
1168 2790 1217 2817 sed
1233 2790 1258 2817 id
1280 2789 1353 2824 quod
1370 2789 1509 2816 viviﬁcqu
1536 2789 1618 2817 habet
1632 2796 1665 2816 ac
1684 2788 1728 2816 di-

939 2837 1044 2866 viuum,
1061 2835 1236 2863 manifestare
1253 2836 1359 2862 volens.
1377 2835 1441 2862 Haec
1460 2839 1550 2862 autem
1569 2834 1731 2862 futurorum.

941 2883 1034 2917 ﬁgura:
1045 2881 1185 2915 dicuntur,
1200 2889 1255 2909 non
1268 2880 1340 2917 quod
1353 2888 1406 2909 non
1421 2889 1483 2909 vere
1498 2888 1598 2916 corpus
1611 2885 1639 2909 et
1659 2887 1731 2908 sane
