1932 3088
203 137 258 169 799

616 137 791 169 CALLISTI
809 138 858 167 ET
881 135 1031 166 lGNATlI
1053 135 1399 168 XANTHOPULORUM

1786 136 1840 167 800

204 193 266 224 guis
283 193 386 220 Christi
413 194 479 225 sint,
497 194 543 220 sml
567 194 639 228 quod
662 202 736 221 nunc
751 193 864 228 quidem
896 200 945 227 per
962 199 994 220 ea

1046 189 1074 216 δὲ
1092 191 1173 225 λέγω,
1187 193 1237 219 οὐχ
1253 194 1372 229 ἀναιρῶν
1388 195 1437 230 τὴν
1452 197 1499 223 τοῦ
1516 197 1644 231 σώματος
1659 199 1751 234 φύσιν,
1767 202 1834 234 am

204 239 308 267 Christi
335 240 489 267 divinitatis
508 241 659 275 participes
681 240 830 272 efﬁcimur,
857 245 922 266 tunc
945 247 996 265 au-

205 293 259 314 tem
275 287 458 322 spiritualiter
477 296 526 322 per
545 288 630 314 solam
648 287 918 322 contemplationem.
935 295 944 312 ι
963 285 996 312 Et

204 331 283 360 divus
297 332 453 360 Macarius:
476 343 485 359 ι
503 333 738 366 Quemadmodum
751 333 843 359 vimnu
860 333 886 358 in
901 332 993 358 omnia

204 379 324 407 bibentis
346 380 468 406 membra
483 380 656 411 diffunditur.
675 385 702 406 et
717 384 759 406 est
772 380 866 405 vinum
883 379 910 405 in
920 385 953 405 eo
968 382 995 405 et.

203 425 228 452 is
254 425 280 451 in
304 425 379 455 vino,
407 425 446 451 ita
470 430 497 452 et
515 426 562 459 qni
595 425 665 452 bibit
691 425 855 460 sanguinem
879 425 994 456 Christi,

202 471 299 506 spiritu
320 470 475 498 Divinitatis
490 476 610 506 potatur,
627 477 654 498 et
677 472 724 499 ille
742 471 864 505 Spiritus
881 471 908 498 in
931 479 992 503 pcr-

204 514 277 543 fecta
292 516 383 542 anima
399 515 560 544 dilfunditur
575 521 603 544 et
628 517 719 544 anima
741 517 767 544 in
787 517 846 547 illo.
859 521 941 551 atque
958 516 994 543 ita

203 560 374 587 sanctiﬁcata
392 560 507 588 Domino
524 562 605 595 digna
631 562 772 590 consistit.
791 561 892 589 Omnes
905 562 992 594 enim,

203 607 306 642 inquit,
323 608 349 634 in
378 616 433 635 uno
459 608 560 643 Spiritu
585 609 668 643 polati
693 617 800 640 sumus,
830 613 855 636 et
873 608 919 642 qui
947 617 994 643 per

204 655 282 686 panis
302 655 499 682 eucharistiam
530 655 662 690 Spiritum
680 660 806 683 sanctum
834 657 860 682 in
879 657 994 682 veritate

203 701 355 735 recipiunt.
373 702 447 738 digni
465 707 527 729 sunt
544 703 590 738 qui
613 704 694 737 hujus
712 705 777 730 iiant
792 703 949 737 participes.
967 707 993 730 et

203 747 244 774 sic
275 754 392 782 possunt
409 757 456 783 per
488 750 587 776 sa-cnla
613 751 711 777 anima:
727 750 815 785 digna-
839 750 940 777 vivere.
961 749 993 777 Et

202 795 435 828 quemadmodum
457 804 557 831 corpus
575 804 628 824 non
643 805 675 823 ex
689 797 780 831 seipso
800 796 880 823 vitam
899 797 990 828 habet,

202 840 250 867 sed
267 841 389 873 aliunde,
419 841 445 868 id
467 847 509 868 est
525 851 538 868 a
555 847 638 874 terra,
657 842 697 869 sic
715 847 742 869 et
769 843 888 869 animam
919 842 991 869 Deus

202 887 310 921 probat,
329 895 382 915 non
406 896 438 915 ex
471 889 579 923 propria
611 889 671 923 ejus
702 894 811 921 natura,
827 889 873 915 sed
893 897 925 915 ex
945 896 994 915 sua

203 933 292 967 ipsius
316 933 470 965 divinitate.
490 943 522 962 cx
549 937 661 970 proprio
689 936 777 970 ipsius
793 935 889 969 spiritu
909 940 935 961 et
953 935 993 960 lu-

205 980 290 1012 mine,
304 980 395 1007 cibum
417 981 530 1012 habere.
549 986 643 1015 potum
658 990 690 1009 ac
709 982 914 1013 vestimentum,
932 988 994 1015 qua:

203 1033 267 1052 vere
282 1031 349 1054 sunt
361 1027 460 1054 animae
484 1027 548 1054 vita.
575 1027 669 1055 Dil'illa
686 1028 758 1055 enim
779 1033 874 1054 natura
896 1035 992 1062 panem

203 1073 264 1100 vita:
285 1074 364 1100 habet
379 1075 496 1109 eumqui
517 1075 603 1101 dixit:
622 1084 631 1100 ι
646 1075 771 1108 Egosum
792 1074 869 1108 panis
887 1075 965 1104 vitae;
981 1083 990 1099 ι

204 1124 231 1146 et
248 1127 346 1152 aquam
375 1120 510 1147 viventem
527 1126 553 1147 et
571 1121 662 1148 vinum
685 1122 839 1152 Ia-tiiicans,
854 1127 879 1147 el
902 1121 991 1147 oleum

201 1165 406 1194 οιιςιιιικιῆοῐιίς.
432 1175 440 1191 ι
461 1165 493 1193 Ει
516 1171 629 1193 sanctus
647 1166 787 1195 Isidorus:
806 1175 815 1192 ι
831 1164 993 1194 Conununis

202 1215 297 1238 vocata
309 1217 350 1239 cst
361 1212 516 1239 divinorum
531 1215 722 1248 mysteriorum
734 1215 864 1249 receptio,
876 1223 907 1241 eo
918 1215 991 1250 quod

203 1267 254 1285 nos
268 1267 331 1286 cum
348 1259 461 1288 Christo
478 1262 590 1293 adtinet,
605 1266 633 1288 ct
650 1262 795 1296 participes
812 1263 899 1297 ipsius
915 1263 990 1297 regni

201 1305 310 1331 «meiat.
332 1315 341 1331 ι
359 1306 392 1334 Ει
412 1307 473 1341 pius
500 1307 596 1336 Nilus:
618 1317 627 1334 ι
644 1308 744 1343 Nequit
757 1309 857 1336 salvari
880 1309 992 1337 aliunde

203 1350 289 1378 tidelis
311 1355 338 1377 et
358 1352 547 1380 remissionem
566 1358 740 1388 peccatorum
756 1354 880 1386 accipere
896 1360 921 1382 et
941 1363 985 1382 re-

201 1404 285 1429 gnum
310 1398 444 1424 enatorum
470 1398 593 1433 assequi,
612 1398 665 1426 nisi
690 1406 752 1426 cum
777 1404 908 1432 tremore,
927 1408 989 1427 cum

203 1441 255 1469 tide
275 1447 302 1469 et
325 1443 464 1471 desiderio
490 1445 636 1479 mysticum
667 1448 695 1472 et
716 1452 814 1480 purum
832 1454 932 1479 corpus
963 1450 989 1473 vt

202 1490 363 1523 sanguinem
406 1489 506 1517 Christi
537 1491 661 1525 accipiat.
682 1499 692 1516 ι
727 1490 862 1518 Similiter
893 1491 990 1518 scribit

1045 236 1076 263 τὸ
1095 237 1225 269 ζωοποιὸν
1250 242 1297 267 καὶ
1313 241 1383 268 θεῖον
1403 243 1498 270 τούτου
1517 244 1636 278 δηλῶσαι
1659 246 1836 282 βουλόμενος.

1045 282 1139 310 Ταῦτα
1163 285 1255 320 μέντοι
1278 288 1413 315 ἀντίτυπα
1439 290 1493 316 τῶν
1519 290 1670 326 μελλόντων
1697 293 1834 327 λέγονται,

1043 328 1092 362 οὐχ
1104 328 1141 359 ὡς
1154 331 1192 365 μὴ
1208 331 1271 359 ὄντα
1292 333 1399 368 alnos;
1420 335 1509 371 σῶμα,
1535 338 1582 364 καὶ
1606 335 1676 373 αἷμα
1701 340 1834 374 Χριστοῦ,

1044 373 1102 421 axx
1115 376 1156 403 ὅτι
1172 377 1219 404 νῦν
1236 378 1295 413 μὲν,
1319 380 1353 407 δι’
1369 381 1458 407 αὐτῶν
1475 384 1628 419 μετέχομεν
1644 385 1694 420 τῆς
1711 373 1834 421 Χριστοῦ

1044 420 1182 457 θεότητος,
1198 423 1258 450 τότε
1271 424 1309 458 δὲ,
1323 426 1426 461 νοητῶς
1441 427 1484 455 διὰ
1500 430 1582 464 μόνης
1596 430 1645 465 τῆς
1658 420 1758 462 θέαςξι
1777 432 1836 459 Καὶ

1045 466 1058 493 6
1074 467 1210 500 θειότατος
1233 470 1390 506 Μακάριος·
1413 482 1422 498 ι
1442 474 1546 511 Ὠσπερ
1563 475 1577 501 6
1589 474 1671 507 οἰνος,
1690 478 1729 508 εἰς
1743 478 1834 504 πάντα

1043 512 1076 538 τὰ
1095 513 1165 548 μέλη
1178 514 1224 541 τοῦ
1237 515 1359 548 πίνοντος
1370 519 1507 554 κιρνᾶται,
1523 521 1571 546 καὶ
1582 521 1710 555 γίνεταιὸ
1720 520 1790 554 οἶνος
1803 524 1834 550 ὲν

1042 558 1132 594 αὐτῷ.
1150 560 1198 586 καὶ
1210 561 1291 593 αὐτὸς
1305 563 1334 589 ὲν
1350 564 1388 599 τῷ
1403 565 1478 600 οἴνῳ,
1490 566 1575 598 οὕτως
1590 569 1604 594 6
1614 569 1702 595 πίνων
1719 569 1749 596 τὸ
1760 567 1832 605 αἷμα

1041 605 1089 630 τοῦ
1110 605 1239 641 Χριστοῦ,
1263 608 1294 633 τὸ
1319 609 1430 645 Πνεῦμα
1445 613 1496 644 τῆς
1525 612 1657 648 Θεότητος
1679 615 1831 650 ποτίξεται,

1041 652 1088 698 καλ.
1103 654 1229 698 κιρνᾶται
1240 654 1268 680 ὲν
1279 656 1311 690 τῇ
1325 657 1416 692 τελείᾳ
1426 658 1510 693 ψυχῇ,
1523 661 1570 686 καὶ
1584 660 1600 695 ἡ
1613 661 1684 695 ψυχὴ
1699 662 1728 688 ἐν
1743 663 1830 698 αὐτῷ,

1041 697 1088 722 καὶ
1103 696 1189 730 οὕτως
1203 699 1368 733 ἁγιασθεῖσα
1379 722 1385 734 ,
1403 703 1465 734 ἀξία
1476 704 1523 730 τοῦ
1538 706 1640 741 Κυρίου
1657 696 1830 736 καθίσταται.

1041 741 1144 773 Πάντες
1157 743 1222 779 γὰρ,
1237 746 1316 780 φησὶ,
1331 747 1360 773 τὸ
1373 748 1438 774 αὐτὸ
1450 750 1562 785 Πνεῦμα
1576 752 1772 787 ἐποτίσθημεν,
1783 755 1831 780 καὶ

1039 786 1083 813 διὰ
1099 790 1147 824 τῆς
1159 790 1336 826 εὐχαριστίας
1356 794 1404 820 τοῦ
1420 795 1514 830 ἄρτου,
1531 797 1690 833 Πνεῦματος
1705 786 1784 833 ario»
1803 801 1830 826 οἱ

1040 833 1111 860 κατὰ
1125 835 1256 871 ἀλήθειαν
1273 840 1529 875 μεταλαμϐάνοντες
1555 843 1748 877 καταξιοῦνται
1765 846 1830 880 μέτ-

1012 877 1096 916 Βοχοι
1106 883 1243 917 γενέσθαι,
1259 887 1306 912 καὶ
1316 886 1387 914 οὕτω
1400 888 1526 925 δυνανται
1540 892 1579 922 εἰς
1595 891 1697 923 αἰῶνας
1710 893 1738 918 al
1753 892 1829 924 ἀξίαι

1039 928 1133 976 ψυχαί
1148 930 1238 976 ζῆιξαι.
1261 933 1314 959 Καὶ
1328 933 1422 969 ὥσπερ
1442 935 1481 970 τῷ
1500 935 1606 971 σώματι
1627 938 1643 972 ὴ
1660 938 1716 972 ζωὴ
1731 939 1783 965 οὐκ
1800 938 1831 971 ἐξ

1039 974 1135 1001 ἑαυτοῦ
1148 974 1232 1010 ἐστὶν,
1253 978 1310 1004 ἀλλ’
1329 979 1428 1011 ἔξωθεν
1444 981 1539 1014 αὑτοῦ,
1553 983 1693 1009 τουτέστιν
1710 984 1764 1010 ἀπὺ
1779 984 1831 1019 τῆς

1039 1020 1103 1055 γῆς,
1116 1021 1187 1049 οὕτω
1210 1024 1256 1050 καί
1273 1026 1322 1059 τὴν
1336 1025 1424 1062 ψυχὴν
1439 1028 1589 1063 εὐδόκησεν
1605 1030 1619 1055 6
1637 1030 1714 1062 Θεὸς,
1727 1031 1777 1056 οὐκ
1797 1031 1830 1056 ὲκ

1040 1067 1090 1102 τῆς
1106 1068 1174 1100 ιδίας
1198 1069 1316 1104 φύσεως»
1332 1072 1389 1098 ἀλλ’
1403 1073 1434 1098 ἐκ
1449 1075 1497 1108 τῆς
1526 1074 1608 1100 αὐτοῦ
1628 1075 1771 1108 Θεόπτος,
1795 1077 1828 1102 ἐκ

1041 1120 1087 1146 τοῦ
1107 1121 1172 1147 ἰδίου
1191 1121 1358 1156 Πνεύματος,
1374 1122 1421 1147 καὶ
1437 1121 1536 1155 φωτὸς,
1555 1121 1625 1155 ἔχετν
1639 1119 1753 1155 βρῶσιν,
1778 1120 1830 1146 τώ-

1042 1177 1093 1202 σιν,
1110 1169 1221 1204 ἔνδυμα,
1237 1169 1255 1196 ἆ
1271 1169 1344 1195 ἐστιν
1361 1170 1377 1204 ἡ
1393 1169 1476 1199 ὅντως
1492 1168 1548 1203 ζιυὴ
1565 1168 1614 1201 τῆς
1632 1168 1732 1203 ψυχῆς.
1749 1168 1829 1202 Ἔχει

1040 1214 1123 1249 γὰρὴ
1143 1214 1203 1242 θεία
1223 1213 1313 1248 φύσις,
1338 1215 1385 1241 καὶ
1409 1214 1491 1249 ἄρτον
1517 1213 1599 1248 ζωῆς,
1627 1214 1672 1239 τὸν
1696 1214 1828 1244 εἰπόντα,

1047 1260 1117 1295 Ἐγώ
1142 1261 1201 1295 ειμι
1224 1261 1238 1286 6
1252 1260 1334 1295 ἄρτος
1348 1260 1396 1294 τῆς
1416 1259 1505 1294 ζωῆς,
1523 1260 1568 1286 καὶ
1591 1259 1662 1295 ὕδωρ
1687 1259 1758 1292 ζῶν,
1781 1260 1829 1286 καὶ

1039 1306 1109 1334 οἶνον
1131 1308 1321 1342 εὐφραίνοντα,
1346 1307 1394 1334 καὶ
1410 1307 1498 1334 ἔλαιον
1518 1307 1714 1341 ἀγαλλιάσεως.
1736 1316 1745 1332 ι
1772 1307 1830 1333 Kal.

1039 1356 1053 1381 6
1068 1355 1145 1388 ἆγιος
1164 1354 1308 1388 Ἰσίδωρος·
1324 1363 1333 1379 ‹
1355 1354 1488 1380 Κοινωνία
1502 1353 1633 1388 κέκληται
1647 1354 1662 1388 ὴ
1681 1353 1734 1379 τῶν
1747 1352 1830 1379 θείων

1039 1399 1206 1435 Μυστηρίων
1228 1397 1390 1434 μετάληψις,
1414 1400 1458 1426 διὰ
1473 1400 1513 1431 τὸ,
1538 1401 1588 1434 τὴν
1615 1399 1681 1434 πρὸς
1708 1399 1830 1434 Χριστὸν

1040 1448 1105 1482 ἡμῖν
1118 1446 1278 1482 χαρίζεσθαι
1293 1447 1401 1478 ἕνωσιν,
1416 1447 1463 1472 καὶ
1486 1447 1629 1477 κοινωνοὺς
1648 1447 1721 1481 ἡμᾶς
1738 1447 1830 1473 ποιεῖν

1037 1494 1086 1527 τῆς
1103 1493 1185 1519 αὑτοῦ
1206 1492 1353 1528 βασιλείας.
1372 1503 1381 1518 ι
1400 1493 1454 1519 Καὶ
1473 1494 1486 1519 6
1500 1493 1572 1524 ὅσιος
1584 1492 1695 1524 Νεῖλος·
1714 1502 1724 1518 ι
1749 1492 1828 1519 Ἀδύ-

202 1543 317 1570 magnus
342 1536 461 1564 Basilius
483 1538 510 1564 in
534 1537 649 1572 epistola
674 1537 707 1564 ad
733 1537 880 1565 Cresariam
905 1538 990 1572 patri-

1038 1548 1117 1566 νατον
1134 1540 1221 1571 ἄλλως
1245 1539 1366 1574 σωθῆναι
1385 1540 1431 1566 τὸν
1456 1540 1562 1571 πιστὸν,
1592 1540 1638 1566 καὶ
1662 1540 1760 1574 ἄφεσιν
1775 1539 1828 1574 τὴν

201 1583 272 1610 ciam
294 1592 300 1609 :
319 1592 329 1608 ι
345 1583 474 1615 Quotidie
484 1584 692 1611 communicare
710 1589 737 1611 et
751 1588 878 1611 sanctum
892 1591 991 1618 corpus

202 1636 235 1656 ac
249 1629 409 1664 sanguinem
428 1629 536 1657 Domini
553 1631 689 1665 accipere,
708 1630 838 1663 optimum
851 1635 878 1656 et
903 1630 990 1657 utilis—

203 1675 301 1702 simum
319 1681 372 1708 est,
392 1676 452 1710 ipso
467 1675 582 1703 Domino
602 1676 729 1704 dicente:
752 1685 762 1702 ‹
778 1676 829 1708 Qui
844 1676 991 1704 manducat

204 1729 291 1749 meam
308 1730 416 1750 carnem
445 1728 472 1750 et
489 1723 558 1750 bibit
587 1731 676 1751 meum
694 1724 867 1758 sanguinem,
896 1724 922 1750 in
948 1731 991 1751 me

204 1773 297 1795 manet
311 1772 339 1795 et
361 1775 412 1802 ego
437 1767 464 1795 in
483 1768 542 1801 illo,
560 1772 586 1795 et
603 1768 684 1795 habet
705 1768 787 1795 vitam
817 1771 959 1796 aeternam.
977 1778 987 1795 ι

202 1814 270 1847 Quis
287 1815 359 1842 enim
374 1815 488 1850 ambigit
503 1816 662 1842 continuam
681 1815 742 1842 vitae
753 1815 989 1850 participationem

204 1861 272 1888 nihil
297 1861 371 1889 aliud
395 1870 467 1894 esse,
489 1870 570 1896 quam
596 1861 776 1889 multifariam
807 1861 918 1889 vivere?
935 1861 991 1889 Nos

202 1914 293 1936 tamen
307 1912 403 1943 quater
418 1908 532 1944 singulis
545 1908 727 1936 hebdomadis
739 1908 990 1940 communicamus,

203 1953 358 1986 Dominica,
378 1954 445 1982 feria
468 1960 576 1989 quarta,
595 1954 746 1982 Parasceve
761 1960 788 1981 et
815 1955 946 1987 Sabbato,
963 1959 990 1983 et

200 2001 263 2028 aliis
277 2001 385 2034 diebus,
410 2003 433 2030 si
459 2002 532 2029 adsit
558 2003 677 2038 alicujus
699 2003 787 2030 sancti
813 2005 958 2030 memoria.
978 2012 987 2029 ι

200 2048 305 2081 Quibus
335 2048 442 2080 diebus.
473 2050 580 2083 opinor,
610 2056 689 2077 sacra
719 2049 836 2077 faciebat
857 2055 989 2082 sanctus;

201 2101 255 2122 non
276 2095 348 2122 enim
369 2095 492 2130 quotidie
509 2101 629 2130 poterat,
647 2097 732 2123 tantis
749 2097 825 2124 curis
847 2096 988 2132 fatigatus.

200 2140 274 2167 Dixit
294 2145 384 2170 autem
402 2147 429 2169 et
447 2147 559 2169 sanctus
585 2143 683 2177 Apollo
699 2152 706 2170 :
724 2152 734 2168 ι
757 2142 870 2177 Oportet
892 2151 989 2170 mona-

199 2187 293 2220 chum,
312 2189 334 2215 si
362 2190 460 2224 possit,
474 2190 590 2224 singulis
604 2189 711 2222 diebus,
725 2191 862 2225 mysteriis
884 2191 987 2218 Christi

1037 1586 1422 1621 πλημμελημάτωνιλαϐεἴν,
1454 1587 1502 1612 καὶ
1528 1586 1667 1621 βασιλείας
1700 1585 1828 1620 οὐρανῶν

1037 1633 1186 1667 ἐπιτυχεῖν,
1204 1633 1227 1658 εί
1250 1633 1287 1668 μὴ
1304 1632 1508 1667 μεταλαμϐάνει
1529 1633 1599 1667 μετὰ
1614 1633 1697 1667 φόὸου
1715 1633 1762 1659 καὶ
1779 1632 1827 1659 πί-

1037 1687 1122 1710 στεως
1148 1679 1194 1705 καὶ
1225 1679 1308 1705 πόθου
1331 1680 1386 1705 τῶν
1416 1680 1565 1714 μυστικῶν,
1593 1680 1640 1706 καὶ
1668 1679 1826 1714 ἀχράντων,

1038 1725 1162 1759 σώματος
1175 1727 1221 1751 καὶ
1235 1725 1350 1760 αἵματος
1360 1726 1407 1752 τοῦ
1419 1725 1547 1762 Χριστοῦ.
1564 1735 1574 1752 )
1591 1726 1707 1761 Ὁμοίως
1722 1726 1827 1761 γράφει

1037 1771 1083 1798 καὶ
1099 1773 1113 1797 6
1129 1772 1214 1807 μέγας
1231 1773 1381 1806 Βασίλειος,
1397 1775 1426 1800 ὲν
1442 1775 1474 1809 τῇ
1491 1773 1559 1809 πρὸς
1576 1773 1730 1807 Καισαρίαν
1767 1773 1826 1799 Πα-

1035 1820 1144 1855 τρικίαν
1158 1821 1284 1856 ἐπιστολῇ
1298 1829 1305 1836 ·
1324 1830 1334 1846 ι
1353 1821 1408 1847 Καὶ
1424 1820 1454 1847 τὸ
1471 1821 1609 1847 κοινωνεῖν
1627 1820 1655 1846 δὲ
1675 1820 1736 1846 καθ’
1755 1820 1825 1846 ἑκά-

1036 1874 1102 1901 στην
1113 1865 1230 1901 ἡμέραν,
1243 1867 1289 1892 καὶ
1302 1866 1520 1901 μεταλαμὸάνειν
1532 1865 1579 1892 τοῦ
1589 1866 1668 1900 ἁγίου
1683 1865 1824 1901 σώματος,

1034 1912 1081 1938 καὶ
1096 1912 1211 1947 αἳματος
1229 1912 1275 1938 τοῦ
1289 1912 1420 1947 Χριστοῦ,
1442 1913 1524 1939 καλὸν
1540 1913 1586 1939 καὶ
1606 1912 1756 1946 ἐπωφελὲς,
1772 1914 1824 1939 αὖ-

1033 1958 1080 1986 τοῦ
1106 1959 1200 1993 σαφῶς
1221 1959 1364 1993 λέγοντος·
1394 1960 1423 1986 '0
1443 1960 1557 1995 τρώγων
1582 1968 1632 1995 μου
1652 1960 1702 1994 τὴν
1720 1960 1822 1994 σάρκα,

1034 2006 1080 2032 καὶ
1101 2006 1186 2032 πίνων
1210 2015 1260 2041 μου
1283 2006 1313 2033 τὸ
1340 2004 1421 2041 αἷμα,
1439 2007 1467 2033 ἐν
1489 2007 1552 2042 ἐμοὶ
1580 2007 1667 2041 μένει,
1697 2007 1776 2041 κάγὼ
1791 2009 1822 2033 ἐν

1033 2051 1117 2087 αὐτῷ,
1148 2052 1194 2078 καὶ
1212 2051 1269 2087 ἔχει
1294 2051 1367 2088 ζωὴν
1382 2053 1500 2080 αἰώνιον.
1522 2053 1568 2084 Τίς
1583 2053 1637 2087 γὰρ
1652 2052 1821 2088 expensam.“

1032 2099 1072 2125 ὃτι
1085 2099 1115 2124 τὸ
1129 2099 1252 2133 μετέχειν
1269 2100 1388 2134 συνεχῶς
1403 2100 1452 2134 τῆς
1467 2099 1550 2134 ζωῆς,
1563 2100 1639 2125 οὐδὲν
1651 2099 1714 2125 ἄλλο
1732 2100 1819 2132 ἐστὶν,

1032 2145 1115 2180 ἢζῇν
1137 2145 1292 2180 πολλαχῶς;
1317 2146 1410 2180 Ἡμεῖς
1435 2146 1569 2180 μέντοιγε,
1597 2146 1727 2180 τέταρτον
1755 2146 1819 2172 καθ’

1031 2191 1150 2225 ἑκάστην
1172 2191 1304 2226 ἑϐδομάδα
1320 2192 1512 2226 κοινωνοῦμεν,
1531 2193 1560 2218 ὲν
1582 2193 1615 2227 τῇ
1633 2192 1772 2226 κυριακῇ,
1790 2193 1819 2218 ἐν

200 2235 414 2262 cornmunicare.
431 2235 482 2268 Qui
502 2237 574 2262 enim
588 2244 618 2263 se
635 2237 668 2263 ab
681 2237 722 2263 bis
737 2237 867 2269 abstinet,
888 2244 903 2264 a
931 2236 986 2264 Deo

1036 2238 1063 2272 τῇ
1078 2237 1197 2272 τετράδι,
1211 2239 1239 2263 ἐν
1254 2240 1286 2273 τῇ
1304 2240 1476 2273 παρασκευῇ,
1498 2239 1543 2264 καὶ
1558 2237 1596 2272 τῷ
1613 2238 1752 2273 Σαϐϐάτῳ,
1771 2237 1819 2264 καὶ

201 2280 321 2312 recudit;
340 2281 387 2315 qui
406 2286 496 2308 autem
510 2282 536 2309 id
550 2283 681 2310 continue
703 2282 779 2314 facit,
799 2290 909 2310 carnem
924 2290 989 2310 cou-

200 2326 277 2354 tinue
304 2328 409 2362 recipit.
437 2329 507 2356 Dicit
529 2330 602 2356 enim
627 2337 678 2357 vox
703 2329 870 2357 Salutifera:
898 2339 907 2356 (
936 2330 986 2363 Qui

200 2375 349 2402 manducat
377 2383 465 2402 meam
487 2384 597 2404 carnem
624 2381 651 2405 et
670 2377 738 2404 bibit
761 2385 852 2404 mcum
878 2377 987 2413 sangui-

199 2429 274 2453 nem,
287 2422 314 2449 in
330 2430 373 2449 me
387 2426 489 2454 manet,
507 2427 533 2450 et
551 2430 601 2456 ego
615 2423 641 2449 in
656 2423 710 2450 illo.
725 2423 920 2451 Mouachorum
937 2425 988 2458 igi-

200 2473 245 2496 tur
263 2469 346 2496 refert
359 2469 509 2496 salutiferaa
520 2469 657 2504 passionis
670 2471 831 2497 memoriam
852 2475 987 2505 perpetuo

197 2515 299 2544 facere.
314 2516 366 2544 Eos
383 2516 468 2551 igitur
485 2524 597 2551 Semper
612 2524 676 2544 esse
691 2522 803 2551 paratos
825 2522 943 2551 oportet,
960 2523 986 2545 et

197 2562 302 2596 seipsos
319 2562 355 2588 ila
371 2562 528 2596 disponere,
542 2566 571 2588 ut
593 2562 667 2596 digni
683 2562 747 2593 sint,
764 2564 811 2597 qui
830 2572 909 2591 sacra
926 2572 984 2599 my-

197 2608 279 2636 steria
297 2609 445 2642 recipiant;
473 2610 602 2643 quoniam
625 2609 661 2635 ita
689 2615 864 2642 peccatorum
883 2611 985 2639 remis-

197 2655 276 2682 sione
301 2654 374 2689 digni
400 2654 545 2682 eﬂicimur.
565 2665 575 2681 ι
603 2655 674 2683 Dicit
691 2660 783 2683 autem
802 2661 829 2684 et
852 2657 958 2685 Climax
975 2665 983 2684 :

198 2710 208 2726 ι
230 2700 258 2727 Si
275 2708 376 2734 corpus
394 2701 467 2728 aliud
491 2709 593 2736 corpus
619 2706 770 2730 attrectans
797 2703 922 2731 efﬁcacia
939 2712 985 2732 va-

198 2746 296 2780 tiatur,
317 2747 454 2782 quomodo
477 2755 531 2774 non
559 2748 708 2775 variabitur
736 2748 781 2782 qui
813 2748 858 2775 Dei
881 2758 982 2784 corpus

198 2792 320 2819 innoxiis
338 2792 464 2820 manibus
478 2793 652 2820 attreclabit?
669 2802 678 2818 ι
697 2792 834 2828 Scriptum
849 2799 939 2823 autem
955 2801 983 2823 et

197 2838 224 2864 ill
242 2836 394 2864 Ceramico:
410 2846 419 2864 .'
438 2847 446 2864 1
462 2838 583 2866 Joannes
599 2838 757 2871 BOSIFCIIUS,
774 2840 815 2866 Vll’
831 2845 940 2868 sanctus
954 2847 982 2868 Cl

199 2887 357 2916 potestatem
374 2883 477 2912 habens
490 2887 516 2912 iu
529 2886 641 2920 spiritus
662 2885 828 2919 immundos,
844 2885 981 2916 daemones

1031 2284 1060 2309 ἐν
1080 2285 1139 2314 ταῖς
1154 2283 1246 2316 ἄλλαις
1271 2285 1398 2319 ἡμέραις,
1414 2285 1462 2310 ἐὰν
1518 2285 1610 2319 μνήμη
1632 2284 1709 2317 ἁγίου
1725 2284 1816 2315 τινός·

1030 2331 1059 2356 ὲν
1072 2328 1116 2361 αἶς
1132 2328 1217 2365 οἶμαι,
1235 2332 1281 2356 καὶ
1306 2331 1471 2366 ἐλειτούργει
1490 2333 1503 2358 6
1521 2332 1596 2364 ἅγιος
1608 2339 1616 2346 ⁸
1636 2330 1666 2356 οὐ
1680 2331 1734 2366 γὰρ
1755 2330 1818 2356 καθ’

1031 2375 1150 2412 ἑκάστην
1163 2376 1287 2411 ἠδύνατο,
1300 2377 1353 2403 ὑπὸ
1366 2377 1500 2404 τοσούτων
1518 2378 1665 2412 φροντίδων
1682 2378 1818 2412 ὀχλούμεο

1031 2431 1085 2454 νος.
1106 2433 1114 2450 ι
1132 2421 1198 2450 Εἷπε
1226 2423 1253 2450 δὲ
1278 2424 1325 2450 καὶ
1339 2425 1352 2450 ὁ
1366 2424 1443 2458 am;
1472 2424 1602 2455 Ἀπολλὼ,
1617 2425 1657 2451 ὅτι
1676 2434 1685 2450 ‹
1702 2425 1748 2451 Δεῖ
1770 2425 1818 2451 τὸν

1033 2470 1159 2505 μοναχὸν,
1180 2471 1203 2496 εἰ
1225 2470 1346 2502 δυνατὸν,
1362 2471 1422 2497 καθ’
1438 2472 1555 2506 ἑκάστην
1576 2471 1682 2506 ἡμέραν
1694 2472 1748 2498 τῶν
1765 2481 1819 2507 μυ-

1031 2517 1151 2552 στηρίων
1166 2517 1212 2543 τοῦ
1235 2518 1353 2552 Χριστοῦ
1372 2520 1518 2545 κοινωνεῖν.
1542 2519 1572 2545 Ὀ
1594 2519 1648 2553 γὰρ
1669 2519 1819 2553 μακρύνων

1030 2564 1126 2591 ἑαυτὸν
1141 2564 1193 2591 ἀπὸ
1209 2565 1320 2597 τούτων,
1336 2566 1503 2600 μαχρύνεται
1519 2565 1571 2591 ἀπὸ
1588 2565 1666 2597 Θεοῦ,
1682 2567 1695 2592 6
1707 2565 1735 2592 δὲ
1752 2574 1818 2593 συν-

1031 2611 1100 2645 εχῶς
1116 2610 1195 2636 τοῦτο
1209 2611 1361 2645 ποιῶν,τὴν
1373 2612 1462 2646 σάρκα
1480 2611 1599 2646 συνεχῶς
1611 2611 1770 2646 ὑποδέχεται
1784 2619 1788 2624 ·
1803 2621 1814 2638 ι

1029 2659 1045 2692 ἡ
1061 2659 1115 2693 γὰρ
1131 2658 1262 2692 σωτήριος
1283 2659 1356 2693 φωνή
1385 2667 1466 2692 φησιν
1478 2667 1484 2673 ·
1501 2667 1510 2684 ι
1539 2659 1567 2684 '0
1587 2658 1682 2685 ἐσθίων
1699 2667 1750 2693 μου
1767 2659 1817 2694 τὴν

1030 2705 1129 2739 σάρκα,
1145 2707 1190 2731 καὶ
1206 2705 1290 2731 πὶνων
1306 2715 1357 2739 μου
1375 2706 1404 2731 τὸ
1417 2704 1498 2740 αἷμα.
1516 2707 1544 2732 ἐν
1559 2706 1619 2740 ἐμοὶ
1636 2706 1721 2740 μένει,
1738 2706 1817 2740 κάγὼ

1029 2753 1058 2778 ὲν
1081 2752 1164 2786 αὐτῷ.
1193 2752 1277 2779 Τοῦτο
1303 2753 1348 2780 οὖν
1371 2753 1506 2788 συμφέρει
1521 2754 1575 2783 τοῖς
1593 2754 1731 2787 μοειαχοῖς,
1749 2754 1816 2780 ὑπό-

1029 2806 1127 2833 μνησιν
1144 2798 1190 2824 τοῦ
1206 2799 1337 2833 σωτηρίου
1355 2800 1457 2831 πάθους
1484 2800 1603 2834 συνεχῶς
1632 2800 1814 2834 ποιουμένοις.

1029 2843 1097 2870 Καθ’
1113 2844 1218 2878 ἡμέραν
1231 2842 1277 2870 οὖν
1296 2844 1402 2879 ἕτοιμον
1418 2843 1486 2871 εἶναι
1507 2845 1556 2877 δεῖ,
1574 2847 1620 2872 καὶ
1635 2846 1815 2880 παρασκευά-

1029 2890 1084 2919 ζειν
1099 2891 1194 2917 ἑαυτὸν
1207 2890 1337 2921 τοιοῦτον,
1354 2890 1423 2918 ὥστε
1438 2891 1512 2921 ἀξιον
1528 2891 1596 2919 rlvzt
1611 2893 1736 2926 πάντοτε,
1750 2894 1814 2929 περὶ
