1932 3088
210 149 261 179 8-“?

635 144 809 174 CALLlSTI
826 143 874 172 ET
897 143 1049 173 IGNATII
1062 143 1411 174 XAN'I‘llOPULUKUM

1787 148 1840 178 ΝΒ

211 203 372 239 pnslel‘lnris
398 201 544 237 imaginem
575 209 608 229 ac
636 200 866 234 similitudinem;
899 205 926 227 et
953 206 1002 233 per

1048 198 1077 225 τὸ
1089 200 1149 226 κατ’
1160 201 1263 233 εἰκόνα,
1283 202 1330 228 καὶ
1353 201 1415 228 καθ’
1438 200 1586 236 ὁμοίωσιν·
1601 201 1645 229 διὰ
1661 202 1789 238 πράξεώς
1803 211 1834 230 τε

208 255 287 276 actus
304 253 332 275 et
355 247 624 282 contemplationem,
653 253 702 280 per
730 245 809 273 ﬁdem
824 252 856 273 ac
883 252 959 280 spem
972 249 1000 271 et

210 294 371 322 charitatem
389 292 548 320 reformatio
561 299 592 319 ac
604 291 763 319 conversio.
786 292 827 318 Ad
852 290 937 318 Deum
956 290 999 317 di-

211 341 295 369 rectio
310 347 342 367 ac
357 339 424 367 unio
443 339 597 366 immediata
614 345 676 364 cum
693 337 749 370 illo,
766 337 895 369 exstasis,
909 344 1001 364 cessa-

211 387 259 419 tio,
274 387 350 422 quies
367 385 496 420 perfecta.
514 384 642 419 praesenti
655 384 766 419 quidem
781 389 904 418 tempore
932 387 978 410 tan

210 439 292 466 quam
313 431 338 458 in
356 430 466 466 speculo
483 435 509 457 ct
527 430 554 456 in
572 429 717 464 aenigmate
730 433 757 456 et
781 428 808 456 in
827 428 938 463 pignore
951 435 958 459 ;
971 427 999 454 in

211 477 300 503 inituro
318 481 421 508 autem,
439 475 507 503 facie
520 475 553 502 ad
586 475 681 502 faciem
708 474 786 505 visio,
817 478 844 501 et
878 474 998 508 perlecta

211 522 257 549 Dei
275 522 423 557 possessio,
438 525 466 548 et
480 526 581 548 zterna
597 521 656 556 ejus
684 520 788 548 fruitio.

210 590 286 622 Quod
302 595 403 616 rectael
419 597 479 616 vera
495 595 519 616 et
534 598 550 616 a
565 589 692 617 Pluribus
708 588 806 614 tradita
816 591 839 614 et
856 587 998 614 secundum

247 627 328 651 [leum
347 626 400 652 vita
420 630 459 651 est
472 624 655 659 tranquillitas
669 631 702 650 ra:
715 624 880 654 obedientia;
898 631 957 657 qua:
972 627 998 649 et

244 661 271 686 in
287 660 392 687 Christo
408 660 561 687 abscondita
571 660 628 687 vita
643 658 757 694 legitima
767 667 783 685 α
797 660 896 685 sanctis
906 661 997 684 vocata

245 700 293 722 est.

244 794 355 821 97.ll;ec
368 798 410 820 est
426 795 468 820 via
482 798 509 820 et
535 793 691 821 secundum
722 794 807 822 Deum
843 793 996 829 spiritualis

208 841 263 867 vita
278 845 305 867 et
315 847 389 867 sacra
404 841 527 874 operatio
545 847 608 868 vere
625 840 846 868 Christianorum
865 848 873 871 ς
891 848 954 868 vera
968 845 996 868 et

1042 246 1090 272 ml.
1114 246 1241 282 θεωρίας,
1264 246 1382 279 πίστεώς
1395 255 1427 274 τε
1450 247 1498 274 καὶ
1510 247 1628 280 ἐλπίδος,
1644 248 1693 274 καὶ
1709 248 1833 282 ἀγάπης,

1043 292 1237 327 ἀναμόρφωσις
1263 295 1311 319 καὶ
1332 293 1472 325 ἐπάνοδος.
1490 294 1525 320 Ἤ
1544 302 1574 320 τε
1590 293 1658 329 πρὸς
1674 293 1740 321 Θεὸν
1755 293 1836 329 ὑλικὴ

1042 338 1187 372 ἀνάτασις,
1211 338 1258 365 καὶ
1282 339 1382 374 ἄμεσος
1411 339 1529 370 ἕνωσις,
1560 339 1689 370 ἔκστασις
1712 347 1757 370 τε,
1787 339 1836 365 καὶ

1044 384 1145 417 παῦλα,
1161 384 1207 411 καὶ
1223 385 1328 418 στάσις,
1345 385 1414 412 κατὰ
1431 385 1482 419 μὲν
1496 385 1527 411 τὸ
1542 385 1640 420 παρὸν,
1657 385 1695 416 ὡς
1709 386 1725 420 ἡ
1744 385 1774 411 ὲν
1790 386 1837 411 ἑσ-

1042 429 1146 464 όπτρῳ,
1159 430 1207 456 καὶ
1221 431 1249 456 ὲν
1264 431 1417 465 αἰνίγματι,
1431 432 1478 457 καὶ
1493 431 1645 466 expensam.
1662 430 1741 456 Κατὰ
1761 430 1791 456 δὲ
1805 430 1836 456 τὸ

1044 473 1151 508 μέλλον,
1178 475 1194 509 ή
1223 474 1290 509 πρὸς
1322 476 1467 510 πρόσωπον
1490 476 1645 510 πρόσωπον,
1672 476 1719 502 καὶ
1742 474 1837 502 τελεία

1042 519 1152 552 τελείως
1164 519 1212 546 τοῦ
1230 520 1298 546 Θεοῦ
1312 520 1430 554 μέθεξις,
1451 522 1499 548 καὶ
1514 521 1606 552 ἀῖδίως
1618 521 1780 554 ἀπόλαυσις.

1041 570 1106 596 Ὀτι
1126 569 1201 602 αὕτη
1219 569 1312 601 ὄντως
1326 568 1413 595 ἐστὶν
1421 569 1440 602 ἡ
1458 568 1608 601 ἀπλανὴς,
1631 568 1679 595 καὶ
1697 569 1828 603 ἀληθὴς,

1077 605 1124 630 καὶ
1141 604 1418 637 πατροπαράδοτος,
1433 603 1482 630 καὶ
1498 604 1573 629 κατὰ
1589 605 1664 630 Θεὸν
1679 606 1828 637 πολιτεία,

1075 639 1216 672 δηλονότι
1231 639 1250 672 ἠ
1263 639 1296 670 ἐξ
1313 638 1452 672 ὑπακοῆς
1482 639 1611 672 ἡσυχία·
1635 638 1702 672 ἥτις
1732 639 1781 666 καὶ
1795 640 1831 666 ἐν

1075 674 1191 715 Χριστῷ
1217 673 1408 707 κεκρυμμένη
1433 673 1502 707 ζωὴ,
1520 674 1640 706 εἰκότως
1653 674 1711 707 τοῖς
1731 674 1830 709 ἁγίοις

1077 717 1178 743 προσει
1182 718 1218 743 ρη
1222 717 1267 735 ται
1272 728 1279 735 .

1076 780 1128 814 ι,ζ’.
1145 780 1218 816 Αὕτη
1234 781 1251 816 ή
1264 781 1332 812 ὁδὸς,
1360 781 1407 808 καὶ
1429 781 1501 808 κατὰ
1515 781 1580 809 Θεὺν
1597 781 1679 817 νοερὰ
1696 781 1830 812 πολιτεία,

1045 828 1090 854 καὶ
1117 827 1176 863 ιερὰ
1195 827 1320 863 ἐργασία,
1338 827 1390 853 τῶν
1405 827 1444 862 τῷ
1459 827 1515 853 ὄντι
1531 826 1717 863 Χριστιανῶν·
1734 828 1750 861 ὴ
1762 826 1832 860 ἁλη-

209 891 281 912 rccta
292 889 319 912 et
334 885 438 912 sincera
454 889 481 911 et
498 884 639 919 praeclara,
659 893 721 919 qua:
738 885 765 911 in
793 883 903 912 Clu-isto
933 885 998 911 abs-

1048 873 1102 909 δὴς,
1126 874 1174 900 καὶ
1190 874 1324 908 ἀπλανὴς,
1339 874 1385 900 καὶ
1393 873 1618 919 ,ἀκίϐμδηλοςιικαί
1632 881 1665 907 γε
1680 872 1831 919 αριδήλως,

209 932 318 958 condita
335 932 388 957 vita
400 935 452 958 est.
481 930 546 957 Eum
579 930 688 965 quidem
715 930 822 965 aperuit
846 934 874 956 et
905 929 999 957 docuit

210 977 387 1003 Deus—Homo
398 981 424 1003 et
437 975 614 1003 dulcissimus
628 975 730 1007 Jesus;
748 979 944 1010 percurrerunt
955 975 999 1002 di-

209 1022 263 1048 vini
279 1022 393 1056 apostoli
408 1030 415 1055 ;
433 1030 502 1056 quos
519 1022 563 1048 alii
580 1022 667 1049 secuti
687 1026 761 1052 sunt.
778 1022 897 1049 illustres
914 1021 998 1048 nostri

209 1067 291 1095 duces
308 1075 340 1095 ac
353 1068 473 1103 magistri
491 1076 498 1100 -,
514 1068 559 1102 qui
579 1068 613 1094 ab
637 1067 728 1099 initio,
753 1075 849 1102 nempe
864 1075 879 1094 a
911 1067 998 1102 prima

209 1113 310 1141 Christi
324 1115 350 1140 in
366 1113 465 1140 mundo
482 1114 628 1148 praesentia
642 1118 669 1140 et
685 1120 772 1149 usque
787 1113 820 1140 ad
845 1120 906 1146 nos,
938 1117 998 1140 lan-

209 1168 291 1195 quam
308 1159 450 1186 luminaria
467 1159 494 1186 in
512 1159 613 1187 mundo
640 1159 863 1193 splenduerunt;
893 1160 998 1187 viviﬁci

210 1205 344 1233 sermonis
365 1205 471 1240 fulgore
484 1209 510 1232 et
530 1205 606 1232 miris
619 1206 677 1232 suis
694 1205 841 1240 operibus;
856 1206 902 1241 qui
913 1213 999 1241 usque

210 1252 243 1277 ad
260 1258 310 1278 nos
326 1251 377 1278 hoc
388 1252 487 1277 bonum
509 1257 614 1283 semen,
626 1250 677 1278 hoc
694 1259 802 1278 sacrum
820 1252 997 1285 fermentum.

211 1296 329 1323 radicem
346 1301 482 1328 sanctam,
497 1296 654 1323 inviolabile
673 1296 839 1331 depositum,
859 1298 997 1332 'gratiam,

211 1342 339 1368 virtutem
355 1348 389 1368 ex
403 1341 473 1372 alio,
490 1341 638 1375 pretiosam
665 1342 852 1375 margaritam,
877 1343 997 1371 divinam

211 1387 302 1414 Patris
317 1387 516 1418 hmrcditatetn,
538 1386 698 1412 thesaurum
721 1387 830 1422 inagro
854 1389 998 1416 abscondi-

212 1438 282 1464 tum.
300 1433 397 1467 pignus
416 1432 535 1466 Spiritus
564 1432 664 1465 sancti,
683 1433 787 1467 regium
814 1434 995 1469 signaculum,

211 1478 344 1505 viventem
359 1483 385 1505 et
404 1478 597 1505 scaturieutem
627 1485 725 1513 aquam
750 1478 872 1506 divinum
896 1480 995 1515 ignem,

212 1524 368 1558 religiosum
385 1523 435 1555 sal,
448 1524 568 1556 donum,
585 1523 772 1558 signaculum,
787 1524 889 1558 lumen,
904 1525 949 1553 alii
961 1526 995 1553 ad

211 1571 278 1598 ali0s
297 1570 441 1603 tradidere,
458 1569 531 1605 quod
547 1574 574 1597 et
585 1569 637 1597 erit
654 1570 681 1597 in
693 1570 880 1598 hereditatem
892 1572 995 1605 datum,

211 1621 238 1643 et
250 1624 297 1650 per
320 1616 512 1650 generationes
544 1616 658 1650 mystice
670 1615 843 1650 translatum,
861 1617 998 1651 quoadus-

211 1668 264 1696 que
276 1663 395 1688 st-cundo
405 1661 530 1688 Christus
541 1661 566 1688 in
582 1666 653 1688 terra
670 1661 803 1690 videatur.
813 1661 872 1688 Non
884 1663 997 1690 mendax

212 1711 253 1734 est
267 1706 339 1733 enim
353 1707 399 1741 qui
417 1705 485 1733 illud
501 1705 629 1740 promisit
643 1715 649 1732 :
666 1714 676 1732 ι
695 1707 765 1734 Ecce
784 1707 994 1741 ego_vohiscum

212 1761 270 1780 sum
284 1753 411 1779 omnibus
432 1752 529 1779 diebus
557 1759 642 1786 usque
665 1752 699 1779 ad
729 1754 995 1781 consummationem

212 1798 303 1826 smculi
319 1798 353 1825 δ’.
371 1807 381 1824 t
403 1798 499 1826 Amen.

1043 921 1107 956 ήέν
1118 917 1228 954 Χριστῷ
1256 914 1434 951 κεκρυμμένη
1458 913 1526 949 ζωή.
1549 913 1657 948 Ταύτην
1685 913 1765 947 ἔτεμε
1776 913 1828 948 μὲν

1044 966 1091 992 καὶ
1119 961 1352 999 ὲμυσταγώγησεν
1364 961 1378 986 ὁ
1392 959 1576 995 θεάνθρωπος,
1591 959 1638 985 καὶ
1657 958 1829 992 γλυκύτατος

1046 1011 1149 1046 Ἰησοῦς
1162 1018 1169 1025 ·
1192 1008 1339 1035 διώδευσαν
1353 1007 1376 1032 οῑ
1398 1005 1463 1032 θεῖοι
1490 1005 1654 1032 ἀπόστολοι·
1671 1004 1828 1039 ὲπηκολοῦ-

1041 1058 1126 1092 θησαν
1138 1056 1177 1087 δὲ,
1193 1055 1217 1081 οἱ
1235 1054 1294 1089 μετ’
1323 1053 1433 1084 αὐτοὺς,
1462 1052 1554 1082 αὐτοῖς
1570 1051 1607 1082 ὡς
1628 1051 1669 1077 δεῖ
1686 1051 1829 1086 ἑπόμενοι,

1040 1105 1064 1130 οἱ
1078 1103 1180 1129 κλεινοὶ
1208 1099 1397 1135 καθηγεμόνες
1411 1098 1491 1133 ἡμῶν
1502 1098 1549 1124 καὶ
1564 1097 1730 1124 διδάσκαλοι·
1744 1097 1770 1123 οί
1780 1097 1830 1124 ἀπ’

1040 1149 1139 1185 ἀρχῆς,
1168 1147 1254 1182 αὐτῆς
1280 1146 1312 1181 δὴ
1343 1145 1393 1180 τῆς
1418 1145 1465 1170 ἐπὶ
1490 1143 1542 1178 γῆς
1571 1142 1684 1178 πρώτης
1708 1142 1830 1178 Χριστοῦ

1041 1195 1208 1231 παρουσίας,
1247 1194 1296 1220 καὶ
1316 1192 1398 1227 μέχρι
1419 1191 1540 1226 τήμερον
1569 1190 1605 1220 ὡς
1631 1189 1776 1224 φωστῆρες
1800 1190 1830 1216 ὲν

1041 1244 1135 1278 κόσμῳ
1151 1241 1314 1276 λάμποντες,
1340 1239 1399 1270 ταῖς
1411 1237 1464 1264 τῶν
1485 1236 1598 1272 ζωηρῶν
1613 1237 1700 1270 λόγων
1717 1244 1831 1271 μαρμα-

1042 1289 1149 1324 ρυγαῖς.
1177 1287 1223 1313 καὶ
1251 1286 1310 1316 ταῖς
1333 1284 1386 1311 τῶν
1411 1282 1752 1319 ἐργωνπαραδοξοποιίαις
1770 1290 1776 1296 ·
1804 1281 1830 1308 οἶ

1042 1335 1088 1361 καὶ
1113 1334 1153 1365 είς
1169 1333 1232 1364 τοὺς
1247 1331 1307 1358 καθ’
1324 1331 1407 1366 ἡμᾶς,
1426 1330 1456 1356 τὸ
1474 1328 1593 1356 τοιοῦτον
1608 1328 1688 1354 καλὸν
1707 1328 1830 1363 σπέρμα,

1041 1383 1090 1418 τὴν
1103 1381 1178 1418 ἱερὰν
1208 1380 1309 1415 ζύμην,
1323 1379 1372 1414 τὴν
1384 1378 1510 1412 ἀπαρχὴν
1525 1377 1573 1412 τὴν
1590 1376 1682 1410 ἁγίαν,
1699 1375 1748 1411 τὴν
1761 1377 1832 1402 ἄσυ-

1042 1428 1088 1455 λον
1103 1426 1349 1463 παρακαταθήκην,
1371 1424 1420 1458 τὴν
1433 1423 1523 1458 χάριν,
1538 1422 1586 1458 τὴν
1602 1421 1631 1454 ἐξ
1653 1421 1737 1456 ὕψους
1750 1421 1832 1447 δύνα-

1045 1484 1102 1510 μιν,
1117 1474 1162 1500 τὸν
1188 1471 1337 1506 πολύτιμον
1360 1470 1545 1505 μαργαρίτην,
1565 1468 1610 1495 τὸν
1625 1467 1715 1494 ἔνθεον
1732 1475 1831 1502 πατρι-

1044 1521 1091 1548 κὸν
1105 1520 1214 1555 κλῆρον,
1230 1519 1275 1545 τὸν
1285 1518 1312 1544 ὲν
1330 1517 1368 1552 τῷ
1383 1515 1460 1550 ἀγρῷ
1474 1514 1665 1550 κεκρυμμένον
1680 1513 1831 1548 θησαυρὸν,

1042 1566 1088 1592 τὸν
1102 1563 1249 1601 ἀρραϐῶνα
1264 1562 1310 1588 τοῦ
1328 1560 1496 1596 Πνεύματος,
1508 1560 1538 1586 τὺ
1553 1558 1690 1594 βασιλικὸν
1706 1559 1832 1594 σημεῖον,

1043 1612 1073 1638 τὸ
1092 1610 1146 1642 ζῶν
1176 1610 1223 1638 καὶ
1252 1609 1398 1644 ἀλλόμενον
1416 1607 1498 1641 ὓδωρ,
1518 1606 1548 1632 τὸ
1564 1606 1635 1632 θεῖον
1648 1605 1718 1640 πῦρ,
1740 1607 1771 1631 τὸ
1787 1613 1832 1630 σε-

1044 1657 1159 1692 ϐάσμιον
1194 1655 1272 1687 ἅλας,
1300 1654 1329 1680 τὸ
1341 1654 1473 1689 χάρισμα,
1483 1652 1512 1679 τὸ
1529 1652 1699 1687 σφράγισμα,
1721 1653 1751 1682 τὸ
1762 1650 1832 1685 φῶς,

1044 1703 1092 1729 καὶ
1110 1702 1144 1728 τὰ
1159 1702 1238 1735 ὅμοια
1265 1700 1380 1732 τούτοις,
1394 1699 1462 1734 πρὸς
1494 1697 1626 1732 ἀλλήλους
1652 1696 1786 1723 διέδωκαν
1797 1704 1804 1710 ·
1819 1696 1833 1722 ὃ

1045 1748 1091 1774 καὶ
1107 1747 1182 1773 ἔσται
1198 1745 1456 1781 κληροδοτούμενον,
1472 1744 1520 1770 καὶ
1535 1743 1606 1769 κατὰ
1622 1742 1719 1776 γενεὰς
1730 1741 1833 1774 γενεῶν

1046 1792 1184 1829 μυστικῶς
1214 1791 1491 1826 διαπορθμευόμενον,
1517 1790 1581 1825 ἄχρι
1613 1789 1661 1816 καὶ
1683 1788 1769 1823 αὐτῆς
1782 1789 1835 1823 τῆς

213 1844 342 1877 δευτέρας
364 1842 443 1872 αὖθις
465 1841 511 1868 ἐπὶ
528 1841 580 1876 γῆς
603 1841 720 1877 Χριστοῦ
743 1840 905 1876 παρουσίας.
927 1837 1057 1873 Ἀψευδὴς
1074 1838 1129 1872 γὰρ
1151 1839 1165 1865 ὁ
1181 1839 1429 1874 ἐπαγγειλάμενος,
1446 1839 1492 1872 τὸ,
1508 1849 1518 1866 ‹
1540 1839 1596 1866 Καὶ
1614 1839 1670 1866 ίδοίι
1696 1839 1753 1871 ἐγὼ
1775 1840 1839 1875 μεθ’

215 1889 291 1924 ὑμῶν
306 1890 364 1923 είμι
378 1890 469 1921 πάσας
483 1890 532 1921 τὰς
548 1890 664 1924 ἡμέρας,
678 1889 730 1920 ἓως
743 1888 795 1924 τῆς
813 1885 967 1918 συντελείας
979 1885 1028 1911 τοῦ
1040 1885 1149 1917 αἰῶνος.
1169 1886 1265 1920 ’Δμήν.
1290 1896 1299 1914 ι

215 1935 303 1970 Quod,
316 1934 365 1961 etsi
386 1933 438 1959 sint
457 1932 518 1970 alia:
533 1931 626 1970 salutis
639 1930 697 1970 vim.
707 1937 747 1970 ‘ea
762 1935 847 1970 tamen
858 1933 896 1956 est
911 1929 998 1957 excel-

300 1969 395 1997 lentior
407 1972 431 1995 et
441 1968 530 2002 regina
544 1971 568 1993 et
583 1967 609 1993 in
623 1965 788 1999 adoptionem
799 1965 906 1993 ducens.
945 1975 947 1980 η

246 2071 294 2099 98.
303 2069 357 2097 Etsi
369 2073 394 2096 et
405 2068 464 2094 aliae
473 2067 523 2094 viae
534 2067 628 2094 etvitai
635 2065 768 2096 rationes,
790 2068 827 2097 et,
838 2064 862 2093 si
876 2066 927 2097 vis,
936 2072 1001 2099 ope-

215 2119 334 2146 rationes
344 2116 421 2143 homo.
433 2114 488 2141 sint
500 2117 526 2140 et
539 2113 573 2140 ad
580 2112 696 2139 salutem
708 2111 835 2145 dirigant,
844 2116 872 2137 et
881 2119 942 2137 eum
952 2111 998 2144 qui

1048 1932 1109 1958 "On
1130 1931 1187 1958 κᾶν
1208 1930 1257 1957 καὶ
1283 1930 1374 1958 ἄλλαι
1387 1926 1464 1957 ὦσιν
1492 1927 1556 1955 ὁδοὶ
1584 1927 1735 1962 σωτήριοι,
1764 1927 1836 1954 ἀλλ’

1082 1966 1156 1999 αὕτη
1169 1966 1187 1999 ἠ
1198 1966 1366 1999 πρόκριτος,
1399 1965 1449 1992 καὶ
1465 1963 1603 1996 ,βασι-λὶς,
1619 1964 1668 1990 καὶ
1681 1964 1724 1995 είς
1736 1963 1836 1990 υίοθεο

1082 2001 1154 2028 σίαν
1164 2000 1308 2035 φέρουσα.

1085 2058 1139 2093 ιη’.
1157 2058 1188 2084 Ei
1203 2057 1231 2084 δὲ
1243 2058 1290 2084 καὶ
1305 2057 1383 2084 ἄλλαι
1409 2055 1474 2089 ὁδοὶ,
1487 2055 1533 2082 καὶ
1545 2054 1688 2087 πολιτεῖαι,
1705 2053 1729 2080 ει
1744 2051 1837 2088 βούλει

1047 2104 1075 2130 δὲ
1087 2105 1133 2130 καὶ
1159 2103 1285 2139 ἐργασίαι
1317 2103 1433 2139 χρησταὶ
1445 2101 1594 2136 πεφύκασι,
1609 2100 1678 2135 πρὸς
1697 2099 1837 2134 σωτηρίαν

214 2171 260 2191 eas
270 2162 402 2196 sequitur,
412 2161 438 2187 in
448 2159 545 2194 quiete
555 2162 688 2191 statuunt,
698 2157 925 2192 quemadmodum
938 2161 1001 2184 sunt

1048 2149 1203 2185 ὀδηγοῦσαι,
1232 2149 1279 2176 καὶ
1299 2148 1507 2176 καταπαύουσαι
1518 2147 1563 2174 τὸν
1577 2146 1680 2177 ταύτας
1695 2145 1836 2180 μετιόντα,

215 2219 274 2245 qua!
289 2209 322 2236 ad
337 2209 493 2236 servitutem
509 2212 535 2233 et
550 2204 721 2232 mercenaria
745 2210 828 2237 opera
845 2210 928 2229 manu
948 2202 999 2229 du-

1049 2196 1143 2232 ὥσπερ
1160 2197 1213 2232 ἄρα
1230 2196 1276 2222 καὶ
1293 2195 1357 2227 εἰσὶ,
1391 2195 1439 2222 καὶ
1455 2194 1522 2230 πρὸς
1534 2192 1666 2225 δουλείαν,
1679 2192 1696 2227 ἢ
1716 2191 1835 2227 μισθαρ-

214 2260 280 2284 cunt
293 2260 317 2282 et
334 2254 440 2285 finiunt,
465 2251 695 2286 quemadmodum
722 2249 814 2276 multa:
839 2248 997 2275 mansiones

214 2302 285 2337 apud
303 2300 410 2327 Patrem
426 2306 486 2326 esse
506 2306 520 2324 a
538 2297 679 2324 Salvatore
702 2295 781 2323 dieue
799 2299 882 2328 sunt;
901 2295 948 2322 sed
966 2302 997 2322 ea

215 2355 304 2376 tamen
321 2351 361 2374 est
379 2345 471 2380 regina
483 2348 509 2372 et
544 2342 784 2372 excellentissima.
812 2346 838 2368 et
869 2341 998 2369 omnibus

215 2393 342 2430 operibus
357 2396 500 2427 praestans,
515 2394 542 2416 ut
555 2389 645 2416 anima
661 2389 768 2423 corpori
781 2392 890 2422 praestat
902 2395 908 2419 ;
918 2387 998 2422 quip-

215 2449 248 2477 pe
262 2448 323 2475 quae
335 2439 362 2466 in
378 2437 548 2472 adoptionem
561 2435 606 2462 Dei
621 2443 653 2462 ex
667 2439 740 2461 terra
752 2438 778 2461 et
793 2433 904 2468 pulvere
919 2439 998 2459 reno-

217 2495 270 2520 vet,
282 2493 314 2513 ac
331 2486 415 2513 Deum
432 2484 550 2511 emcrens
564 2482 592 2509 in
610 2480 712 2516 Spiritu
737 2480 808 2506 miro
834 2478 913 2506 modo
934 2485 996 2505 eum

217 2534 354 2560 hominem
369 2530 416 2566 qui
434 2532 459 2557 in
476 2530 562 2562 ipsam
589 2527 750 2562 ingreditur,
767 2530 797 2552 ut
819 2525 857 2552 ait
883 2532 998 2558 magnus

218 2579 334 2607 llasilius
351 2586 359 2604 :
380 2586 389 2603 ‹
404 2575 525 2610 Spiritus
537 2578 650 2602 sanctus
673 2580 734 2599 cum
757 2571 876 2599 hominis
902 2571 1000 2597 anima»,

217 2623 414 2660 supervenerit.
430 2625 453 2649 ei
467 2622 549 2648 vitam
567 2620 650 2652 dedit,
662 2618 736 2646 dedit
754 2617 998 2649 immmtahtatcm,

216 2670 348 2704 iacentem
364 2666 516 2695 suscitavit.
528 2675 537 2691 ι
552 2665 630 2698 Quod
643 2669 733 2691 autent
750 2671 765 2690 a
784 2663 885 2697 Spiritu
903 2665 1012 2689 sancto'

219 2721 319 2742 :eterne
335 2718 476 2744 movetur,
503 2713 629 2738 animans
656 2715 782 2737 sanctum
810 2708 908 2736 factum
937 2712 999 2740 θεὶς

217 2761 320 2794 accepit
333 2765 422 2786 autem
439 2759 521 2786 homo
536 2757 693 2792 dignitatem
711 2755 830 2790 Spiritus
853 2755 939 2783 sancti
970 2754 997 2781 in

254 2848 275 2863 "
297 2847 390 2874 Matth.
406 2853 503 2880 xxvrn,
521 2845 567 2872 20.

1048 2243 1119 2274 νίαν,
1156 2242 1386 2278 χειραγωγοῦσαι,
1405 2241 1452 2268 καὶ
1470 2240 1684 2274 καταλήγουσαι,
1700 2237 1773 2264 καθὰ
1788 2238 1835 2264 καὶ

1048 2289 1144 2316 πολλαὶ
1171 2288 1250 2323 μοναὶ
1272 2287 1310 2323 τῷ
1336 2287 1442 2322 Σωτῆρι
1468 2286 1544 2322 παρὰ
1567 2285 1607 2321 τῷ
1634 2285 1722 2319 Harp).
1749 2283 1836 2310 αὑτοῦ

1048 2337 1183 2373 ὑπάρχειν
1200 2336 1343 2371 εἴρηνται·
1369 2334 1427 2361 ἀλλ’
1443 2333 1488 2361 οὖν
1503 2333 1572 2368 αὕτη
1588 2333 1735 2367 πέφυκενή
1753 2331 1834 2366 βασι-

1047 2383 1098 2415 λὶς.
1115 2384 1163 2410 καὶ
1183 2383 1340 2418 πρόκριτος,
1364 2381 1412 2408 καὶ
1427 2380 1522 2407 πασῶν
1537 2379 1685 2414 ἐργασιῶν,
1703 2378 1740 2410 ὡς
1761 2377 1837 2412 ψυχὴ

1049 2429 1174 2464 σώματος
1202 2428 1398 2464 ὑπερκειμένη,
1419 2427 1466 2454 καὶ
1491 2427 1694 2462 ὑπερφέρουσα,
1724 2425 1773 2452 ἅτε
1796 2425 1837 2456 είς

1047 2475 1183 2502 υἱοθεσίαν
1197 2475 1264 2501 Θεοῦ
1282 2473 1480 2509 καινουργοῦσα
1496 2474 1528 2499 ὲκ
1543 2473 1595 2508 γῆς
1607 2473 1654 2498 καὶ
1675 2470 1839 2503 σποδοῦ,καὶ

1048 2521 1112 2548 Θεὸν
1130 2520 1298 2556 ἐργαζομένη
1311 2520 1470 2555 παραδὸξως
1487 2519 1516 2545 ὲν
1525 2517 1671 2553 πνεύματι,
1681 2517 1726 2544 τὸν
1739 2525 1839 2552 μετερ-

1047 2567 1161 2602 χόμενον
1175 2566 1270 2602 αὐτὴν,
1281 2567 1318 2597 ὡς
1334 2566 1417 2598 εἰκὸς,
1429 2565 1580 2599 ἄνθρωπον,
1591 2564 1627 2595 ὡς
1635 2563 1739 2598 φησινό
1749 2563 1839 2597 μέγας

1048 2614 1201 2645 Βασίλειος·
1222 2623 1230 2640 ι
1248 2613 1358 2648 Πνεῦμα
1374 2613 1450 2646 ἆγιον
1464 2611 1576 2639 ἐπελθὸν
1586 2612 1623 2642 είς
1633 2610 1722 2646 ψυχὴν
1729 2609 1838 2643 ἀνθρώ-

1048 2668 1111 2691 που,
1132 2660 1216 2687 ἔδωκε
1227 2660 1276 2695 μὲν
1285 2659 1368 2694 ζωὴν,
1377 2659 1459 2684 ἔδωκε
1468 2658 1496 2684 δὲ
1506 2657 1665 2689 ἀθανασίαν,
1673 2657 1769 2690 ἠγειρε
1783 2655 1838 2683 κεί-

1051 2713 1141 2739 μενον.
1157 2714 1166 2730 ι
1180 2704 1216 2730 Τὸ
1229 2704 1257 2730 δὲ
1273 2704 1383 2738 κινηθὲν
1395 2704 1503 2737 κίνησιν
1516 2702 1600 2729 ἀΐδιον
1613 2701 1665 2727 ὑπὸ
1676 2699 1837 2735 Πνεύματος

1049 2751 1140 2786 ἁγίου,
1162 2750 1229 2783 ζῶον
1243 2750 1319 2784 ἅγιον
1337 2750 1455 2785 ἐγένετο,
1470 2749 1531 2786 ἔσχε
1544 2749 1573 2776 δὲ
1587 2748 1731 2783 ἅνθρωπος
1746 2746 1836 2780 ἀξίαν,
