1932 3088
139 116 189 147 817

142 176 188 201 τδν
202 175 248 202 τοῦ
265 175 385 211 Χριστοῦ
403 174 534 210 ἀθλητήν.

180 273 220 301 ιδ’.
240 274 269 300 Εἰ
281 274 371 309 βούλει
390 273 486 308 μαθεῖν
502 274 560 304 πῶς
575 273 616 300 δεῖ
630 271 842 308 προσεύχεσθαι,
866 270 929 296 σκό-

142 330 189 347 πει
203 321 233 347 τὸ
254 321 329 352 τέλος
352 320 403 355 τῆς
423 320 572 355 προσοχῆς,
595 318 676 355 ἢκαὶ
697 319 747 352 τῆς
762 316 928 352 προσευχρῆς,

141 367 189 393 καὶ
215 367 251 402 μὴ
281 366 389 393 ἀπατῶ.
419 366 529 401 Ταύτης
556 366 610 401 γὰρ
630 365 660 391 τὺ
684 364 768 396 τέλος,
794 363 931 398 ἀγαπητὲ,

141 412 290 445 κατάνυξὶς
308 413 366 438 ἐστι
382 412 521 447 διηνεκὴς,
547 410 678 446 συντριόὴ
695 409 821 444 καρδίας,
838 409 931 444 ἀγάπη

142 460 210 494 πρὸς
240 459 284 486 τὸν
321 459 435 494 πλησίον
456 466 463 474 ·
499 458 530 484 τὸ
562 458 590 484 δὲ
621 456 741 484 ὶναντίον
778 455 933 490 πρόδηλον,

142 505 292 540 ἐπιθυμίας
324 504 467 540 λογισμὸς,
485 503 651 535 χαταλαλιᾶς
664 502 841 538 ψιθυρισμὸς,
855 503 933 537 μῖσος

141 553 210 588 πρὸς
230 553 276 578 τὸν
287 551 412 587 πλησίον,
427 552 474 578 καὶ
488 552 538 578 ὅσα
550 550 656 582 τούτοις
674 549 822 585 παρόμοια.

418 693 600 803 ΤΟῩ
630 735 948 802 ΚΥΡΙοΥ
995 733 1490 800 ΚΑΛΛΙΣΤΟΥ

498 117 603 150 CALL.
618 116 822 148 TELICUDA’.
842 115 889 146 DE
907 113 1052 151 QUIETA
1070 112 1395 146 CONVERSA'I‘lONE.

937 174 960 203 Α
977 180 990 199 r
1003 181 1044 199 .im
1062 177 1163 199 sortem
1181 180 1241 198 eum
1257 170 1360 197 (Iliristi
1378 169 1510 197 athletam
1532 168 1557 194 in
1579 174 1701 194 errorem
1731 166 1770 192 in-

1721 110 1770 139 813

981 220 1074 246 ducat.
1214 237 1221 243 .
1635 237 1641 242 .

1020 267 1062 294 M.
1097 265 1124 293 Si
1154 265 1195 293 iis
1223 265 1329 291 discere
1354 263 1490 298 quomodo
1519 269 1599 289 orare
1634 265 1770 295 oporteat,

984 314 1092 340 intuere
1113 311 1273 339 attentionis
1297 310 1378 337 ﬁnem
1407 314 1455 336 aut
1480 309 1563 336 etiam
1584 307 1728 338 orationis,
1746 312 1772 334 et

984 359 1038 386 noli
1067 365 1169 385 errare.
1196 357 1284 391 liuius
1311 356 1382 383 enim
1419 356 1491 388 finis,
1517 354 1705 386 dilectissime,
1730 358 1773 380 est

984 405 1145 433 indesinens
1159 404 1346 439 compnnctio,
1362 403 1453 431 cordis
1476 401 1618 434 contritio,
1635 401 1661 427 in
1679 400 1770 435 proxi-

984 461 1058 480 mum
1077 452 1210 479 cliaiitas.
1226 451 1401 478 Contrarium
1416 454 1507 476 antem
1526 447 1700 475 manifestum
1716 451 1770 479 est,

985 499 1142 534 cupiditatis
1169 498 1310 533 cogitatio,
1340 497 1484 524 calumnim
1510 503 1652 529 murmur,
1678 495 1771 522 odium

984 546 1011 574 iu
1029 546 1196 580 proximum,
1218 549 1243 571 et
1259 544 1310 570 alia
1328 543 1493 571 istiusmodi.

801 854 869 882 ΤΟΥ
901 855 1105 882 ΤΙΙΛΙΚΟΥΔΠ

546 939 676 982 ΠΕΡΙ
714 938 1107 983 ΗΣΥΧΑΣΤΙΚΗΣ
1144 938 1353 981 ΤΡΙΒΙΙΣ.

613 1117 890 1188 DOMINI
921 1117 1285 1182 CALLISTI

842 1240 1071 1272 TELiCOUDXE

494 1326 567 1371 DE
596 1326 820 1380 QUIETA
858 1324 1361 1374 CONVERSATIONE
1396 1317 1429 1368 ⁸.

184 1506 240 1532 Οὐκ
263 1505 320 1531 ἔστι
352 1503 530 1538 μετανοῆσαι,
548 1502 633 1538 χωρὶς
649 1501 765 1537 ἡσυχίας
781 1509 788 1517 ι

149 1552 195 1576 ut
220 1549 345 1576 ὁπωσοῦν
372 1549 560 1583 καθαρότητος
586 1547 718 1583 ἅψασθαι,
734 1548 938 1583 ἀναχωρήσεως

149 1596 212 1622 ἄνευ
223 1604 229 1610 ·
247 1595 307 1621 οὐδὲ
335 1594 404 1630 μετὰ
420 1594 470 1628 τῆς
486 1593 595 1628 ὁμιλίας
616 1592 664 1618 καὶ
688 1592 809 1627 ὁράσεως
828 1591 881 1617 τῶν
892 1590 939 1617 ἀν-

149 1641 278 1675 θρώπων,
310 1639 422 1666 δυνατὸν
439 1639 489 1673 τῆς
507 1638 616 1673 ὁμιλίας
635 1638 680 1664 καὶ
696 1636 813 1672 Θεωρίας
824 1636 940 1672 ἀξιωθῆ-

149 1695 191 1712 vat
210 1685 257 1712 τοῦ
284 1685 364 1712 Θεοῦ.
381 1685 431 1711 Διὰ
455 1683 535 1711 τοῦτο
550 1681 590 1715 οἷς
606 1684 715 1718 ἐγένετο
726 1683 769 1710 διὰ
787 1682 938 1718 φροντίδος,

151 1732 323 1767 μεταγνῶναι
331 1732 413 1759 ἓνεκα
431 1731 485 1757 τῶν
501 1729 608 1757 ἑαυτῶν
620 1729 809 1765 ἐσφαλμένων,
827 1729 873 1755 καὶ
886 1728 940 1755 τῶν

151 1778 245 1805 παθῶν
273 1777 464 1813 καθαρθῆναι,
493 1777 541 1803 καὶ
563 1777 655 1811 τυχεῖν
671 1796 678 1808 ,
711 1776 759 1802 καὶ¹
786 1774 939 1802 ἀπολαῦσαι

149 1824 268 1859 ὁμιλίας,
292 1823 339 1850 καὶ
356 1823 475 1859 θεωρίας
492 1822 571 1855 Θεοῦ,
586 1821 697 1856 ὃπέρας
713 1821 760 1847 καὶ
776 1821 876 1852 σκοπὸς
886 1819 940 1847 τῶν

150 1869 221 1896 κατὰ
245 1869 312 1895 Θεὸν
337 1867 567 1903 πολιτευομένων,
588 1867 636 1893 καὶ
648 1866 788 1902 ἀρραϐὼν,
807 1866 841 1892 ἶν’
855 1865 937 1897 εἴπω.

149 1915 199 1950 τῆς
215 1914 325 1942 αἰωνίου
346 1914 530 1950 κληρονομίας
547 1914 592 1940 καὶ
608 1911 655 1939 τοῦ
674 1912 753 1944 Θεοῦ,
765 1912 814 1947 ὅσῃ
831 1912 939 1947 μηχανῇ

151 1960 267 1996 ἡσυχίαν
298 1960 510 1995 μεταδιώχουσι·
541 1959 589 1986 καὶ
604 1958 755 1993 ἀναχωρεῖν
767 1959 814 1984 καὶ
828 1957 941 1992 φεύγειν

150 2007 214 2039 τοὺς
238 2005 397 2042 ἀνθρώπους
425 2004 564 2041 προῦργου
591 2004 739 2036 ποιοῦνται,
778 2004 847 2039 μετὰ
873 2003 940 2030 καθ-

151 2053 264 2088 ήκοντος
278 2053 324 2079 τοῦ
341 2053 391 2087 τῆς
404 2051 492 2087 ψυχῆς
504 2052 677 2085 διακειμένου
692 2050 802 2083 παντὸς,
816 2049 941 2077 ἐντεῦθεν

150 2100 218 2135 δῆτα
236 2098 342 2130 τούτοις
367 2097 450 2133 ἁρχὴ.
467 2098 497 2124 ὲν
516 2097 617 2133 ἠσυχίᾳ
644 2098 675 2123 τὸ
693 2096 807 2128 πένθος·
824 2097 840 2132 ή
859 2096 939 2123 αὺτο-

153 2146 270 2182 μεμψῐα,
282 2147 299 2181 ὴ
314 2144 419 2172 ἑαυτῶν
445 2143 629 2178 κατάγνωσις,
658 2143 692 2170 δι’
705 2143 724 2170 ἃ.
737 2143 780 2170 ἵνα
815 2142 941 2179 καθαρώ-

151 2202 229 2229 τερον
255 2193 381 2228 γένηται·
399 2190 560 2227 ἁγρυπνίαι,
575 2190 622 2217 καὶ
648 2190 767 2222 στάσεις,
783 2189 829 2216 καὶ
841 2189 941 2224 ἐγκρά-

151 2248 221 2271 τεια,
237 2239 284 2265 καὶ
294 2239 379 2270 κόπος
395 2236 561 2273 σωματικδς,
577 2232 615 2263 ὧν
625 2235 655 2262 τὸ
673 2235 760 2271 πέρας
777 2235 939 2271 συλλήσδην,

151 2288 167 2321 ἡ
183 2286 237 2313 τῶν
266 2285 394 2320 δακρύων
420 2283 481 2319 ῥοὴ,
515 2282 649 2319 προϊοῦσα
666 2282 696 2315 ἐξ
713 2281 859 2316 ὀφθαλμῶν
874 2290 941 2317 (ppo-

151 2332 269 2358 νούντων
289 2331 417 2364 ταπεινὰ,
434 2330 462 2356 ὲν
481 2328 627 2361 κατανύξει
643 2328 722 2364 δήπω
738 2327 862 2363 καρδίας.
887 2327 941 2354 Καὶ

152 2378 220 2414 πρὸς
242 2378 376 2412 κάθαρσιν
407 2375 479 2403 οὕτω
504 2375 685 2411 προσέχουσιν
703 2395 710 2406 ,
739 2374 811 2400 οὕτω
840 2373 941 2409 ταύτης

151 2423 382 2458 ἐπιτυγχάνουσιν
414 2420 459 2447 διὰ
494 2419 630 2456 πράξεως.
667 2419 713 2446 Ἐν
733 2418 839 2450 τούτοις
864 2418 942 2450 αὖθις

152 2470 238 2505 πέρας
255 2468 381 2503 ἡεῑρήνη
408 2466 463 2493 τῶν
492 2465 641 2500 λογισμῶν,
665 2464 759 2500 ὥσπερ
775 2465 805 2491 ὲν
826 2463 942 2496 ἐκείνοις

152 2518 168 2551 ἡ
192 2515 246 2542 τῶν
279 2513 416 2549 δακρύων,
429 2512 467 2545 ὡς
489 2511 606 2547 ἔφημεν,
635 2511 761 2547 ὲπιρῤοή.
786 2510 942 2538 Κάντεῦθεν

152 2563 266 2597 ἄρχεται
279 2561 294 2587 ὁ
306 2559 378 2592 νοῦς,
409 2558 551 2594 πεφυκότα
574 2558 684 2593 τρόπον,
701 2557 750 2588 τὰς
772 2557 867 2592 φύσεις
887 2557 941 2583 τῶν

151 2607 238 2634 ὄντων
256 2606 433 2638 ἀνασκοπεῖν,
448 2605 495 2631 καὶ
510 2603 560 2640 τὴν
573 2604 671 2639 τέχνην
690 2603 945 2638 καταστοχάζεσθαι.

152 2652 200 2679 τοῦ
219 2651 298 2685 Θεοῦ,
315 2651 363 2678 καὶ
376 2650 452 2677 θείαν
466 2649 571 2676 ἔννοιαν
594 2649 804 2684 συλλαμϐάνειν,
825 2648 873 2675 καὶ
891 2648 941 2683 τῆς

153 2699 305 2734 δυνάμεως,
327 2697 376 2724 καὶ
397 2695 505 2730 σοφίας,
521 2695 568 2722 καὶ
580 2695 669 2730 δόξης,
683 2694 731 2721 καὶ
760 2694 939 2729 ἀγαθότητος,

154 2745 266 2772 καὶτῶν
293 2743 380 2771 ἄλλων
390 2742 440 2769 ὅσα
466 2741 530 2777 περὶ
544 2741 611 2768 Θεὸν
622 2740 794 2776 θεωρεῖσθαι,
808 2740 887 2776 ἔργον
900 2741 942 2774 γί-

807 1501 866 1528 οὐδὲ
882 1500 971 1530 ἔστιΒ
1021 1498 1080 1527 Non
1107 1500 1170 1528 licet
1193 1500 1327 1536 pmnitcre
1343 1501 1449 1536 alisque
1474 1501 1691 1536 tranquillitate;
1715 1511 1780 1532 non-

985 1547 1047 1574 Iicet
1078 1548 1224 1582 puritatem
1254 1547 1361 1582 assequi
1393 1547 1452 1576 sine
1489 1549 1651 1582 solitudine;
1685 1557 1772 1584 neque

984 1600 1046 1619 cum
1063 1592 1283 1628 frequentatione
1308 1601 1340 1621 ac
1364 1594 1424 1621 visu
1453 1594 1592 1622 hominum
1621 1603 1769 1629 possumus

985 1639 1058 1674 digni
1085 1639 1180 1666 haberi
1208 1639 1255 1674 qui
1276 1647 1338 1667 eum
1366 1640 1420 1667 Deo
1437 1648 1631 1669 converseninr
1654 1649 1773 1676 eumque

986 1685 1214 1720 contemplemur.
1233 1685 1298 1713 Ideo
1314 1685 1360 1721 qui
1380 1686 1512 1720 pmnitere
1526 1690 1623 1713 curant
1638 1687 1670 1713 de
1685 1687 1774 1721 culpis

985 1739 1054 1767 quas
1069 1732 1215 1764 admisere,
1231 1736 1258 1759 et
1275 1739 1289 1759 a
1306 1731 1502 1767 cupidiwibus
1527 1732 1665 1766 mandari,
1678 1738 1704 1760 et
1728 1740 1774 1760 as-

986 1778 1065 1812 sequi
1088 1782 1116 1805 et
1136 1783 1249 1813 gustare
1274 1777 1322 1805 Dei
1347 1778 1582 1806 conversationem
1607 1779 1774 1813 contempla-

985 1825 1149 1859 tionemque‘
1171 1824 1228 1859 (qui
1255 1824 1388 1850 terminus
1412 1828 1454 1851 est
1472 1831 1566 1851 eorum
1598 1824 1643 1858 qui
1676 1831 1774 1851 secun-

986 1871 1050 1898 dum
1068 1870 1153 1898 Deum
1168 1871 1274 1903 vivunt,
1286 1875 1313 1897 et
1327 1870 1436 1906 pignus,
1453 1875 1481 1897 ut
1497 1869 1533 1897 ita
1547 1870 1647 1903 dicam,
1663 1875 1774 1898 alternae

986 1917 1033 1944 Dei
1050 1916 1237 1950 liaereditatis),
1248 1916 1313 1943 totis
1330 1916 1433 1943 viribus
1446 1915 1671 1950 tranquillitatem
1685 1922 1774 1949 perse-

986 1966 1126 1998 quuntur;
1150 1966 1178 1989 et
1207 1962 1334 1989 recedere
1361 1969 1394 1988 ac
1424 1961 1518 1996 fugere
1541 1961 1668 1988 homines
1695 1961 1773 1988 multi

987 2009 1102 2041 faciunt,
1119 2009 1246 2037 omnibus
1260 2016 1320 2044 qum
1338 2008 1365 2035 in
1385 2008 1474 2035 anima
1490 2011 1554 2034 sunt
1571 2012 1643 2034 recte
1658 2007 1775 2042 disposi-

986 2058 1041 2091 tis;
1060 2056 1123 2084 inde
1140 2063 1207 2084 sane
1229 2056 1263 2083 iis
1277 2054 1439 2090 principium
1458 2059 1510 2087 est,
1525 2054 1551 2080 in
1572 2054 1775 2088 tranquillitate

987 2103 1077 2135 dolor,
1092 2101 1232 2137 proprium
1247 2100 1289 2128 sui
1306 2099 1470 2134 vituperium
1485 2104 1512 2126 ct
1529 2098 1680 2130 accusatio,
1695 2098 1731 2125 ita
1748 2103 1776 2124 ut

989 2147 1076 2182 magis
1091 2146 1275 2176 mandentur;
1292 2143 1401 2179 vigilim.
1413 2142 1547 2170 stabilitas
1559 2161 1566 2174 ,
1583 2141 1773 2175 temperantia,

989 2198 1015 2222 et
1030 2192 1182 2228 corporalis
1197 2192 1283 2222 labor,
1297 2197 1412 2225 quorum
1428 2189 1489 2216 linis
1507 2188 1621 2215 omnino
1635 2193 1676 2215 est
1688 2188 1775 2222 lat-ry-

990 2246 1097 2267 marum
1111 2237 1209 2265 eﬂ‘usio
1225 2244 1256 2264 ex
1273 2235 1361 2264 oculis
1379 2234 1489 2261 humilia
1505 2234 1687 2261 sentientibus
1702 2233 1776 2261 deci-

989 2286 1067 2317 dens,
1085 2291 1183 2318 nempe
1202 2283 1229 2310 in
1250 2281 1341 2310 cordis
1358 2281 1582 2315 compunctione.
1603 2280 1638 2308 Et
1655 2280 1696 2308 sic
1719 2287 1775 2306 sua:

988 2331 1154 2360 incumbunt
1177 2327 1359 2361 mundatioui,
1374 2335 1490 2362 eantque
1516 2334 1563 2360 per
1579 2330 1657 2353 actus
1680 2331 1775 2351 consc-

989 2382 1122 2413 quuntur.
1144 2377 1172 2403 in
1190 2376 1224 2403 iis
1241 2375 1324 2411 igitur
1340 2374 1473 2401 terminus
1496 2372 1695 2408 cogitationum
1712 2378 1774 2405 pax,

990 2429 1020 2452 ut
1041 2429 1069 2451 et
1092 2424 1118 2450 in
1136 2422 1199 2454 illis,
1215 2425 1244 2448 ut
1269 2421 1401 2453 diximus,
1418 2421 1599 2454 lacrymarum
1615 2416 1722 2445 eiiusio.
1743 2415 1775 2443 Et

992 2470 1056 2498 inde
1081 2477 1157 2496 mens
1175 2469 1270 2503 incipit
1295 2467 1376 2495 modo
1397 2465 1527 2498 naturali,
1553 2469 1667 2491 naturas
1683 2470 1773 2490 rerum

991 2517 1159 2547 examinare.
1176 2519 1202 2541 et
1224 2514 1270 2541 Dei
1290 2517 1376 2541 artem
1397 2511 1582 2543 considerare,
1600 2509 1775 2543 divinamquc

991 2564 1184 2599 cogitationem
1200 2561 1345 2596 concipere
1368 2564 1394 2587 et
1412 2558 1538 2594 potentia:
1553 2562 1580 2584 et
1593 2555 1735 2591 sapientia:
1748 2559 1775 2581 et

993 2609 1084 2645 glorim
1099 2613 1127 2636 et
1142 2606 1273 2636 bonitatis
1289 2612 1317 2633 et
1331 2605 1448 2633 aliorum
1467 2610 1528 2639 qua:
1542 2603 1575 2630 de
1591 2601 1648 2629 Deo
1661 2603 1775 2636 possunt

993 2655 1093 2691 inquiri
1108 2664 1114 2688 ;
1134 2659 1162 2682 et
1178 2654 1203 2680 in
1219 2652 1369 2688 Scriptura:
1386 2649 1513 2686 mysteria
1531 2649 1626 2682 intrat,
1640 2652 1667 2675 ct
1682 2653 1777 2681 super-

993 2701 1128 2730 naturalia
1155 2703 1249 2735 gustat
1275 2699 1365 2730 bona,
1395 2702 1423 2724 et
1456 2694 1644 2731 supercmlesti
1675 2692 1776 2720 fruitur

994 2746 1246 2783 pulcliritudine,et
1269 2744 1366 2771 divinae
1384 2742 1523 2771 charitatis
1543 2741 1676 2768 formatur
1695 2746 1776 2773 capa-

190 2831 226 2862 (⁸)
241 2831 301 2866 Hanc
311 2830 336 2855 in
348 2829 487 2865 ΡΙῂίοι-αίὶα,
506 2830 705 2885 ρι’διιηξᾴεηιχιιυε
729 2831 845 2856 continue
859 2830 934 2855 aduec

190 2869 207 2885 ω
219 2868 344 2885 [immissa
362 2862 516 2885 bioirraoliit‘a
533 2864 628 2885 notitia.
651 2869 708 2885 amr.

988 2835 1030 2857 .ur.
1048 2827 1195 2857 interposito
1214 2826 1306 2850 tantum
1323 2821 1396 2848 titulo
1408 2827 1482 2853 quem
1499 2819 1687 2851 exscripsimus,
1698 2817 1777 2842 null»

157 2869 207 2894 ῳυδ
219 2862 344 2894 praemissa
362 2861 516 2893 biograpbit‘a
533 2862 628 2886 notitia.
644 2861 708 2886 Em.
