1932 3088
147 138 200 169 843

692 144 739 173 DE
763 146 782 174 ι·
789 145 849 174 ITA
870 145 1195 178 CONTEMPLA'l‘H‘A.

1715 158 1766 189 846

142 206 210 240 πρὸς
237 205 268 231 τὸ
286 206 372 232 αἴτιον
387 205 579 237 ἀνατετᾶσοαι,
603 206 650 232 καὶ
678 206 783 241 ἀφορᾷν
808 206 918 241 ἑπιστρε

963 224 966 230 ,
982 207 1040 228 Iura
1052 207 1101 233 cst.
1121 207 1150 229 ut
1161 203 1194 230 ad
1220 211 1329 231 causam
1346 206 1467 240 tendant,
1483 208 1516 234 ad
1531 215 1646 244 eamque
1662 216 1765 239 attento

141 252 258 284 πτικώς,
275 252 305 285 ἐξ
323 253 413 283 αἰτίας
436 252 464 279 δὲ
483 254 572 279 πάντα
588 252 729 288 παρῆκται
747 252 793 278 τοῦ
810 251 889 283 Θεοῦ,
905 250 934 284 ἐξ

140 295 171 324 οὗ
189 299 236 325 καὶ
260 299 274 324 ὁ
290 299 361 331 νοῦς,
379 300 394 326 6
419 298 448 325 δὲ
475 298 540 331 Θεός
555 299 613 326 ἐστι
641 298 672 325 τὺ
698 298 858 333 κορυφαῖον,
887 296 934 324 καὶ

141 345 234 376 ἁπλῶς
255 344 295 371 ἓν·
312 345 393 379 φύσις
407 345 460 380 ἄρα
473 345 512 380 τῷ
530 344 568 380 νῷ
584 346 652 381 πρὸς
667 346 696 373 τὸ
720 347 868 381 κορυφαῖον
886 344 935 373 καὶ

141 389 234 421 ἁπλῶς
253 389 293 422 ἓν,
319 390 357 421 ὡς
385 389 454 425 πρὸς
480 390 567 418 αῐτιον
584 391 818 429 ἐπιστρεφομένῳ,
836 392 933 419 ἀνατε-

139 437 247 467 τᾶεοειι,
267 437 313 463 καὶ
327 437 444 472 ἀφορᾷν.

176 481 220 515 ιγ’.
246 483 277 509 El
305 482 333 515 ἐξ
351 482 447 515 αὐτοῦ,
468 483 516 510 καὶ
543 483 576 510 δι’
605 484 699 516 αὑτοῦ,
717 485 763 511 καὶ
789 485 830 516 είς
851 483 933 511 αὑτὸν

139 530 173 555 τὰ
190 529 289 559 πάντα,
307 529 363 555 ἔστι
381 529 410 555 δὲ
430 529 478 557 καὶ
496 530 511 556 6
525 530 587 561 νοῦς
604 530 658 556 τῶν
679 530 806 558 ἁπάντων
823 530 862 562 ἓν,
878 530 933 566 ἄρα

139 573 169 606 ἐξ
189 573 284 604 αὑτοῦ,
302 573 349 600 καὶ
366 573 400 600 δι’
417 574 499 600 αὐτοῦ
526 575 573 601 καὶ
601 575 693 602 οὐτοσὶ
706 596 713 606 ,
738 575 786 602 καὶ
815 575 932 610 μάλιστα

139 619 355 655 προσεχέστερὸν
369 628 399 653 γε
416 620 445 653 ὲξ
459 619 553 653 αὑτοῦ,
577 621 624 647 καὶ
639 621 672 647 δι’
687 621 770 648 αὐτοῦ
789 622 869 654 αὐτὸς
886 622 931 649 διὰ

137 666 168 692 τὸ
186 664 348 692 θεοείκελον·
365 665 463 693 οὐκοῦν
473 667 521 692 καὶ
537 666 639 701 μᾶλλον
651 662 728 698 οὗτος
739 667 843 703 ἁφορᾷν
857 668 932 703 ὀφεί-

137 713 179 739 λει
194 712 223 746 ,γ’
237 712 278 744 εἰς
291 711 386 739 αὐτόν.
401 712 438 739 T6
457 712 486 739 δὲ
504 713 544 744 είς
561 713 643 740 αὑτὸν
657 712 815 748 λεγόμενον,
829 715 868 745 είς
882 715 931 749 τὴν

136 758 185 785 τοῦ
198 758 385 794 ὑπερκοσμίου
398 757 458 790 ἐνὸς
466 758 564 794 χρῆναι
581 758 700 794 ἔμφασιν
711 759 930 794 ἐπιστρεπτικῶς

136 805 243 840 ἀφορᾷν
264 803 349 840 δηλοῖο
364 804 405 836 εις
424 803 455 830 τδ
467 803 497 831 ιν
511 804 566 840 ἄρα
582 805 597 831 6
616 803 679 837 νοῦς
694 804 797 839 ὀφείλει
811 805 928 842 ἀφορᾷν.

980 251 1114 282 spectent,
1128 249 1150 276 si
1163 256 1245 283 porro
1262 251 1352 279 omnia
1364 259 1396 279 ex
1414 252 1467 279 Deo
1484 258 1613 289 tanquam
1629 263 1663 283 ex
1680 264 1764 285 causa

979 292 1126 328 pendeam,
1137 303 1169 322 er
1186 302 1240 328 quo
1256 304 1333 324 mens
1350 298 1406 332 ipsa
1420 306 1427 330 ;
1446 298 1516 327 Dcus
1530 305 1620 327 autem
1636 307 1677 328 est
1688 310 1760 329 surn-

978 347 1052 366 mum
1081 347 1113 368 ac
1143 341 1303 376 simpliciter
1333 351 1437 378 unum;
1466 347 1548 372 menti
1566 347 1648 381 igitur
1663 353 1762 375 natura

977 388 1019 411 est
1032 384 1064 411 ad
1080 392 1215 412 summum
1231 394 1263 413 ac
1280 388 1440 422 simpliciter
1454 397 1538 417 unum
1553 410 1561 420 .
1580 397 1708 425 tanquam
1727 393 1760 420 ad

976 436 1085 456 causam
1102 438 1249 464 conversae,
1262 433 1372 460 tendere
1388 439 1415 462 et
1432 441 1567 469 spectare.

1013 475 1056 503 13.
1076 475 1103 503 Si
1120 485 1151 503 ex
1170 477 1239 511 ipso,
1261 483 1288 506 et
1312 479 1338 506 in
1360 480 1419 514 ipso
1436 487 1468 507 ac
1488 489 1535 516 per
1551 481 1641 517 ipsum
1655 485 1758 517 omnia,

975 521 998 549 si
1016 529 1096 555 porro
1116 531 1192 551 mens
1207 524 1303 551 liorum
1329 526 1452 552 omnium
1476 534 1559 554 unum
1589 528 1693 563 aliquid
1713 529 1759 562 sil,
1783 520 1787 524 ’

975 567 1061 602 igitur
1091 577 1123 596 ex
1145 570 1203 604 ipso
1220 574 1246 597 et
1263 578 1310 604 per
1323 571 1411 606 ipsum
1426 579 1503 599 mens
1520 580 1553 600 ac
1569 574 1705 608 praecipue
1725 583 1759 602 ex
1782 572 1789 602 ἶ

974 613 1036 647 ipso
1058 615 1156 649 pendet
1177 620 1205 643 et
1226 624 1272 650 per
1285 619 1374 652 ipsum
1388 622 1430 645 est
1447 624 1558 654 propter
1574 628 1636 648 cum
1655 621 1709 648 Deo
1723 623 1760 650 si-

974 661 1176 694 militudinem;
1195 661 1277 696 igitur
1300 667 1327 690 et
1350 664 1437 691 multo
1464 665 1551 699 magis
1576 665 1620 693 illa
1643 667 1677 694 ad
1694 675 1757 694 eum

973 706 1094 740 aspicere
1111 707 1206 735 debet.
1219 707 1296 741 Quod
1312 715 1401 736 autem
1419 709 1520 737 dicitur
1535 711 1570 737 ad
1587 719 1657 744 eum,
1672 712 1758 746 signi-

972 753 1034 780 ﬁcat
1048 761 1107 781 eam
1121 758 1245 788 oportere
1268 755 1301 782 ad
1322 756 1541 790 supernaluralis
1567 755 1656 785 Unius
1673 759 1758 786 niani-

971 799 1142 827 testationem
1155 800 1242 828 vivide
1265 801 1396 836 aspicere.
1422 801 1451 830 lu
1477 811 1561 831 unum
1579 803 1660 838 igitur
1680 811 1758 832 mens

971 846 1053 873 debet
1067 847 1201 881 aspicere.

175 890 216 917 ιδ’.
236 891 282 924 Ἐξ
295 891 354 924 ἑνὸς
379 892 491 928 προτασι
511 893 547 921 τὰ
558 895 653 927 πολλὰ,
669 897 719 923 οὐκ
732 897 772 923 ἔτι
788 897 816 924 δὲ
829 899 861 926 ὲκ
875 899 918 926 τῶ⁴

1008 891 1050 918 ﬂ.
1071 891 1111 919 Ex
1141 901 1194 920 uno
1216 894 1307 921 omnia
1332 896 1495 929 procedunt,
1525 904 1578 924 non
1606 901 1697 926 autem
1721 904 1756 925 ex

137 937 245 963 πολλῶν
258 937 288 964 τὺ
299 937 337 965 ἓν.
348 938 509 976 Ἀλλαμὴνή
520 941 609 973 κτίσις
620 941 677 969 ἔστι
687 944 720 971 τὰ
728 943 823 977 πολλὰ,
832 945 930 973 οὐκοῦν

137 983 167 1015 ἑξ
183 983 244 1016 ἐνὸς
264 985 280 1019 ἡ
306 985 396 1017 κτίσις
424 986 558 1022 ἐναργῶς.
586 988 664 1015 Ἔστι
683 989 713 1017 δὲ
734 991 780 1018 καὶ
796 992 865 1029 ὑπὲρ
879 992 929 1028 τὴν

136 1029 237 1062 κτίσιν,
256 1029 294 1062 ὡς
309 1030 430 1065 Κτίστης
445 1032 492 1058 καὶ
509 1033 681 1070 Δημιουργδς
696 1036 784 1064 ἐκεῖνο
803 1037 832 1063 τὸ
853 1037 893 1064 ἐν·
913 1039 928 1065 6

134 1075 189 1110 ἄρα
205 1075 255 1110 τὴν
275 1076 365 1102 κτίσιν
381 1076 419 1109 ὡς
432 1077 472 1104 δεῖ
485 1077 606 1114 θεωρῶν,
624 1079 654 1113 ἐξ
673 1081 796 1117 ἀνάγκης
816 1082 883 1118 πρὸς
897 1083 928 1111 τὸ

133 1121 322 1163 ὑπερκόσμιον
339 1122 368 1149 ἓν
382 1123 438 1156 ἔξει
451 1124 481 1150 τὸ
494 1124 592 1152 ἑαυτοῦ
617 1126 668 1162 τῆς
688 1127 804 1164 θεωρίας
819 1130 926 1165 συμπέ-

133 1178 237 1205 ρασμα,
255 1171 372 1205 ἐπείπερ
396 1172 442 1198 καὶ
462 1172 550 1199 ἔνεστι
565 1174 621 1205 τοῖς
635 1175 765 1207 αἰτιατοῖ;
778 1177 926 1211 πάμπολλα

130 1214 178 1241 τοῦ
197 1216 283 1243 αἰτίου
301 1216 402 1243 ὡσανεὶ
417 1217 599 1254 ἁπηχήματα,
616 1219 649 1246 δι’
672 1216 710 1248 ὧν
733 1223 897 1258 γνωρίζεται
911 1225 926 1251 6

129 1260 223 1296 τέχνῃ,
239 1261 287 1288 καὶ
299 1261 392 1298 σοφίᾳ,
403 1262 516 1298 δυνάμει
534 1273 564 1290 τε
586 1265 632 1291 καὶ
645 1265 794 1302 ἀγαϐότητι
805 1276 924 1305 προνοη-

128 1306 214 1338 τικῶς
228 1306 262 1333 τὰ
289 1307 378 1334 πάντα
403 1310 572 1344 παραγαγὼν
589 1311 626 1342 ὡς
641 1312 766 1348 ἠθέλησε.
783 1315 832 1341 Διὰ
843 1314 924 1343 τοῦτο

127 1353 175 1380 καὶ
193 1353 316 1386 Ἡσαΐας,
329 1355 358 1380 ὲν
372 1353 411 1390 τῷ
430 1356 595 1391 "vstigia-rm
607 1356 754 1394 Έπάρατε,
772 1361 848 1396 φησι,
859 1362 923 1394 τοὺς

125 1399 285 1434 ὀφθαλμοὺς
314 1401 401 1435 ὑμῶν,
431 1403 477 1429 καὶ
499 1403 568 1430 ῐδετε
598 1404 640 1436 τίς
670 1406 808 1439 κατέδειξε
835 1408 922 1436 ταῦτα

125 1446 227 1474 πάντα.
248 1456 257 1472 ι
273 1447 312 1473 Τὰ
328 1447 377 1482 μὲν
389 1448 475 1475 ταῦτα
490 1449 580 1476 πάντα
600 1450 644 1477 διὰ
655 1451 690 1478 τὰ
704 1451 788 1479 πολλὰ
800 1452 920 1489 είρηκὼς

124 1491 247 1523 ulna-rd,
263 1491 293 1518 τὶ)
306 1491 335 1518 δὲ
351 1492 402 1525 τίς,
421 1493 488 1528 πρὸς
501 1494 546 1521 τὸν
561 1494 590 1528 ἐξ
606 1492 636 1522 οὗ
650 1495 737 1523 ταῦτα
750 1497 829 1533 (ὅπερ
844 1498 920 1526 ἐστὶν

123 1537 218 1569 ἁπλῶς
233 1537 304 1566 κατὰ
323 1538 404 1573 φύσιν
421 1538 461 1569 an
475 1540 585 1576 ἀνάγων
605 1542 651 1569 τὸν
667 1542 738 1572 νοῦν.

161 1683 201 1709 ιε’.
219 1681 370 1716 Συνάγεται
388 1683 435 1710 καὶ
451 1684 467 1720 ἠ
485 1684 575 1717 κτίσις
592 1685 631 1718 είς
648 1685 688 1718 ἓν,
703 1685 771 1714 ἀλλὰ
786 1686 914 1714 σύνθετον

117 1727 165 1754 καὶ
190 1728 354 1764 πολυμερὲς,
380 1730 428 1757 καὶ
451 1732 502 1758 οὐκ
520 1731 648 1768 ἄναρχον,
664 1732 713 1760 ατε
733 1733 852 1761 κτιστύν.
871 1734 907 1760 Τδ

115 1773 144 1800 δὲ
165 1774 257 1806 κτίζον
279 1775 320 1809 ἓν,
336 1776 367 1803 οὺ
388 1777 468 1812 μόνον
485 1777 515 1803 ἓν
539 1778 576 1809 ὡς
592 1778 698 1805 πολλῶν
713 1779 759 1806 καὶ
774 1780 912 1815 διαφόρων

116 1820 278 1854 συμφωνίας
307 1823 346 1854 εἰς
374 1823 438 1857 μίαν
468 1823 621 1858 σύμπνηιαν
648 1825 696 1852 τοῦ
725 1826 835 1857 παντὸς,
864 1826 911 1851 καὶ

115 1867 218 1892 σκοπὸν
241 1869 393 1902 ποιητικὸν,
407 1870 465 1896 ἀλλ’
478 1870 531 1906 ήδη
546 1871 594 1898 καὶ
613 1871 740 1898 ἄκτιστον
752 1872 789 1903 ὡς
805 1881 910 1907 προκα-

113 1911 266 1946 ταρκτικὸν
292 1914 399 1947 αἴτιον,
423 1916 506 1944 ἀνιὼν
531 1918 578 1944 ἐπὶ
597 1917 627 1944 τὸ
655 1918 771 1945 κατόπιν
795 1919 808 1945 6
835 1917 909 1950 νοῦς,

113 1957 225 1993 ἀνάγκη
240 1959 406 1995 καταντῆσαι
422 1959 468 1986 ὲπί
481 1968 508 1986 ιιι
519 1959 548 1985 ἓν
562 1960 692 1994 ἀρκτικὸν
705 1967 734 1985 τε
749 1960 797 1985 καὶ
813 1966 906 1985 τακτι-

112 2004 162 2031 κδν
181 2004 263 2039 τῆσδε
278 1999 327 2040 τῆς
354 2005 520 2040 φαινομένης
542 2005 596 2032 τῶν
627 2004 713 2032 ὅντων
728 2005 841 2038 τάξεως,
859 2005 907 2031 καὶ

112 2050 260 2083 γενέσεως,
275 2051 408 2086 ἁρμονίας
426 2060 455 2077 τε
470 2052 517 2077 καὶ
535 2051 685 2086 συμπνοίας
699 2052 749 2087 τῆς
764 2052 804 2083 είς
820 2052 850 2077 τὸ
865 2051 904 2084 ἓν,

112 2097 142 2130 ἢ,
158 2097 183 2122 εί
202 2096 239 2130 μὴ
254 2096 342 2129 τοῦτο,
354 2097 398 2123 ἐπ’
413 2097 527 2132 ἄπειρον
548 2098 631 2133 προΐῃ
645 2097 689 2129 ἂν,
709 2098 778 2133 ὅπερ
795 2097 904 2125 ἄτοπον.

113 2143 173 2169 Πᾶν
187 2142 242 2178 γὰρ
260 2143 290 2169 τὸ
305 2143 483 2178 κινούμενον,
509 2143 558 2170 καὶ
584 2143 757 2177 γιγνόμενον,
776 2144 850 2171 ἐστιν
867 2143 906 2171 ὅτ’

113 2188 166 2214 οὐκ
191 2186 236 2224 ἦν,
252 2188 298 2215 καὶ
314 2188 351 2224 μὴ
374 2188 414 2221 ὃν,
428 2189 528 2225 ἤρξατο
539 2209 546 2221 ,
563 2189 587 2215 εί
603 2189 625 2215 δ’
640 2190 753 2224 ἤρξατο,
770 2190 817 2216 καὶ
832 2191 904 2217 κεκί-

113 2243 209 2268 νηται.
225 2235 257 2260 Τί
272 2235 303 2260 τὸ
315 2236 431 2269 κινῆσαν
444 2235 535 2270 ζητεῖν
550 2234 645 2261 δεῖκαὶ
659 2235 699 2266 είς
716 2234 823 2268 γένεσιν
838 2235 907 2269 ἀγα-

112 2281 174 2315 γδν,
207 2281 274 2314 ὅπερ
303 2280 380 2307 ἔσται
410 2281 444 2307 ἂν
471 2279 520 2307 καὶ
541 2280 681 2315 ἀκίνητον,
699 2280 743 2315 ἐφ’
767 2281 830 2307 ὅσον
849 2280 908 2307 ἐστὶ

113 2326 218 2354 κινοῦνσ
235 2328 259 2353 εἰ
272 2327 328 2362 γὰρ
340 2326 382 2358 οὒ,
400 2326 425 2352 τί
441 2326 471 2352 τὸ
483 2325 576 2353 κινοῦν
589 2326 618 2352 τὸ
630 2326 667 2361 μὴ
682 2326 734 2353 ὑπὸ
749 2326 845 2361 ἑτέραν
858 2327 907 2362 ἁρ-

113 2373 166 2408 χὴν
175 2372 282 2404 τελοῦν,
293 2372 395 2399 ὲπείτοι
408 2381 438 2405 γε
453 2372 586 2407 ἄναρχονς
603 2373 626 2398 εί
637 2372 659 2398 δ’
672 2372 810 2408 ἀκίνητον,
825 2372 906 2409 ἄτρε-

115 2427 192 2446 πτον·
224 2420 248 2445 εἰ
265 2419 288 2445 δ’
313 2419 367 2454 ἄρα
381 2419 471 2450 τοῦτο,
497 2419 605 2450 πάντως
621 2419 666 2445 καὶ
682 2419 793 2452 ἁπλοῦν,
811 2420 854 2446 ἵνα
870 2420 907 2454 μή

115 2465 246 2492 σύνθετον
258 2465 287 2491 δν
300 2465 429 2500 τραπείη,
445 2465 491 2499 ὅγε
505 2465 638 2500 ἄτρεπτον
650 2466 715 2500 ἡμῖν
727 2465 906 2500 ὲκπέφανται·

115 2511 243 2542 σύνθεσις
258 2511 322 2545 γὰρ,
339 2511 411 2546 ἁρχὴ
430 2511 560 2542 στάσεως.
582 2511 614 2538 Ἦ
630 2511 670 2544 δὲ,
682 2510 796 2542 λύσεως,
814 2511 844 2537 τὺ
858 2511 909 2545 τῆς

112 2559 251 2595 κινήσεως
265 2559 387 2594 ἔσχατον.
406 2559 511 2586 Οὔκουν
526 2559 615 2586 τοίνυν
641 2560 699 2586 ἐκεῖ
716 2558 851 2590 σύνθεσις.
864 2558 911 2603 ἵνα.

113 2603 154 2638 μὴ
172 2603 220 2630 καὶ
234 2603 405 2634 στάςις,οὐδὲ
418 2604 522 2638 στάσις,
539 2604 583 2630 ῐνα
601 2604 692 2639 μήκαὶ
706 2603 862 2636 λύσις,οὐδέ
876 2612 908 2637 γε

111 2648 204 2680 λύσιε,
223 2649 266 2676 ἵνα
283 2649 321 2684 μὴ
332 2650 379 2676 καὶ
394 2649 492 2685 τροπὴ,
515 2650 562 2677 καὶ
577 2651 683 2685 κίνησις
699 2651 763 2685 περὶ
791 2650 836 2676 τὸν
851 2649 906 2686 [ισ.

109 2694 158 2731 τὶ]
175 2695 312 2730 ἄτρεπτον
339 2697 509 2732 ἀποφανοείη
524 2697 571 2723 καὶ
585 2697 722 2732 ἀκίνητον,
734 2697 771 2728 ὡς
806 2695 908 2728 κινοῦν,

110 2742 147 2767 οὐ
163 2741 335 2776 κινούμενον,
352 2743 398 2769 καὶ
413 2744 454 2775 είς
466 2743 572 2777 γένεσιν
587 2744 662 2777 ἆγον,
674 2744 734 2778 οὐχὶ
752 2742 908 2778 γενόμενον,

110 2787 133 2819 ἦ
148 2787 300 2822 γινόμενον.
315 2788 346 2814 Et
358 2788 410 2823 ἄρα
426 2788 560 2824 ἄτρεπτον
575 2789 772 2823 καὶτὰκίνητον,
784 2788 813 2821 ἐξ
826 2787 910 2822 ἀνάγ-

159 2873 181 2887 ¹¹
193 2871 243 2898 Ιδίι.
264 2879 306 2903 η,
330 2871 374 2898 26.

970 937 1063 965 multis
1090 945 1186 966 unum.
1203 939 1254 967 Sed
1269 941 1371 968 creatio
1388 942 1470 969 multa
1483 946 1524 969 est
1539 952 1547 976 ;
1561 951 1615 970 non
1628 943 1710 979 igitur
1721 951 1755 970 ex

969 991 1025 1010 uno
1053 981 1177 1012 creatura
1196 986 1329 1020 procedit.
1353 988 1426 1022 quod
1448 987 1622 1016 manifestum
1641 995 1693 1017 est.
1708 989 1755 1017 Est

969 1035 1059 1058 autem
1074 1037 1157 1066 supra
1173 1032 1352 1066 creationem,
1370 1038 1500 1069 tanquam
1515 1034 1632 1063 Creator
1646 1040 1673 1062 et
1689 1043 1756 1063 con-

969 1077 1041 1104 ditor
1068 1077 1148 1110 Deus,
1167 1077 1255 1105 Unum
1269 1079 1346 1106 illud.
1362 1079 1415 1112 Qui
1427 1081 1511 1115 igitur
1525 1082 1704 1115 creationem,
1725 1087 1755 1110 ut

969 1126 1085 1157 oportet,
1109 1123 1252 1156 intuetur.
1277 1130 1310 1152 ex
1328 1126 1491 1154 necessitate
1516 1129 1550 1155 ad
1580 1128 1644 1156 illud
1665 1128 1753 1156 Unum

968 1169 1176 1203 supernaturale
1190 1176 1246 1197 suae
1260 1170 1497 1206 contemplationis
1506 1174 1652 1200 terminum
1670 1174 1754 1202 liabe-

968 1213 1009 1241 bit
1028 1234 1035 1246 ,
1049 1215 1189 1250 ‘quoniam
1215 1220 1242 1243 et
1257 1216 1352 1244 insunt
1373 1220 1494 1246 causalis
1512 1224 1642 1254 tanquam
1661 1221 1754 1248 multa:

967 1268 1000 1288 ex
1019 1269 1101 1289 causa
1129 1263 1364 1297 repercussiones,
1381 1272 1429 1299 per
1447 1273 1507 1299 quae
1523 1266 1697 1301 cognoscitur
1709 1267 1753 1295 ille

968 1307 1014 1342 qui
1030 1313 1089 1335 arte
1101 1311 1129 1335 et
1141 1308 1275 1342 sapientia
1287 1313 1314 1336 ct
1326 1310 1448 1344 polentia
1462 1316 1488 1338 et
1501 1311 1623 1338 bonitate
1639 1312 1752 1345 provide

968 1355 1079 1385 cuncta,
1096 1357 1126 1380 ut
1142 1353 1238 1387 voluit,
1259 1354 1398 1388 produxit.
1422 1355 1487 1383 Ideo
1503 1361 1530 1383 ct
1545 1356 1629 1384 lsaias
1648 1356 1674 1383 in
1693 1357 1752 1391 spi-

966 1398 1039 1425 ritu:
1058 1407 1067 1424 ‹
1088 1398 1240 1432 Sustollile,
1260 1400 1358 1435 inquit,
1373 1402 1467 1430 oculos
1480 1408 1597 1435 vestros,
1616 1407 1643 1429 et
1657 1402 1749 1429 videte

966 1445 1029 1479 quis
1059 1445 1152 1472 omnia
1176 1445 1234 1473 haec
1259 1447 1411 1474 ostenderit
1443 1448 1488 1475 ".
1508 1458 1518 1475 ι
1547 1449 1660 1482 Quando
1685 1449 1752 1476 dicit

965 1490 1065 1522 onmia,
1091 1498 1123 1518 ea
1155 1492 1237 1518 multa
1272 1499 1332 1526 qua;
1363 1498 1475 1522 causata
1502 1499 1576 1528 sunt,
1592 1495 1749 1531 signiﬁcat;

925 1545 948 1577 ε
965 1537 1184 1572 quando;autem
1207 1538 1245 1565 ait
1268 1540 1338 1573 quis,
1356 1545 1473 1568 mentem
1492 1541 1524 1568 ad
1544 1549 1605 1568 eum
1623 1542 1699 1570 ducit
1715 1550 1749 1570 cx

964 1590 1019 1618 quo
1032 1591 1063 1611 ea
1078 1588 1142 1611 sunt
1156 1592 1164 1618 ;
1177 1586 1250 1618 quod
1264 1589 1307 1612 est
1319 1586 1480 1621 simpliciter
1494 1592 1523 1615 et
1534 1588 1683 1616 secundum
1701 1597 1751 1616 na—

962 1633 1051 1657 turam
1066 1628 1165 1657 Unum.

997 1675 1042 1704 15.
1054 1675 1200 1711 Colligitur
1211 1676 1237 1704 in
1256 1685 1340 1705 unum
1359 1679 1462 1706 creatio
1473 1700 1480 1712 ,
1497 1680 1545 1707 sed
1565 1680 1747 1715 compositum

962 1729 994 1750 ac
1009 1723 1161 1758 multiplex,
1176 1731 1230 1751 non
1245 1729 1335 1751 autem
1352 1725 1455 1760 absque
1467 1726 1602 1761 principio
1619 1746 1626 1760 ,
1654 1731 1747 1761 utpote

960 1769 1166 1797 creatum.Cum
1176 1769 1259 1803 igitur
1272 1771 1383 1798 mensin
1397 1771 1461 1798 illud
1474 1771 1636 1806 Unumquod
1645 1772 1747 1800 creavit

961 1819 988 1841 ct
1002 1815 1074 1849 quod
1092 1819 1134 1842 est
1150 1822 1247 1847 unum,
1263 1823 1317 1842 non
1338 1816 1420 1843 modo
1434 1825 1482 1851 per
1496 1825 1661 1844 concursum
1678 1818 1746 1844 mul-

959 1865 1050 1888 torum
1065 1868 1096 1888 ac
1114 1861 1288 1888 diversorum
1304 1863 1331 1889 in
1350 1870 1433 1889 unam
1456 1864 1540 1891 totius
1555 1864 1671 1899 alicujus
1691 1864 1745 1890 for-

961 1913 1034 1934 mam
1051 1913 1083 1934 ac
1096 1906 1220 1934 ell'ectum
1235 1908 1396 1941 terminum,
1411 1909 1458 1936 sed
1474 1910 1628 1937 incrcatum
1645 1917 1676 1936 ac
1689 1910 1745 1944 pri-

958 1961 1032 1981 mam
1047 1962 1157 1982 causam
1173 1955 1297 1982 ascendit
1308 1960 1338 1983 ut
1353 1957 1560 1992 contempletur,
1580 1966 1692 1985 necesse
1703 1961 1745 1984 cst

959 2004 989 2027 ut
1005 1999 1038 2027 ad
1056 2000 1158 2034 aliquid
1174 2008 1258 2028 unum
1280 2001 1352 2036 quod
1375 2002 1510 2029 creaverit
1529 2010 1561 2030 ac
1577 2002 1744 2030 ordinavcrit

957 2046 1092 2074 visibilem
1119 2046 1193 2074 hunc
1210 2054 1300 2075 rerum
1329 2048 1452 2075 ordinem
1477 2056 1510 2075 ac
1529 2049 1742 2083 generationem,

957 2091 1129 2120 harmoniam
1149 2095 1175 2119 et
1194 2093 1424 2128 conspirationem
1448 2094 1476 2121 in
1507 2095 1592 2121 totius
1626 2095 1744 2129 alicujus

956 2139 1072 2167 formam
1086 2147 1094 2173 ;
1106 2140 1159 2172 vel,
1171 2140 1195 2168 si
1207 2140 1244 2167 ita
1256 2148 1311 2168 non
1325 2145 1408 2172 esset,
1417 2140 1447 2168 in
1461 2140 1598 2168 inﬁnitum
1611 2142 1744 2176 procede-

950 2189 992 2214 ret
1010 2194 1018 2213 :
1035 2185 1108 2220 quod
1125 2189 1168 2213 est
1182 2185 1331 2213 absurdum
1356 2185 1495 2221 Quidquid
1512 2190 1604 2214 autem
1621 2192 1747 2216 movetur

948 2238 975 2260 et
989 2232 1090 2259 factum
1104 2236 1156 2264 est,
1168 2231 1316 2267 aliquando
1330 2239 1383 2260 non
1398 2235 1466 2266 erat,
1478 2237 1505 2260 et
1518 2240 1579 2260 cum
1591 2242 1646 2262 non
1659 2240 1743 2269 esset,

949 2280 1032 2313 coepit
1055 2285 1117 2306 esse
1134 2282 1162 2306 et
1177 2283 1280 2306 motum
1297 2278 1360 2306 fuit.
1378 2278 1450 2312 Quid
1472 2287 1542 2315 opus
1558 2285 1610 2313 est,
1626 2281 1652 2308 id
1669 2282 1742 2316 quod

949 2325 1034 2352 movit
1045 2329 1072 2352 et
1085 2325 1119 2352 ad
1135 2326 1342 2360 generationem
1357 2326 1480 2360 adducit,
1494 2327 1634 2362 inquirere
1644 2329 1655 2356 ?
1665 2328 1742 2362 Quod

948 2374 990 2397 est
1004 2373 1082 2397 certo
1096 2369 1249 2400 immobile,
1266 2378 1329 2397 cum
1358 2376 1478 2399 moveat.
1496 2371 1553 2399 Nisi
1578 2373 1651 2399 enim
1669 2377 1743 2400 esset

949 2416 1100 2448 immobile,
1115 2416 1182 2451 quid
1200 2415 1284 2452 igitur
1300 2421 1421 2445 moveret
1439 2417 1507 2445 illud
1532 2418 1606 2453 quod
1622 2418 1656 2445 ad
1673 2419 1743 2445 altc-

949 2469 1011 2490 rum
1026 2463 1191 2498 principium
1206 2471 1260 2491 non
1278 2469 1396 2499 spectat,
1414 2472 1477 2492 cum
1493 2465 1530 2492 sit
1544 2465 1649 2500 absque
1665 2465 1742 2501 prin~

948 2511 1041 2546 cipio‘l
1056 2511 1085 2539 Si
1100 2516 1191 2539 autem
1207 2512 1348 2540 immobile
1360 2519 1412 2546 est,
1426 2521 1494 2549 ergo
1508 2518 1536 2540 et
1549 2513 1741 2548 immutabile;

949 2559 971 2586 si
988 2559 1071 2594 igitur
1085 2563 1113 2586 et
1134 2559 1212 2592 illud,
1231 2560 1343 2586 omnino
1358 2567 1467 2594 quoque
1483 2560 1599 2596 simplex
1623 2565 1676 2594 est,
1694 2568 1740 2592 ne,

948 2605 971 2633 si
984 2606 1165 2640 compositum
1185 2606 1233 2640 sit,
1249 2611 1437 2639 convertatur,
1453 2607 1525 2641 quod
1547 2607 1626 2634 nobis
1645 2611 1675 2634 ut
1690 2607 1742 2633 im-

949 2653 1081 2680 mutabile
1095 2657 1220 2687 apparet.
1235 2652 1405 2687 Compositio
1422 2654 1494 2680 euim
1516 2653 1682 2688 principium
1700 2658 1743 2681 est

948 2699 1110 2732 discordiae;
1135 2699 1193 2726 haec
1216 2705 1307 2726 autem
1333 2699 1540 2734 dissolutionis;
1561 2709 1621 2735 qua:
1646 2701 1740 2728 ultima

949 2748 1039 2772 motus
1055 2745 1126 2772 linea
1145 2750 1197 2774 est.
1215 2745 1274 2773 Non
1291 2751 1331 2774 est
1347 2746 1430 2782 igitur
1450 2747 1477 2775 in
1495 2747 1540 2774 illo
1563 2747 1739 2782 compositio,

951 2800 985 2820 ne
1002 2791 1084 2820 simul
1101 2791 1166 2820 insit
1187 2793 1343 2828 discordia;
1369 2802 1458 2829 neque
1480 2794 1628 2828 discordia,
1646 2802 1679 2823 ne
1695 2793 1741 2822 [lat
