1932 3088
188 141 237 173 851

750 146 792 175 CA
799 147 843 176 LL
849 147 906 176 [ST
910 147 919 176 ι
942 147 1036 176 CATA
1042 148 1089 177 ΡΗ
1096 149 1145 179 UG
1153 151 1249 180 1οΤλὲ

1759 160 1812 192 852

187 211 241 231 non
261 211 332 231 nunc
355 205 465 239 quidem
491 206 613 233 ltebcscit
639 213 726 235 meus.
743 214 816 234 nunc
838 213 903 234 vero
928 212 961 234 es‘

1022 211 1103 230 τινων
1122 207 1327 242 συνιστάμενος.
1345 209 1440 244 ὥσπερ
1460 211 1629 246 συμϐήσεται
1641 233 1648 245 ,
1666 215 1712 241 καὶ
1735 216 1759 242 ει
1785 216 1817 242 τὸ

187 251 294 284 rapida.
311 264 345 271 —-
359 249 407 278 Vel
423 251 506 279 etiam
523 251 576 278 hoc
603 252 694 278 modo.
721 252 879 287 Composita
900 256 973 280 esset

187 301 214 324 et
240 304 293 324 non
321 297 435 332 simplex
461 297 640 326 dissimilibus
665 299 788 334 partibus
812 299 970 330 constituta.

187 350 298 378 quoquo
313 344 392 371 modo
409 344 555 376 acciderit;
571 349 596 372 ct
612 344 634 372 si
650 353 704 372 una
719 351 783 379 pars
799 345 903 377 videat,
917 345 971 372 alia

187 397 252 417 vero
270 390 303 416 ad
320 390 400 416 aliam
418 391 564 424 quamdam
579 391 746 426 operationis
762 392 880 426 speciem
895 392 971 419 ordi-

187 442 284 470 netur;
308 445 368 464 eam
390 437 462 464 cnim
488 437 694 472 compositionis
712 438 920 473 appellationem
938 439 972 466 de

187 484 286 510 tuentis
295 483 469 518 simplicitate
481 484 534 512 diei
545 483 826 519 nequit..Quapropter
841 484 931 511 unitas
943 488 972 511 et

185 530 466 565 simplicitas'tneutis.
479 531 501 559 si
517 531 582 558 ilhtd
599 539 682 559 unum
699 531 861 567 simpliciter
874 530 969 558 consl-

183 575 271 608 deret,
293 583 345 602 ttua
367 584 477 612 quoque
499 577 558 611 ipsa
575 576 695 605 efﬁcacia
711 581 764 608 est,
788 581 816 605 et
838 578 860 604 si
881 585 966 604 unutn

141 613 146 616 ’
183 627 254 650 esset
267 623 438 657 simpliciter,
459 623 574 657 simplex
591 631 673 650 unum
688 623 771 651 videt.
791 624 869 652 Actio
888 623 970 659 igitur

182 675 354 702 quaecunque
375 669 411 695 sit
435 675 483 695 aut
510 669 705 702 contemplatio
729 676 762 697 ex
794 670 970 697 uecessittate

184 714 249 741 ferri
263 715 344 742 debet
355 714 388 741 ad
404 715 472 742 illud
492 722 575 742 unum
590 714 662 749 quod
678 723 760 750 supra
776 720 895 743 mentem
909 720 967 748 est;

184 762 208 788 si
223 761 323 793 tuiuus,
341 760 407 787 nihil
425 766 600 794 assequetur,
617 761 665 789 sed
682 760 784 789 frustra
801 769 880 789 meus
895 761 969 788 vide-

184 808 257 834 bitur
273 814 356 842 agens
379 811 424 834 aut
439 808 639 841 contemplans.
665 807 722 835 Erlt
733 808 816 843 igitur
833 808 969 842 cupidita-

184 858 242 881 tum
256 853 391 885 clTectt-ix,
414 854 437 880 si
461 853 589 881 divisioni
614 853 763 887 subiaceat,
781 862 834 881 non
860 854 967 881 sublata

183 901 280 928 animae
293 909 374 928 sensu
390 901 422 928 ad
439 901 566 928 unionem
584 908 646 928 cum
662 901 708 928 illo
725 909 778 929 uno
793 902 865 936 quod
883 909 965 936 supra

184 953 300 976 mentem
324 953 383 981 est;
401 955 462 982 quae
484 948 550 975 unio
570 948 734 983 despumare
750 949 820 977 valet
836 953 863 976 et
887 956 968 976 mun-

182 995 248 1022 dare
262 996 315 1022 vim
335 994 432 1022 mentis
451 994 691 1030 coutemplativam
706 995 771 1022 illud
794 1003 877 1022 unum
895 996 968 1030 aspi-

182 1042 298 1070 cientem
316 1042 536 1076 intuentemque.
558 1049 585 1068 et
600 1041 638 1068 illi
661 1042 844 1069 adhaerentem
861 1049 894 1069 ex
913 1050 967 1077 quo

156 1121 161 1125 ~
182 1089 274 1116 omnia
292 1092 319 1115 el.
336 1088 363 1115 iu
378 1088 450 1122 quod
468 1089 591 1122 pet-venit
604 1093 631 1115 et
648 1092 688 1116 est
703 1092 731 1116 et
745 1088 881 1116 subsistit.

222 1134 265 1161 19.
282 1133 409 1161 Omnium
428 1134 651 1161 desiderabilium
665 1141 801 1162 summum
817 1138 859 1162 est
873 1135 965 1162 divina

181 1187 243 1207 cum
259 1180 350 1206 anima
365 1184 393 1206 et
417 1186 500 1213 supra
526 1184 644 1206 mentem
672 1179 747 1207 uuio.
773 1179 824 1207 Per
845 1180 964 1208 divinam

179 1226 251 1253 hanc
277 1226 404 1252 unionem
435 1225 589 1253 necessaria
614 1230 657 1253 est
681 1226 772 1253 divlua
798 1226 966 1260 similitudo;

180 1279 227 1306 per
241 1271 360 1299 divinam
375 1271 444 1298 lianc
457 1271 675 1305 similitudinem,
688 1278 800 1300 necesse
814 1277 856 1300 est
868 1279 966 1299 secun-

178 1319 243 1346 duttt
267 1322 386 1345 tuentem
408 1319 526 1353 operari,
552 1318 657 1345 scilicet
685 1318 876 1353 contemplari.
900 1318 966 1345 Tale

177 1365 251 1392 enim
276 1369 319 1392 est
343 1364 478 1397 divinum,
498 1372 531 1392 ex
548 1372 604 1400 quo
619 1369 646 1392 et
670 1365 736 1393 illud
759 1366 842 1400 Deus,
865 1374 964 1394 nomen

179 1411 231 1446 ipsi
248 1411 364 1438 inditum
384 1416 436 1438 est.
458 1411 644 1446 Contctuplari
666 1420 730 1440 vero
751 1413 843 1448 rapide
861 1414 893 1441 ad
917 1413 964 1442 Dei

180 1457 375 1492 cogitationem
397 1458 537 1492 pertingit.
560 1456 689 1492 Undique
701 1459 775 1486 enim
792 1463 819 1486 et
835 1460 860 1486 in
876 1461 965 1488 omni-

178 1503 240 1535 bus,
258 1503 389 1538 quosdam
413 1507 540 1537 tauquam
563 1504 655 1531 radios
670 1506 699 1532 in
721 1505 962 1540 contemplativam

1022 248 1072 294 μὲν
1089 250 1135 277 τοῦ
1163 252 1274 284 σκέλους
1288 254 1350 288 ὁρᾷ.
1369 254 1399 280 τὸ
1418 254 1446 281 δὲ
1468 255 1537 291 πρὸς
1553 255 1617 284 ἄλλο
1629 267 1656 285 τι
1675 260 1817 294 ἐνεργείας

1021 293 1092 328 εἶδος
1105 296 1244 324 τέτακται·
1270 299 1421 331 συνθέσεως
1448 301 1502 337 γὰρ
1522 303 1569 329 καὶ
1589 304 1669 331 τοῦτο
1694 307 1815 342 κατηγό-

1021 349 1107 377 ρημα,
1131 342 1145 368 ὃ
1162 343 1225 378 περὶ
1236 344 1267 370 τὸ
1286 345 1332 371 τοῦ
1358 346 1417 378 νοὸς
1430 347 1531 374 ἁπλοῦν
1541 349 1637 383 εἰπεῖν,
1651 350 1722 377 πάνυ
1734 353 1814 379 ἀνέν-

1020 387 1124 415 δεκτον.
1143 389 1181 416 Δι’
1194 389 1249 425 ἄρα
1272 391 1357 418 ταῦτα
1382 393 1412 418 τὸ
1435 394 1545 426 ἑνιαϊον,
1572 396 1620 422 καὶ
1648 397 1751 424 ἁπλοῦν
1766 399 1815 425 τοῦ

1019 433 1090 466 νοὲς,
1103 435 1128 460 εί
1142 434 1172 460 τὸ
1187 435 1280 468 ἁπλῶς
1295 437 1324 462 ἒν
1337 439 1547 474 κατασκέψοιτο,
1560 441 1588 467 ἓν
1602 443 1648 468 καὶ
1657 444 1722 469 αὐτὸ
1739 445 1816 480 ἐνερ-

1018 479 1081 514 γείᾳ
1094 480 1164 512 ἐστὶ,
1186 482 1233 507 καὶ
1253 484 1277 508 εί
1307 483 1336 508 ἒν
1353 483 1396 517 εἴη
1411 484 1514 518 ἁπλῶς,
1529 486 1560 512 τὸ
1578 487 1681 514 ἁπλοῦν
1702 489 1732 515 ἓν
1751 491 1812 525 ὁρᾷ.

1019 524 1122 560 Πρᾶξις
1129 527 1276 562 τοιγαροῦν
1291 529 1477 563 ὁποιατισοῦν,
1493 531 1509 567 ἢ
1523 531 1636 567 θεωρία,
1649 534 1679 566 ἐξ
1689 524 1813 571 navis,-

1020 571 1152 607 φέρεσθαι
1168 573 1272 607 ὀφείλει
1292 575 1359 610 πρὸς
1376 575 1406 602 τὺ
1418 576 1488 612 ὑπὲρ
1502 579 1563 605 νοῦν
1578 579 1617 612 ἓν,
1632 581 1656 606 εί
1674 581 1696 607 δ’
1709 581 1751 615 οὒ,
1761 582 1813 609 οὐκ

1017 616 1110 644 ἁνΰσει
1124 618 1216 650 οὐδὲν,
1243 619 1311 647 ἀλλὰ
1338 621 1428 656 μάτην
1457 623 1608 658 ὀφθήσεται
1639 627 1777 661 πράττων,
1794 628 1811 663 ἢ

1017 662 1128 698 θεωρῶν
1147 665 1162 690 6
1182 665 1254 696 νοῦς·
1273 665 1351 693 ἔσται
1367 667 1420 702 γὰρ
1437 668 1531 695 παθῶν
1545 670 1655 705 ἐνεργὸς
1671 672 1724 698 ὐπὸ
1743 662 1813 700 διαίξ

1018 717 1094 743 ρεσιν
1111 709 1246 742 κείμενος,
1276 711 1313 744 μὴ
1334 713 1485 747 φερόμενος
1516 716 1643 751 αἰσθήσει
1668 717 1756 753 ψυχῆς
1772 721 1813 752 εἷς

1019 754 1068 789 Ιτὴν
1082 754 1127 780 τοῦ
1140 756 1210 790 ὐπὲρ
1224 756 1285 782 νοῦν
1300 757 1358 788 ἐνὸς
1370 758 1494 791 ἑνοειδῶς
1506 760 1610 792 ἕνωσιν,
1624 763 1685 797 ἥτις
1693 764 1729 798 δὴ
1746 765 1815 792 ἱνω-

1018 808 1074 831 σις’
1085 800 1215 833 διυλίζειν
1232 801 1296 834 οἶδε,
1327 804 1374 830 καὶ
1400 805 1543 840 καθαίρειν
1565 807 1595 833 τὸ
1617 808 1737 843 θεωροῦν
1764 812 1812 838 τοῦ

1014 845 1085 877 νοὸς,
1100 847 1168 882 πρὸς
1185 848 1272 875 ἐκεῖνο
1288 849 1318 875 τὸ
1333 849 1361 876 ἓν
1381 851 1616 886 μετεωριζόμενον
1630 856 1676 880 καὶ
1689 856 1812 892 ἀφορῶν,

1014 891 1133 927 κάκείνῳ
1159 895 1338 928 προσ-πάσχον
1360 895 1400 931 τῷ
1415 897 1461 929 ἀφ’
1477 894 1508 924 οῦ
1529 898 1564 925 τὰ
1584 899 1690 933 πάντα,
1712 891 1760 928 καὶ
1777 903 1813 929 δι’

1013 936 1055 973 οῦ,
1068 941 1115 968 καὶ
1129 943 1157 968 ἐν
1174 939 1195 976 ᾧ
1212 943 1246 969 τὰ
1266 945 1364 978 πάντα,
1390 947 1438 973 καὶ
1453 949 1494 979 εἰς
1508 947 1522 974 6
1544 950 1590 975 καὶ
1605 950 1741 984 γίγνεται,
1762 951 1814 977 καὶ

1013 987 1084 1020 εστι,
1099 988 1146 1016 καὶ
1162 989 1326 1025 ὑφέστηκεν.

1047 1139 1090 1167 ιθ’.
1105 1140 1167 1169 Τῶν
1181 1140 1290 1168 πάντων
1312 1143 1417 1177 ἐφετῶν
1434 1143 1529 1179 ἄκρον,
1548 1145 1564 1180 ή
1589 1146 1658 1180 μετὰ
1683 1147 1732 1181 τῆς
1761 1147 1809 1181 ,ιυ-

1009 1186 1060 1221 χῆς
1075 1186 1144 1218 θεία,
1161 1187 1209 1213 καὶ
1225 1187 1294 1222 ὑπὲρ
1312 1187 1374 1215 νοῦν
1397 1187 1503 1221 ἓνωσις·
1520 1191 1564 1217 διὰ
1585 1191 1633 1227 τὴν
1647 1191 1721 1218 θείαν
1738 1193 1809 1219 ἕνω-

1009 1239 1064 1263 σιν,
1078 1231 1215 1266 ἀναγκαία
1230 1233 1246 1268 ἡ
1261 1232 1319 1259 θεία
1336 1234 1475 1269 ὁμοίωσις,
1494 1235 1537 1262 διὰ
1550 1235 1598 1271 τὴν
1615 1237 1691 1264 Θείαν
1705 1239 1809 1273 ὁμοίω-

1010 1284 1062 1308 σιν,
1077 1277 1227 1311 ἀναγκαῖον
1241 1279 1272 1305 τὺ
1287 1279 1358 1306 κατὰ
1374 1279 1437 1305 νοῦν
1455 1280 1587 1316 ἐνεργεῖν,
1605 1282 1663 1318 ἤτοι
1679 1283 1806 1319 θεωρεῖν.

1011 1323 1123 1350 Τοιοῦτο
1139 1325 1192 1360 γάρ
1208 1333 1248 1352 τοι
1263 1326 1310 1352 mi.
1335 1327 1365 1353 τὸ
1400 1328 1471 1354 θετόν
1493 1330 1576 1360 ἐστιν,
1603 1331 1632 1362 ἐξ
1653 1328 1683 1357 οῦ
1701 1331 1805 1363 καὶτὸ,

1008 1370 1086 1404 Θεὸς,
1098 1371 1183 1406 ὄνομα
1196 1372 1282 1408 τούτῳ
1300 1374 1512 1409 ἀπονενὲμηται.
1539 1375 1675 1412 Ἀλλαμὴν
1690 1377 1720 1403 τὸ
1735 1379 1809 1404 θεω-

1010 1417 1077 1452 ρεῖν,
1091 1417 1172 1449 εὐθὺς
1193 1419 1234 1450 εἰς
1254 1418 1304 1455 τὴν
1317 1419 1364 1446 τοῦ
1381 1420 1449 1447 Θεοῦ
1466 1421 1570 1448 ἔννοιαν
1588 1422 1685 1449 ἄνεισι·
1703 1432 1811 1449 παντα-

1007 1463 1056 1498 χοῦ
1072 1464 1125 1499 γὰρ
1142 1464 1189 1490 καὶ
1202 1466 1231 1491 ὲν
1248 1464 1342 1498 πᾶσιν,
1362 1466 1474 1499 ἀκτῖνας
1486 1467 1583 1503 ὥσπερ
1604 1467 1684 1501 τινὰς
1699 1470 1808 1503 ἐνίησιν

1008 1510 1022 1535 6
1038 1508 1105 1542 Θεὸς
1125 1511 1164 1546 τῷ
1179 1511 1341 1548 θεωρητικῷ
1358 1513 1406 1547 νῷ,
1424 1514 1471 1540 καὶ
1487 1514 1549 1546 νοῦς
1567 1515 1667 1550 Θεωρδς
1684 1515 1808 1542 ἀντικεί-

177 1553 295 1577 tuentem
320 1550 412 1581 utittit,
437 1553 465 1577 et
489 1557 566 1577 mens
591 1552 782 1586 contemplans
811 1560 827 1579 e
854 1554 961 1588 regione

1011 1564 1090 1590 μενον
1107 1556 1164 1592 ἔχει
1180 1557 1227 1584 τὸν
1237 1558 1315 1591 Θεὸν,
1332 1558 1398 1590 Θεὸς
1414 1560 1442 1586 δέ
1458 1560 1533 1586 ἐστιν
1555 1560 1584 1587 ἓν
1606 1561 1806 1596 ὑπερκόσμιον.

177 1595 295 1630 positum
306 1594 388 1622 Deum
403 1595 501 1628 habet;
518 1595 588 1624 Deus
604 1601 750 1625 autemest
764 1606 848 1626 unum
865 1607 962 1634 super—

177 1641 313 1668 uaturale.
343 1640 391 1668 Est
407 1646 496 1668 autem
512 1642 612 1670 mentis
628 1647 726 1670 natura
748 1644 827 1671 talem
843 1645 962 1672 cllicacia

177 1687 246 1720 tieri,
262 1686 354 1720 qualia
378 1691 443 1714 sunt
466 1694 497 1714 ea
516 1694 576 1721 qum
598 1687 681 1721 videt,
715 1692 745 1716 ut
759 1694 786 1716 et
809 1690 962 1725 theologica

177 1733 233 1760 divi
253 1731 377 1767 Gregorii
394 1739 445 1759 vox
469 1733 599 1766 ostendit,
616 1733 712 1761 dicens
733 1740 851 1762 mentem
868 1737 962 1771 splen-

175 1779 270 1805 dorem
287 1777 333 1805 Dei
344 1782 371 1805 et
383 1777 476 1805 videre
490 1782 516 1805 et
532 1779 596 1812 pati.
611 1779 687 1811 Quod
703 1780 777 1807 enint
788 1786 864 1809 mens
879 1782 961 1816 videt,

176 1822 203 1849 id
231 1827 258 1849 ct
287 1823 399 1857 patitur,
430 1827 456 1850 et.
488 1823 551 1850 talis
576 1823 702 1852 ellicitur.
730 1824 857 1860 Tingilur
887 1828 960 1855 enim

177 1876 264 1900 lucus.
279 1873 307 1896 ut
323 1869 420 1897 Petrus
431 1869 616 1898 Damasceuus
630 1871 678 1904 ait,
692 1872 843 1899 secundum
854 1880 884 1900 ea
901 1881 961 1908 qua:

175 1916 394 1950 contemplatur;
422 1920 449 1943 et
474 1917 548 1943 sicut
581 1917 690 1951 quando
717 1918 805 1945 divisa
829 1927 861 1947 ac
882 1920 958 1948 varia

176 1963 258 1994 videt,
277 1963 397 1989 variatur
421 1970 454 1990 ac
479 1963 620 1996 dividitur,
644 1965 692 1997 ita,
708 1972 769 1991 eum
790 1966 912 1993 ascendit
927 1967 960 1994 ad

174 2008 432 2042 contemplationem
464 2008 680 2042 superttuturalis
723 2017 755 2036 ac
799 2010 960 2043 simpliciter

176 2052 269 2086 unius,
283 2059 481 2088 consequenter
503 2061 587 2081 unum
611 2055 713 2090 aliquid
738 2056 867 2091 elllsilur,
891 2062 921 2084 ut
944 2064 961 2085 a

176 2107 220 2126 me
250 2100 326 2134 prius
355 2100 457 2126 dictum
492 2105 552 2134 est;
575 2105 721 2136 postquam
750 2108 841 2129 autem
874 2111 958 2131 unum

175 2145 268 2173 elici-ta
282 2151 334 2178 est,
348 2146 498 2181 ingeuitum
513 2153 541 2174 et
556 2147 693 2175 inﬁnitum
703 2152 731 2176 et
741 2156 794 2176 non
812 2149 959 2185 ﬁguratum

175 2199 202 2219 et
218 2193 333 2228 simplex
348 2194 430 2221 videt.
447 2193 512 2222 Tale
523 2195 596 2222 euitu
613 2201 653 2223 est
670 2203 766 2223 unum.
797 2196 875 2225 Unde
892 2205 959 2226 sane

1009 1602 1088 1629 Ἐστι
1102 1603 1130 1630 δὲ
1146 1603 1227 1638 φύσις
1240 1604 1287 1630 τοῦ
1303 1605 1362 1636 νοὸς
1378 1606 1504 1639 γίνεσθαι
1525 1607 1646 1640 τοιοῦτος
1663 1608 1805 1643 ἐνεργείᾳ,

1006 1647 1050 1676 οἷα
1062 1650 1124 1684 ὁρᾷ,
1140 1650 1178 1681 ὼς
1193 1651 1240 1677 καὶ
1256 1652 1272 1686 ἡ
1289 1651 1412 1686 Θεολόγος
1430 1652 1477 1679 τοῦ
1493 1653 1632 1680 θειοτάτου
1651 1654 1806 1689 Γρηγορίου

1007 1695 1082 1730 φωνὴ
1109 1696 1195 1730 δηλοῖ,
1211 1696 1394 1733 λαμπρότητα
1420 1698 1500 1731 Θεοῦ,
1525 1699 1653 1734 λέγουσα,
1671 1701 1719 1726 καὶ
1738 1701 1807 1727 ἰδεῖν

1006 1742 1054 1768 καὶ
1067 1742 1211 1770 παθεῖν.¹¹0
1226 1744 1280 1778 γὰρ
1295 1743 1356 1776 νοῦς
1370 1745 1486 1780 ἑώρακε,
1504 1746 1582 1772 τοῦτο
1593 1746 1640 1773 καὶ
1655 1746 1806 1780 πέπονθεν,

1006 1788 1024 1825 ἢ
1037 1789 1068 1824 δὴ
1083 1789 1202 1821 τοιοῦτος
1217 1790 1264 1816 καὶ
1278 1790 1383 1824 γέγονε·
1401 1791 1518 1826 βαφεται
1533 1792 1587 1827 γὰρ
1603 1793 1617 1818 ὁ
1632 1792 1704 1824 νοῦς,
1719 1794 1807 1828 φησὶν

1007 1837 1022 1863 6
1033 1835 1087 1862 ἀπὸ
1099 1836 1247 1871 Δαμασκοῦ
1264 1837 1367 1872 Πέτρος
1382 1838 1453 1864 κατὰ
1472 1839 1505 1865 τὰ
1520 1838 1593 1873 αὐτῷ
1611 1838 1803 1875 θεωρούμενα,

1006 1881 1102 1913 miti);
1120 1882 1148 1907 ὲν
1163 1882 1335 1918 διῃρημένοις
1364 1882 1435 1917 ὀρῶν
1463 1884 1508 1909 καὶ
1532 1883 1675 1916 ποικίλοις,
1698 1885 1807 1911 ποικίλ-

1007 1927 1094 1960 λεται,
1114 1930 1164 1954 καὶ
1187 1929 1341 1964 διαιρεῖται,
1360 1929 1429 1955 οὕτω
1444 1938 1485 1956 ¹ιοι
1505 1930 1572 1965 πρὸς
1587 1930 1635 1964 τὴν
1653 1930 1776 1965 ᾱπὸὃλεψ
1790 1941 1806 1958 ν

1008 1974 1055 2001 τοῦ
1071 1974 1259 2010 ὑπερκοσμίου
1275 1973 1323 2001 καὶ
1339 1974 1433 2006 ἁπλῶς
1446 1975 1505 2007 ὲνὺς
1522 1975 1712 2011 ἀναῦεϐηκὼς,
1735 1977 1806 2003 ἀκο-

1008 2020 1111 2052 λούθως
1131 2020 1161 2047 ιν
1172 2020 1286 2055 γίνεται,
1298 2021 1336 2052 ὥς
1351 2030 1396 2057 μοι
1412 2021 1538 2048 λέλεκται
1557 2022 1686 2058 πρόσθεν,
1701 2024 1762 2050 ἐπεὶ
1774 2025 1803 2050 δὲ

1008 2067 1037 2093 ἐν
1050 2066 1088 2102 τῷ
1103 2067 1143 2092 ἑνὶ
1156 2068 1271 2100 γένοιτο,
1292 2068 1322 2093 τὸ
1342 2067 1470 2103 ἄναρχον,
1486 2069 1532 2094 καὶ
1546 2069 1658 2104 ἄπειρον
1674 2069 1735 2104 ὁρᾷ,
1753 2070 1803 2096 καὶ

1004 2112 1217 2148 ἀσχημάτιστον,
1231 2113 1279 2139 καὶ
1293 2114 1395 2140 ἁπλοῦν
1411 2122 1417 2129 ·
1436 2114 1540 2141 τοιοῦτο
1554 2114 1608 2150 γὰρ
1628 2115 1658 2141 τδ
1675 2115 1703 2141 ἓν
1717 2124 1724 2131 ”
1738 2116 1802 2142 ὅθεν

1006 2158 1075 2195 δῆτα
1090 2159 1136 2185 καὶ
1154 2159 1234 2191 αὐτὸς
1250 2159 1378 2195 ἄναρχος,
1391 2160 1503 2196 ἄπειρος
1516 2160 1564 2187 καὶ
1585 2161 1802 2196 ἀσχημάτιστος,

1006 2205 1054 2232 καὶ
1072 2204 1174 2237 ἁπλοῦς
1191 2207 1252 2232 κατ’
1270 2207 1409 2242 ἐνέργειαν
1434 2207 1661 2234 ἀποκαθίσταται·
1678 2207 1758 2234 τοῦτο
1773 2208 1802 2234 δὲ

227 2241 285 2274 ipsa
304 2247 381 2289 mf?“
393 2241 484 2289 A‘luim
507 2246 609 2289 ωῑέτηθ
630 2246 658 2268 θῑ
680 2241 785 2289 ίξῖηηίῑθ
810 2247 837 2270 ει
856 2243 961 2279 absque
978 2249 1158 2283 Βπεπονθὼς,
1177 2252 1224 2279 καὶ
1237 2252 1322 2284 οὕτως
1335 2252 1500 2285 ἀλλοιωθεὶς,
1517 2254 1557 2285 είς
1571 2253 1620 2289 τὴν
1632 2253 1796 2288 ὲξομοίωσῐν

176 2287 261 2320 ﬁgura
278 2291 304 2313 et
319 2286 433 2321 simplex
458 2295 506 2321 per
523 2287 650 2314 virtutem
664 2288 792 2317 edicitur.
820 2289 888 2317 lllud
911 2297 959 2317 au~

175 2337 230 2359 tem
254 2339 316 2359 cum
341 2339 422 2366 passa
437 2337 480 2360 est
501 2337 584 2367 atque
610 2334 651 2361 sic
679 2339 793 2366 mutata,
817 2335 844 2362 in
875 2335 960 2363 divini

175 2378 384 2405 similitudinem
426 2379 576 2406 secundum
605 2380 739 2408 unitatem
773 2381 903 2415 elﬁcitur;
933 2386 961 2409 et

175 2423 239 2451 inde
254 2424 373 2451 accurrit
388 2424 420 2451 ad
433 2425 554 2452 muttiqu
570 2426 793 2455 desiderabilium
807 2435 958 2461 summutn,

175 2470 297 2498 divinam
308 2475 333 2498 et
351 2479 434 2506 supra
451 2477 571 2500 mentem
589 2478 616 2500 et
632 2473 797 2502 iueli‘abiletn
809 2476 951 2506 unionem,

152 2515 155 2522 '
174 2518 220 2551 qui
237 2522 280 2544 est
297 2526 423 2546 summus
441 2520 591 2546 seeuudum
608 2519 691 2547 Deum
711 2521 856 2548 terminus.
872 2519 960 2556 Opor-

175 2568 214 2591 tet
232 2564 317 2599 igitur
340 2570 456 2591 meutetu
475 2566 591 2599 intendi,
614 2566 745 2601 omnique
761 2567 843 2594 modo
862 2569 958 2595 conari

173 2615 200 2638 et
226 2609 329 2646 Spiritu
364 2616 461 2639 sancto
499 2612 599 2639 intueri
632 2613 848 2648 supernaturalis
877 2614 958 2642 unius

173 2657 429 2692 centemplationem
443 2664 468 2686 et
482 2663 633 2693 aspectum.

208 2703 253 2730 20.
269 2703 384 2736 Quando
397 2711 474 2732 mens
489 2705 515 2732 in
528 2705 622 2733 tuultis
636 2709 683 2733 aut
696 2706 791 2734 saltem
806 2708 832 2735 iu
848 2708 956 2736 duobus

173 2751 225 2782 est,
248 2750 422 2778 manifestum
447 2756 490 2779 est
519 2759 578 2778 eam
607 2760 660 2780 non
688 2754 849 2788 simpliciter
872 2763 957 2782 unu-ut

173 2795 277 2823 videre.
295 2796 358 2824 Ideo
374 2796 448 2824 ﬁnita
462 2803 504 2825 est
516 2803 542 2825 et
561 2800 709 2826 terminata
725 2804 752 2827 et
769 2801 877 2835 tenuis;
897 2810 958 2837 quae

173 2841 244 2869 enim
257 2849 307 2868 non
319 2838 432 2870 omuitio
444 2844 577 2879 simplicia
590 2850 664 2878 sunt,
676 2846 738 2874 talia
753 2852 828 2875 sunt.
841 2848 958 2881 Quando

174 2895 249 2915 nens
261 2887 348 2922 reipsa
358 2892 402 2916 est
411 2889 437 2916 iu
454 2889 535 2925 huius
548 2891 628 2920 unius
643 2894 831 2922 contractione
844 2895 955 2930 intui-ta,

1007 2308 1059 2326 mu
1070 2297 1119 2326 τοῦ
1140 2298 1214 2325 θείου
1236 2299 1307 2325 κατὰ
1323 2298 1353 2324 τὸ
1369 2298 1428 2325 ὲνὺν
1454 2299 1612 2334 εὑρίσκεται
1625 2318 1632 2331 ,
1649 2299 1800 2326 κάντεῦθεν

1002 2341 1144 2376 ἀνατρέχει
1160 2341 1226 2376 πρὸς
1241 2340 1272 2367 τὺ
1287 2339 1394 2367 πάντων
1411 2342 1514 2375 ἐφετῶν
1531 2342 1685 2377 ἆκρον,τὴν
1702 2342 1796 2375 θείαν,

1001 2388 1048 2414 καὶ
1065 2388 1135 2422 ὑπὲρ
1152 2387 1224 2419 νοῦν,
1252 2386 1298 2413 καὶ
1321 2386 1439 2422 ἄρρητον
1469 2387 1576 2420 ἕνωσιν,
1601 2388 1670 2424 ὅπερ
1686 2388 1761 2415 ἐστὶν
1777 2389 1793 2416 6

1002 2434 1085 2468 ἄγρος
1104 2434 1174 2461 κατὰ
1196 2434 1261 2460 Θεὸν
1276 2433 1385 2465 σκοπός.
1401 2435 1446 2460 Δεῖ
1462 2434 1492 2469 δὴ
1511 2434 1556 2460 διὰ
1576 2435 1653 2461 ταῦτ’
1670 2434 1724 2470 ἄρα
1743 2436 1791 2462 τὸν

1002 2480 1064 2506 νοῦν
1093 2478 1284 2512 ἀνατετᾶσθαι,
1312 2481 1418 2515 μηχανῇ
1443 2480 1517 2515 πάσῃ
1547 2479 1716 2515 ἐπείγεσθαι,
1742 2482 1793 2507 καὶ

1003 2525 1108 2559 ἀφορᾷν
1123 2523 1260 2558 Πνεῦματι
1285 2524 1353 2560 πρὸς
1384 2525 1433 2561 τὴν
1459 2524 1507 2552 τοῦ
1528 2525 1715 2561 ὕπερκοσμίου
1731 2526 1792 2558 ἑνὸς

1003 2571 1119 2606 Θεωρίαν
1130 2570 1176 2596 καὶ
1187 2570 1345 2606 ἁπόσλεψιν.

1037 2707 1071 2736 κ’.
1091 2707 1175 2734 Ὀταν
1187 2707 1201 2733 6
1216 2705 1276 2738 νοῦς
1300 2706 1329 2732 ἐν
1350 2704 1466 2737 πολλοῖς,
1485 2704 1500 2742 ἢ
1516 2700 1720 2740 τούλάχιστονῇ
1739 2703 1792 2730 κᾶν

1001 2756 1030 2781 ὲν
1045 2754 1115 2786 δυσὶ,
1139 2754 1218 2788 δῆλον
1235 2753 1275 2779 ὅτι
1294 2752 1354 2787 οὐχὶ
1375 2751 1405 2778 τὸ
1422 2751 1514 2782 ἁπλῶς
1528 2751 1557 2777 ἓν
1569 2751 1630 2786 ὁρᾷ,
1646 2749 1695 2776 Διὰ
1712 2749 1792 2776 τοῦτο

1002 2799 1152 2835 ὡρισμένος
1166 2798 1195 2824 τέ
1211 2798 1279 2829 ἐστι,
1293 2798 1341 2823 καὶ
1353 2796 1573 2831 πεπερασμένος,
1595 2795 1643 2822 καὶ
1658 2794 1791 2829 ἀμυδρός·

1001 2846 1037 2873 τὰ
1051 2846 1103 2880 γὰρ
1123 2844 1159 2880 μὴ
1176 2843 1315 2874 ἀπολύτως
1328 2843 1412 2876 ἁπλᾶ,
1429 2841 1540 2869 τοιαῦτά
1556 2842 1635 2868 εἰσιν.
1654 2840 1751 2868 Ἦνίκα
1765 2839 1794 2866 ει

1003 2892 1048 2920 τοῦ
1068 2881 1105 2929 τῷ
1119 2892 1174 2918 ὄντι
1197 2891 1254 2923 ἑνὸς
1271 2891 1298 2918 ἒν
1317 2891 1408 2926 ἐπειφῇ
1433 2889 1544 2923 γένηται
1560 2888 1702 2923 ἀνεπάφῳ,
1721 2886 1794 2914 κατὰ
