1932 3088
140 107 194 140 8ῖό

713 111 761 142 DE
780 111 869 142 VlTA
888 112 1220 144 CONTEMPLATIVA.

1713 114 1768 146 854

144 174 241 210 νοερὰν
260 175 347 210 τούτῳ
375 175 404 202 ἐν
429 175 574 210 Πνεῦματι
593 174 742 210 ἀπὸὃλεψιν
770 175 935 210 ἁνομμάτως

987 178 1029 205 per
1058 171 1227 206 spiritunlcm
1252 171 1279 198 in
1313 171 1364 198 hoc
1395 172 1492 205 spiritu
1523 175 1675 205 respectum
1706 171 1766 199 sine

144 221 294 254 ἐπιϐαλὼν,
310 221 437 256 ἄναρχος,
451 222 575 257 ἄπειρος,
589 222 724 257 ἀόριστος,
733 221 936 257 ἀσχημάτιστός

143 276 174 293 τε
190 267 237 294 καὶ
257 268 378 300 ἀνείδεος
398 268 513 302 γίνεται,
529 268 578 297 καὶΙ
600 268 650 302 τὴν
665 268 785 303 ἀφασίαν
801 267 934 300 ἐνδύεται,

144 313 192 340 καὶ
205 314 235 340 τὸ
251 315 357 350 σιωπᾷν
373 315 453 341 ἀσκεῖ
478 315 536 350 μετ’
551 313 720 350 ἐκπλήξεως,
736 314 782 341 καὶ
799 313 937 348 ἐμπίπὶα-

144 368 189 386 ται
204 360 358 395 τερπωλῆς,
371 360 418 386 καὶ
434 360 534 395 πάσχει
546 361 580 388 τὰ
594 361 774 396 ἀνεκλάλητα.
790 361 935 395 ’Δναρχον,

145 405 193 432 καὶ
218 405 331 440 ἄπειρον
354 406 393 439 δὲ,
417 407 466 434 καὶ
492 407 631 442 ἀόριστον,
651 407 687 442 μὴ
703 407 765 433 κατ’
781 406 876 433 οὐσίαν
902 414 935 441 με

144 450 226 486 εἴπῃς
255 451 370 484 λέγοντα
400 451 563 485 γίγνεσθαι,
596 451 664 479 ἀλλὰ
694 451 754 479 κατ’
783 451 934 486 ἐνέργειαν.

151 497 269 524 Ἐπεὶτοι
295 505 327 531 γε
358 497 406 523 καὶ
428 497 443 523 ὃ
464 497 628 533 μεταϐάλλει
650 498 723 531 νοῦς,
745 497 794 532 οὐχ
813 498 829 532 ἡ
858 496 937 523 οὐσία

145 541 219 568 ἐστὶν
231 541 323 573 αὐτοῦ,
339 542 397 569 ἀλλ’
409 543 425 577 ἡ
441 542 578 578 ἐνέργεια.
602 543 633 569 El
646 543 701 578 γάρ
714 551 755 569 τοι
769 543 830 569 κατ’
842 541 937 568 οὐσίαν

144 588 286 622 ἠλλοίωτο,
305 588 366 615 ἰδὼν
386 588 435 615 καὶ
450 588 543 616 παθὼν
555 589 604 624 τὴν
620 588 726 620 θέωσιν,
743 588 801 624 ἦτοι
813 587 936 620 θεωθεὶς,

145 635 178 660 ὲκ
192 634 240 661 τοῦ
258 635 305 662 τὸν
328 635 395 662 Θεὸν
422 634 546 670 θεωρεῖν,
568 633 602 669 ἦν
616 634 649 661 ἂν
669 635 730 661 κατ’
748 634 842 661 οὐσίαν
860 634 937 665 Θεός.

151 679 290 716 Ἀλλιμὴν
312 681 361 707 οὐκ
377 681 434 708 ἔστι
448 680 538 713 τοῦτο,
556 681 611 707 οὐδ’
627 681 659 707 ἂν
682 680 736 708 τῶν
754 680 878 714 ἀγγέλων
892 680 938 707 οὺ-

144 725 210 758 δεὶς,
236 725 305 761 πλὴν
327 726 374 752 τοῦ
391 726 485 762 μόνου,
499 727 546 753 καὶ
562 727 658 762 ἄκρου,
671 726 720 754 καὶ
736 726 796 758 ἑνὸς
813 726 893 758 Θεοῦ,
907 725 938 752 τδ

145 771 207 797 κατ’
225 770 319 798 οὐσίαν
338 769 408 798 εἶναι
420 771 498 803 Θεός.
523 772 554 798 Ei
568 773 659 799 τοίνυν
673 772 735 798 κατ’
751 771 847 799 οὐσίαν
862 771 938 797 θεοῦ·

146 815 211 842 σθαι
226 817 272 843 τὸν
287 816 350 843 νοῦν
376 818 464 844 εἰπεῖν
489 818 599 850 ἄτοπον,
615 818 738 845 λείπεται
752 817 842 851 λέγειν
859 817 938 844 τοῦτο

981 218 1070 245 oculis
1085 225 1244 253 assurgens,
1273 224 1338 245 tunc
1362 223 1475 251 atterna,
1498 218 1616 250 inﬁnita,
1642 218 1767 246 intermi-

982 269 1059 297 nata,
1089 265 1150 292 sine
1176 264 1264 291 forma
1290 269 1318 292 et
1342 264 1428 299 ﬁgura
1452 264 1491 296 fit,
1520 264 1764 299 impotentiamque

981 310 1112 343 loquendi
1132 310 1230 342 induit,
1248 311 1329 337 silere
1341 318 1402 338 cum
1413 315 1524 346 stupore
1539 311 1630 343 discit,
1650 316 1677 338 et
1693 311 1766 339 inel-

982 354 1073 382 l‘abilia
1093 355 1204 389 patitur.
1224 355 1263 383 Ne
1281 355 1359 383 dicas
1374 363 1416 383 me
1429 356 1534 383 dixisse
1545 364 1605 383 eam
1627 356 1684 384 fleri
1702 357 1770 384 sub-

979 402 1147 429 atantialiter
1158 407 1286 429 aeternam
1295 407 1322 430 et
1332 402 1465 429 inllnitam
1478 406 1505 430 et
1515 409 1570 429 non
1580 403 1767 435 terminatam,

979 449 1028 475 sed
1054 448 1226 475 solummodo
1255 456 1304 482 per
1319 449 1519 483 operationem.
1547 448 1625 482 Quod
1649 449 1721 476 enim
1739 450 1771 476 in.

981 498 1074 522 mente
1086 498 1221 526 mutatur,
1238 502 1292 522 non
1310 502 1377 522 sane
1391 499 1433 522 est
1446 495 1612 527 substantia,
1635 496 1681 522 sed
1700 503 1767 529 ope—

982 541 1062 568 ratio.
1086 540 1115 568 Si
1135 541 1209 568 enim
1233 540 1449 568 substantialiter
1470 545 1632 574 mutaretur,
1658 542 1774 575 quando

981 586 1113 614 Deitatem
1133 586 1208 614 videt
1231 591 1257 613 et
1274 586 1388 621 patitur,
1418 587 1544 613 deiﬁcata
1569 594 1676 620 nempe.
1697 591 1764 613 tunc

980 640 1012 660 ex
1031 632 1077 660 Dei
1096 633 1337 667 contemplatione,
1358 633 1431 660 Deus
1455 632 1513 667 ipsa
1531 639 1579 666 per
1596 633 1768 666 conlentplav

981 678 1083 706 tionem
1101 679 1187 706 ﬁeret.
1216 678 1270 706 Sed
1296 686 1350 706 non
1367 679 1404 706 ita
1422 683 1476 709 est,
1503 686 1593 713 neque
1611 679 1636 705 id
1665 679 1768 713 angelis

982 727 1128 760 contingit,
1147 734 1197 753 nec
1211 731 1252 753 est
1277 725 1331 753 nisi
1349 725 1425 753 solus
1451 729 1479 752 et
1502 732 1627 753 sumqus
1642 730 1669 752 et
1698 733 1769 751 unus

982 772 1202 800 substantialiter
1221 772 1302 799 Deus.
1319 771 1348 799 Si
1362 772 1443 806 igitur
1454 771 1604 798 absurdum
1623 774 1663 797 est
1677 771 1768 798 dicere

983 825 1101 846 mentem
1115 819 1334 846 substantialiter
1348 818 1479 849 deiﬁcari.
1495 817 1641 845 dicendum
1652 821 1693 845 est
1708 825 1767 844 cam

146 862 262 898 πάσχειν
287 863 379 897 αὐτὸν,
398 864 472 899 αὑτῷ
488 864 528 900 τῷ
542 864 620 899 ὸρᾷν.
636 864 693 891 Οὐκ
708 864 762 899 ἄρα.
777 864 859 898 φύσιν
881 863 938 899 ἔχει

987 866 1008 892 id
1032 866 1086 900 pati
1111 866 1172 900 ipso
1187 870 1311 900 aspectu.
1339 864 1400 892 Non
1429 865 1513 900 igitur
1543 868 1640 891 natura
1671 864 1771 890 mentis

147 909 318 937 ἀλλοιοῦσθαι
338 910 388 945 τὴν
410 910 506 937 οὐσίαν
522 911 614 943 αὑτὸν,
631 911 700 938 ἀλλὰ
720 911 770 946 τὴν
784 911 936 946 ἐνέργειαν,

146 955 234 987 ἄλλως
248 964 289 988 τε,
302 957 326 982 εἰ
342 956 539 991 μεταϐάλλεται
559 957 720 991 πεφυκότως
739 958 755 984 ὁ
774 957 847 989 νοῦς,
865 955 938 994 ᾗπερ

145 1001 263 1036 εῐρηται,
278 1002 347 1028 κατὰ
358 1002 392 1028 τὰ
404 1003 478 1037 αὐτῷ
490 1003 677 1039 θεωρούμενα,
687 1004 785 1040 θεωρεῖ
797 1004 826 1031 δὲ
837 1004 938 1040 ἥκιστα

146 1047 256 1073 πάντων
270 1047 320 1083 τὴν
342 1047 418 1074 θείαν
443 1048 549 1081 οὐσίαν,
565 1049 634 1076 ἀλλὰ
651 1049 700 1084 τὴν
713 1050 865 1084 ἐνέργειαν,
881 1049 937 1076 οὐδ’

147 1091 229 1123 αὐτὸς
252 1090 306 1126 ἄρα
321 1092 382 1119 κατ’
411 1091 506 1119 οὐσίαν
523 1092 749 1128 ἀλλοιωοήσεται,
779 1092 848 1119 ἀλλὰ
875 1091 937 1119 κατ’

146 1137 299 1173 ἐνέργειαν.

184 1187 236 1211 κα¹.
254 1184 294 1211 Τὰ
318 1185 406 1212 πάντα
429 1186 462 1212 ἐκ
482 1185 529 1212 τοῦ
556 1185 744 1221 ὑπερκοσμίου
764 1185 823 1217 ἐνὸς
844 1184 939 1221 ὥσπερ

147 1230 336 1266 ἐκλάμψαντα,
349 1232 400 1258 οὐκ
412 1231 583 1267 ἀπέστησαν,
598 1231 660 1259 ὅθεν
677 1232 756 1267 ἔσχον
767 1231 818 1267 τὴν
832 1232 939 1267 γένεσιν

147 1276 241 1311 τρόπῳ
255 1277 346 1308 παντὶ,
363 1277 421 1303 ἀλλ’
446 1278 475 1304 ὲν
489 1277 587 1313 ἐκείνῳ
611 1277 706 1313 ὥσπερ
721 1278 854 1312 ἐγένοντο,
868 1276 940 1304 οὕτω

147 1323 195 1350 καὶ
210 1324 377 1357 συνέχονται,
400 1323 447 1349 καὶ
466 1322 644 1350 τελειοῦνται.
666 1324 721 1350 Καὶ
734 1323 811 1350 οὐδέν
825 1324 899 1350 ἐστιν
911 1324 941 1351 ὲν

147 1369 234 1396 οὐδενὶ
250 1369 304 1396 τῶν
321 1369 459 1401 ἁπάντων,
485 1370 515 1396 ἐν
537 1365 559 1403 ᾧ
580 1369 630 1396 οὐκ
643 1369 717 1395 ἔστιν
731 1370 877 1405 ὰπόρῤοια,
893 1371 941 1397 καὶ

148 1416 250 1442 ὡσανεί
275 1425 318 1448 τις
335 1416 407 1451 ὀσμὴ
430 1416 535 1443 ἐκείνου
553 1416 599 1443 τοῦ
631 1417 784 1452 ποιητικοῦ,
803 1419 850 1445 καὶ
864 1417 939 1450 ὄντος

148 1463 207 1495 ἑνός
219 1472 226 1479 ·
243 1463 290 1489 καὶ
306 1463 394 1490 πάντα
411 1462 445 1488 τὰ
467 1462 542 1493 ὄντος
557 1463 703 1498 μετέχοντα
721 1464 863 1498 μονονουχὶ
881 1473 938 1499 φω-

147 1510 197 1544 νὴν
209 1510 315 1543 ἀφιᾶσι,
339 1508 557 1544 παραδεικνύντα
579 1509 640 1544 οὐχ).
662 1509 691 1535 τὸ
706 1509 890 1544 ὑπερκόσμιον
910 1509 939 1536 ἓν

149 1555 239 1587 (τοῦτο
261 1555 315 1590 γὰρ
341 1554 517 1589 ὑπερίδρυται
542 1555 632 1590 πάσης
646 1555 697 1590 τῆς
721 1555 866 1582 ὁποιασοῦν
884 1556 938 1582 εἴτε

148 1602 277 1638 θεωρίας.
294 1602 348 1628 εἴτε
364 1600 505 1637 νοήσεως),
520 1601 586 1628 ἀλλά
606 1610 667 1628 τινα
681 1602 778 1628 ἀκτῖνα
794 1602 839 1628 τοῦ
854 1603 938 1637 ὑπερ·

148 1647 262 1681 κοσμίου
289 1646 356 1677 ἑνός.
378 1645 459 1673 Ὅθεν
473 1647 534 1672 ἐπεὶ
554 1646 598 1672 διὰ
614 1647 722 1673 πάντων
747 1647 891 1674 ἐπιϐοᾶται
907 1648 939 1674 τὸ

147 1689 189 1722 ἓν,
207 1690 254 1716 καὶ
272 1690 360 1716 πάντα
381 1689 452 1716 νεύει
476 1691 544 1725 πρὸς
565 1690 606 1722 ἓν,
620 1691 668 1717 καὶ
681 1691 746 1718 αὐτὸ
773 1692 804 1718 τὸ
820 1692 939 1728 ὑπερκό-

149 1745 229 1769 σμιον
244 1736 273 1762 ἓν
292 1736 335 1763 διὰ
349 1736 459 1763 πάντων
481 1737 535 1762 τῶν
550 1736 634 1764 ὄντων
651 1738 796 1772 προιραίνει
810 1739 890 1765 ἑαυτὸ
901 1739 940 1774 τῷ

148 1782 189 1808 νοῒ
201 1790 207 1796 ·
230 1781 337 1817 ἀνάγκη
349 1783 599 1817 ’χειραγωγεῖσθαι,
626 1783 672 1809 καὶ
687 1783 874 1818 πώηγετσθαι,
891 1785 940 1812 καὶ

149 1828 264 1862 ἄγεσθαι
292 1828 360 1870 πρὸς
390 1828 420 1855 τὸ
443 1828 631 1863 ὑπερκόσμιον
653 1828 682 1855 ἒν
705 1829 750 1855 τὸν
766 1829 845 1856 νοῦν·
860 1831 939 1857 τοῦτο

150 1875 212 1910 μὲν,
228 1876 261 1910 τῇ
275 1875 329 1901 τῶν
343 1874 447 1901 πολλῶν
463 1875 549 1902 ὄντων
572 1875 660 1902 πειθοί
675 1875 846 1910 βιαζόμενον,
862 1877 940 1903 τοῦτο

142 1922 177 1949 ,δὲ
191 1921 238 1948 καὶ
257 1921 343 1948 ὅτιτὸ
365 1919 459 1952 κτίζον
478 1920 518 1953 ἓν,
537 1921 601 1956 περὶ
622 1918 653 1948 οὗ
669 1929 701 1955 γε
720 1923 786 1956 ἡμῖν
804 1922 853 1958 ἠδη
868 1924 881 1949 ὁ
897 1923 941 1949 λό-

149 1977 196 2002 γος
211 1967 279 1998 ἐστὶ,
304 1967 428 2002 βούλεται
455 1967 571 2001 ὁρᾶσθαι
592 1967 644 1994 ὑπὸ
660 1967 706 1993 τοῦ
722 1967 781 1999 νοὸς
796 1969 940 2004 περιουσίᾳ

148 2014 344 2050 χρηστότητος,
355 2013 389 2040 ἵν’
402 2014 415 2040 ὁ
432 2013 493 2044 νοῦς
508 2014 535 2039 ὲν
560 2013 648 2048 τούτῳ
665 2014 758 2049 πάσχῃ
783 2014 814 2040 τὸ
829 2013 888 2049 ζῇν,
901 2014 940 2046 ὡς

148 2059 216 2086 αὑτό
233 2067 298 2093 φησι
319 2059 350 2085 τὸ
364 2059 485 2094 ἄρρητον
500 2059 529 2085 ἓν
543 2068 549 2075 ·
569 2059 654 2093 «Ἐγώ
681 2060 738 2094 εἰμι
753 2061 769 2095 ὴ
793 2059 865 2094 ζωή·
892 2060 940 2086 καὶ

149 2105 218 2140 αὕτη
232 2105 306 2131 ἐστὶν
319 2105 335 2140 ἡ
351 2105 460 2137 αίώνιος
473 2105 541 2140 ζωὴ.
559 2105 602 2132 ῐνα
616 2105 771 2139 γινώσκωσί
784 2114 814 2132 σε
834 2106 880 2133 τὸν
893 2105 940 2141 μό-

148 2161 193 2178 νον
206 2151 331 2186 ἀληθινὸν
343 2151 436 2178 Θεόν.)
452 2152 506 2178 Καὶ
519 2151 637 2186 ἀλλαχοῦ
649 2159 655 2166 ”
674 2161 684 2178 ι
695 2152 881 2186 Ἐκζητήσατε
895 2152 941 2178 τὸν

984 915 1127 943 ηνιιιιιιιιν,
1137 911 1183 938 sed
1198 911 1258 945 ejus
1275 911 1409 945 operatio.
1421 909 1448 937 Si
1464 910 1536 937 enim
1549 917 1626 936 mens
1637 913 1770 938 mutatur.

983 961 1014 986 ut
1032 957 1135 985 dictum
1162 961 1215 989 est,
1240 956 1391 984 secundum
1418 964 1450 983 ea
1468 964 1530 990 quae
1557 955 1770 989 contemplatur,

983 1006 1098 1033 minime
1113 1005 1185 1032 videt
1205 1004 1325 1031 divinam
1341 1003 1499 1036 essentiam,
1516 1003 1562 1030 sed
1584 1002 1771 1038 operationem

983 1051 1125 1084 divinam;
1145 1059 1233 1086 neque
1249 1052 1306 1086 ipsa
1323 1051 1408 1086 igitur
1417 1049 1637 1077 substantialiter
1652 1047 1771 1075 mutabi-

984 1102 1040 1130 tur,
1057 1097 1104 1125 sed
1126 1097 1277 1125 secundent
1295 1096 1494 1132 operationem.

1019 1187 1065 1215 2|.
1079 1186 1176 1213 Omnia
1197 1194 1228 1213 ex
1245 1185 1448 1221 supernaturali
1465 1191 1521 1211 uno
1532 1188 1662 1218 tanquam
1678 1183 1771 1218 splen-

985 1234 1089 1267 dentia,
1103 1241 1157 1261 non
1175 1237 1347 1260 recesserunt
1366 1232 1401 1259 ab
1420 1239 1453 1258 eo
1470 1231 1543 1258 unde
1559 1231 1771 1266 generationem

985 1280 1145 1309 omnimodo
1172 1280 1303 1310 habuere,
1335 1279 1383 1306 sed
1412 1279 1438 1306 in
1470 1278 1517 1305 illo
1541 1277 1772 1312 quemadmodum

985 1332 1046 1353 acta
1077 1329 1151 1356 sunt,
1170 1325 1207 1352 ita
1236 1330 1263 1352 et
1298 1324 1443 1351 adhaerent
1466 1327 1493 1351 et
1520 1323 1710 1358 perﬁciuntur.
1740 1322 1772 1349 Et

986 1373 1056 1399 nihil
1072 1377 1114 1399 est
1131 1373 1157 1398 in
1174 1379 1229 1406 quo
1253 1378 1307 1398 non
1323 1372 1359 1399 sit
1371 1370 1498 1401 eﬂluxus,
1515 1374 1542 1397 et
1559 1374 1688 1404 tanquam
1707 1370 1773 1396 οιΙοι·

987 1418 1086 1452 aliquis
1099 1418 1180 1452 hujus
1202 1417 1342 1445 Creatoris
1363 1420 1390 1443 et
1406 1417 1498 1443 unius;
1528 1416 1561 1443 Et
1590 1415 1682 1442 omnia
1712 1423 1774 1449 qum

986 1463 1122 1491 exsistunt
1138 1463 1282 1490 manifeste
1297 1463 1447 1490 ostendunt
1461 1469 1516 1489 non
1532 1463 1622 1496 ipsum
1638 1469 1774 1497 superum

987 1509 1076 1536 torale
1092 1517 1174 1536 unum
1202 1509 1280 1542 (illud
1295 1508 1368 1536 enim
1397 1511 1440 1536 est
1470 1514 1554 1542 supra
1572 1515 1681 1534 omnem
1707 1515 1772 1534 corr

990 1553 1193 1588 tenrplntionem
1223 1558 1270 1580 aut
1299 1553 1532 1588 cogitationem),
1565 1553 1611 1580 sed
1639 1553 1772 1587 quosdam

988 1600 1064 1628 illius
1077 1599 1179 1627 radios.
1196 1599 1285 1633 Unde,
1304 1607 1366 1626 cum
1380 1600 1509 1627 omnibus
1525 1599 1689 1626 inclametur
1707 1598 1773 1625 illud

989 1655 1072 1675 unum
1089 1652 1116 1674 ct
1130 1647 1221 1674 omnia
1236 1647 1268 1674 ad
1287 1654 1371 1673 unum
1393 1645 1517 1678 tendant,
1537 1650 1563 1672 et
1575 1645 1662 1680 ipsum
1679 1652 1775 1678 super-

987 1694 1112 1720 naturale
1140 1700 1223 1720 unum
1241 1694 1362 1727 seipsum
1382 1691 1465 1718 menti
1481 1699 1529 1726 per
1543 1691 1634 1718 omnia
1662 1691 1776 1718 manife-

990 1745 1054 1772 stet,
1074 1748 1184 1767 necesse
1209 1743 1297 1767 estut
1317 1746 1395 1766 mens
1409 1739 1485 1773 quasi
1508 1741 1588 1764 manu
1612 1737 1728 1764 ducatur
1746 1743 1774 1765 et

988 1787 1056 1822 pede
1087 1786 1120 1813 ad
1153 1786 1220 1814 illud
1246 1785 1457 1820 supernaturale
1490 1791 1594 1816 unum;
1627 1787 1684 1809 tum
1709 1783 1774 1817 quia

987 1834 1111 1862 omnium
1141 1833 1320 1868 persuasione
1343 1832 1459 1866 cogitur,
1491 1836 1547 1858 lum
1581 1835 1608 1857 ct
1638 1838 1670 1857 eo
1702 1830 1774 1864 quod

988 1881 1075 1915 ipsum
1096 1880 1160 1907 illud
1179 1887 1273 1911 unum,
1299 1879 1381 1905 nimia
1411 1885 1461 1905 sua
1488 1877 1618 1910 bonitate,
1646 1883 1660 1903 a
1686 1881 1776 1903 tuente

989 1927 1046 1953 vult
1058 1926 1204 1960 aspertari,
1217 1929 1245 1951 ut
1261 1931 1338 1952 mens
1353 1925 1380 1952 in
1398 1932 1430 1951 eo
1450 1928 1565 1957 aspectu
1586 1924 1668 1949 vitam
1691 1922 1776 1956 patia-

988 1977 1045 2003 tur.
1077 1972 1305 2007 quemadmodum
1337 1970 1403 1998 dicit
1431 1970 1497 1996 illud
1523 1969 1659 1996 incil'abile
1677 1976 1774 2000 unmn,

991 2028 1001 2044 ‹
1015 2019 1072 2053 Ego
1095 2026 1155 2045 sum
1173 2019 1247 2050 vita;
1272 2026 1281 2040 ι
1299 2021 1326 2044 et
1344 2026 1352 2044 :
1374 2026 1383 2042 ι
1398 2016 1458 2043 llaec
1474 2019 1517 2042 est
1543 2015 1598 2042 vita
1626 2019 1726 2041 aeterna
1745 2018 1775 2041 ut

989 2070 1156 2101 cognoscant
1185 2069 1211 2092 te
1238 2065 1327 2092 Solum
1358 2063 1441 2090 Deum
1459 2055 1572 2095 veram;
1589 2071 1599 2087 ›
1626 2067 1652 2089 et
1685 2062 1774 2088 alibi:

992 2112 1133 2144 «Quaerite
1157 2110 1301 2138 Dominum
1324 2115 1351 2137 et
1367 2110 1438 2136 vivet
1461 2108 1550 2134 anima
1578 2113 1682 2134 vestra.
1701 2116 1710 2132 ι
1733 2107 1773 2135 Ex

991 2157 1168 2191 inquisitione
1193 2158 1264 2184 enim
1285 2156 1373 2189 visio;
1396 2163 1428 2182 ex
1444 2161 1474 2181 ea
1503 2158 1595 2181 autem
1625 2155 1691 2181 vita.
1723 2153 1774 2180 Et:

148 2197 262 2232 Κύριον,
280 2197 327 2224 καὶ
345 2196 459 2232 ζήσεται
475 2197 492 2230 ἡ
517 2196 589 2231 ψυχὴ
603 2196 681 2231 ἡμῶν
693 2204 699 2211 ·
725 2196 757 2222 ἐκ
784 2196 838 2230 γὰρ
861 2195 939 2230 ζητή·

993 2203 1194 2235 «Exhilarctur,
1225 2207 1251 2229 et
1272 2202 1453 2233 illumiurtur,
1485 2204 1513 2227 et
1531 2200 1650 2233 lactetur,
1680 2204 1709 2226 ut
1735 2201 1775 2226 ait

149 2252 230 2276 σεως,
257 2245 273 2279 ἠ
301 2244 406 2279 ὅρασις.
438 2243 486 2269 Ἐκ
515 2242 618 2277 ταύτης
644 2241 682 2274 δὲ,
716 2242 732 2276 ἡ
764 2241 829 2276 ζωή.
850 2251 859 2266 ι
876 2241 940 2273 Καὶ,

153 2290 263 2321 ιὈπως
281 2289 408 2323 γάννυτο,
437 2288 486 2315 καὶ
509 2288 665 2322 φωτίζοιτο,
689 2288 736 2314 καὶ
756 2287 941 2322 εὐφραίνοιτο,

147 2335 185 2366 ὠς
201 2336 215 2362 ὁ
229 2335 311 2361 Δαὸίδ
339 2343 432 2370 φησιν,
449 2334 490 2361 ὅτι
512 2334 567 2360 τῶν
588 2333 810 2369 εὐφραινομένων
832 2332 942 2359 πάντων

145 2386 163 2422 ἡ
178 2385 307 2414 κατοικία
322 2386 351 2420 ἐν
363 2385 414 2412 σοί.
431 2393 441 2410 ι
459 2384 514 2411 Καί
527 2392 533 2399 ·
557 2393 565 2409 ι
578 2383 622 2410 'Ev
636 2383 674 2418 τῷ
693 2383 763 2418 φωτί
779 2391 827 2410 σου
845 2384 946 2420 ὀψόμε-

146 2432 180 2459 θα
197 2433 266 2467 φῶς.
279 2441 290 2458 ›
320 2431 357 2457 Ἢ
381 2430 440 2462 πῶς
454 2430 499 2457 τὸν
518 2430 568 2465 μὲν
593 2429 656 2456 νοῦν
679 2429 771 2456 ἔκτισε
785 2429 898 2466 θεωρὸν,
912 2430 947 2458 τὰ

147 2477 246 2505 ἑαυτοῦ
261 2477 289 2503 δὲ
304 2477 332 2502 ὲν
347 2476 432 2503 ἅπασι
443 2476 498 2508 τοῖς
511 2473 571 2502 οὖσι
584 2475 734 2510 διέσπειρε.
747 2476 780 2502 δι’
793 2472 841 2507 ὧν,
850 2475 946 2511 ὥσπερ

147 2525 192 2552 διά
205 2533 287 2551 τινων
302 2523 418 2558 θυρίδων
431 2523 460 2549 ὲν
476 2521 638 2557 διαυγασμῷ
653 2521 739 2557 νοερῷ
749 2521 788 2557 τῷ
801 2522 842 2548 νοῒ
857 2531 947 2557 παρα-

148 2571 324 2604 δεικνύμενον
339 2569 431 2603 θέλγει
446 2568 538 2595 κινοῦν
555 2567 649 2594 τοῦτον
665 2568 734 2603 πρὸς
751 2568 832 2594 ἑαυτὸ
844 2568 946 2604 ὲλλαμ-

147 2617 267 2653 πόμενον
280 2624 288 2649 ;

184 2663 238 2699 κβη
258 2663 287 2690 '0
301 2663 379 2695 Θεὸς,
395 2662 464 2696 ὅπερ
475 2661 535 2688 ἐστὶ
548 2661 578 2688 τὸ
598 2660 743 2697 Τριαδικδν
760 2661 862 2695 ἀγαθὸν
878 2660 918 2693 ἓν,
932 2660 947 2688 δ

148 2708 296 2743 πεποίηκε,
321 2708 407 2734 θέλων
426 2705 593 2742 πεποίηκεν·
610 2706 736 2742 ἀλλαμὴν
758 2706 773 2732 ὃ
787 2706 801 2732 ὁ
823 2706 889 2738 Θεὸς
903 2706 947 2732 02‘.-

146 2756 200 2788 λει,
219 2755 304 2790 ἄκρον
317 2755 392 2782 ἐστὶν
407 2753 510 2788 ἀγαθόν
523 2761 530 2770 ο
546 2754 628 2788 φύσις
644 2753 699 2790 γάρ
719 2754 794 2781 ἐστιν
806 2754 823 2788 ἡ
843 2753 945 2788 ἀγαθό-

147 2811 198 2837 της
212 2800 298 2836 αὐτῷ.
313 2799 454 2835 Πεποίηκε
474 2798 615 2834 τοιγάρτοι
633 2799 680 2826 τὸν
704 2799 779 2830 νοῦν,
803 2799 914 2831 ἑαυτοῦ,
931 2799 946 2834 ἢ

149 2849 204 2876 τῶν
229 2848 326 2876 ἑαυτοῦ
343 2848 462 2882 θεωρῶν
483 2847 497 2874 ὂ
514 2847 641 2882 συνάγειν
656 2845 709 2875 οἶδε
723 2847 768 2874 τὸν
792 2845 948 2881 Θεωροῦντα

990 2250 1086 2282 David,
1105 2249 1176 2283 quod
1203 2248 1351 2276 luctantium
1378 2247 1498 2274 omnium
1520 2247 1652 2274 habitatio
1678 2250 1720 2273 est
1749 2246 1775 2272 in

991 2301 1034 2329 te;
1048 2304 1058 2320 ι
1077 2299 1121 2322 et:
1138 2303 1147 2319 ι
1172 2294 1200 2320 1η
1221 2294 1322 2320 lumine
1336 2297 1383 2320 tuo
1398 2292 1552 2320 videbimus
1571 2292 1692 2319 lumerm
1721 2290 1772 2318 Ant

992 2341 1128 2375 quomodo
1144 2344 1260 2368 mentem
1281 2339 1391 2375 quidem
1416 2339 1616 2373 contemplandi
1646 2344 1774 2372 capacem

990 2388 1105 2420 crearit,
1137 2394 1187 2414 sua
1203 2394 1268 2413 vero
1293 2387 1320 2413 in
1347 2387 1474 2413 omnibus
1506 2392 1676 2419 qumcuuque
1702 2389 1776 2416 Sunt,

991 2434 1131 2469 dispursil,
1150 2441 1197 2468 per
1220 2441 1281 2467 quae
1300 2438 1428 2466 tanquam
1447 2439 1495 2466 per
1520 2432 1651 2466 quasdam
1680 2430 1777 2464 jannas

992 2479 1181 2514 insplrndore
1214 2479 1346 2513 spiritueli
1375 2478 1458 2505 menti
1492 2478 1612 2511 seipsum
1646 2476 1776 2509 ostendit,

991 2537 1050 2555 uani
1068 2528 1246 2554 illutninalam
1261 2527 1293 2554 ad
1307 2534 1337 2554 se
1357 2525 1517 2553 attraliens?

1027 2665 1072 2692 9.2.
1095 2663 1176 2693 Deus,
1191 2669 1290 2696 nempe
1308 2668 1391 2687 unum
1409 2660 1509 2687 bonum
1526 2659 1554 2686 in
1566 2657 1655 2685 tribus
1680 2663 1778 2691 perso-

992 2713 1034 2740 nis
1050 2712 1143 2743 vnlunﬁ
1164 2709 1227 2736 fecit
1237 2706 1367 2742 quidquid
1385 2705 1515 2738 fecit;scd
1536 2704 1608 2740 quod
1624 2702 1695 2730 Deus
1707 2703 1778 2735 vult,

993 2758 1058 2786 illud
1079 2762 1217 2783 summum
1236 2754 1337 2781 bonum
1353 2756 1406 2783 est;
1423 2756 1521 2778 natura
1542 2750 1615 2777 enim
1642 2748 1702 2782 eius
1735 2753 1778 2775 est

992 2803 1111 2831 bonitas.
1127 2800 1204 2828 Fecit
1215 2807 1281 2828 vero
1297 2803 1414 2826 mentem
1428 2798 1483 2830 sui,
1506 2801 1554 2823 aut
1570 2802 1682 2822 suorum
1709 2801 1778 2821 eon-

993 2848 1142 2878 lunulam“
1156 2854 1282 2879 capacem
1298 2854 1306 2880 ;
1325 2845 1396 2880 quod
1410 2843 1636 2878 contemplantem
1664 2840 1696 2868 ad
1713 2839 1780 2868 illud
