1932 3088
212 158 267 189 859

779 148 951 180 CALLISTI
967 144 1114 176 CATAPII
1120 142 1273 173 UGIOTIE

1784 141 1832 174 8:30

212 214 328 249 simplex
346 217 372 242 ct
387 213 522 241 inﬁnitum
535 216 563 240 et
589 219 685 240 revera
717 217 800 238 unum
829 208 954 242 aspicere
974 210 1001 232 et

1054 207 1102 232 τος,
1113 198 1249 234 ἀοριστία,
1267 198 1314 226 καὶ
1330 197 1461 235 ἁπλότης,
1481 197 1528 226 καὶ
1537 199 1569 226 rb
1594 197 1682 230 ἀειδὲς
1712 199 1828 232 ἐνοειδῶς

213 263 337 295 tendere,
361 265 388 288 et
414 261 477 288 inde
504 258 646 290 illustrari,
663 261 691 285 et
712 265 773 284 cum
792 255 836 283 illa
861 253 1002 281 collectiva

214 309 320 335 unitate
349 307 476 339 adunari,
491 310 518 332 et
532 305 593 332 ideo
610 312 703 332 secum
722 312 729 337 ;
760 307 790 330 ut
819 310 872 329 non
889 300 971 328 modo
989 307 1004 326 a

213 355 327 382 meliore
339 354 476 388 diligatur,
494 356 523 379 ut
550 351 714 382 consimilis.
735 354 868 385 quantum
890 347 942 383 ipsi
969 346 1004 374 li—

213 405 267 431 cet.
281 405 308 427 el
322 398 505 431 intiniludine,
517 403 543 425 et
559 397 733 432 simplicitate
748 401 774 424 et
789 395 1002 430 spiritualitate;

213 446 262 473 sed
279 450 306 472 et
322 445 379 479 ipsa
393 439 511 471 divinam
529 448 557 471 et
577 450 710 471 summam
726 441 956 477 pulchritudinem
978 443 1005 466 et

215 491 452 525 stupet-naturalem
470 489 679 524 possitdiligere
692 496 699 520 ;
714 488 815 522 quippe
828 494 890 521 qua:
907 493 1003 513 cucur-

214 538 281 564 rerit
293 537 441 564 secundum
453 544 483 564 ea
495 543 556 570 quae
571 536 643 563 dicta
656 539 732 568 sunt,
741 534 776 561 ad
786 532 1002 561 similitudinem.

214 583 350 615 Quoniam
367 583 439 609 enim
461 582 597 609 similibus
623 581 724 609 similia
745 579 904 607 naturaliter
933 577 1005 605 solet

215 636 276 656 esse
291 628 422 663 diligendi
448 627 604 662 dispositio,
634 630 710 662 patet
741 629 859 652 mentem
884 630 1002 659 quoque.

215 673 444 708 quemadmodum
463 680 478 700 a
497 673 553 700 Deo
576 672 717 708 diligetur,
737 672 823 705 ipsam
839 671 922 697 Deum
935 669 1003 696 dile-

214 725 320 747 cluram
335 727 416 754 esse;
445 719 535 747 simile
565 719 640 746 enim
667 717 750 746 simili
776 716 954 744 assimilatur.
971 714 1004 741 Et

215 765 444 800 quemadmodum
480 765 630 793 similitudo
663 763 869 791 conversionem
909 761 1001 792 habet.

215 810 252 836 ita
262 810 372 837 habebit
381 811 492 837 cumino
501 817 619 838 amorem
629 809 676 837 Dei
687 807 1002 842 amorircspondentem;

216 864 270 889 quo
286 857 378 884 nullus
392 857 477 891 major
491 860 533 884 est
546 855 665 883 structus
695 855 765 882 inter
792 854 877 882 Deum
899 857 926 880 et
942 853 1002 880 ani-

1047 245 1208 280 γιγνομένη,
1223 245 1369 281 ἐστέρηται
1386 254 1393 260 ·
1407 245 1455 272 καὶ
1483 245 1531 272 τοῦ
1546 245 1703 281 ὑπερφυοῦς
1718 246 1765 273 καὶ
1782 247 1828 282 ἀρ-

1048 292 1198 327 ρητοτατου
1224 291 1338 322 κάλλους
1365 291 1415 318 οὐκ
1434 292 1586 327 ἐφικνεῖται
1617 292 1667 327 τὴν
1685 293 1830 326 φαντασίαν

1049 338 1153 365 παθεῖν.
1174 339 1221 364 Δεῖ
1244 338 1276 373 δὴ
1293 338 1347 373 ἄρα
1375 337 1421 364 τδν
1454 338 1516 365 νοῦν
1546 338 1614 374 πρὸς
1645 339 1676 365 rb
1708 339 1830 374 ἄναρχον.

1048 384 1161 416 ἁπλοῦν,
1182 385 1229 411 καὶ
1248 385 1386 419 ἀόριστον,
1403 385 1450 412 καὶ
1471 386 1568 421 τῳόντι
1596 385 1624 412 ἓν
1651 386 1765 420 ἀφορᾷν,
1788 386 1832 412 καὶ

1047 429 1237 457 ἀνατείνεσθαι
1252 439 1258 445 ·
1271 431 1398 458 κάκεῖθεν
1423 431 1582 465 ἐπείγεσθαι
1600 432 1832 466 καταλάμπεσθαι,

1050 475 1096 503 καὶ
1109 476 1143 511 τῇ
1160 476 1379 511 ἀρχισυναγώγῳ
1391 477 1464 504 ἑνάδι
1477 477 1614 510 ἑνοῦσθαι,
1637 478 1684 505 καὶ
1701 478 1747 504 διὰ
1762 478 1834 504 τοῦτο

1049 521 1138 556 ἑαυτῷ
1151 530 1158 537 ·
1174 523 1207 548 ἵν’
1222 523 1253 549 οὐ
1276 523 1356 558 μόνον
1374 523 1530 558 ἁγαπηθείη
1562 524 1637 558 παρὰ
1652 523 1699 550 τοῦ
1719 525 1833 558 κρείττο-

1049 576 1104 600 νος,
1115 567 1152 600 ὡς
1165 569 1321 603 ὁμοιωθεὶς,
1335 566 1475 606 ᾖ·ἔνεστιν
1488 569 1574 605 αὐτῷ,
1596 571 1629 605 τῇ
1652 578 1680 596 τε
1703 570 1833 605 (inpuris,

1050 613 1098 640 καὶ
1120 614 1263 649 ἁπλότητι,
1288 615 1327 650 τῷ
1356 615 1467 650 ἁνειδέῳ
1493 624 1522 641 τε
1558 615 1606 641 καὶ
1632 616 1833 651 ἁσχηματὶστῳ,

1049 657 1128 686 om
1152 659 1199 686 καὶ
1221 659 1303 692 αὐτὸς
1330 660 1361 686 rb
1386 660 1456 687 θεῖον
1480 661 1527 687 καὶ
1547 660 1702 696 ὑπέρκαλον
1735 661 1835 692 κάλλος.

1051 705 1099 731 καὶ
1112 705 1251 739 ὑπερφυὲς
1278 706 1419 740 ἀγαπῆσαι
1434 706 1572 742 δυνηθείη,
1589 706 1627 738 ὡς
1655 706 1836 741 ἀναδεδραμη-

1052 750 1108 781 κὼς
1132 750 1202 777 κατὰ
1230 751 1264 776 τὰ
1279 751 1414 786 εἰρημένα
1437 752 1505 786 πρδς
1520 752 1570 786 τὴν
1592 751 1735 786 ὁμοίωσιν.
1769 754 1836 779 Ἐπεὶ

1052 796 1107 831 γὰρ
1125 797 1181 827 τοῖς
1196 796 1300 831 ὁμοίοις
1311 796 1454 830 γίγνεσθαι
1475 797 1597 832 φυσικῶς
1614 797 1712 824 εἴωθεν
1736 799 1836 832 ἀγαπη-

1051 842 1115 876 τικὴ
1128 841 1248 873 διάθεσις
1260 842 1329 878 πρὸς
1356 843 1389 869 τὰ
1409 842 1500 877 ὅμοια,
1519 842 1636 878 φανερὺν
1659 843 1792 878 δήπουθεν
1805 843 1838 875 ὡς

1021 878 1271 925 Βάγαπηθῆςεται.
1295 891 1341 918 καὶ
1364 891 1552 923 ἀνταγαπήσει
1574 891 1588 916 ό
1612 889 1674 922 νοῦς
1701 891 1748 918 rbv
1769 891 1838 917 Θεὸν.

219 945 257 971 Tb
270 944 324 980 γάρ
340 953 381 970 τοι
408 943 502 978 ὅμοιον
524 941 610 976 ὁμοίῳ
640 940 716 966 ἔστιν
737 939 840 974 ὅμοιον.
866 938 921 965 Καὶ
945 937 982 968 ὡς
1012 937 1029 972 ἠ
1056 937 1185 972 ὁμοιότης
1211 938 1269 973 ἔχει
1293 937 1325 964 rb
1349 937 1552 971 ἁντιστρέφειν,
1569 935 1626 968 ἕξει
1651 936 1760 967 πάντως
1773 934 1837 961 οὕτω

218 994 266 1019 καὶ
295 992 362 1026 πρδ;
390 991 428 1026 τῷ
447 991 558 1026 ἀγαπᾷν
580 988 610 1015 rb
625 987 835 1022 ἀνταγαπᾶσθαι
846 995 852 1002 ·
866 986 896 1012 οὐ
914 985 1006 1020 μεῖζον
1022 984 1139 1021 πάθημα
1157 987 1259 1022 μεταξὺ
1274 985 1344 1012 Θεοῦ
1362 985 1410 1011 καὶ
1424 985 1514 1018 ψυχῆς
1531 984 1605 1010 ἐστιν
1620 983 1708 1010 οὐδέν.

254 1038 299 1065 26.
330 1037 416 1072 Supra
448 1038 587 1072 prppriam
619 1043 747 1066 naturam
772 1044 851 1065 mens
875 1035 1006 1071 assurgit,

220 1083 331 1118 quando
344 1084 377 1110 ad
397 1083 462 1111 illud
477 1084 610 1120 assurgit,
622 1084 694 1118 quod
707 1087 750 1111 est
765 1090 847 1118 supra
864 1086 983 1111 mentem
997 1090 1006 1116 ;

219 1130 304 1164 ﬁtque
319 1131 432 1165 simplex
447 1134 473 1157 et
488 1129 593 1164 absque
607 1130 707 1162 forma,
723 1133 750 1157 et
760 1129 853 1156 divine
868 1128 929 1156 sine
940 1128 1008 1163 ligu-

219 1185 246 1202 ra
259 1177 407 1203 constituta
416 1181 469 1207 est.
483 1181 583 1204 aeterna
596 1176 751 1209 aciniinita,
766 1179 805 1206 et.
816 1179 847 1202 ιιι
859 1175 896 1202 ita
904 1174 1005 1208 dicam,

217 1228 303 1256 supra
319 1222 456 1256 propriam
475 1221 618 1250 unitatem.
637 1221 751 1255 Quando
767 1227 832 1248 vero
849 1220 874 1248 id
899 1221 933 1248 de
953 1226 1008 1254 quo

221 1268 325 1304 cogitat
340 1275 432 1295 secum
449 1267 540 1299 habet,
560 1272 598 1301 et,
615 1269 638 1295 si
654 1268 681 1294 in
697 1267 798 1295 divinis
808 1271 836 1294 et
848 1266 1008 1302 intelligibi-

219 1315 293 1342 libus
307 1319 440 1349 Orcuputa
453 1314 499 1347 sit,
518 1318 583 1341 tunc
604 1314 769 1342 naturaliter
788 1314 890 1342 dicitur
902 1313 1006 1342 moveri

217 1366 246 1389 et
259 1363 367 1396 operari
382 1365 409 1388 et
423 1361 450 1388 in
470 1360 607 1395 propriam
627 1365 752 1388 naturam
766 1361 849 1388 statui
864 1368 872 1395 ;
889 1360 1006 1388 multum

212 1413 308 1435 autem
324 1411 434 1442 praestat
445 1406 561 1434 naturali
577 1408 797 1442 supernaturale,
814 1412 841 1434 et
858 1407 945 1434 multo
956 1415 1008 1435 ex-

218 1454 318 1482 celsius
334 1458 394 1481 est:
411 1458 517 1488 oportet
534 1458 625 1481 autetn
652 1454 860 1489 supernaturale
893 1454 1007 1489 assequi

219 1499 324 1532 conari,
350 1503 442 1534 utpote
458 1499 568 1532 melius,
579 1499 730 1526 secundum
749 1499 907 1526 mandatum
939 1499 1006 1526 cha-

1093 1041 1150 1065 κς.
1172 1032 1261 1068 ’Υπὲρ
1274 1032 1322 1067 τὴν
1337 1031 1434 1058 ἑαυτοῦ
1451 1030 1532 1066 φύσιν
1545 1031 1606 1057 τότε
1621 1031 1636 1056 ὸ
1650 1029 1713 1061 νοῦς
1728 1029 1835 1062 γίνεται,

1056 1080 1122 1111 ὅταν
1143 1080 1184 1110 είς
1208 1079 1239 1106 rb
1265 1079 1336 1113 ὑπὲρ
1350 1077 1413 1106 νοῦν
1431 1077 1541 1112 γίνηται
1556 1075 1711 1109 παντελῶς,
1727 1075 1837 1105 autem;

1056 1134 1085 1153 τι
1099 1126 1146 1152 καὶ
1161 1125 1378 1160 ἀσχημάτιστος,
1393 1124 1440 1151 καὶ
1452 1124 1482 1150 rb
1497 1123 1558 1150 ὅλον
1566 1123 1665 1154 ὲνθὲως
1677 1122 1833 1158 ὰμόρφωτος

1048 1171 1210 1204 καταστὰς,
1238 1171 1356 1206 ἄναρχός
1382 1179 1411 1197 τε
1443 1170 1490 1197 καὶ
1512 1170 1636 1204 ἄπειρος,
1654 1170 1704 1196 καὶ
1720 1168 1757 1199 ὼς
1779 1167 1837 1198 ἔπος

1055 1218 1155 1250 είπεῖν,
1168 1216 1240 1253 ὑπὲρ
1252 1217 1301 1253 τὴν
1316 1217 1385 1244 ἰδίαν
1400 1217 1509 1243 ἕνωσιν.
1523 1215 1609 1242 Ὀταν
1628 1214 1657 1241 δὲ
1668 1213 1701 1240 rb
1716 1213 1837 1247 σφέτερον

1057 1263 1248 1297 διανοούμενον
1277 1262 1328 1298 ἔχῃ
1347 1261 1408 1298 μεθ’
1422 1261 1518 1288 ἑαυτοῦ
1532 1280 1540 1293 ,
1559 1260 1611 1287 κᾶν
1628 1261 1686 1291 τοῖς
1706 1259 1785 1290 eam;
1799 1258 1836 1292 εἴη

1056 1308 1104 1337 καὶ
1131 1308 1236 1343 νοητοῖς
1259 1307 1457 1342 ἀσχολούμενον
1471 1327 1479 1340 ,
1498 1307 1559 1333 τότε
1586 1305 1711 1340 φυσικῶς
1736 1304 1837 1338 λέγεται

1056 1354 1203 1386 κινεῖσθαι,
1223 1355 1271 1380 καὶ
1287 1354 1420 1388 ἐνεργεῖν,
1437 1353 1485 1380 καὶ.
1514 1354 1554 1383 είς
1575 1353 1624 1388 τὴν
1640 1349 1740 1378 ἑαυτοῦ
1762 1351 1837 1384 φύσιν

1058 1399 1184 1427 ἵστασθαι
1197 1407 1204 1414 ·
1225 1399 1298 1426 κατὰ
1321 1399 1388 1425 πολὺ
1405 1398 1433 1425 δὲ
1451 1399 1612 1433 ὑπέρκειται
1628 1398 1657 1424 rb
1678 1398 1750 1432 ὑπὲρ
1764 1397 1838 1430 φύσιν

1055 1445 1104 1473 τοῦ
1121 1445 1191 1473 κατὰ
1208 1446 1291 1480 φύσιν
1303 1465 1310 1477 ,
1327 1445 1376 1472 καὶ
1401 1445 1459 1472 ἐστι
1490 1445 1560 1471 πάνυ
1588 1444 1737 1479 ἀνώτερον,
1751 1443 1795 1469 Δεῖ
1808 1442 1836 1477 δὴ

1057 1491 1144 1526 φιλεῖν
1158 1491 1204 1518 τοῦ
1218 1492 1288 1526 ὑπὲρ
1305 1491 1385 1525 φύσιν
1401 1491 1528 1525 γενέσθαι
1540 1491 1714 1525 nequem,
1725 1490 1761 1521 ὡς
1775 1489 1838 1524 μᾶλ-

219 1545 332 1572 rismata
352 1545 464 1572 meliora
491 1553 540 1572 nos
567 1545 689 1573 aemulari
715 1546 825 1581 jubens.
854 1545 906 1574 Sed
935 1551 1003 1581 patel

1057 1537 1103 1564 λόν
1120 1545 1153 1571 γε
1177 1537 1332 1572 κρείττονος
1361 1537 1432 1563 κατὰ
1462 1536 1512 1571 τὴν
1535 1537 1697 1571 φάσκουσαν
1723 1536 1835 1568 ἐντολὴν,

219 1597 338 1618 tuentem
350 1591 376 1618 in
387 1591 588 1627 supernaturali
604 1593 794 1623 constitutam.
812 1592 838 1619 in
855 1593 909 1620 Deo
925 1600 1002 1620 esse:

220 1637 291 1664 Deus
320 1637 391 1664 enim
422 1637 552 1664 esteittra
572 1645 679 1664 omnem
710 1642 858 1671 naturam,
892 1638 938 1673 qui
963 1643 1006 1666 est

219 1688 347 1710 (rtermtm
384 1690 415 1710 ac
430 1683 590 1717 simpliciter
614 1690 706 1709 unum.
739 1683 852 1718 Oportet
870 1684 954 1719 igitur
970 1684 1004 1711 ad

219 1733 351 1756 aeternum
380 1733 407 1756 ct
442 1729 603 1763 simpliciter
629 1737 713 1756 unum
731 1734 848 1758 mentem
874 1731 1003 1763 extendi.

221 1777 341 1811 illudque
359 1776 536 1810 contemplari
557 1781 584 1803 et
610 1777 641 1804 ad
658 1777 722 1805 illud
747 1777 820 1809 duci,
854 1783 884 1805 ut
910 1778 944 1805 ad
959 1786 1006 1805 su-

221 1823 394 1859 pern;-.tnra1e
432 1830 516 1850 unum
532 1842 539 1854 .
562 1830 709 1858 assurgens
743 1823 793 1852 hoc
817 1824 896 1852 modo
921 1830 1006 1860 supra

221 1871 359 1905 proprium
378 1877 409 1897 ac
428 1870 576 1896 naturalem
591 1870 739 1902 virtutem,
773 1871 870 1898 melius
896 1871 1005 1902 habeat.

221 1923 352 1951 tauquam
371 1917 397 1943 in
417 1916 535 1951 propriis
560 1917 710 1944 secundum
741 1922 869 1944 naturam
900 1918 1006 1945 consti-

221 1968 290 1990 ιυμμ

255 2008 300 2035 27.
317 2007 492 2042 Unaquaeque
509 2015 554 2035 res
571 2008 688 2042 propriis
721 2008 832 2036 dotibus
859 2008 966 2037 laetatur
979 2013 1006 2037 et

219 2055 246 2082 in
261 2053 293 2080 iis
308 2053 469 2080 naturaliter
484 2053 633 2086 requiescit
645 2062 653 2088 ;
665 2062 727 2088 qun:
739 2055 832 2082 omnia
853 2055 880 2082 in
901 2060 1005 2083 aeterno

217 2105 341 2128 creatore
358 2101 508 2128 secundum
526 2100 690 2128 uniformem
705 2108 814 2128 causam
831 2102 1003 2135 praeexstite-

219 2154 294 2175 runt.
309 2147 384 2174 Tunc
400 2148 484 2182 igitur
497 2148 523 2174 in
540 2155 631 2174 veratri
649 2147 769 2175 laetitiam
787 2155 865 2175 mens
895 2153 1007 2175 natura-

219 2195 283 2221 liter
292 2195 417 2222 vettiet'et
432 2194 559 2229 gaudium
576 2194 687 2221 habebit
704 2201 879 2228 nequaquam
900 2195 982 2222 brcve
995 2215 1004 2228 ,

1058 1581 1155 1617 ζηλοῦν
1169 1590 1202 1617 γε
1216 1582 1250 1609 τὰ
1267 1583 1407 1616 κρείττονα
1417 1582 1471 1608 τῶν
1489 1582 1669 1617 χαρισμάτων
1687 1591 1694 1598 ·
1709 1582 1775 1608 ἀλλὰ
1789 1579 1837 1614 μὴν

1057 1630 1178 1664 δηλονότι
1195 1630 1209 1656 ὁ
1228 1629 1290 1661 νοῦς
1308 1631 1347 1661 είς
1363 1630 1394 1656 τὸ
1418 1630 1489 1665 ὑπὲρ
1514 1629 1594 1664 φύσιν
1606 1629 1654 1662 ὢν,
1674 1628 1748 1655 ἔστιν
1763 1628 1789 1654 ὲν
1802 1625 1835 1660 τῷ

1057 1675 1116 1709 Θεῷ
1127 1685 1134 1691 -
1151 1674 1281 1710 ἐξώτερος
1295 1675 1351 1709 γάρ
1366 1683 1406 1700 τοι
1431 1674 1600 1709 γιγνομὲνως
1628 1673 1737 1707 φύσεως
1751 1673 1763 1698 ό
1779 1671 1840 1702 θεδς

1057 1722 1177 1755 ἀπάσης,
1203 1721 1232 1753 ὃς
1256 1721 1324 1756 δῆτά
1353 1722 1411 1748 ἐστι
1439 1720 1469 1747 rb
1483 1720 1659 1755 ἀρχαίτατον,
1677 1720 1725 1746 καὶ
1753 1719 1837 1747 ἁπλῶς

1055 1768 1095 1794 ἓν.
1112 1769 1157 1794 Δεῖ
1182 1768 1232 1801 ὅρα
1258 1768 1326 1802 πρὸς
1355 1768 1385 1793 τὸ
1401 1766 1570 1802 ἀρχαίτατον
1589 1767 1635 1792 καὶ
1649 1766 1743 1796 ἁπλῶς
1756 1765 1784 1791 ἓν
1797 1765 1837 1790 τὺν

1054 1814 1116 1841 νοῦν
1145 1813 1352 1846 ἀνατείνεσθαι,
1383 1814 1430 1840 καὶ
1459 1812 1618 1847 ἐπείγεσθαι
1647 1813 1776 1847 ἀφορᾷν,
1795 1810 1837 1836 καὶ

1053 1861 1230 1894 ἀνάγεσθαι,
1263 1861 1300 1892 ὡς
1331 1860 1365 1887 ἂν
1387 1861 1426 1891 είς
1454 1859 1484 1886 τὸ
1520 1860 1661 1894 ὑπερφυὲς
1692 1859 1741 1890 ἐν,
1768 1858 1832 1891 ὑπὲρ

1052 1907 1102 1941 τὴν
1118 1907 1252 1941 σφετέραν
1270 1907 1388 1942 φυσικὴν
1412 1907 1555 1941 ἐνέργειαν
1570 1904 1759 1939 ἀναϐεϐηκὼς,
1776 1903 1830 1938 βέλ‹

1053 1961 1109 1980 τιον
1126 1953 1183 1989 Eia.
1199 1953 1269 1987 ἥπερ
1285 1954 1324 1984 εἰς
1337 1953 1366 1979 rb
1383 1952 1480 1979 ἑαυτοῦ
1496 1953 1568 1979 κατὰ
1582 1952 1663 1986 φύσιν
1682 1952 1830 1985 ῑστάμενος,

1090 1997 1142 2030 κζ’.
1156 1999 1291 2025 Ἕκαστον
1307 1998 1363 2024 τῶν
1378 1999 1463 2024 ὄντων
1478 1999 1532 2028 τοῖς
1548 1997 1645 2024 ἑαυτοῦ
1663 1998 1757 2028 ίδικοῑς
1771 1996 1829 2030 κτάν’

1052 2045 1131 2072 νυταί
1158 2053 1187 2072 τε
1213 2047 1259 2072 καὶ
1287 2045 1480 2071 ἀναπέπαυται
1508 2044 1629 2078 φυσικῶς
1643 2052 1650 2058 ·
1671 2043 1690 2071 ἃ
1705 2043 1791 2070 πάντα
1805 2042 1831 2067 ὲν

1052 2091 1090 2125 τῷ
1106 2092 1262 2126 ἀρχαιτάτῳ
1275 2091 1354 2126 αίτίῳ
1369 2092 1564 2125 προϋφέστηκε
1577 2090 1637 2116 κατ’
1649 2090 1741 2116 αἰτίαν
1756 2089 1835 2114 {vost-

1052 2138 1095 2172 δῆ.
1116 2137 1185 2163 Τότε
1205 2136 1296 2163 τοίνυν
1319 2137 1360 2168 είς
1389 2136 1520 2170 ἀληθινὰς
1546 2135 1718 2171 εὐφροσύνας
1743 2135 1756 2160 ό
1779 2131 1835 2162 νοῦς

1053 2187 1192 2213 ἐλεύσεται
1214 2185 1348 2220 φυσικῶς,
1375 2185 1422 2212 καὶ
1444 2183 1542 2218 γάννος
1567 2184 1622 2217 ἕξει
1645 2184 1720 2211 οὗτοι
1744 2187 1835 2219 βραχυ.

216 2244 247 2266 et
264 2241 417 2274 requiescet
433 2245 570 2274 potenter,
609 2240 718 2274 quando
735 2242 827 2266 omnia
848 2247 1003 2274 praetercur-

1054 2233 1099 2259 καὶ
1113 2231 1300 2259 ἀναπαύσεται
1323 2231 1393 2258 κατὰ
1418 2232 1529 2266 κράτος,
1547 2231 1613 2257 ὅταν
1634 2231 1726 2257 πάντα
1748 2230 1836 2260 διαϐὰς

217 2293 283 2312 rens
302 2289 329 2312 et
344 2285 510 2319 relinquens.
525 2286 550 2312 in
568 2285 744 2320 principalem
763 2285 835 2311 illam
848 2293 880 2312 ac
889 2285 1002 2320 primam

216 2339 328 2359 causam
340 2336 452 2359 extensa
469 2332 521 2358 erit
535 2336 562 2359 et
585 2332 621 2358 ibi
640 2339 688 2365 per
700 2332 870 2367 spiritualem
887 2339 1004 2359 conver-

222 2379 327 2406 sionem
356 2378 412 2409 iict,
428 2386 487 2405 eam
516 2386 531 2405 a
559 2385 611 2413 qua
627 2379 719 2406 omnia
735 2383 762 2405 et
787 2379 909 2406 omnium
924 2379 1001 2407 dotes

216 2426 289 2454 facta
302 2429 376 2455 sunt.
392 2425 525 2460 principia
538 2429 565 2452 et
576 2425 665 2452 media
679 2430 706 2452 et
729 2425 821 2452 ultima
834 2434 842 2459 ;
863 2431 891 2453 et
908 2425 936 2452 in
945 2434 1000 2460 qua

216 2471 308 2498 omnia
321 2471 475 2498 subsistunt
493 2473 520 2497 et
534 2470 728 2504 continentur;
747 2474 774 2497 et
797 2478 844 2505 per
863 2478 946 2506 quam
965 2471 999 2498 ad

217 2518 358 2552 proprium
380 2516 459 2544 ﬁnem
475 2517 636 2551 perveniunt
652 2517 768 2550 perfecta
783 2525 791 2550 ;
811 2522 837 2544 et
853 2525 901 2552 per
918 2524 999 2552 quam

216 2563 285 2591 bene
299 2571 329 2591 se
347 2563 446 2590 habent
461 2570 493 2589 ea
508 2570 568 2596 qum
584 2562 611 2589 in
628 2562 763 2589 hocbonu
791 2567 863 2589 statu
888 2570 1002 2589 versan-

217 2613 281 2640 tur;
313 2615 360 2641 per
385 2615 466 2642 quam
493 2613 519 2634 et
540 2607 598 2642 ipsa
614 2615 703 2640 mens,
722 2607 810 2641 qualis
824 2612 877 2640 est,
893 2614 1001 2635 creator

216 2653 280 2681 fuit.
300 2653 423 2686 Quodam
433 2653 507 2680 enim
522 2654 602 2680 modo
614 2653 647 2680 ad
663 2653 781 2687 seipsam
798 2659 915 2690 mente):
937 2644 1001 2680 con-

216 2698 298 2730 verti,
322 2703 364 2725 est
381 2698 414 2725 ad
435 2698 508 2725 illam
535 2706 670 2726 summam
691 2704 716 2725 et
749 2699 873 2726 omnium
890 2707 1001 2726 causam

215 2745 351 2779 converti,
366 2753 426 2780 quae
434 2750 475 2773 est
491 2752 584 2773 verum
598 2745 700 2772 mentis
712 2745 854 2779 originale.
868 2745 1001 2778 Quoniam

217 2799 283 2819 vero
298 2799 468 2826 unaquazque
481 2799 524 2819 res
539 2792 657 2826 seipsam
682 2792 841 2819 naturaliter
862 2792 958 2827 diligit,
977 2796 1004 2818 et

218 2838 368 2872 prasertim
382 2838 408 2865 id
431 2846 510 2866 mens
525 2838 638 2872 patitur,
650 2845 712 2865 cum
740 2837 775 2865 sit
792 2838 919 2865 incrcata:
935 2839 997 2874 pul-

217 2881 385 2909 cltritudinis
411 2887 438 2910 et
470 2889 552 2916 supra
579 2881 773 2918 cogitationem
801 2882 883 2910 uuius
911 2882 1000 2918 imago

1052 2280 1099 2307 καὶ
1111 2278 1281 2311 καταλιπὼν,
1297 2279 1337 2310 είς
1351 2278 1401 2311 τὴν
1417 2277 1565 2313 ὲναρχικὴν
1580 2277 1690 2312 ἐκείνην
1706 2277 1754 2304 καὶ
1766 2285 1834 2312 πρω-

1051 2324 1147 2359 τίστην
1163 2323 1252 2350 αἰτίαν
1271 2322 1428 2357 ἀναταθείη,
1447 2323 1529 2349 κάκεῖ
1542 2322 1647 2356 γένοιτο
1661 2322 1696 2349 δι’
1715 2323 1835 2356 ἐπιστρο-

1052 2371 1106 2406 φῆς
1120 2371 1226 2405 νοερᾶς,
1251 2369 1300 2405 τὴν
1320 2369 1350 2402 ἐξ
1370 2366 1404 2405 ἧς
1431 2369 1521 2396 πάντα
1541 2377 1570 2395 τε
1606 2369 1654 2396 καὶ
1678 2369 1712 2396 τὰ
1737 2367 1837 2394 πάντων

1052 2417 1208 2452 γεγόνασιν,
1226 2416 1309 2452 ἀρχαί
1333 2425 1362 2442 τε
1393 2416 1441 2443 καὶ
1467 2415 1549 2451 μέσα,
1573 2416 1620 2442 καὶ
1641 2415 1676 2442 τὰ
1691 2415 1774 2450 τέλη·
1797 2412 1839 2440 καὶ

1053 2465 1082 2491 ἐν
1130 2464 1218 2491 πάντα
1234 2464 1383 2498 ὑφέστηκε.
1405 2463 1453 2490 καὶ
1469 2463 1670 2498 διακρατεῖται,
1684 2462 1732 2489 καὶ
1753 2461 1785 2488 δι’
1807 2456 1838 2495 ἦς

1054 2511 1121 2545 πρὸς
1134 2510 1210 2542 τέλος
1226 2510 1291 2536 ἴδιον
1312 2510 1409 2544 ἄγεται
1424 2510 1458 2536 τὰ
1474 2509 1661 2544 τελειούμενα,
1689 2510 1736 2536 καὶ
1757 2508 1788 2534 δι’
1809 2507 1838 2542 ἦν

1054 2557 1170 2584 εὐπαθεῖ
1185 2557 1219 2584 τὰ
1235 2557 1264 2583 εὖ
1283 2558 1422 2592 πάσχοντα
1436 2565 1443 2572 ·
1463 2556 1509 2591 ὑφ’
1532 2554 1567 2592 ἦς
1591 2557 1638 2584 καὶ
1658 2556 1740 2588 αὐτὸς
1762 2554 1810 2590 ἤδη
1826 2553 1839 2579 ό

1054 2603 1128 2635 νοῦς,
1145 2600 1201 2635 οἷός
1224 2603 1310 2635 ἐστιν,
1337 2603 1471 2630 ἔκτισται.
1489 2603 1597 2639 Τρόπον
1616 2603 1671 2639 γάρ
1691 2611 1752 2630 τινα
1777 2599 1839 2636 πρὸς

1055 2648 1152 2675 ἑαυτὸν
1164 2648 1221 2675 ἔστι
1238 2648 1283 2675 τὸν
1297 2648 1360 2675 νοῦν
1370 2649 1560 2683 ἐπιστρέφειν,
1580 2649 1648 2684 πρὸς
1664 2648 1772 2682 ἐκείνην
1795 2645 1839 2680 τὴν

1056 2694 1154 2729 κυρίαν
1179 2693 1225 2721 καὶ
1250 2695 1359 2721 πάντων
1381 2695 1472 2722 αίτίαν
1498 2695 1741 2730 ἐπιστρεφόμενον,
1764 2690 1838 2720 οὖσαν

1056 2740 1139 2766 αὑτοῦ
1176 2740 1275 2774 ἀληθὲς
1309 2740 1500 2775 πρωτότυπον.
1531 2741 1640 2775 Ἐπειδὴ
1670 2740 1700 2766 δὲ
1731 2739 1838 2765 ἕκαστον

1056 2785 1138 2812 ἑαυτὸ
1150 2785 1223 2820 φιλεῖ
1236 2787 1369 2820 φυσικῶς,
1392 2786 1439 2814 καὶ
1458 2787 1576 2822 μάλιστά
1596 2795 1626 2820 γε
1649 2786 1728 2812 τοῦτο
1747 2785 1838 2818 πάσχει

1056 2833 1070 2858 ὁ
1084 2831 1156 2864 νοῦς,
1173 2829 1217 2858 οἷα
1234 2832 1280 2858 τοῦ
1292 2832 1435 2868 ἀμηχάνου
1450 2833 1567 2864 κάλλους
1580 2833 1628 2860 τοῦ
1643 2831 1713 2866 ὑπὲρ
1728 2831 1837 2858 διάνοιαν

1057 2879 1117 2911 ὲνὺς
1133 2878 1214 2906 εἰκὼν
1237 2879 1401 2914 ὑπέρκαλος,
1424 2879 1483 2906 λίαν
1511 2881 1605 2915 ἀγαπᾷ
1622 2879 1653 2906 δι’
1679 2879 1713 2905 ἐπ
1728 2875 1836 2913 στρηςῆς
