1932 3088
92 126 144 158 860

658 125 707 154 DE
727 125 813 155 VlTA
837 125 1166 162 CONTEMPLATIVA.

1661 132 1713 164 870

89 190 201 223 δύνηται
217 186 280 219 νοῦς
310 187 340 214 τὺ
355 186 540 222 ὓπερκόσμιον
554 184 584 211 ἓν
600 183 767 219 ποιήσασθαι
790 182 885 218 ἀρχὴν,

935 186 990 213 lere
1006 195 1013 221 ;
1029 188 1075 216 sed
1091 197 1106 217 e
1131 190 1268 218 contrario
1289 198 1303 218 a
1330 191 1434 218 ca‘teris
1450 191 1481 218 ad
1505 190 1568 218 illud
1594 191 1665 218 vadit
1682 196 1714 216 ac.

91 235 138 261 καὶ
152 234 206 261 ἀπὸ
221 233 300 260 τοῦδε
318 232 444 268 προϊέναι
459 231 506 258 ἐπὶ
527 230 562 257 τὰ
575 230 675 259 πολλά·
697 229 765 256 ἀλλὰ
776 229 903 255 τούναν-’

93 279 160 311 τίον,
181 278 236 306 ἀπὸ
262 278 317 305 τῶν
349 277 455 304 πολλῶν
483 277 523 308 εὶς
538 277 626 303 ἐκεῖνο
641 276 731 303 ἄνεισι
753 274 801 302 καὶ
815 277 888 309 ,συν-

91 327 200 360 άγεται.
220 324 310 351 Κάκεῖ
323 323 373 359 μὲν
385 323 536 357 ἀναγκαῖον
550 316 583 358 τῇ
593 322 718 357 αἰσθήσει
727 320 756 347 τὺ
767 319 889 356 ἀριθμη-

92 372 138 399 τὸν
155 371 196 403 ἓν,
211 370 255 398 διὰ
267 371 316 405 τὴν
330 370 369 402 είς
381 369 418 396 τὰ
442 369 528 396 πολλὰ
550 368 674 405 πρόοδον,
693 367 782 398 ἄλλως
799 367 838 402 μὴ
859 364 890 392 δν

93 417 206 444 δυνατὸν
229 416 368 453 ἀριθμεῖν,
395 416 411 452 ἡ
439 415 599 452 προϐαίνειν
668 414 811 450 βούλεται·
837 409 890 440 ὦδε

93 465 120 491 δὲ
136 464 275 498 ἀναγκαῖα
292 462 330 498 τῷ
343 463 390 498 -νῷ
411 462 446 489 τὰ
464 461 559 495 πολλὰ,
575 462 619 489 διὰ
635 461 685 497 τὴν
699 461 740 493 είς
759 461 789 486 ἰδ
802 459 889 494 ὑπερ-

93 511 207 546 κόσμιον
222 509 252 536 ἓν
261 510 305 537 διὰ
321 509 425 536 τούτων
438 509 598 544 ἀναγωγὴν,
607 508 654 535 καὶ
669 507 699 534 σύ
705 507 823 543 μπτυξιν
834 504 890 533 οἷον

97 557 208 590 ἑαυτοῦ,
223 556 357 591 ἑτέρωθεν
375 556 510 588 ἀνελθεῖν,
533 552 550 591 ᾖ
579 554 752 591 βεϐούληται,
770 553 816 580 ἐπὶ
840 552 890 588 τὴν

92 603 141 631 τοῦ
166 602 358 639 ὕπερκοσμίου
383 602 536 638 φαντασίαν
565 601 624 632 ἑνὸς
640 600 791 636 οὐδαμόθεν
808 598 891 626 δυνά-

95 658 177 684 μενος
194 647 304 684 [όρθότ.
326 647 490 683 δυναμένου,
513 646 533 681 ἢ
547 645 714 682 ὂυναμένῳ].
729 644 810 672 Οὖτω
834 652 892 671 τοι-

94 694 198 729 γαροῦν
212 694 227 720 ό
239 693 301 725 νοῦς
325 693 403 727 τάξει
415 693 463 720 καὶ
473 691 525 728 ὁδῷ
535 691 625 727 ἑαυτῷ
635 690 724 726 οἰκείᾳ
737 690 890 726 χρώμενος,

93 741 214 777 ἄρχεται
237 741 287 776 μὲν
313 740 369 767 ὰπδ
383 740 437 767 τῶν
454 738 571 773 πολλῶν,
586 739 664 771 τέλος
681 738 710 765 δὲ
726 738 846 764 ποιεῖται
861 735 893 764 τὺ

94 787 282 824 ὕπερκόσμιον
308 787 357 814 καὶ
379 786 596 833 κορυφαιότατον
627 785 672 812 ἓν·
690 784 753 812 ἐπεὶ
768 785 824 820 γὰρ
847 783 892 810 εὕ-

93 833 198 868 ληπτόν
218 834 277 859 ὲστι
298 832 347 859 καὶ
360 831 502 868 εὺόριστον
519 828 550 858 ἐδ
563 829 624 857 κατ’
635 829 761 865 αἴσθησιν
774 828 892 864 ἀριθμη-

93 867 140 907 τον
149 879 189 911 ἓν,
208 879 332 915 φυσικῶς
352 880 370 915 ἡ
384 867 511 914 αίσθησις
530 877 610 905 τοῦτο
623 876 742 912 τίθησιν,
767 875 804 908 ὡς
818 876 852 902 ἂν
874 867 918 910 ήθ

94 926 178 961 φύσις
189 925 273 953 αὑτοῦ
283 926 399 961 ἀπαιτῇ,
425 925 473 952 καὶ
492 925 526 960 τῇ
553 923 628 950 θέσει
650 923 796 958 πρότερον.
818 921 851 949 Ἠ
863 920 892 948 δι

95 972 168 1000 κατὰ
184 972 248 1000 νοῦν
261 971 416 1007 ζητουμένη
439 971 523 1006 μονὰς
532 970 729 1005 ὐπερκόσμιος,
746 968 893 1004 ὑπερφυής

94 1027 125 1046 τε
146 1019 226 1052 οὖσα,
252 1019 299 1046 καὶ
325 1017 355 1045 τὸ
383 1017 504 1045 νοεῖσθαι
535 1015 826 1051 ὲκφεύγουσα,πόῤῥω
840 1013 891 1041 πού

95 1068 156 1094 ἐστι
179 1066 227 1092 καὶ
254 1066 304 1101 τῆς
324 1064 396 1092 κατὰ
417 1064 498 1098 φύσιν
509 1064 610 1098 ἑαυτῆς
627 1062 738 1094 θέσεως,
753 1061 824 1088 ὥστε
844 1062 892 1088 ἀπ’

97 1113 207 1147 ἐκείνης
219 1111 265 1138 τὸν
287 1110 351 1138 νοῦν
375 1110 519 1146 ἄρχεσθαι,
535 1109 604 1136 ἀλλὰ
626 1109 730 1144 μᾶλλον
748 1106 792 1135 οἵα
809 1108 894 1144 ὕπερ-

97 1159 164 1194 φυῆ,
181 1157 330 1193 ὑπερφυῶς
356 1157 407 1184 οὐκ
431 1156 530 1192 ἀρχὴν,
544 1155 612 1183 ἀλλὰ
629 1155 705 1187 τέλος
720 1155 805 1190 αὐτὴν
819 1154 892 1190 εὑρί-

97 1212 157 1230 σκει
171 1204 184 1230 ό
199 1203 261 1234 νοῦς
277 1202 348 1238 μετὰ
373 1202 423 1238 τὴν
442 1201 579 1233 διάϐασιν,
593 1200 639 1228 καὶ
653 1201 687 1227 ἶν’
706 1200 792 1232 οὕτως
809 1201 891 1234 εἴπω,

97 1250 279 1286 ἐξαρίθμησιν
305 1248 361 1276 τῶν
391 1249 508 1276 πολλῶν.
528 1248 608 1276 Ἐπεὶ
626 1249 680 1284 γὰρ
699 1248 714 1274 ό
729 1247 791 1280 νοῦς
809 1247 891 1282 φύσιν

96 1298 127 1325 τὸ
139 1297 210 1324 νοεῖν
228 1296 296 1332 ἔχει,
323 1295 354 1323 τὸ
368 1295 396 1322 δὲ
421 1295 608 1331 ὑπερκόσμιον
627 1295 657 1322 ἐν
674 1295 732 1321 ἐστι
750 1294 811 1321 καθ’
826 1294 892 1321 αὐτὸ

96 1344 218 1379 ἄληπτον
235 1343 283 1370 καὶ
305 1342 464 1378 ἀπρόσιτον,
479 1342 547 1378 πρὸς
563 1341 598 1368 τὰ
616 1341 702 1368 πολλὰ
725 1341 773 1368 καὶ
787 1341 892 1368 ἄκουσα

96 1391 113 1426 ἡ
135 1390 217 1425 τριϐὴ
234 1389 320 1416 κλίνει
343 1388 392 1416 τοῦ
407 1388 481 1420 νοός·
501 1389 571 1424 μήτε
589 1388 675 1423 ἀργὺς
695 1384 765 1415 εῖναι
778 1387 832 1415 ἀπὺ
843 1386 891 1414 τοῦ

96 1437 169 1463 νοεῖν
183 1435 332 1470 δυνάμενος
346 1435 360 1462 ό
374 1434 448 1468 νοῦς,
462 1435 530 1470 μήτε
538 1434 568 1460 τὺ
581 1435 739 1470 κορυφαῖον,
749 1433 796 1460 καὶ
805 1433 891 1469 ὑπερ-

96 1483 212 1518 κόσμιον
227 1481 256 1508 ἓν
269 1481 340 1517 ἔχων
355 1481 431 1516 ίσχὺν
451 1480 676 1516 περιδράξασθαι.
702 1479 820 1506 Ἀπιδὼν
837 1479 892 1506 τοί-

97 1539 144 1556 νυν
159 1531 199 1561 είς
214 1529 250 1556 τὰ
277 1529 374 1561 πολλὰ,
394 1529 423 1556 ὲν
438 1528 547 1563 ἑκάστῳ
559 1527 614 1554 τῶν
637 1527 743 1554 πολλῶν
763 1527 891 1554 ἁπάντων

97 1577 180 1612 ἐνορᾷ
195 1575 302 1611 νοητὸν,
313 1576 363 1611 οὐχ
381 1576 450 1611 ὅπερ
467 1575 525 1601 aut
537 1583 563 1601 τι
575 1571 723 1607 εἴναι,ἆλλ’
738 1574 808 1609 ὅπερ
819 1575 890 1607 τινὲς

96 1623 171 1654 ἑνός·
187 1623 304 1650 κᾶπειτα
334 1622 503 1657 συναγείρων
530 1620 559 1655 ἐξ
585 1621 701 1648 ἑκάστου
725 1621 890 1656 φαινομένου

96 1669 214 1696 ἕκαστον
243 1668 339 1703 νοητόν
366 1668 593 1703 προφαινόμενον,
625 1667 673 1694 καὶ
696 1667 764 1703 πρὸς
787 1667 890 1702 ἄλληλα

96 1716 184 1742 ταῦτα
197 1715 318 1750 ὁμόλογα
341 1714 417 1747 ὄντα,
447 1714 494 1740 καὶ
508 1714 559 1740 οὐκ
571 1714 681 1746 ἀντίξοα
709 1713 830 1749 θεωρῶν,
843 1714 891 1741 καὶ

97 1761 189 1788 πάντα
202 1761 268 1796 μιᾶς
280 1759 374 1796 ὥσπερ
388 1760 466 1796 ῥίζης
480 1759 561 1796 ἄνθη,
576 1760 622 1786 καὶ
637 1760 717 1795 φυῆς,
735 1759 890 1792 ἀκολούθως

97 1807 224 1842 πρόεισιν
240 1807 295 1833 ἀπὸ
307 1806 361 1833 τῶν
380 1806 499 1839 πολλῶν,
512 1807 559 1832 ἐπὶ
573 1806 603 1832 τὸ
621 1806 834 1841 κορυφαιότατον
849 1806 888 1839 ἓν,

97 1854 127 1886 ἐξ
138 1850 170 1880 οὗ
179 1853 213 1880 τά
229 1853 324 1886 πολλὰ,
345 1853 393 1880 καὶ
409 1852 509 1884 πάντα,
527 1852 575 1879 καὶ
597 1851 720 1886 φυσικῶς
745 1852 890 1885 συνάγεται

96 1899 152 1927 ἀπὸ
164 1898 220 1926 τῶν
235 1898 358 1933 φυσικῶν
373 1897 456 1924 ὄντων
472 1898 510 1928 εἰς
524 1896 600 1928 τάξιν
611 1896 748 1932 ὑπερφυᾶ,
762 1897 792 1922 τὸ
806 1897 889 1931 ὑπερ-

97 1945 165 1980 φυὲς
179 1945 225 1971 καὶ
238 1943 400 1979 ὑπερούσιον
415 1942 641 1978 ὲνοπτριξὸμενος
658 1942 697 1974 ἓν,
711 1941 748 1973 ὡς
763 1941 820 1977 ἔχει
840 1941 890 1976 φύ-

97 2001 167 2023 σεως
193 1991 223 2017 τὺ
241 1991 310 2027 ὑπὲρ
335 1990 427 2024 φύσιν,
443 1989 498 2017 ἀπὸ
513 1989 567 2015 τῶν
593 1988 664 2016 κατὰ
681 1988 761 2023 φύσιν
774 1988 888 2023 ὁρᾶσθαι

97 2039 110 2066 ὲ
119 2037 231 2069 αοειδῶς.
247 2037 314 2063 Τότε
324 2037 435 2063 τοίνυνό
447 2035 509 2068 νοῦς
522 2035 570 2071 τὴν
587 2036 707 2070 πηγαίαν
719 2035 773 2062 τῶν
790 2034 890 2067 ἀγα-θο-

97 2085 199 2120 τήτων,
213 2084 260 2111 καὶ
276 2083 413 2111 καλλονῶν
424 2082 554 2110 ἁπάντων
569 2082 728 2118 πρόϐλυσιν,
748 2081 795 2108 καλ⁴
811 2081 890 2117 ποιή-

96 2139 177 2165 τριαν
189 2130 316 2165 ἁρῤήτως
334 2129 451 2156 κατιδὼν
464 2129 519 2158 ,καὶ
530 2130 671 2165 τρυφήσας
686 2128 717 2155 τὸ
727 2128 889 2164 ὑπερούσιον

97 2176 138 2208 ἓν,
175 2176 226 2201 οὐκ
255 2175 396 2209 ἐθελοντὴς
422 2175 617 2210 ἐπιστρέφεται
644 2174 712 2209 πρὸς
731 2175 765 2202 τὰ
791 2175 890 2211 πολλὰ,

925 234 1046 261 ducitur.
1062 235 1093 262 Et
1108 235 1144 263 ibi
1164 235 1272 270 quidem
1294 236 1477 264 necessarium
1493 241 1533 263 est
1551 237 1643 264 sensui
1661 244 1711 263 nu-

926 280 1056 307 merabile
1079 289 1160 308 ttnnm
1192 282 1226 308 ob
1256 289 1428 316 progressum
1455 282 1488 310 ad
1503 282 1565 314 alia,
1578 289 1639 309 cum
1660 290 1713 308 non

926 325 1004 353 aliter
1013 328 1097 361 possit
1111 335 1264 365 numerare,
1275 329 1336 360 nisi,
1347 336 1402 363 quo
1410 329 1483 361 velit,
1493 327 1712 363 progrediendo;

928 371 963 398 ita
979 380 1042 399 vero
1055 374 1146 400 omnia
1160 375 1243 401 menti
1256 375 1408 401 necessaria
1422 379 1496 406 sunt,
1509 379 1621 408 propter
1633 380 1710 400 suam

927 425 975 452 per
997 425 1028 446 ca
1041 419 1073 445 ad
1090 420 1297 453 supernatnrale
1317 428 1399 447 unum
1415 420 1610 452 reductionem,
1627 424 1664 452 et,
1683 424 1713 446 ut

929 464 964 490 ita
975 463 1074 497 dicam,
1088 465 1334 500 coznplicationcm,
1350 471 1377 493 ιιι
1394 465 1501 493 aliunde
1513 473 1566 500 quo
1579 465 1643 492 velit
1653 472 1716 499 pro-

929 510 1025 537 cedere
1047 515 1173 545 nequcal,
1191 511 1224 538 ad
1252 511 1502 539 manifestationem
1520 511 1600 537 unius
1618 518 1715 544 super-

930 556 1072 584 natnralis.
1098 556 1143 584 Sic
1162 556 1244 590 igitur
1261 565 1338 584 mens
1354 557 1450 584 ordine
1468 562 1494 583 et
1520 558 1563 582 via
1584 557 1634 584 sibi
1653 564 1714 590 pro-

930 603 988 636 pria
1008 607 1099 634 utens,
1121 602 1216 637 incipit
1234 603 1342 638 quidem
1363 610 1377 629 a
1400 603 1502 635 multis,
1519 603 1599 629 linem
1624 607 1715 628 autent

931 656 1012 676 suum
1029 648 1103 676 sistit
1130 648 1156 675 in
1173 648 1372 682 supernaturali
1389 656 1420 675 ac
1437 655 1543 675 summo
1559 655 1628 680 uno;
1646 655 1716 682 quo-

931 696 1004 722 niam
1017 696 1089 722 enim
1116 699 1197 729 captu
1227 695 1304 722 facile
1336 700 1377 722 est
1391 700 1416 722 et
1432 696 1501 722 liene
1524 694 1630 721 [initum
1650 693 1715 720 illud

931 741 1080 769 secundum
1106 748 1202 769 sensus
1233 749 1327 774 unum,
1356 741 1515 769 naturaliter
1540 748 1636 768 sensus
1651 740 1715 767 illud

933 788 1019 822 ponit,
1034 787 1154 823 utexigit
1170 788 1228 821 ejus
1240 792 1347 820 natura,
1374 793 1402 815 et
1423 788 1499 822 prius
1514 787 1648 822 positione
1667 791 1719 814 est.

936 835 1030 864 linitas
1046 842 1108 862 vero
1124 834 1340 869 snpernaturalis
1355 834 1482 869 quaesita,
1495 841 1557 860 cum
1571 834 1608 859 sit
1625 840 1718 867 super-

934 881 1078 915 naturalis,
1094 885 1121 907 et
1132 880 1326 915 cogitationem
1340 879 1435 915 fugiat.
1451 879 1557 914 longius
1567 882 1609 906 cst
1625 878 1659 905 ab
1671 885 1721 905 sua

933 928 1082 954 secundum
1098 931 1223 953 naturam
1235 926 1370 961 positione
1386 933 1465 961 quain
1484 930 1514 952 ut
1531 932 1608 951 mens
1624 925 1658 950 ab
1676 923 1723 950 illa

933 973 1053 1008 incipiat.
1069 972 1115 1000 sed
1134 980 1193 1000 eam
1209 978 1238 1000 ut
1251 972 1330 1000 ﬁnem
1348 980 1423 999 mens
1438 971 1554 1004 invenit,
1570 976 1718 1006 postquam

932 1027 1080 1054 progressa
1094 1024 1152 1052 est;
1170 1024 1207 1052 et,
1223 1024 1251 1048 ut
1266 1019 1303 1047 ita
1315 1020 1415 1051 dicam,
1428 1019 1543 1054 plurima
1554 1018 1717 1046 numeravit.

933 1065 1067 1098 Quoniam
1094 1066 1167 1094 enitn
1192 1075 1269 1094 mens
1285 1072 1386 1094 natura
1419 1071 1530 1102 cngitat,
1556 1070 1720 1100 supernatu-

933 1113 990 1140 rale
1006 1119 1070 1140 vero
1097 1120 1145 1148 per
1170 1120 1199 1140 se
1223 1121 1277 1140 non
1304 1112 1410 1148 capitur
1433 1120 1520 1147 neque
1548 1113 1655 1144 aditur,
1686 1111 1719 1138 ad

934 1158 1018 1185 multa
1044 1158 1086 1186 vel
1109 1158 1193 1186 invita
1216 1166 1292 1186 mens
1316 1158 1446 1191 itu-linat;
1473 1163 1500 1185 et
1530 1166 1616 1193 neque
1645 1163 1722 1183 mens

933 1209 1024 1240 potest
1058 1204 1204 1239 cogitando
1219 1212 1336 1238 cessare,
1363 1212 1451 1239 neque
1475 1211 1611 1231 summum
1629 1207 1656 1230 et
1675 1211 1722 1230 su-

935 1251 1107 1288 pernaturale
1132 1251 1233 1279 bonum
1265 1252 1337 1279 valet
1369 1251 1614 1286 comprehendere.
1642 1249 1722 1284 Aspi-

935 1300 1010 1326 ciens
1025 1298 1108 1332 igitur
1118 1298 1150 1325 ad
1173 1297 1267 1330 multa,
1301 1298 1328 1324 in
1357 1304 1524 1332 unoquoque
1541 1304 1635 1324 eorum
1654 1295 1724 1322 tntil-

935 1350 1027 1373 lorum
1052 1345 1194 1380 spiritualc
1220 1344 1352 1378 intuetur,
1378 1351 1431 1371 non
1462 1344 1534 1379 quod
1553 1347 1595 1370 est
1621 1343 1722 1377 aliquid

935 1399 1006 1425 esse,
1025 1392 1072 1419 sed
1090 1391 1160 1426 quod
1179 1390 1319 1426 cujusdam
1338 1391 1436 1423 unius;
1456 1395 1483 1417 et
1499 1390 1597 1417 deinde
1615 1397 1646 1417 ex
1664 1389 1722 1416 slu-

938 1439 1009 1474 gulis
1028 1438 1218 1474 phaenomcnis
1236 1438 1342 1472 singula
1357 1437 1535 1472 intelligiltilia
1552 1437 1683 1471 colligens
1697 1436 1724 1462 ct

937 1485 990 1512 alia
1006 1485 1067 1512 cunt
1088 1485 1149 1512 aliis
1166 1484 1266 1512 similia
1286 1492 1335 1512 nec
1360 1484 1484 1519 opposita
1503 1483 1723 1510 animadvertetis

937 1536 965 1559 et
982 1531 1073 1559 omnia
1089 1536 1217 1565 tanquam
1236 1530 1316 1558 unius
1333 1530 1433 1557 radicis
1449 1529 1538 1560 ﬂores,
1555 1535 1723 1562 consequen-

940 1583 982 1605 ter
999 1577 1122 1612 procedit
1142 1584 1157 1604 a
1179 1576 1272 1604 nntltis
1291 1576 1344 1604 illis
1363 1576 1395 1603 ad
1421 1583 1557 1603 summum
1578 1582 1673 1605 unum.
1689 1581 1724 1601 cx

936 1631 992 1658 quo
1010 1623 1054 1650 illa
1073 1622 1156 1649 multa
1173 1627 1199 1649 et
1208 1621 1311 1655 omnia,
1324 1626 1351 1649 et
1365 1621 1525 1648 naturaliter
1539 1627 1573 1648 ex
1587 1619 1721 1647 naturali-
1768 1614 1769 1617 “

937 1669 989 1696 bus
1004 1668 1142 1703 colligitur
1155 1668 1181 1695 in
1210 1667 1333 1695 ordinem
1363 1666 1612 1702 supernaturalem,
1628 1673 1723 1699 super-

936 1715 1060 1742 naturale
1077 1714 1140 1741 illud
1154 1718 1181 1740 et
1193 1713 1461 1748 supersulistantiale
1474 1720 1558 1740 unum
1571 1713 1597 1738 in
1613 1710 1724 1746 speculo

935 1761 1136 1794 contemplans,
1152 1768 1231 1795 quam
1252 1764 1377 1787 naturain
1394 1759 1494 1786 habeat
1509 1757 1575 1785 illud
1588 1764 1724 1788 superna—

936 1806 1021 1833 tut-ale
1033 1812 1065 1832 ex
1081 1805 1114 1831 iis
1129 1813 1190 1838 quae
1213 1805 1363 1832 secundum
1383 1808 1507 1830 naturam
1531 1807 1595 1830 sunt
1618 1801 1724 1836 simpli—

936 1852 1006 1879 citer
1017 1851 1123 1878 videns.
1141 1851 1219 1877 Tunc
1244 1850 1327 1885 igitur
1348 1857 1425 1877 mens
1445 1849 1629 1876 abundantem
1647 1848 1720 1875 illata

936 1897 1091 1925 bonitatnm
1112 1901 1139 1923 et
1166 1897 1399 1930 pulchritutlintun
1418 1895 1538 1922 omnium
1561 1893 1720 1921 ed‘nsionetn

938 1949 964 1971 et
977 1943 1200 1971 constitutionem
1214 1942 1388 1970 inetTabiliter
1399 1942 1502 1974 videns,
1518 1945 1544 1968 et
1562 1946 1724 1975 supernatu-

936 1989 987 2015 rali
1002 1996 1056 2015 uno
1072 1989 1206 2023 gaudens.
1221 1996 1274 2015 non
1296 1988 1383 2015 libens
1396 1987 1563 2014 convertitur
1578 1987 1610 2014 ad
1626 1987 1722 2017 multa,

937 2034 1046 2062 etiamsi
1068 2034 1181 2068 pulchra
1194 2034 1250 2061 sint
1268 2038 1294 2060 ιιι
1310 2038 1413 2067 partem
1435 2033 1532 2059 bonam
1550 2032 1722 2067 participem.

938 2080 1037 2106 Eorum
1051 2079 1123 2106 enim
1138 2080 1255 2106 amatrix
1268 2088 1328 2115 quze
1349 2079 1509 2106 naturaliter
1525 2079 1636 2113 pulchra
1648 2082 1723 2104 sunt.

937 2133 992 2153 non
1009 2126 1096 2152 libens
1111 2126 1145 2152 ab
1162 2125 1210 2152 illo
1238 2126 1308 2159 quod
1335 2133 1417 2159 supra
1441 2124 1531 2152 omnia
1550 2127 1592 2150 est
1610 2123 1722 2154 recedit,

939 2172 991 2200 nisi
1017 2171 1042 2198 id
1070 2171 1107 2198 illi
1134 2179 1198 2199 casn
1226 2172 1342 2206 quodam
1375 2171 1491 2197 accidat.
1510 2169 1561 2197 Sed
1592 2169 1721 2204 quoniam

98 2215 223 2251 καίτοιγε
239 2216 305 2243 ὂντα
320 2217 367 2244 καὶ
385 2215 466 2248 καλὰ,
484 2216 531 2242 καὶ
544 2215 653 2251 μερίδος
663 2216 770 2252 ἀγαθῆς
780 2218 891 2252 μέτοχα.

939 2228 1028 2247 rerum
1057 2219 1130 2246 modi
1159 2219 1229 2246 inter
1258 2227 1287 2245 se
1314 2218 1464 2251 differunt,
1496 2225 1527 2244 ac
1551 2216 1720 2244 diﬂ'erenlem

98 2262 244 2293 meum;
257 2262 312 2298 γὰρ
330 2261 368 2290 ὣν
382 2263 410 2294 ὲς
433 2263 467 2289 τὰ
481 2262 599 2298 μάλιστα
616 2263 751 2297 φυσικῶς,
761 2264 809 2299 οὐχ
824 2265 894 2292 ἑκὼν

97 2307 240 2338 ἐξίσταται
255 2306 303 2334 τοῦ
316 2308 388 2343 ὑπὲρ
405 2307 505 2340 πάντα,
519 2309 543 2334 εί
559 2308 665 2344 μήπως
680 2310 751 2336 κατὰ
762 2309 894 2344 περίστα-

98 2354 142 2380 σίν
167 2362 230 2380 τινα
257 2354 379 2389 συμὸαίη
405 2354 486 2381 τοῦτο
505 2354 591 2390 αὐτῷ.
617 2354 689 2382 Ἀλλ’
719 2356 894 2392 ὲπειδήπερό

97 2400 154 2427 τῶν
173 2400 258 2426 ὅντων
271 2401 372 2436 τρόπος
397 2401 536 2437 διάφορος.
562 2402 609 2428 καὶ
624 2402 752 2436 διάφορον
771 2402 828 2438 ἔχει
845 2403 895 2438 τὴν

96 2447 197 2482 γοεράν
212 2447 374 2482 ἀπόϐλεψιν,
402 2448 450 2474 καὶ
467 2448 605 2484 διαφόρως
620 2449 634 2475 ό
648 2448 710 2480 νοῦς
728 2449 772 2476 διὰ
790 2449 895 2476 τούτων

97 2495 138 2525 είς
151 2494 183 2520 τὸ
197 2494 383 2529 ὕπερκόσμιον
395 2493 434 2528 ἓν,
446 2495 494 2521 καὶ
509 2495 649 2531 ὑπερφυὲς
661 2496 816 2531 ἀνατρέχει,
831 2497 894 2531 χρὴ,

97 2540 227 2576 καθάπερ
253 2537 372 2575 ἐγῷμαι,
391 2541 489 2576 μικρόν
512 2550 574 2568 τινα.
600 2542 820 2576 διαμεοοδεῦσαι,
845 2543 894 2577 τῆς

97 2587 142 2613 διὰ
156 2586 211 2613 τῶν
231 2586 339 2613 πολλῶν
370 2588 418 2614 ἐπὶ
433 2587 464 2614 τδ
477 2587 648 2621 ὑπερουσίως
663 2588 847 2623 ὑπερκόσμιον
865 2588 894 2616 ἓν

96 2633 170 2665 ὁδοῦ,
184 2634 321 2668 πορισμόν
331 2642 338 2649 ·
355 2633 430 2665 ὅπως
447 2633 491 2666 ἂν,
508 2634 608 2660 ὡσανεὶ
623 2634 791 2669 κλιμακηδδν
803 2636 816 2661 ό
832 2634 896 2666 νοῦς

97 2679 195 2711 ἀνιὼν,
216 2679 427 2714 ἀσφαλεστάτην
436 2681 486 2717 τὴν
501 2681 637 2716 σφετέραν
649 2681 761 2715 ποιῆται
777 2682 894 2716 κίνησιν,

96 2727 146 2754 καὶ
162 2726 241 2762 γνοίη
258 2726 284 2752 εἴ
299 2735 324 2753 τι
337 2727 370 2753 ἄν
382 2736 446 2754 ποτε
464 2727 525 2754 κατ’
543 2728 628 2762 αὐτὴν
651 2727 807 2763 ὲλλείποι,ἢ
825 2729 848 2754 εἰ
863 2727 894 2763 δὴ

97 2772 159 2799 ποτ’
194 2772 269 2798 ἐστιν
298 2774 327 2799 ὲν
348 2768 370 2806 ᾧ
403 2771 473 2800 εἶναι
487 2773 552 2808 χρὴ,
571 2775 623 2800 κάν
639 2773 728 2809 τούτῳ
751 2775 797 2800 ἐπὶ
815 2774 897 2800 πόσον

97 2818 200 2854 τρυφᾷ,
215 2817 264 2845 καὶ
274 2819 301 2845 τί
312 2819 343 2845 τὺ
355 2818 483 2853 σφάλλον,
492 2820 539 2846 καὶ
548 2819 669 2854 ἀφιστῶν
679 2820 760 2847 αὑτὸν
770 2820 819 2855 τῆς
829 2820 898 2847 καλ-

97 2866 178 2901 λονῆς
206 2865 326 2902 ἐκείνης,
351 2867 397 2893 καὶ
413 2866 584 2900 ἁναῦάσεως,
602 2867 618 2902 ἢ
639 2867 712 2899 θείας
739 2868 896 2899 ἑστιάσει-ις,

940 2267 1040 2294 habent
1059 2266 1227 2300 spirit-talem
1247 2271 1339 2299 aspevl
1351 2273 1398 2297 tm,
1411 2270 1436 2291 et
1452 2264 1524 2291 varie
1539 2271 1614 2290 mens
1630 2270 1677 2296 per
1689 2269 1721 2289 ca

940 2312 971 2339 ad
998 2312 1205 2346 snpernalurale
1231 2319 1262 2337 ac
1290 2309 1551 2344 snpt-rsubstantiale
1571 2317 1654 2336 unum
1678 2316 1724 2334 as-

938 2358 1039 2389 cendit,
1061 2363 1178 2391 oportet,
1204 2362 1232 2382 nt
1251 2364 1300 2392 ego
1320 2357 1436 2390 opinor,
1469 2355 1625 2382 ntethotlutn
1646 2354 1723 2384 dare.

939 2411 992 2437 qua
1015 2411 1061 2436 per
1081 2403 1163 2429 multa
1181 2402 1213 2428 ad
1234 2402 1298 2428 illttd
1322 2401 1622 2437 supersulistantialiter
1641 2407 1724 2426 unum

941 2447 1147 2482 perveniamus;
1162 2447 1197 2473 ita
1214 2451 1252 2478 ut,
1277 2452 1404 2480 tanquam
1432 2454 1478 2480 per
1503 2445 1605 2472 scalam
1629 2451 1725 2471 ascen-

940 2492 1018 2523 dens,
1039 2499 1116 2518 mens
1142 2491 1349 2518 securissimuin
1372 2491 1453 2517 faciat
1475 2496 1554 2516 suum
1577 2493 1679 2515 motum
1695 2492 1724 2514 ct

941 2537 1010 2564 sciat
1035 2543 1127 2563 utrum
1154 2537 1217 2570 quid
1250 2537 1313 2563 huic
1340 2536 1424 2562 motui
1451 2536 1531 2567 desit,
1552 2542 1585 2562 an
1606 2542 1671 2561 vero
1689 2534 1726 2561 sit

941 2582 987 2610 ulti
1003 2591 1063 2609 eum
1082 2590 1145 2610 essa
1159 2588 1276 2617 oportet,
1289 2588 1315 2610 et
1333 2583 1359 2609 in
1388 2583 1438 2609 hoc
1458 2586 1589 2616 quantum
1609 2582 1724 2610 la-tetnr,

940 2628 1043 2663 etquitl
1061 2627 1292 2663 fallatipsamque
1317 2632 1423 2654 avertat
1448 2628 1482 2653 ab
1508 2627 1551 2653 illa
1575 2627 1727 2661 pulchritu-

941 2676 1004 2702 dine
1017 2680 1043 2702 ct
1062 2676 1222 2702 ascensione
1247 2679 1273 2701 ct
1300 2675 1454 2709 epulatione
1471 2674 1574 2704 divina.
1601 2678 1630 2700 et
1656 2681 1726 2707 qun—

943 2723 1024 2749 modo
1045 2729 1153 2749 rursum
1182 2722 1268 2756 possit
1286 2722 1381 2748 reverti
1401 2720 1472 2748 unde
1496 2720 1637 2747 deciderit.
1661 2721 1727 2746 Inde

942 2775 1008 2795 sane
1020 2767 1120 2794 videbit
1129 2771 1155 2794 ct
1164 2767 1340 2802 cupiditatum
1350 2767 1526 2801 caligineniet
1537 2766 1628 2793 mundi
1637 2766 1728 2793 cordis

942 2813 1129 2847 splendorem.
1143 2813 1320 2847 veritatisque
1342 2811 1525 2846 cognitionem
1540 2819 1599 2846 qua:
1615 2817 1729 2846 apparet

944 2864 1072 2894 tanquam
1089 2859 1114 2886 in
1133 2859 1244 2894 speculo
1259 2858 1348 2893 qualis
1365 2864 1419 2891 est,
1442 2857 1594 2885 cmlcstium
1621 2863 1729 2892 specta-
