1932 3088
249 127 306 158 883

827 125 1000 156 CALLISTI
1026 126 1331 157 CATAT‘HUGIOTE

1815 127 1858 157 8M

250 190 334 216 super
353 182 455 214 omnia,
471 182 599 210 etvidere
619 189 648 210 se
663 182 729 209 nihil
743 182 812 209 intra
829 182 934 210 divinas
965 185 1026 208 tene

1089 180 1207 212 ἅπαντα,
1225 182 1272 207 καὶ
1295 182 1335 207 ὅτι
1348 182 1378 209 οὐ
1394 181 1492 217 θεωρεῖ
1503 182 1640 219 θεωρῆσαι
1654 185 1719 213 εῐσω
1738 186 1782 213 τοῦ
1797 187 1858 215 eam

250 228 312 256 iuras
328 228 431 262 videre,
454 234 495 256 est
528 228 626 256 divina:
648 229 747 256 mentis
782 228 920 262 proprium
956 231 982 254 et
1011 227 1037 253 in

253 277 356 309 Spiritu
382 277 605 311 contemplantis.
635 276 693 303 Non
735 276 808 303 enim
836 275 976 303 occlusum
1012 279 1039 302 ct

249 323 417 350 alt-structum
431 322 600 356 spiritualem
622 327 760 357 aspectum
786 327 813 348 ct
829 321 896 348 nihil
923 327 1039 355 operan-

249 374 302 394 teut
315 377 392 396 mens
410 369 498 401 habet,
513 368 623 402 quando
632 368 834 402 contemplatur
844 375 873 394 se
885 375 938 394 non
948 366 1039 394 videre

250 413 303 440 nisi
314 413 433 439 divinum
450 418 477 440 et
490 413 648 447 simplititer
672 421 754 440 unum
783 413 809 440 in
844 412 1036 440 obscuritate:

247 459 353 486 i-lenitn
367 465 409 486 est
422 460 582 493 ignorantiae
600 459 745 487 indicium.
761 458 812 486 Sed
825 459 935 494 quando
952 458 1039 485 mani-

248 506 344 532 tcstius
371 506 579 540 ronlettlpialur,
598 511 662 533 tunc
678 506 710 532 ad
729 505 794 532 illud
811 505 883 540 quod
899 510 940 532 est
954 512 1035 540 supra

247 556 365 577 utentem
379 552 506 581 accurrit.
520 555 546 577 ct
565 551 636 578 ridet
653 552 789 586 propriam
813 552 992 586 ignorantiam
1008 551 1035 578 in

248 598 338 623 divina
378 596 571 631 simplicissimi
604 596 686 623 unius
713 597 881 624 obscuritate
911 597 1036 624 conside—

248 649 312 669 rans
325 650 332 675 ;
344 642 389 668 scd
402 646 491 668 tamen
505 649 588 668 unttm
603 650 663 669 esse
680 642 744 669 illud
756 650 788 669 ex
805 650 860 677 quo
891 641 981 668 omnia
1009 645 1036 668 ct

245 695 307 714 inse
322 687 511 714 absconditum
526 686 669 715 manifeste
688 687 769 715 videt.
786 687 856 720 Quid
889 691 981 715 autem
1000 686 1036 714 sit

246 740 299 759 non
313 731 396 764 \‘idet,
409 736 436 758 et
446 732 546 760 dicitur
561 737 678 760 tuentem
712 740 773 760 esse
784 740 867 767 supra
897 732 1032 768 propriam

244 786 322 804 suam
340 784 464 806 naturam
480 786 528 813 per
540 779 616 810 illud,
629 779 654 806 in
667 784 809 817 quantum,
823 780 849 807 in
864 778 1035 813 simplicissi-

245 832 288 852 ma
319 823 367 852 Dei
396 824 564 852 obscuritate
590 826 818 860 contemplatur;
847 825 911 852 illud
940 830 1032 853 autem

243 877 304 897 esse
331 870 415 897 menti
450 870 525 904 licet,
564 876 709 906 postquam
739 873 837 899 munda
877 872 947 899 facta
984 872 1031 899 sit.

245 916 277 943 Et
295 921 323 943 ut
337 917 374 943 ita
385 916 484 948 dicant,
503 917 554 952 ipsi
568 918 726 945 naturaliter
743 917 813 945 inest
828 919 854 945 in
869 923 1032 952 supernatu-

244 962 294 989 rali
311 963 381 994 ﬁeri,
398 970 459 990 cum
474 963 559 990 tendit
574 964 606 990 ad
623 964 743 991 divinam
757 964 829 990 illam
844 968 870 991 et
886 964 1032 999 simplicis-

243 1009 340 1035 simam
355 1016 437 1044 supra
455 1014 574 1037 mentem
605 1017 686 1036 unam
715 1009 937 1038 occultationem.
972 1010 1030 1038 Non

243 1055 490 1090 ruimcognitivam
522 1056 724 1090 perceptionem
755 1057 844 1089 habet,
873 1057 924 1084 nisi
949 1057 1030 1084 unius

245 1101 546 1132 Iujusinaccessibilis.
576 1101 607 1128 Et
626 1110 692 1129 sane
723 1102 788 1129 illnc
813 1109 860 1136 per
889 1103 1029 1137 proprium

242 1152 344 1174 motum
357 1148 498 1180 accedens,
514 1148 539 1175 in
555 1154 624 1175 statu
637 1155 662 1175 et
674 1150 763 1183 quiete
779 1154 879 1183 cessat;
890 1157 942 1176 non
957 1148 1029 1176 enim

243 1198 343 1220 statum
354 1194 416 1221 dico
426 1195 471 1229 qui
485 1195 589 1230 absque
597 1195 825 1229 contemplatione
839 1201 878 1223 est
890 1205 898 1229 ;
912 1195 937 1222 id
956 1196 1029 1222 enim

241 1239 431 1267 t'ssetinsauia
446 1248 453 1273 ;
472 1241 517 1267 sed
531 1245 629 1267 statum
649 1246 675 1267 et
701 1241 819 1274 quietem
832 1249 894 1276 qute
919 1241 947 1268 ﬁt
965 1249 1027 1268 cum

239 1284 295 1318 jam
311 1293 364 1312 non
377 1293 409 1312 ex
421 1286 586 1321 cogitatione
595 1287 627 1313 ad
638 1288 829 1321 cogitationem
845 1292 891 1314 aut
907 1293 1012 1315 contem
1021 1302 1028 1306 τ

243 1331 388 1364 plationem
407 1333 514 1360 transit.
531 1331 608 1360 Mens
627 1341 699 1367 eum,
716 1341 776 1361 cum
793 1334 857 1361 illuc
876 1334 1028 1361 assurrexit

242 1383 384 1413 postquam
416 1378 443 1405 in
475 1378 656 1407 iuﬁnitudiuis
689 1385 716 1407 et
753 1380 1026 1411 indeterminatimtis.

240 1424 367 1459 abyssum
398 1424 531 1459 spirituali
565 1425 667 1452 lumine
690 1426 798 1458 cecidit,
829 1426 927 1453 divitum
955 1426 1027 1453 illius

241 1467 387 1497 invisibilis
409 1470 585 1498 obscttrilalis
609 1471 939 1506 incomprehensibilitate
969 1471 1026 1497 cir-

240 1515 378 1547 cumdata.
394 1520 423 1543 ut
437 1516 484 1548 ita,
496 1516 598 1546 dicam.
611 1516 712 1549 deﬁcit,
740 1521 768 1543 et
799 1521 933 1549 moratur.
959 1517 1025 1544 nihil
1039 1526 1062 1554 ο

241 1564 312 1590 :~liud
328 1565 436 1598 patiens
451 1572 532 1600 quam
561 1568 700 1599 stuporem
721 1564 747 1591 in
766 1564 900 1598 spirituali
933 1564 1026 1599 spieu-

240 1610 362 1637 ilore.Et
388 1618 454 1637 sane
486 1617 617 1638 conversa
641 1610 777 1644 sptrituali
808 1614 896 1637 tamen
923 1611 1027 1638 lumine

239 1655 357 1682 aiﬁcitur
386 1655 566 1683 immoltiliter
594 1655 731 1690 aspiciens
758 1655 785 1682 in
825 1656 1024 1690 super-naturali

239 1702 419 1734 obscuritate,
451 1701 554 1729 nnitive
595 1709 628 1728 ac
669 1701 829 1735 simpliciter
854 1701 1024 1729 inaccessum

239 1746 391 1781 splendoris
414 1745 497 1781 hujus
522 1745 597 1773 l'oras
623 1753 676 1773 non
706 1746 865 1781 prodeuntis
888 1748 1024 1774 interntun

240 1801 384 1827 permeans
395 1797 421 1820 et
436 1793 497 1820 inde
509 1797 616 1820 ornata.
631 1792 658 1820 Si
686 1801 750 1820 rcro
774 1801 788 1820 a
815 1793 1024 1827 contemplanda

239 1840 402 1871 abstineret.
445 1839 583 1874 quomodo
611 1844 748 1874 stuporem
778 1845 806 1867 et
850 1841 1022 1875 splendorem

240 1885 395 1919 pateretur?
419 1885 472 1913 Sed
498 1885 550 1913 hoc
580 1885 661 1912 modo
674 1889 746 1914 stare
777 1891 895 1913 mentem
925 1886 1025 1914 dicitur

239 1931 304 1957 illuc
320 1929 482 1965 profectam,
506 1928 571 1962 quia
589 1928 735 1956 immobilis
745 1934 787 1956 est
800 1937 884 1956 unum
902 1935 1023 1957 conlcto-

242 1977 318 2005 tlans
334 1980 361 2003 et
378 1977 461 2005 unius
474 1976 617 2011 splendore
626 1975 720 2003 aﬂ‘ecta
728 1980 755 2002 et
763 1976 881 2011 gaudens
893 1981 920 2003 et
933 1977 1023 2010 splen-

240 2025 325 2056 cl.us;
341 2027 369 2050 et
390 2026 464 2050 stare
493 2029 547 2049 non
573 2027 685 2050 molam.
718 2029 772 2048 non
797 2021 1021 2056 comprimentem

239 2076 317 2095 suam
330 2067 569 2103 contemplationis
581 2067 735 2094 fruitionent
746 2075 754 2101 ;
766 2074 798 2095 ea
812 2068 884 2095 enim
896 2069 1022 2103 fugienda

240 2119 283 2141 «sl
301 2113 418 2146 aiTcCIio,
431 2121 521 2147 neque
535 2113 670 2141 laudanda
682 2118 709 2142 et
725 2114 885 2149 ignorantiae
902 2115 1023 2142 tenebris

239 2163 329 2194 plena,
359 2167 500 2194 nunquam
533 2159 588 2187 ullo
614 2160 695 2187 modo
719 2160 906 2195 contemplari.
930 2160 1021 2187 Dictus

238 2217 243 2231 :
256 2211 328 2233 utem
345 2205 445 2233 utentis
455 2210 543 2234 status
558 2214 605 2238 per
617 2206 786 2233 inaccessum
803 2205 922 2233 hominis
931 2207 1022 2241 splen-
1038 2202 1060 2229 Ι)

236 2254 329 2278 ilorem
346 2252 385 2284 lit,
398 2257 425 2279 et
439 2252 635 2286 conremplario
650 2256 692 2279 est
709 2259 761 2279 non
785 2259 910 2286 quaerens
937 2257 1023 2280 trans-

236 2299 428 2331 mutationem,
457 2298 504 2325 sed
531 2298 652 2332 requiem
686 2305 717 2325 ac
742 2304 856 2326 statum.
883 2299 1020 2326 Inﬁnitum

235 2345 307 2371 -nim
322 2349 363 2372 est
381 2344 447 2371 illud
473 2346 748 2379 supersubstantialc,
771 2350 797 2372 et
831 2346 1019 2373 absconditum

236 2391 443 2425 supernaturale
453 2399 548 2424 unum,
566 2395 593 2418 et
606 2392 715 2418 cuilibet
731 2392 812 2419 menti
830 2392 998 2419 inaccessum
1012 2401 1020 2425 ;

235 2445 322 2471 neque
331 2437 517 2465 Iicetmeutem
526 2443 586 2471 quae
599 2438 856 2472 contemplaturaliu
868 2439 947 2465 modo
957 2447 1022 2467 con-

236 2483 429 2516 templarimisi
440 2483 465 2510 in
475 2488 605 2515 quantum
617 2488 689 2510 esset
702 2484 752 2511 sibi
767 2486 955 2512 convenientis
970 2494 1020 2520 pu-

236 2529 324 2557 titatis
331 2533 357 2556 et
369 2528 469 2556 divinae
480 2528 589 2555 unionis
602 2530 747 2563 particeps.
759 2529 790 2556 Et
799 2537 851 2556 non
863 2531 941 2558 aliter
953 2531 1021 2559 divi-

233 2582 272 2601 l=:l'
284 2569 571 2608 huiccontemplationi
584 2582 616 2601 ac
628 2575 777 2609 splendenti
787 2577 981 2610 pulchritudini
991 2583 1019 2605 ct

231 2621 392 2648 iulluitudini
401 2621 530 2655 adharct,
537 2630 616 2657 quam
626 2626 737 2650 attracta
744 2623 871 2652 etaﬁ'ccta
880 2624 913 2651 ab
922 2625 965 2652 illa
972 2629 1019 2654 aut

231 2666 416 2700 assumptione
430 2671 477 2693 aut
489 2668 607 2697 naturali
617 2675 697 2702 quam
714 2670 816 2703 patitur
826 2672 1015 2700 conversione.

1051 850 1072 880 Β

265 2745 311 2773 ω.
331 2745 413 2773 Menti
430 2747 553 2774 naturale
567 2753 607 2776 est
628 2751 748 2783 cogitare
763 2758 772 2784 ;
789 2751 817 2778 in
829 2758 904 2779 motu
923 2758 1015 2782 autem

229 2796 256 2815 t'l
272 2792 419 2819 mutatione
432 2794 570 2828 cogitatio.
587 2795 732 2830 Postquam
757 2802 848 2824 autem
876 2807 955 2828 mens
987 2802 1014 2829 in

233 2834 286 2861 lico
301 2840 437 2869 versatur,
453 2845 535 2872 supra
558 2839 748 2874 cogitationem
765 2841 902 2870 invenitur
920 2850 948 2872 et
965 2854 1013 2873 su-

230 2887 278 2914 pm
304 2885 406 2906 motum
425 2889 433 2915 ι
451 2886 513 2909 tunc
545 2883 640 2911 merito
668 2883 804 2914 diceretur
827 2894 903 2916 tuens
931 2897 1013 2924 supra

1088 226 1187 261 γνόφου
1202 226 1287 259 οὐδὲν,
1304 229 1351 254 καὶ
1367 228 1437 254 πάνυ
1454 237 1495 255 τοι
1510 229 1631 265 καθαροῦ
1646 231 1705 263 νοὸς
1719 232 1789 265 ἴδιον,
1801 234 1859 260 iisut-

1088 271 1199 306 ροῦντος
1216 272 1245 298 ἐν
1259 271 1408 308 Ιίνεύματι.
1425 275 1463 300 Οὐ
1476 274 1529 310 γὰρ
1543 275 1742 313 κεκλεισμένην
1756 279 1805 313 ἔχει
1820 281 1860 307 καὶ

1088 317 1208 352 μύουσαν
1224 318 1273 354 τὴν
1288 319 1385 354 νοερὰν
1401 320 1561 356 ἀπόϐλεψιν,
1575 322 1622 349 καὶ¹
1634 323 1771 359 ἀργοῦσαν
1784 327 1796 352 ὁ
1807 326 1860 358 ’.οὓς

1087 363 1131 389 ὅτε
1151 363 1265 398 θεωρεῖ,
1293 365 1333 390 ὅτι
1357 365 1386 391 οὺ
1417 365 1524 401 θεωρεῖ,
1542 367 1566 392 εί
1595 367 1632 403 μὴ
1652 369 1682 395 τὸ
1707 370 1795 403 Θεῖον,
1819 372 1861 398 καὶ

1087 408 1179 441 ἁπλῶς
1198 410 1226 436 ἐν
1246 410 1464 446 ἀποκρυφιότητι
1482 412 1528 438 ’ἐν-
1556 413 1635 441 τοῦτο
1659 415 1712 451 γὰρ
1740 417 1862 452 ἀμαθείας

1088 454 1231 489 σύμὸολον.
1256 456 1325 482 Ἀλλ’
1343 457 1388 483 ὅτε
1403 457 1504 491 μᾶλλον
1520 459 1645 493 ἐκφανῶς
1662 461 1795 498 θεωρήσῃ,
1810 465 1862 491 τότε

1086 502 1126 532 είς
1150 501 1180 528 τὸ
1201 503 1270 537 ὑπὲρ
1294 502 1356 530 νοῦν
1381 504 1542 539 ἀνατρέχει,
1568 507 1614 532 καὶ
1628 507 1689 533 τότε
1717 508 1863 544 θεωρεῐτὴν

1087 545 1182 572 ἑαυτοῦ
1209 546 1339 582 ἀδλεψίαν
1359 548 1388 574 ἐν
1407 550 1441 584 τῇ
1464 549 1510 576 τοῦ
1528 550 1716 578 ἁπλουστάτου
1732 553 1788 584 ἐνὸς
1803 554 1862 580 ἀππ-

1085 592 1247 628 κρυφιότητι
1270 593 1399 629 θεωρῶν·
1418 595 1541 629 καίτοιγε
1575 597 1615 623 ὁτι
1631 597 1660 623 ἓν
1677 599 1735 624 ἐστι
1750 600 1778 626 τὸ
1837 598 1863 627 οὖ

1084 637 1120 663 τὰ
1134 638 1231 669 πάντα,
1247 639 1293 665 καὶ
1307 640 1347 666 ὅτι
1360 639 1486 675 κρύφιον,
1504 642 1550 668 καὶ
1565 643 1638 677 μάλα
1654 644 1747 678 σαφῶς
1765 645 1861 680 θεωρεῖ.

1085 681 1118 708 Ί“ί
1131 683 1160 709 δέ
1175 684 1248 710 ἐστιν
1265 685 1295 710 οὐ
1312 684 1422 720 θεωρεῖ,
1438 687 1483 713 καὶ
1498 686 1608 721 λέγεται
1622 685 1692 715 εἶναι
1707 691 1746 721 εἰς
1758 691 1788 717 τὰ
1801 691 1864 727 ὑπὲρ

1085 729 1166 763 φύσιν
1186 731 1200 755 ὁ
1221 729 1283 762 νοῦς
1301 730 1345 757 διὰ
1365 731 1451 758 ταῦτα
1469 733 1518 767 τὴν
1540 734 1648 768 ἑαυτοῦ,
1663 736 1705 770 ἐφ’
1721 737 1781 763 ὅσον
1795 738 1820 763 ἐν
1835 740 1864 774 τῇ

1083 775 1130 801 τοῦ
1159 775 1226 802 Θεοῦ
1256 777 1429 814 ἁπλουστάτη
1453 779 1604 806 ἀποϐλέπει
1633 782 1863 818 ἀποκρυφιάτητι·

1084 819 1153 848 εἶναι
1166 821 1194 848 δὲ
1208 822 1286 849 τοῦτο
1307 823 1380 858 αὐτῷ
1397 824 1468 851 κατὰ
1491 824 1572 859 φύσιν
1591 826 1651 853 ἐστὶ
1668 828 1778 863 καθαρῷ
1791 838 1866 864 γεγο-

1084 866 1140 893 νότι
1151 875 1158 882 ·
1178 868 1225 894 καὶ
1243 865 1299 894 οἷον
1317 869 1404 895 εἰπεῖν
1423 871 1493 897 κατὰ
1511 870 1593 905 φύσιν
1606 873 1679 900 ἐστὶν
1694 874 1768 910 αὑτῴ
1789 877 1816 902 ὲν
1831 877 1866 912 τῷ

1084 913 1155 949 ὑπὲρ
1172 914 1252 948 φύσιν
1276 915 1410 948 γίνεσθαι,
1427 916 1603 952 ἀνομμάτως,
1619 921 1756 947 τουτέστιν
1780 923 1867 949 ἀνεπι-

1084 961 1185 994 νοήτω;
1213 960 1366 987 ἐπιϐάλλων
1389 960 1443 997 [Im
1476 963 1659 1001 ὲπιϐἀλλοντι]
1683 967 1716 1001 τῇ
1742 967 1800 1002 θείᾳ.
1824 971 1868 996 καὶ

1084 1006 1307 1043 ὖπερηπλωμένῃ
1323 1008 1393 1044 ὑπὲρ
1409 1008 1471 1035 νοῦν
1493 1010 1568 1046 ἑνικῇ
1587 1011 1802 1049 ἀποκρυφιότητι
1814 1023 1820 1029 ·
1840 1017 1867 1042 οὐ

1083 1053 1137 1089 γὰρ
1154 1054 1210 1088 ἔχει
1229 1054 1290 1080 τότε
1315 1059 1364 1090 τὴν
1387 1056 1529 1082 ὁποιανοῦν
1544 1058 1698 1094 γνωστικὴν
1713 1061 1867 1096 ἀντίληψιν,

1082 1099 1123 1125 ὅτι
1140 1100 1177 1134 μὴ
1194 1100 1242 1135 τὴν
1261 1100 1309 1127 τοῦ
1335 1102 1531 1137 ἀνεκφοιτήτου
1546 1104 1616 1135 ἑνός.
1639 1105 1694 1131 Καὶ
1715 1109 1769 1141 μὴν
1783 1108 1868 1135 ἐκεῖ-ιε

1083 1146 1228 1179 γενόμενος
1252 1145 1285 1172 δι’
1307 1146 1411 1178 οἰκείας
1439 1147 1514 1182 αὺτῷ
1535 1150 1684 1185 κινήσεως,
1712 1153 1750 1183 είς
1779 1154 1869 1180 στάσιν

1082 1189 1159 1225 λήγει
1186 1192 1231 1217 καὶ
1258 1191 1383 1218 παῦλαν·
1408 1193 1470 1228 οὐχὶ
1494 1195 1587 1221 στάσιν
1603 1195 1673 1227 λέγω
1698 1197 1751 1224 ἀπό
1768 1207 1798 1232 γε
1822 1200 1866 1227 τοῦ

1083 1233 1195 1268 θεωρεῖν
1207 1242 1214 1248 ·
1231 1234 1308 1261 τοῦτο
1323 1236 1377 1271 γὰρ
1398 1239 1512 1272 μανικὸν
1525 1238 1555 1264 τὸ
1573 1239 1676 1272 πάθος·
1693 1241 1760 1270 ἀλλὰ
1780 1245 1869 1270 στάσιν

1083 1281 1130 1307 καὶ
1161 1281 1283 1312 παῦλαν,
1312 1283 1359 1309 τοῦ
1387 1284 1561 1318 μεταϐαίνειν
1588 1287 1642 1313 ἀπὸ
1667 1289 1803 1323 νοήματος
1831 1292 1870 1323 εἰς

1083 1327 1182 1361 νόημα,
1203 1327 1219 1363 ἢ
1237 1326 1378 1363 θεώρημα.
1399 1329 1429 1355 '0
1451 1331 1505 1366 γάρ
1519 1339 1560 1357 τοι
1581 1332 1642 1365 νοῦς
1657 1333 1746 1361 ἐκεῖσε
1768 1337 1870 1363 ἀναπε-

1082 1371 1230 1408 πηδηκὼξ,
1249 1375 1342 1410 ἐπειδὴ
1359 1375 1432 1411 βυθῴ
1454 1377 1583 1413 ἀπειρίας
1598 1380 1645 1406 καὶ
1664 1381 1805 1417 ἀοριστίας
1824 1393 1870 1410 πε-

1083 1420 1205 1454 ριπίπτει
1227 1420 1256 1446 ὲν
1270 1421 1339 1455 φωτὶ
1352 1423 1436 1457 νοερῷ
1446 1443 1454 1455 ,
1469 1423 1507 1458 τῷ
1523 1424 1701 1462 ἀπεριλήπτῳ
1716 1431 1872 1465 περιτυχὼν

1081 1465 1132 1499 τῆς
1154 1465 1230 1497 θείας
1243 1466 1348 1502 ἐκείνης
1366 1468 1531 1503 ἀπεριόπτου
1551 1471 1800 1509 ἀποκρυφιότητος,
1818 1474 1872 1502 οἷον

1082 1512 1181 1545 εἰπεῖν,
1202 1511 1335 1546 ἐκλείπει,
1357 1513 1404 1540 καὶ
1424 1514 1541 1548 ἵσταται,
1563 1518 1648 1553 μηδὲν
1665 1519 1768 1556 ἕτερον,
1786 1522 1803 1557 ἢ
1824 1524 1874 1557 τὴν

1083 1556 1215 1591 ἔκπληξιν
1241 1557 1270 1583 ὲν
1292 1558 1447 1594 φαιδρότητι
1467 1561 1580 1596 πάσχων
1597 1565 1693 1600 νοερᾷο
1718 1566 1764 1592 καί
1780 1556 1812 1601 γε
1836 1556 1874 1604 μὴ

1084 1603 1270 1638 μεταϐαίνων,
1292 1604 1366 1639 ὅμως
1391 1605 1428 1640 τῷ
1449 1607 1535 1642 νοερῷ
1558 1610 1692 1645 φωτισμῷ
1718 1603 1876 1647 ἐνεργεῖται

1081 1649 1191 1684 ἀφορῶν
1210 1650 1345 1685 ἀκινήτως
1360 1650 1390 1676 ὲν
1411 1652 1443 1686 τῇ
1459 1652 1613 1690 ὑπερουσίῳ
1633 1655 1875 1693 ἀποκρυφιότητι,

1081 1694 1179 1726 ἑνικῶς
1196 1703 1225 1721 τε
1240 1695 1288 1722 καὶ
1313 1696 1456 1730 μονοειδῶς
1475 1699 1507 1735 τῇ
1527 1700 1666 1737 ἀπροσίτῳ
1688 1703 1810 1740 ἐνδὸτητι
1827 1706 1877 1741 τῆς

1080 1742 1276 1775 ανεκφοιτήτου
1290 1741 1454 1776 τηλαυγείας
1469 1744 1694 1781 διαπορούμενος,
1711 1750 1756 1775 καὶ
1773 1751 1877 1777 καλλο-

1079 1787 1202 1822 νόμενος.
1219 1788 1251 1814 Εἰ
1269 1787 1291 1813 δ’
1308 1785 1342 1823 ἦν
1362 1789 1416 1815 ἀπὸ
1435 1790 1482 1816 τοῦ
1504 1791 1616 1826 θεωρεῖν
1640 1794 1741 1829 ἀργὸς,
1761 1797 1825 1828 πῶς
1845 1800 1878 1825 ἂν

1079 1833 1182 1869 ἔπασχε
1206 1833 1237 1860 τὸ
1261 1834 1460 1870 ἐκπλήττεσθαι
1485 1838 1534 1864 καὶ
1558 1840 1774 1876 φαιδρύνεσθαι;
1794 1845 1879 1872 Ἀ).λὰ

1078 1880 1173 1907 τοῦτον
1188 1881 1233 1907 τὸν
1255 1881 1354 1916 τρόπον
1368 1881 1477 1915 λέγεται
1497 1883 1635 1917 ἵστασθαι,
1663 1887 1762 1914 αὐτόσε
1791 1898 1877 1925 γεγο-

1068 1922 1143 1952 ’νότα
1156 1922 1202 1952 τὸν
1215 1925 1277 1953 νοῦν
1288 1947 1295 1959 ,
1310 1927 1351 1952 ὃτι
1370 1926 1548 1961 dite-reﬁce);
1563 1930 1619 1965 ἔχει
1640 1932 1670 1957 τὸ
1697 1931 1725 1959 ἓν
1740 1922 1861 1970 θεωρῶν
1871 1959 1878 1969 ,

1078 1970 1127 1998 καὶ
1148 1972 1182 2007 τῇ
1198 1971 1246 1998 τοῦ
1261 1972 1320 2003 ἑνὸς
1343 1971 1443 2008 ἀγλαΐᾳ
1456 1974 1504 2000 καὶ
1521 1977 1716 2012 προσπάσχων,
1737 1981 1787 2006 καὶ
1814 1983 1879 2016 χαί-

1078 2023 1145 2052 ρων,
1160 2016 1209 2044 καὶ
1227 2017 1462 2052 λαμπρυνόμενος,
1479 2019 1525 2045 καὶ
1539 2019 1662 2048 ἵστασθαι
1682 2023 1720 2058 μὴ
1736 2025 1879 2061 κινούμε-

1075 2075 1131 2099 νος,
1155 2066 1186 2093 οὐ
1213 2066 1267 2102 μὴν
1283 2067 1360 2103 μύων
1375 2068 1425 2105 τὴν
1440 2070 1576 2106 σφετέραν
1594 2071 1643 2107 τῆς
1659 2071 1781 2108 θεωρίας
1804 2074 1879 2103 ἀπύ-

1074 2112 1185 2139 λαυσιν·
1200 2112 1280 2140 τοῦτο
1290 2114 1343 2149 γὰρ
1353 2115 1469 2149 φευκτὸν
1481 2116 1512 2143 τδ
1523 2117 1618 2151 πάθος,
1634 2118 1681 2145 καὶ
1693 2119 1744 2146 οὐκ
1756 2120 1862 2148 ἐπαινε
1870 2135 1879 2140 -

1073 2158 1129 2190 τὸν,
1145 2158 1192 2186 καὶ
1207 2160 1319 2193 σκότους
1330 2161 1442 2195 ἀγνοίας
1456 2161 1585 2197 ἔμπλεον,
1605 2164 1718 2201 μηδαμῆ
1732 2167 1879 2202 μηδαμῶς

1074 2203 1196 2239 θεωρεῖν.
1205 2204 1238 2232 Ἡ
1252 2206 1274 2233 δ’
1287 2207 1420 2243 εἰρημένη
1432 2208 1528 2240 στάσις
1542 2209 1589 2236 τοῦ
1604 2209 1661 2242 νοῦ,
1674 2212 1746 2238 κατὰ
1758 2213 1877 2247 ἀπρόσ-

1073 2259 1128 2276 ιτον
1147 2251 1236 2285 φωτὸς
1251 2251 1384 2288 ἑλλαμψιν
1403 2254 1517 2288 γίνεται,
1547 2257 1595 2283 καὶ
1618 2257 1720 2293 Θεωρία
1734 2260 1812 2291 ἐστὶ,
1837 2260 1878 2295 μὴ

1072 2297 1192 2331 ζητοῦσα
1222 2299 1391 2334 μετάϐασιν,
1431 2302 1498 2329 ἀλλά
1536 2304 1643 2331 παῦλαν
1677 2307 1725 2332 καὶ
1761 2307 1879 2335 στάσιν.

1074 2344 1206 2379 Ἄπειρον
1219 2345 1272 2381 γάρ
1288 2346 1361 2373 ἐστιν
1372 2348 1461 2375 ἐκεῖνο
1471 2349 1501 2375 τὸ
1520 2349 1668 2385 ὑπερφυὲς,
1686 2352 1734 2378 καὶ
1753 2354 1883 2388 χρυσιά-

1073 2397 1173 2424 μυστον
1195 2391 1357 2426 ὑπερούσιον
1379 2393 1408 2420 ἒν
1422 2413 1429 2425 .
1451 2395 1498 2421 καὶ
1521 2395 1671 2423 ἀνέκδατον
1699 2398 1739 2432 νῷ
1769 2401 1881 2432 παντὶ,

1071 2436 1117 2461 καὶ
1133 2436 1230 2463 ἄλλοσέ
1247 2447 1285 2473 πη
1308 2438 1421 2474 θεωρεῖν
1437 2440 1467 2466 οὐ
1486 2443 1623 2478 συγχωρεῖ
1640 2442 1686 2469 τὸν
1707 2443 1882 2478 θεωροῦντα

1071 2481 1153 2508 αὐτὸν
1167 2482 1240 2515 νοῦν⁹
1275 2483 1389 2511 καθόσον
1404 2485 1437 2512 ἂν
1455 2487 1496 2522 εἴη
1516 2488 1687 2524 μετειληφὼς
1701 2490 1716 2515 ὁ
1738 2490 1809 2522 νοῦς
1828 2492 1879 2518 dv-

1069 2528 1190 2559 ηκούσης
1203 2529 1276 2564 αὐτῷ
1292 2530 1463 2566 καθάρσεως,
1473 2534 1520 2559 καὶ
1536 2534 1610 2565 θείας
1626 2535 1805 2569 συνάρσεως.
1822 2538 1881 2564 Καὶ

1070 2571 1120 2598 οὐκ
1138 2572 1226 2605 ἄλλως
1247 2576 1412 2610 μεταπίπτει
1434 2585 1465 2611 γε
1488 2579 1537 2614 τῆς
1553 2579 1626 2611 θείας
1649 2583 1774 2617 ταυτησὶ
1803 2583 1880 2609 θεω-

1071 2619 1150 2652 ρίας,
1179 2621 1227 2648 καὶ
1254 2621 1410 2657 ὑπερκάλου
1438 2625 1569 2659 ἀγλαΐας,
1598 2627 1645 2653 καὶ
1670 2628 1835 2664 ἀπειρίας,
1864 2630 1881 2664 ἧ

1068 2665 1267 2712 ἀνθελκόμενος
1293 2669 1346 2696 ὑπό
1360 2678 1407 2696 του
1430 2672 1607 2705 προσπαθὼν,
1621 2673 1638 2707 ἢ
1659 2676 1844 2712 προσλήψει,
1862 2677 1882 2711 ἦ

1068 2711 1119 2738 ὺπδ
1132 2712 1182 2747 τῆς
1198 2715 1316 2753 φυσικῆς
1327 2735 1333 2747 ,
1350 2717 1383 2752 ἢν
1399 2717 1498 2753 πάσχει
1512 2720 1706 2754 τρεπτότητος.

1103 2757 1154 2793 μδ’.
1168 2759 1213 2795 Τῷ
1227 2761 1265 2795 νῷ
1290 2761 1370 2796 φύσις
1383 2764 1413 2790 τὸ
1424 2767 1495 2792 νοεῖν
1507 2773 1515 2781 ⁸
1530 2767 1559 2792 ἐν
1572 2767 1679 2802 κινήσει
1692 2769 1721 2795 δὲ
1736 2770 1768 2797 τὺ
1786 2773 1884 2804 νοεῖν,

1066 2805 1112 2831 καὶ
1137 2808 1296 2840 μεταδόσει.
1321 2809 1397 2837 Ἐπεὶ
1412 2811 1440 2837 δὲ
1459 2812 1474 2838 ὀ
1490 2812 1552 2844 νοῦς
1567 2813 1596 2839 ὲν
1618 2813 1679 2848 Θεῷ
1695 2817 1864 2849 γενόμενος
1876 2839 1885 2850 ,

1066 2852 1195 2888 ὑπεράνω
1207 2856 1325 2891 νοήσεως
1339 2857 1509 2891 εὑρίσκεται,
1525 2864 1572 2888 καὶ
1587 2863 1733 2896 κινήσεως,
1748 2865 1886 2896 εἰκότως

1064 2897 1135 2924 οὕτω
1151 2899 1248 2933 λέγοιτ’
1268 2901 1300 2928 ἂν
1312 2903 1326 2929 ὁ
1343 2903 1402 2935 νοῦς
1417 2906 1455 2937 εἰς
1471 2906 1501 2932 το
1517 2907 1586 2941 ὑπὲρ
1604 2908 1686 2943 φύσιν
1705 2911 1818 2938 ἑαυτοῦ
1837 2912 1884 2945 γί-
