1932 3088
101 139 153 168 885

671 146 719 176 DE
731 147 819 178 VlTA
839 149 1169 186 CONTEMPLATWA.

1678 159 1730 190 886

97 210 193 237 νεσθαι
213 210 356 242 άπολύτως
373 211 418 238 τὸν
443 211 508 238 Θεὸν
525 212 744 247 φανταζόμενος·
768 215 822 240 πᾶν
837 215 884 250 γὰρ

937 219 1014 239 suam
1032 218 1155 241 naturam
1180 216 1347 250 pervertisse,
1365 216 1447 244 Deum
1476 217 1601 245 absolute
1634 218 1728 252 imagi-

97 257 198 292 νόημα,
220 257 301 293 δῆλον
316 257 358 284 ὅτι
380 258 413 284 ὲκ
432 258 596 293 πράγματος
611 259 734 294 γίνεσθαι
751 261 872 295 πέφυκεν
883 270 890 276 θ

97 304 165 330 ὅπου
192 304 220 330 δὲ
241 305 357 340 πρᾶγμα
375 304 405 331 οὺ
422 305 576 340 Θεωρεῖται,
597 307 688 342 νόημα
708 306 770 334 οὔτε
794 307 891 341 γεννᾶ-

96 358 153 379 ται,
177 349 240 376 οὔτε
267 350 321 386 μὴν
336 350 503 386 εὑρίσκεται.
523 352 553 378 Ὁ
566 352 654 379 τοίνυν
669 353 735 385 Θεὸς
747 354 892 389 μηδοπωσ-

97 394 173 420 τιοῦν
210 395 280 429 ἔχων
315 395 430 430 ὁρᾶσθαι
460 397 663 432 πραγματικῶς
691 398 821 432 φαντάζει
845 399 892 425 τὸν

99 439 162 466 νοῦν
177 441 340 474 πεφυκότως
353 442 385 468 ὲκ
399 441 454 468 τῶν
465 442 530 478 περὶ
544 443 636 475 αὐτὸν,
649 441 686 470 ὧν
700 443 799 479 δηλαδὴ
812 445 890 480 ἐνερ-

98 487 142 519 γεῖ
156 495 162 501 ·
187 486 204 513 ἃ
220 486 302 514 τόπον
324 487 415 522 ὲπέχει
432 488 583 523 δυνάμεως,
601 489 632 515 ἐκ
652 497 724 520 τινος
743 489 891 526 προϊούσης

98 532 224 559 δυνατοῦ.
241 532 302 567 Ἐφ’
315 533 378 559 ὅσην
389 533 435 560 οῦν
451 535 464 560 ό
477 534 539 566 νοῦς
553 535 582 561 ὲν
598 534 688 566 ἄλλοις
699 535 800 563 ἅπασιν
812 536 891 563 εἴωθε

100 579 149 610 τὰς
174 579 304 614 δυνάμεις
320 571 401 615 «μετὰ
428 580 481 606 τῶν
507 581 628 608 δυνατῶν
657 581 786 616 Θεωρεῖν,
812 582 891 609 τοῦτο

100 625 178 659 ζητεῖ
193 626 262 652 κάπὶ
273 625 340 652 Θεοῦ
354 626 451 653 παθεῖν
463 634 470 641 ·
488 627 535 653 καὶ
546 626 684 653 ἀδυνατῶν
699 627 870 662 γιγνομένως
881 636 889 644 ι

100 671 172 706 ὑπὲρ
187 671 241 706 γὰρ
260 672 309 707 τὴν
325 672 406 706 φύσιν
423 672 505 699 τοῦτο
520 673 620 705 παντὸς
647 673 758 700 κτιστοῦ
774 674 820 701 νοῦ
834 682 841 689 ”
856 674 891 702 τὰ

101 717 166 752 napi.
180 718 246 744 Θεὸν
273 718 380 753 Θεωρεί.
398 718 453 744 Καὶ
469 718 514 745 τὸν
530 719 596 745 Θεὸν
620 720 798 754 ἀνομμάτως,
819 721 833 747 ὅ
848 722 892 749 λέ.

100 771 190 796 γεται,
210 763 281 799 ἁπλῇ
300 764 476 797 φαντάζεται,
495 765 543 791 καὶ
561 765 647 802 ἀθρόᾳ
663 766 788 803 ἐπιϐολῇ.
808 768 892 795 Ὴσύ-

101 816 149 842 χου
162 808 190 834 δὲ
209 809 289 843 ἀέρος
304 809 484 844 δραξάμενος,
502 810 549 837 καὶ
563 810 795 847 θείαςεὺμενείας
813 815 891 848 γενό-

102 862 184 888 μενος
197 854 335 889 ἐπιτυχὴς.
353 856 400 881 καὶ
415 856 589 890 ἐνεργοῦντος
604 857 633 884 ὲν
647 857 736 892 ἑαυτῷ
756 859 801 886 τοῦ
818 859 891 887 θείου

940 266 1027 293 nans;
1046 267 1153 287 omnem
1173 262 1244 289 enim
1256 263 1448 297 cogitationem
1460 272 1491 292 ex
1505 273 1535 292 re
1558 265 1615 292 ﬁeri
1644 267 1729 292 malli-

939 303 1038 331 festnm
1052 311 1104 333 est.
1122 306 1171 334 Ubi
1189 313 1280 336 autem
1302 317 1346 336 res
1361 317 1414 337 non
1430 311 1611 345 conspicitur,
1638 320 1726 346 neque

939 350 1070 384 Cogitatio
1095 359 1250 386 generatur,
1267 363 1355 389 neque
1371 356 1522 384 invettitur.
1553 357 1620 384 Cum
1645 357 1726 391 igitur

939 394 1010 422 Deus
1029 396 1114 425 videri
1131 405 1246 433 nequeat
1274 401 1400 433 realiter,
1418 403 1503 429 tuenti
1536 410 1568 430 ex
1599 403 1633 430 iis
1666 411 1727 435 qua:

938 439 1009 467 circa
1028 441 1113 476 ipsam
1132 449 1206 476 sunt,
1219 446 1338 480 seipsum
1355 452 1544 481 repraesentat,
1557 457 1618 483 qua:
1629 457 1728 484 nempe

939 489 1156 523 operatur;quae
1180 491 1269 518 locum
1287 493 1416 526 potentiae
1432 498 1523 520 tenent
1550 502 1583 521 ex
1608 495 1726 529 quodam

937 532 1061 565 possibili
1075 535 1258 568 procedentis.
1275 537 1303 564 In
1324 543 1458 573 quantum
1487 547 1560 566 entnt
1592 537 1671 568 mens
1700 541 1726 567 in

937 578 998 607 aliis
1016 580 1144 608 omnibus
1159 582 1294 615 potentias
1311 592 1373 610 eum
1404 585 1584 619 possibilibus
1608 591 1728 613 content-

937 624 1006 659 plari
1021 627 1101 658 solet,
1119 628 1144 655 id
1157 629 1228 655 etde
1249 629 1302 656 Deo
1314 631 1368 664 pati
1392 631 1506 665 inquirit
1522 640 1529 663 ;
1550 637 1577 658 et
1594 640 1656 659 cum
1672 631 1726 658 ndn

937 671 1026 704 possit
1043 679 1085 700 res
1095 674 1166 707 ipsas
1185 676 1380 709 contemplari,
1396 677 1420 703 id
1438 677 1510 704 enim
1530 685 1613 712 supra
1640 678 1727 705 omnis

937 721 1035 743 creatae
1068 719 1168 746 mentis
1209 724 1335 746 naturam
1365 726 1417 752 est,
1448 729 1508 756 qua:
1538 722 1612 749 circa
1641 722 1726 749 Deum

937 768 1000 789 sunt
1013 765 1222 799 contemplatur.
1239 766 1270 793 Et
1286 766 1383 800 Deum,
1400 769 1543 795 oculorum
1556 776 1665 803 expers,
1697 775 1726 796 ut

937 807 1038 836 dictum
1064 815 1118 843 est,
1136 816 1162 838 et
1201 812 1335 847 freqttenti
1369 819 1480 848 aspectu
1509 814 1673 850 imaginatur
1700 821 1727 843 et

939 856 1116 888 tranquillum
1143 864 1205 884 aera
1237 859 1406 892 prehendens
1432 864 1459 887 et
1485 860 1584 888 divinae
1610 861 1727 889 benevo-

101 901 149 925 καὶ
173 899 361 934 προσκυνητοῦ
385 901 554 936 Πνεῦματος,
573 902 606 929 ἐκ
621 903 667 930 τοῦ
687 905 757 931 νοεῖν
778 907 884 942 συνεχέ-

935 898 1026 927 lentiae
1042 902 1180 938 particeps
1199 903 1305 936 effecta,
1323 909 1351 932 et
1365 905 1391 932 itt
1409 906 1466 940 ipsa
1482 911 1613 942 operante
1631 907 1726 935 divino

101 953 197 979 στερον
206 944 359 980 ἀρπάζεται
370 945 410 977 εις
423 947 552 980 ἀνείδεον,
568 947 614 974 καὶ
626 947 732 982 ἄποιον,
743 951 790 976 καὶ
802 951 891 987 ἁπλῆν

100 991 280 1022 κατάστασιν,
294 991 359 1017 εἵσω
380 992 495 1027 καρδίας
509 993 546 1024 ὡς
562 993 644 1029 τάχος
656 995 796 1030 είσδύνων,
810 997 890 1024 δυνά-

101 1045 147 1072 μει
173 1036 220 1063 τοῦ
248 1037 407 1073 [Ινεύματος
437 1039 582 1075 ὑπερφυεῖ.
611 1041 666 1067 Καὶ
695 1042 837 1078 ἱστάμενος
860 1045 890 1072 ὲν

101 1082 238 1118 φαντασίᾳ.
253 1083 332 1116 Θεοῦ,
350 1085 396 1111 καὶ
420 1085 503 1120 μηδὲν
521 1085 598 1117 νοῶν,
611 1086 669 1113 ἀλλ’
683 1087 752 1123 ὑπὲρ
767 1090 798 1116 τὸ
820 1091 891 1117 νοεῖν

100 1130 277 1164 γιγνόμενος,
303 1130 332 1163 ἐξ
357 1127 443 1167 οὗπερ
472 1132 513 1158 ὅτι
536 1132 590 1159 ἀπὸ
611 1133 658 1160 τοῦ
680 1134 715 1162 τὰ
740 1137 803 1172 περὶ
824 1137 889 1165 Θεὸν

101 1176 187 1207 νοεῖν,
217 1175 320 1202 ἄνεισιν
346 1177 386 1208 εἰς
418 1177 494 1203 θείαν
526 1179 696 1212 φαντασίαν,
727 1178 887 1218 ᾖεῐρηται,

101 1220 205 1251 ἁπλοῦς
220 1220 423 1255 άποκαταστὰς,
438 1223 546 1257 λέγεται
560 1225 601 1252 ὅτι
617 1226 656 1257 εις
679 1226 709 1252 τὺ
725 1228 794 1263 ὑπὲρ
809 1229 889 1264 φύσιν

95 1266 194 1293 ἑαυτοῦ
207 1266 290 1300 τελεῖ,
306 1268 346 1294 ὅτι
363 1268 486 1302 γίγνεται
503 1271 570 1306 ὑπὲρ
586 1271 616 1298 τὸ
631 1274 712 1299 νοεῖν.

129 1345 182 1380 με’,
200 1345 257 1372 Πᾶν
269 1346 283 1372 ὃ
293 1355 319 1372 τι
335 1347 382 1374 οὖν
394 1347 539 1384 λεγόμενον
551 1352 677 1386 κρύφιον,
695 1354 766 1389 ἔχειν
778 1355 885 1391 ἀνάγκη

93 1400 122 1418 τι
138 1393 368 1428 προφαινόμενον,
387 1395 448 1422 ὅθεν
463 1396 503 1422 ὅτι
515 1397 594 1424 τοῦτο
605 1399 720 1434 κρύφιον
733 1401 866 1436 ὑφορᾶται
875 1409 883 1417 “

93 1437 119 1462 εἰ
137 1438 193 1472 γὰρ
211 1438 260 1473 μὴ,
275 1439 313 1474 τῷ
330 1440 367 1476 μὴ
383 1440 440 1467 ὄντι
467 1443 609 1478 προσέοικε
629 1445 755 1479 μάλιστα.
773 1447 809 1473 Τὸ
831 1448 885 1484 γάρ

92 1483 194 1514 ὁλικῶς
202 1484 239 1519 μὴ
251 1485 320 1512 διδὲιν
331 1486 449 1521 ἔμφασιν
464 1490 617 1525 γνωστικὴν
631 1491 774 1527 ὸντότητος
793 1483 885 1520 ὁπωσ-

91 1528 150 1561 οὖν,
179 1530 235 1556 ἴσον
262 1532 402 1568 νομισθείη
437 1534 470 1560 ἂν
488 1534 530 1569 τῷ
556 1535 646 1570 πάντη
668 1537 800 1573 μηδαμῶς
816 1538 884 1567 ὄντι.

98 1576 209 1611 Ἀμέλει
223 1577 291 1612 δῆτα
305 1579 352 1605 καὶ
377 1579 416 1615 τῷ
433 1580 480 1607 τοῦ
498 1580 566 1608 Θεοῦ
589 1570 705 1618 κρυφίῳν
718 1570 911 1621 συνυπάρχειο

90 1622 153 1648 τινὰ
171 1624 394 1659 προφαινόμενα,
412 1624 453 1658 οἷς
473 1625 518 1653 οἷα
543 1628 695 1664 ῑχνηλατῶν
710 1631 725 1657 ό
747 1631 810 1663 νοῦς
833 1632 885 1667 τῆς

91 1667 168 1700 θείας
191 1669 429 1707 άποκρυφιότητος
447 1673 575 1709 αἴσθησιν
599 1675 719 1711 δέχεται,
737 1676 776 1712 τῷ
797 1687 885 1705 κατα-

90 1713 187 1749 ληπτῷ
202 1714 248 1741 τοῦ
266 1715 333 1742 Θεοῦ
355 1717 439 1744 ἀνιὼν
454 1719 523 1754 πρὸς
536 1720 567 1746 τὸ
582 1721 776 1758 ἀκατάληπτον
790 1731 797 1739 ·
818 1724 848 1751 ἐν
862 1721 884 1758 ᾧ

90 1760 238 1794 γενόμενος
252 1761 408 1796 ἐπίσταται,
427 1764 467 1791 ὅτι
481 1765 539 1792 ἐστι
551 1775 578 1793 τι
599 1767 730 1803 ἀκριϐῶς,
745 1769 759 1796 ὃ
773 1770 885 1805 διαφεύ-

90 1813 136 1839 γει
152 1806 202 1842 τὴν
223 1808 321 1835 ἑαυτοῦ
336 1810 456 1846 φυσικὴν
482 1813 646 1848 κατάληψιν,
672 1815 801 1850 ὑπεράνω
829 1818 884 1843 κεί-

92 1859 176 1885 μενον
203 1853 294 1887 πάσης
320 1857 417 1890 νοερᾶς
446 1858 643 1893 καταλήψεως,
664 1860 711 1886 καὶ
735 1861 883 1897 άγγελικῆς

90 1897 263 1931 ἡστινοσοῦν,
275 1898 312 1931 ὡς
328 1899 468 1936 ὑπερφαές
482 1901 538 1937 [Ῐσ.
550 1903 700 1941 ὑπερφυές]
715 1913 721 1920 ·
733 1905 780 1931 καὶ
793 1905 884 1942 πάσης

91 1943 143 1976 μὲν
168 1942 286 1977 φύσεως,
312 1946 359 1972 καὶ
376 1947 480 1979 οὐσίας,
506 1949 550 1975 καὶ
575 1949 651 1982 ὄντος
668 1951 769 1983 παντὸς
786 1952 881 1986 αἴτιον,

90 1989 139 2014 καὶ
155 1989 238 2024 ἀρχὴ,
255 1992 302 2018 καὶ
319 1993 415 2027 πέρας,
441 1995 507 2020 αὐτὸ
524 1995 551 2021 δὲ
563 1997 711 2031 ὑπερφυὲς,
731 1998 779 2025 καὶ
795 1998 882 2033 ὑπερ-

88 2033 194 2066 οὐσιον,
220 2035 331 2071 ἀπάσης
359 2038 620 2071 ὑπερανῳκισαένον
657 2042 781 2076 ἀπείρως
807 2042 882 2071 ὸντο-

87 2089 171 2116 ςητος
181 2089 188 2096 '
202 2082 350 2118 ἀγέννητόν
365 2093 395 2110 τε
410 2086 457 2112 καὶ
472 2086 601 2122 ἄναρχον,
616 2089 664 2116 καὶ
677 2089 812 2125 ἀόριστον,
829 2090 878 2118 καὶ

88 2127 183 2160 φύσει,
199 2129 246 2155 καὶ
269 2130 356 2166 τόπῳ,
380 2131 428 2159 καὶ
443 2133 532 2169 χρόνῳ
555 2135 649 2168 ἁπλῶς
670 2137 879 2174 ἀπερίληπτον·

87 2173 136 2200 καὶ
165 2174 246 2202 τοῦτό
267 2177 326 2204 ἔστι
354 2178 385 2204 τὸ
403 2179 564 2215 ἀπόκρυφον
581 2181 610 2208 ἓν
626 2183 696 2218 ὑπὲρ
722 2173 796 2212 νοῦν.
826 2187 882 2214 Καὶ

934 950 962 972 et.
977 946 1116 974 adorando
1129 948 1239 982 spiritu,
1254 957 1287 977 ex
1305 951 1449 985 cogitando
1466 951 1638 986 frequentius
1659 954 1725 980 sitti-

934 991 1031 1026 plieetn
1050 997 1076 1021 et
1092 995 1151 1021 sine
1167 994 1254 1022 forma
1271 989 1303 1023 ac
1320 997 1404 1031 figura
1421 1002 1522 1025 statutn
1539 998 1724 1033 amplectitur,

933 1036 1006 1065 intra
1021 1046 1069 1066 cor
1087 1041 1259 1075 rapidissimo
1279 1043 1397 1076 intrans,
1415 1045 1618 1078 super-naturali
1641 1045 1725 1080 spiri-

933 1086 977 1111 tus
1000 1084 1109 1114 virtute.
1127 1087 1161 1114 Et
1182 1088 1210 1115 in
1232 1088 1278 1116 Dei
1314 1090 1509 1125 imaginatione
1535 1095 1612 1119 stans
1635 1099 1725 1126 neque

932 1130 1081 1165 quidquam
1100 1134 1236 1167 cogitans,
1253 1136 1300 1163 sed
1315 1143 1398 1170 supra
1413 1136 1607 1170 cogitationem
1618 1137 1723 1170 ell'eeta,

933 1176 995 1211 quia
1007 1185 1040 1204 ex
1051 1185 1146 1205 eorum
1163 1187 1224 1214 qua:
1238 1181 1310 1208 circa
1331 1181 1416 1208 Deum
1450 1187 1513 1209 sunt
1548 1183 1722 1218 cogitatione,

933 1221 965 1247 ad
984 1221 1336 1260 divinamimaginationem
1350 1227 1486 1260 ascendit,
1504 1232 1533 1255 ut
1548 1228 1651 1255 dictutn
1668 1233 1722 1261 est,

932 1266 1046 1302 simplex
1061 1270 1221 1304 constituta,
1234 1277 1259 1299 et
1289 1272 1390 1299 dicitur
1407 1280 1438 1300 ea
1464 1281 1547 1308 supra
1570 1282 1645 1302 suam
1672 1282 1722 1301 na-

932 1316 1020 1340 turam
1041 1317 1206 1349 pervertisse,
1222 1317 1284 1350 quia
1302 1317 1331 1344 fit
1348 1326 1430 1353 supra
1447 1319 1650 1354 cogitationem.

967 1357 1012 1386 45.
1038 1359 1226 1396 Quodcunque
1255 1362 1357 1390 dicitur
1385 1363 1588 1398 absconditum,
1610 1371 1724 1392 necesse

930 1409 972 1432 est
989 1410 1017 1433 ut
1042 1406 1145 1441 aliquid
1178 1408 1381 1436 manifestatum
1411 1411 1533 1443 habeat,
1565 1411 1634 1438 unde
1656 1411 1722 1438 illud

930 1451 1117 1479 absconditum
1144 1455 1464 1488 animadvertatur;nisi
1479 1458 1552 1484 enim
1577 1458 1603 1485 id
1636 1463 1719 1490 esset,

930 1496 1017 1523 nihilo
1038 1506 1152 1532 prorsus
1173 1501 1262 1528 simile
1282 1506 1366 1528 esset.
1396 1502 1474 1534 Quod
1508 1502 1581 1528 cuitu
1608 1503 1720 1530 omnino

929 1549 984 1569 non
1001 1543 1047 1571 dat
1065 1545 1233 1574 exsisteutite
1250 1547 1455 1581 apparitionettt.
1470 1547 1537 1574 illud
1550 1548 1660 1575 tninitue
1673 1557 1720 1576 ιιι-

927 1588 1025 1616 sistere
1037 1591 1204 1618 crederetur.
1217 1591 1281 1618 Sine
1299 1592 1382 1619 dubio
1395 1593 1477 1628 igitur
1493 1594 1538 1621 Dei
1557 1594 1719 1622 abscondito

927 1636 1098 1664 coexsistunt
1114 1637 1236 1672 quadam
1254 1639 1342 1674 signa.
1359 1640 1459 1674 quibus
1481 1644 1611 1675 tanquam
1639 1641 1720 1668 vesti-

927 1681 980 1716 giis
997 1689 1076 1709 utens
1092 1683 1205 1710 inha>ret
1222 1690 1249 1711 et
1279 1685 1377 1712 divina:
1401 1685 1578 1714 obscuritatis
1607 1694 1718 1714 sensum

927 1727 1039 1762 accipit,
1058 1736 1106 1763 per
1122 1729 1147 1756 id
1161 1731 1232 1765 quod
1251 1736 1341 1765 potest
1357 1733 1552 1766 comprehendi
1566 1734 1718 1760 ascendens

926 1773 961 1800 ad
979 1773 1046 1813 illud
1061 1774 1132 1808 qttod
1147 1775 1208 1809 capi
1234 1777 1338 1810 nequit.
1351 1777 1410 1809 Quo
1422 1781 1566 1812 postquam
1581 1778 1716 1812 pervenit,

926 1820 1050 1853 apprime
1071 1822 1147 1847 novit
1161 1829 1221 1849 esse
1242 1822 1344 1856 aliquid
1364 1824 1434 1857 quod
1462 1832 1538 1851 suam
1566 1825 1716 1852 naturalem

926 1866 1197 1899 comprehensionem
1208 1867 1294 1901 fugiat
1309 1876 1391 1902 supra
1404 1870 1554 1903 quatulzhet
1565 1870 1714 1898 naturalem

926 1915 953 1937 et
969 1911 1130 1945 angelicam,
1144 1913 1413 1946 cumpt'eltcusionem
1438 1915 1532 1947 silum,
1549 1920 1642 1949 utpote
1670 1924 1716 1943 su-

926 1958 1118 1992 peruaturale;
1132 1963 1156 1984 et
1173 1959 1244 1993 qttod
1258 1964 1299 1986 est
1314 1960 1403 1987 outnis
1415 1965 1519 1986 natura:
1536 1968 1567 1987 ac
1589 1961 1714 1989 substan-

927 2004 970 2030 tiae
989 2007 1016 2029 et
1043 2008 1177 2031 creaturae
1194 2012 1277 2031 causa
1306 2011 1332 2032 et
1354 2005 1515 2040 principium
1540 2011 1566 2033 et
1584 2006 1657 2040 finis,
1681 2015 1713 2034 ac

925 2050 1202 2084 supersubstantiale,
1232 2051 1359 2078 habitans
1383 2052 1490 2078 infinito
1521 2053 1601 2079 modo
1630 2061 1714 2087 supra

923 2099 1014 2125 omnia
1028 2105 1142 2132 quaeque
1154 2098 1292 2126 exsistunt
1309 2099 1477 2134 ;ingenitum
1493 2107 1525 2126 ac
1539 2098 1598 2126 sine
1613 2100 1714 2134 princi--

922 2144 978 2180 pio,
996 2149 1023 2171 et
1049 2143 1195 2177 inﬁnitum,
1224 2148 1251 2172 et
1273 2149 1371 2171 natura
1400 2152 1432 2172 ac
1457 2144 1515 2172 loco
1542 2149 1570 2172 et
1593 2149 1713 2177 tempore

921 2189 1079 2223 simpliciter
1093 2189 1360 2224 incircumscriptum
1378 2199 1385 2222 ς
1400 2194 1426 2218 et
1443 2191 1507 2218 illud
1528 2195 1570 2219 est
1597 2191 1712 2218 abscon-

86 2219 162 2246 ἐστιν
177 2220 193 2256 ἡ
210 2220 268 2248 Θεία
282 2223 434 2260 κατάληψις
452 2226 576 2260 φυσικῶς
592 2228 622 2260 ἐξ
639 2229 721 2256 αὐτοῦ
737 2231 879 2266 προϊοῦσα,

929 2236 1011 2264 tiitunt
1031 2243 1115 2264 unum
1134 2243 1214 2270 supra
1230 2242 1358 2264 mentem.
1375 2236 1407 2264 Et
1423 2241 1465 2265 est
1481 2237 1572 2265 divina
1586 2245 1712 2273 compre-

84 2265 235 2302 παμπόλλη
252 2276 294 2299 τις
309 2268 388 2300 οὖσα,
405 2270 453 2296 καὶ
469 2271 543 2307 ἡμᾶς
560 2271 638 2304 αὖθις
651 2274 695 2300 ἐπ’
712 2275 799 2311 αὐτῆς
826 2265 880 2303 an;

84 2312 334 2346 ανατείνουσα,καὶ
342 2313 397 2342 οἷον
413 2317 604 2345 ἁνακυκλοῦσα
618 2322 728 2356 νοεραῖς
742 2330 879 2358 χειραγω-

84 2359 176 2390 γίαις,
197 2359 245 2386 καὶ
272 2361 472 2397 ἐπιστροφαῖς,
498 2364 547 2391 καὶ
573 2366 749 2400 ἁνατάσεσιν,
772 2369 833 2395 ἐπεὶ
849 2370 880 2397 τὸ

83 2403 198 2437 ἀρχικὸν
222 2404 383 2440 ἀπόκρυφον
403 2407 543 2443 ὑπερφυὲς
559 2409 589 2436 ἐν
602 2417 609 2424 ·
634 2412 763 2439 τοσοῦτον
781 2413 880 2441 ἐνοῦσα

81 2448 160 2482 ἡμᾶς
175 2448 274 2484 τούτῳ,
287 2450 349 2476 ὅσον
365 2452 461 2487 νοῆσαι
476 2453 517 2480 ὅτι
534 2454 603 2488 ἐστι,
619 2456 667 2482 καὶ
680 2456 720 2484 ὃτι
739 2457 769 2484 ἐν
783 2459 857 2485 ἐστιν
869 2467 877 2474 ·

83 2494 126 2519 ἔτι
142 2502 175 2528 γε
193 2495 247 2529 μὴν
263 2495 311 2522 καὶ
323 2496 364 2522 ὃτι
379 2497 474 2534 τρόπῳ
487 2499 570 2526 παντὶ
590 2500 748 2537 ἀδιανόητον
762 2503 832 2536 ἐστι,
847 2503 877 2531 τὸ

80 2539 108 2565 τί
123 2540 197 2567 ἐστιν
212 2539 282 2568 εῐναι
299 2542 398 2570 ειδέναι
422 2544 500 2572 τοῦτο
513 2546 543 2572 τὺ
558 2546 717 2583 ἀπόκρυφον
735 2548 775 2576 ἓν.
792 2550 828 2577 Τὸ
849 2550 877 2577 δὲ

81 2585 214 2620 ὑπεράνω
228 2587 274 2614 νοῦ
290 2589 442 2624 εὑρημένον
459 2591 507 2618 καὶ
520 2592 654 2626 ἐκφεῦγον
668 2594 798 2628 διάνοιαν,
819 2596 877 2628 πῶς

79 2632 116 2658 ἂν
134 2633 214 2666 λόγος
239 2634 398 2668 διεξοδεύειν
427 2637 587 2674 δεδύνηται;
605 2639 620 2665 ὃ
644 2640 673 2666 δὲ
693 2641 772 2674 λόγος
790 2641 876 2674 διεξο-

77 2678 172 2704 ὁεύειν
193 2679 224 2705 οὐ
248 2680 390 2716 δεδύνηται
406 2684 512 2718 νοητὸν,
530 2684 703 2719 άφθέγκτως,
727 2688 774 2714 καὶ
789 2689 876 2724 etet,-

78 2732 147 2756 τως,
175 2726 223 2751 καὶ
243 2727 271 2752 ὲν
295 2730 384 2764 σιωπῇ
405 2729 419 2762 ό
446 2729 509 2762 νοῦς
528 2731 599 2768 ὑπὲρ
615 2732 720 2760 ἔννοιαν
750 2734 874 2766 ὲνοειδῶς

77 2768 189 2804 ἀφορᾷν
212 2770 249 2802 ὡς
276 2772 445 2808 ἀπόκρυφον,
468 2775 514 2801 καὶ
535 2777 642 2811 χαίρειν
665 2777 702 2809 ὡς
717 2779 808 2814 αἰτίῳ,
826 2780 874 2805 καὶ

79 2815 240 2850 προμηθεῖ·
273 2818 319 2844 καὶ
337 2820 538 2856 ἐκπλήττεσθαι
567 2822 605 2854 ὡς
630 2823 798 2860 ὺπερφώτῳ,
826 2825 873 2851 καὶ

79 2861 260 2900 ὑπεραγάοῳ,
272 2865 419 2902 ὐπερσόφω
429 2877 458 2895 τε
473 2870 519 2896 καὶ
534 2870 725 2907 ὑπερδυνάμῳ,
741 2873 786 2899 καὶ
799 2873 873 2905 θείας

923 2283 1021 2313 hensio
1033 2282 1195 2310 naturaliter
1210 2290 1244 2311 ex
1255 2283 1313 2318 ipso
1323 2283 1482 2318 procedens,
1496 2284 1580 2311 tnulta
1589 2284 1710 2318 quidem,

923 2335 951 2357 et
967 2336 1018 2356 nos
1031 2336 1141 2356 rursum
1156 2336 1238 2361 super
1253 2330 1370 2364 seipsam
1385 2330 1708 2363 cxtendens,etcircum-

923 2383 1006 2411 agens
1019 2376 1154 2410 spirituali
1167 2376 1249 2402 ductu
1266 2379 1292 2402 et
1305 2383 1483 2403 conversione
1495 2381 1521 2403 et
1536 2377 1710 2408 extensione,

922 2429 984 2450 cum
1001 2421 1066 2449 illud
1081 2421 1184 2448 initiale
1193 2429 1321 2449 arcanum
1329 2423 1535 2457 superuaturale
1549 2430 1633 2449 ttnutn
1652 2423 1707 2456 sit;

923 2473 1028 2496 tantum
1047 2475 1096 2495 nos
1115 2475 1177 2494 cum
1194 2468 1253 2501 ipso
1274 2468 1418 2501 unificaus,
1441 2473 1572 2503 quantum
1597 2476 1710 2496 necesse

922 2519 963 2541 est
982 2519 1011 2540 ut
1023 2513 1141 2540 sciamus
1155 2513 1220 2540 illud
1233 2520 1294 2541 esse
1310 2519 1337 2541 et
1352 2521 1414 2541 esse
1435 2521 1540 2547 unum;
1563 2517 1590 2540 et
1619 2510 1714 2559 adhuc;

922 2560 988 2588 illud
1002 2567 1063 2587 esse
1077 2559 1189 2586 omnino
1208 2560 1393 2594 ineogitabile,
1411 2564 1435 2587 et
1452 2560 1620 2594 impossibile
1646 2567 1722 2599 esse}

922 2613 950 2633 ttt
967 2606 1148 2642 perpiciamus
1159 2605 1224 2640 quid
1246 2606 1281 2632 sit
1296 2606 1360 2633 illud
1394 2606 1583 2633 absconditum
1611 2614 1706 2634 unum.

921 2653 998 2686 Quod
1015 2660 1096 2687 supra
1114 2656 1233 2679 tuentum
1243 2652 1326 2679 situ'n
1341 2656 1381 2679 est
1391 2658 1414 2678 et
1424 2652 1492 2686 fugit
1505 2653 1707 2687 cogitationem,

920 2699 1055 2735 quomodo
1071 2698 1134 2724 illud
1148 2698 1215 2724 ratio
1233 2698 1319 2733 possit
1333 2703 1477 2732 penetrare
1494 2698 1506 2725 ἲ
1520 2698 1597 2730 Quod
1615 2701 1705 2726 autem

920 2744 991 2772 ratio
1008 2751 1060 2770 non
1078 2746 1166 2777 potest
1194 2743 1341 2778 cogitatum
1365 2747 1517 2777 penetrare.
1538 2751 1616 2770 mens
1644 2743 1707 2770 abs-

921 2798 974 2824 que
987 2796 1052 2816 voee
1071 2793 1097 2814 et
1117 2787 1200 2814 verbo
1215 2793 1242 2815 et
1253 2789 1279 2814 in
1297 2788 1405 2815 silentio
1417 2795 1499 2822 supra
1512 2788 1705 2823 cogitationem

921 2835 1079 2869 simpliciter
1096 2834 1217 2869 Aspicere
1237 2838 1323 2868 p'ttest
1345 2838 1374 2860 ttt
1403 2833 1592 2871 absconditum
1620 2838 1647 2861 ct
1672 2841 1706 2862 eo

922 2881 1007 2909 [tutari
1026 2885 1154 2916 tanquam
1172 2879 1305 2915 principio
1320 2883 1346 2907 et
1362 2878 1539 2914 providentia,
1556 2883 1582 2906 ct
1595 2884 1705 2914 stupere
