1932 3088
107 71 168 134 ¹901

691 103 743 135 DE
758 103 845 134 VITA
868 101 1195 135 CONTETtiPIATlVA.

1685 109 1738 141 902

119 162 200 193 τύπος
227 161 241 187 ὁ
259 160 309 196 τῆς
333 161 447 192 κτίσεως
467 160 522 186 τῶν
547 159 632 186 ὄντων
649 159 839 193 σαϐϐατισμὸς
855 158 903 185 τοῦ

961 167 1032 188 unus
1043 161 1141 196 populo
1155 161 1211 192 Dei.
1223 161 1326 196 majore
1339 169 1370 189 ac
1383 161 1492 189 diverso
1504 162 1666 190 sabltatismo
1680 173 1738 190 ma-

117 208 197 233 Θεοῦ”
211 206 304 241 ἐτέρου
320 206 358 236 δὲ,
373 203 403 232 οὗ
419 205 534 239 ἀψευδὲς
552 204 739 239 παράδειγμα,
763 205 776 231 ὸ
789 204 903 230 ἀπολει-

116 253 234 287 πόμενος
258 252 445 286 σαϐϐατισμὸς
470 251 508 286 τῷ
531 250 587 285 λαῷ
602 250 650 277 τοῦ
671 250 751 283 Θεοῦ,
770 250 903 284 μείζονος,

116 299 163 325 καὶ
183 299 354 333 ἀλλοιοτέρου
383 297 573 332 σαϐὃατισμοῦ
599 296 748 332 προφανῶς
761 295 904 328 ἀπολαύει,

116 347 154 376 εἰς
171 344 265 370 ἐαυτδν
279 344 409 378 στραφεὶς
427 343 480 370 ἀπὸ
492 343 538 370 τοῦ
552 342 631 375 Θεοῦ,
649 343 696 368 καὶ
710 341 806 368 ἑαυτὸν
824 341 905 375 γνοὺς

116 391 153 421 ὡς
173 390 267 417 εἰκόνα
287 390 355 424 μετὰ
374 390 569 424 πρωτότυπον*
597 389 645 415 καὶ
661 389 692 414 τὸ
708 388 778 420 ὅλον,
796 387 829 414 τὰ
857 395 904 422 με·

115 437 182 469 ταξῦ
210 436 279 462 6³)εοῦ
309 436 355 462 καὶ
383 435 536 470 ἀνθρώπων
557 435 648 467 ὁποῖα,
676 434 755 461 ὁπότε
771 433 826 469 [ίσ.
857 433 905 459 καὶ

117 481 194 516 ποτε]
210 482 238 508 οὐ
255 481 335 516 μόνον
350 481 390 512 εὶς
404 481 438 506 τὰ
462 480 532 514 ὑπὲρ
553 480 615 506 νοῦν
646 480 693 506 καὶ
720 478 840 505 διάνοιαν
864 477 906 504 δι-

117 527 218 558 οδεύει,
234 527 335 562 τρόπον
363 526 540 560 κατάλληλον,
552 526 580 552 ὲν
607 525 748 560 θαυμασία
766 522 906 558 ἐκπλήξει,

117 574 186 600 ἀλλὰ
200 575 247 599 καὶ
264 573 364 607 χαρᾶς,
392 573 441 606 οὺχ
470 572 508 603 ὡς
525 571 557 598 ἄν
587 579 625 602 τις
659 571 746 597 εἰπεῖν
776 569 836 604 ἔχῃ,
861 570 907 595 καὶ

118 618 309 653 πνευματικῆς
340 617 493 653 πληροῦται
522 616 720 650 ἀγαλλιάσεως,
738 615 906 650 γαννὺμενος

952 205 1050 233 nifcste
1066 213 1142 233 mens
1160 206 1270 237 fruitur.
1285 207 1311 233 itt
1329 207 1446 240 scipsam
1462 215 1477 233 a
1497 207 1549 234 Deo
1562 214 1694 235 conversa
1711 214 1736 236 et

951 251 1069 285 seipsam
1087 259 1205 279 noscens
1222 256 1264 278 cst
1279 252 1425 286 imaginem
1452 257 1512 286 post
1537 257 1710 288 pt‘ototypum
1731 275 1737 284 .

952 301 979 324 et
993 297 1105 323 omnino
1120 298 1209 324 sciens
1226 305 1348 331 quaenam
1366 298 1422 325 sint
1447 298 1518 325 inter
1544 299 1627 326 Deum
1645 304 1672 326 et
1689 300 1737 325 Ιιυ-

952 342 1056 375 miucs;
1074 350 1127 369 nou
1144 343 1224 371 modo
1241 343 1274 370 ad
1291 352 1321 371 ea
1340 352 1399 379 qua:
1414 352 1496 378 supra
1514 350 1630 371 tuentem
1647 353 1677 372 ac
1691 354 1739 372 eo-

952 388 1109 422 gilationem
1136 393 1210 421 sunt.
1241 397 1360 425 congrua
1393 391 1498 417 rali0oe
1524 395 1649 424 penetrat
1668 393 1738 416 mito

952 442 1013 461 cutn
1030 439 1152 469 stupore.
1168 437 1214 462 sed
1234 441 1262 463 et
1274 437 1374 469 lattitia,
1393 442 1422 463 ut
1438 437 1474 463 ita
1487 437 1587 468 dicam,
1609 441 1635 463 et
1649 437 1738 470 spiri—

953 480 1018 507 tuali
1033 481 1214 508 exsultatione
1232 483 1359 515 repletur,
1373 482 1454 509 tacite
1466 487 1494 508 ct
1508 488 1570 508 vere
1586 481 1618 507 iis
1630 480 1736 512 lamus.

953 534 1012 560 quae
1029 527 1062 553 ad
1082 528 1168 559 ipsam
1183 535 1266 562 supra
1284 528 1369 561 ipsam
1387 528 1542 562 diriguntur
1559 527 1737 554 illuutinatio-

953 571 1035 600 nibus
1061 576 1088 599 et
1105 573 1205 599 divinis
1229 572 1444 607 operationibus.
1465 578 1491 600 et
1514 581 1574 599 cutn
1597 580 1627 599 ea
1646 580 1739 606 supcr-

954 618 1088 646 naturalis
1109 619 1219 646 deitatis
1234 619 1336 645 unitate
1352 618 1378 645 itt
1395 618 1503 645 Christo
1515 617 1581 645 Jtzsu
1593 620 1680 645 ttnita.

117 666 286 700 γιγνομέναις
309 665 338 691 ἐν
354 666 445 700 σιωπῇ
463 665 524 695 ταῖς
537 665 582 691 ἔπ’
597 665 679 691 αὑτὸν
694 666 764 700 ὑπὲρ
783 666 881 693 ἑαυτὸν
905 667 1064 699 θεοπτικαϊς
1088 667 1251 703 ὲλλάμψεσι,
1277 667 1325 693 καὶ
1342 666 1509 702 θεουργίαις,
1532 665 1580 692 καὶ
1595 665 1741 698 ἑνούμενος

118 711 206 748 ταύτῃ
221 712 254 746 τῇ
268 711 318 745 τῆς
330 711 405 740 θείας
420 711 465 737 καὶ
476 710 632 746 ὑπερφυοῦς
647 711 773 746 θεότητος
789 712 874 744 ἐνάδι,
887 714 916 739 ὲν
930 713 1043 748 Χριστῷ
1062 713 1161 748 Ἰησοῦ.

156 778 188 800 0'.
212 773 348 808 Ὀπηνίκα
368 774 477 801 πάντων
504 774 672 806 ὑποθετικῶς
686 775 741 801 τῶν
756 775 907 808 γεγονό.ων

117 822 234 847 ποιεῖται
251 819 408 854 ἀφαίρεσιν,
421 820 460 850 ὡς
476 820 513 854 μὴ
529 819 614 846 ὅντων
632 820 686 846 τῶν
701 820 796 852 ὄντων,
820 821 850 846 τὸ
865 820 905 846 δν-

116 876 170 898 τως
185 866 214 893 ὃν
233 866 362 902 τηνικάδε
376 867 505 902 ἁρῤήτως
528 866 705 900 φαντάζεται,
721 867 790 901 ὑπὲρ
810 867 907 900 νοερὰν

117 913 261 948 ἐνέργειάν
289 921 318 938 τε
335 912 384 939 καὶ
400 912 508 944 ἕνωσιν,
533 912 594 944 νοῦς
621 912 732 948 θεωρῶν
747 913 776 938 ὲν
793 912 908 948 ἀληθείᾳ

115 960 164 986 καὶ
189 958 326 993 πνεύματι
349 957 383 984 δι’
409 958 547 993 ὑπεροχῆς
578 958 693 994 ἀπείρου
716 959 769 986 τῶν
793 959 855 994 περὶ
873 960 907 985 τὶ

115 1005 181 1031 ὂντα
199 1004 279 1030 θείων
295 1003 469 1040 ἀμωσγέπως
488 1003 686 1039 θεωρουμένων
698 1012 705 1019 ·
723 1005 769 1031 καὶ
781 1005 906 1039 γίγνεται

117 1051 251 1085 ἑνοειδὴς,
265 1051 281 1081 ἢ
297 1049 336 1081 ἒν,
353 1051 387 1076 ἶν’
401 1050 473 1077 οὕτω
503 1050 556 1085 φῶ,
579 1051 691 1085 ἀφάτως
715 1052 820 1086 ἀφασίᾳ
841 1051 908 1077 κάτ-

116 1105 189 1131 οχος,
199 1096 305 1131 πλήρης
313 1096 435 1131 ἀγάπης,
446 1096 550 1131 πλήρης
560 1098 655 1132 χαρᾶς,
665 1097 694 1123 οὐ
700 1097 906 1132 μενοῦνάπλῶς,

116 1143 186 1169 ἀλλὰ
202 1142 257 1168 τῶν
270 1142 325 1169 ἀπὸ
346 1143 395 1177 τῆς
420 1142 563 1177 ἐνεργείας
590 1143 638 1169 τοῦ
667 1143 823 1178 Πνεύματος
835 1163 842 1173 ,
858 1143 907 1178 τῆς

116 1187 268 1223 ἐφαμίλλου
282 1188 337 1214 τῶν
347 1188 471 1222 ἀγγέλων
486 1188 604 1224 τρυφῆς.

153 1236 205 1260 οα¹.
218 1233 324 1268 Ὥσπερ
339 1233 466 1268 οὐδαμῶς
480 1233 597 1265 οὐδόλως
613 1234 644 1260 τὺ
660 1234 799 1269 παράπαν,
809 1234 906 1269 Κύριε,

117 1276 143 1304 εἱ
153 1279 203 1312 τὴν
218 1277 312 1304 οὐσίαν
327 1277 429 1312 ληπτὸς
441 1277 529 1304 οὐδενί
545 1286 598 1304 τινι
624 1277 704 1314 ὁποίᾳ
716 1278 748 1312 δὴ
765 1277 845 1312 φύσει
860 1278 907 1304 λο-

108 1321 184 1359 *γικῇ
199 1332 228 1350 τε
246 1323 293 1350 καὶ
306 1323 398 1358 vespa.
414 1323 432 1358 ἢ
448 1323 577 1355 καθάπαξ
597 1323 697 1358 γνώσει
716 1325 824 1358 κτιστῇ,
845 1324 906 1350 οὐδὲ

116 1374 181 1407 γοῦν
193 1372 358 1407 Χερουϐικῇ,
373 1372 429 1398 ἀλλ’
441 1372 654 1407 ὑπερεξίσταται
668 1371 816 1406 ἀπειράκις
825 1371 906 1398 ἀπεί-

117 1428 172 1454 ρως
203 1418 313 1452 ἁπάσης
341 1418 479 1452 γνώσεως,
489 1417 571 1450 οὑτω,
583 1418 718 1447 Δέσποτα,
733 1418 780 1444 καὶ
794 1417 827 1443 τὰ
841 1416 907 1451 περὶ

118 1466 149 1492 σὲ
178 1464 353 1491 παντάπασιν
367 1464 469 1499 ἄπειρα
485 1464 531 1490 καὶ
543 1463 670 1498 ἀόριστα.
697 1462 801 1488 Αὐτίκα
815 1462 904 1488 τοίνυν

115 1512 191 1541 ὄντα,
208 1511 255 1537 καὶ
271 1511 385 1544 λέγοντα
401 1510 516 1536 σεαυτὸν
535 1509 734 1544 ἀνυπερϐλήτῳ
756 1508 905 1543 κηδεμονίᾳ

115 1559 162 1584 τὸν
176 1557 326 1592 νομοθέτην
341 1557 390 1592 τῆς
403 1556 524 1588 Παλαιᾶς
536 1556 673 1591 Διαθήκης
687 1556 791 1582 Μωσέα
805 1554 907 1588 κηρύτ-

115 1613 173 1630 τειν
189 1603 335 1635 ἐπέταξας.
359 1602 441 1629 Ἀλλὰ
466 1604 512 1629 καὶ
539 1602 611 1628 οὕτω
628 1602 660 1628 σὺ
677 1600 768 1632 πάλινς
786 1599 904 1634 ἀψευδέ-

117 1657 210 1680 στατε,
228 1648 275 1674 καὶ
290 1648 358 1682 μόνη
375 1647 449 1681 ἄκρα
466 1647 591 1682 ἀλήθεια,
606 1647 721 1682 εἴρηκας
741 1646 805 1681 περί
824 1653 905 1672 τινων

115 1695 171 1720 τῶν
191 1694 257 1725 σῶν,
277 1694 318 1720 ὃτι
333 1693 426 1727 ὀφθεὶς
437 1694 540 1725 αὐτοῖς,
559 1694 633 1728 ὅμως
649 1693 680 1719 τὸ
691 1692 776 1726 ὖνομά
790 1700 837 1718 σου
855 1692 906 1717 οὐκ

117 1739 390 1774 ἁπεκάλυψας.Ἔστι
404 1739 459 1774 γὰρ
474 1739 544 1774 ὑπὲρ
558 1740 612 1766 πᾶν
624 1737 797 1773 ἁσυγκρίτως
808 1737 904 1772 ὄνομα,

117 1777 184 1817 τῶν,
210 1785 241 1811 οὐ
259 1785 339 1820 μόνον
361 1785 412 1811 ὅσα
426 1786 474 1811 ἐπὶ
496 1785 546 1818 τῆς
562 1785 626 1820 γῆς,
643 1784 712 1810 ἀλλὰ
728 1783 840 1809 καὶτῶν
854 1783 906 1809 ὅσα

117 1830 147 1856 ὲν
165 1830 300 1866 οὐρανοῖς.
329 1829 430 1856 Οὐσίαν
445 1830 499 1865 γάρ
522 1838 552 1856 σε
566 1830 732 1863 παριστᾶσιν
746 1829 770 1854 οί
789 1827 836 1854 τοῦ
856 1827 904 1853 σοῦ

117 1873 207 1911 φωτὸς
227 1873 362 1909 ἔμπλεοι,
388 1873 456 1901 ἀλλὰ
481 1873 532 1900 τοῦ
558 1873 770 1908 ἔνυποκειμένου
800 1872 906 1907 χωρις’

119 1921 229 1953 πάντως
246 1920 279 1947 εν*
294 1920 381 1954 οὕτως
392 1921 544 1958 ἑπομένως,
555 1922 718 1958 ὓπερούσιος
734 1916 907 1959 ἀποφανϐῇς,

119 1968 168 1994 καὶ
184 1967 278 2002 νόησιν
296 1967 333 2003 μὴ
347 1967 460 2003 ἔχουσαν
480 1968 608 2001 καθάπαξ
624 1978 650 1996 τι
663 1969 852 2005 ὑποκείμενονι
865 1970 909 1997 ἵνα

121 2013 292 2048 περιφανῶς,
313 2013 361 2041 καὶ
371 2014 442 2049 ὑπὲρ
457 2015 559 2049 νόησιν,
577 2016 625 2043 καὶ
644 2016 752 2043 πάντων
771 2016 826 2043 τῶν
839 2025 910 2050 γνωι

122 2059 221 2094 σθῆναι
238 2059 354 2094 δύναμιν
368 2059 484 2095 ἐχόντων
509 2061 656 2096 ἀπειράκις
683 2061 834 2095 ἄγνωστος,
863 2063 921 2099 και

123 2105 275 2140 ὑπέρτερος
290 2106 460 2141 γνωρισθῇς·
489 2107 585 2141 χρόνου
601 2108 712 2140 τελείως
726 2109 825 2143 ὁρᾶσαι
837 2108 910 2135 ἀνώ-

123 2159 214 2186 τερος,
228 2151 357 2187 ἄναρχος,
374 2153 499 2187 αὑτοξωὴ
516 2152 564 2184 ὢν,
583 2153 630 2179 καὶ
651 2154 821 2189 ἀπέραντος·
836 2164 913 2181 τοπι-

995 773 1038 799 70.
1057 772 1170 805 Quando
1187 773 1358 808 ltypothetice
1374 780 1546 807 quaecunque
1563 776 1628 800 sunt
1643 772 1743 799 sustol-

960 819 1001 851 lit.
1017 823 1145 853 tanquam
1162 827 1215 846 non
1233 819 1427 847 exsistetttiltus
1442 827 1501 853 qum
1515 820 1665 851 exsistunt.
1679 826 1743 846 tunc

957 865 1131 892 ineﬂ‘abilitcr
1149 866 1213 892 illud
1229 865 1302 899 quod
1318 870 1360 892 est
1376 865 1551 899 imaginatur,
1567 872 1649 899 supra
1663 865 1742 892 intel-

957 912 1085 947 ligibiletu
1106 911 1252 938 t'ﬂicaciam
1270 915 1296 938 et
1316 911 1447 938 unionem
1473 919 1551 938 utens
1578 911 1605 938 in
1629 911 1744 938 veritate

957 966 989 986 ac
1009 959 1107 993 spirittt
1122 958 1323 992 contemplans.
1340 965 1387 992 per
1402 957 1535 984 infinitam
1553 957 1741 989 eminentiam,

957 1005 1047 1031 divina
1060 1011 1090 1032 ea
1104 1012 1165 1038 quat
1180 1005 1252 1031 circa
1267 1009 1408 1031 creaturas
1423 1003 1508 1030 videri
1525 1009 1656 1037 possunt;
1673 1007 1700 1029 et
1716 1004 1744 1028 lit

957 1051 1112 1081 unilortnis,
1129 1055 1176 1076 aut
1203 1057 1296 1079 unum.
1310 1048 1339 1076 tit
1354 1049 1389 1076 ila
1402 1048 1501 1079 dicam,
1518 1048 1663 1083 possidens
1676 1047 1745 1075 inef-

957 1096 1076 1123 fabiliter
1092 1102 1123 1122 ac
1140 1095 1231 1126 tacite.
1254 1094 1331 1128 plena
1352 1094 1461 1128 gaudio,
1480 1102 1533 1121 tton
1549 1094 1657 1128 quidem
1675 1094 1744 1121 sim-

957 1141 1073 1176 pliciter,
1095 1141 1141 1168 sed
1163 1148 1196 1167 ex
1221 1139 1340 1174 Spiritus
1363 1139 1449 1166 sancti
1480 1139 1611 1172 emcacia,
1637 1139 1743 1168 deliciis

957 1188 1051 1215 fruens
1065 1193 1124 1221 quae
1136 1187 1295 1221 angelorum
1312 1185 1417 1213 deliciis
1433 1186 1537 1213 similes
1551 1191 1627 1213 sunt.

993 1234 1038 1261 7i.
1054 1232 1291 1266 Quemadmodum
1311 1233 1386 1260 nullo
1400 1232 1493 1262 modo.
1511 1231 1634 1265 Domine,
1649 1239 1744 1259 essen-

958 1280 996 1308 tia
1019 1285 1065 1307 tua
1092 1279 1348 1314 comprehensibilis
1373 1283 1416 1306 est
1439 1278 1551 1305 cttilibct
1577 1278 1702 1305 rationali
1718 1283 1746 1304 (ιι.

957 1325 1094 1361 spirituali
1109 1329 1215 1352 natura!
1229 1329 1277 1352 aut
1291 1324 1455 1359 simpliciter
1469 1329 1560 1351 creato
1576 1323 1743 1354 intellectui.

958 1382 992 1402 ne
1013 1373 1164 1400 cheruhitto
1183 1372 1304 1407 quidem,
1318 1372 1365 1399 scd
1381 1379 1496 1406 superas
1513 1371 1618 1398 inlittt‘te
1634 1378 1742 1397 omne-tt

959 1419 1141 1451 intellectum,
1159 1419 1208 1451 ita,
1223 1418 1336 1444 Domine
1349 1424 1466 1449 suntme,
1482 1425 1513 1443 ea
1528 1424 1588 1451 qum.
1602 1416 1704 1443 circum
1719 1423 1745 1443 te

960 1472 1035 1497 sunt.
1047 1465 1163 1493 omnino
1178 1464 1282 1490 'tnlinita
1298 1468 1363 1491 sunt
1373 1467 1400 1489 et
1413 1462 1598 1490 interminata.
1617 1462 1682 1489 Ettm
1695 1463 1742 1497 qui

922 1520 943 1548 ο
959 1518 1002 1540 est
1014 1517 1041 1539 et
1057 1512 1173 1546 teipsutn
1190 1510 1229 1537 sic
1247 1510 1444 1541 ttootiuantetn,
1462 1509 1639 1542 insuperabili
1664 1516 1744 1538 cura.

961 1558 1061 1585 veteris
1070 1556 1234 1583 Testamenli
1247 1555 1426 1589 legislaturem
1437 1554 1554 1589 Moysent
1575 1555 1745 1588 proclamare

959 1603 1079 1638 jussistl.
1097 1603 1193 1629 Setl'et
1213 1602 1253 1629 sic
1271 1607 1299 1628 ttt
1315 1609 1436 1631 rursum.
1454 1607 1471 1626 ο
1487 1600 1627 1627 verissima
1644 1605 1670 1626 et
1688 1601 1747 1628 sola

959 1657 1066 1678 summa
1086 1649 1197 1681 veritas,
1216 1648 1308 1675 dixisti
1325 1649 1359 1674 tle
1376 1647 1513 1680 aliquibus
1534 1647 1598 1678 tuis,
1616 1647 1687 1680 quod
1710 1649 1744 1672 ab

961 1695 1032 1730 ipsis
1052 1695 1138 1726 visus.
1160 1702 1213 1722 nou
1231 1699 1320 1721 tamen
1335 1701 1435 1720 nomen
1453 1698 1528 1719 tutttn
1553 1693 1587 1719 iis
1610 1692 1747 1719 revela~ti.

960 1743 1008 1770 Est
1022 1742 1096 1769 enim
1116 1748 1199 1774 supra
1212 1748 1293 1768 omne
1307 1740 1447 1774 quodlibet
1462 1747 1572 1768 nomen.
1593 1747 1644 1765 non
1667 1741 1747 1765 modo

960 1795 1055 1815 eorum
1072 1795 1132 1821 qua:
1145 1790 1208 1813 stitit
1229 1793 1311 1819 super
1327 1789 1439 1816 terram.
1461 1784 1508 1812 scd
1533 1790 1559 1812 et
1577 1792 1670 1811 eorum
1685 1792 1746 1818 qttze

962 1833 988 1859 in
999 1833 1078 1859 caelis
1089 1837 1163 1859 sunt.
1176 1830 1214 1857 Te
1227 1831 1298 1857 eoitn
1309 1831 1455 1857 essentiam
1468 1837 1529 1857 esse
1540 1829 1717 1856 demonstran
1725 1835 1746 1862 ι,

962 1879 1008 1913 qui
1026 1883 1074 1905 tuo
1091 1878 1192 1904 lumine
1208 1876 1279 1911 pleni
1294 1881 1368 1908 sttnt.
1387 1876 1434 1903 sed
1449 1876 1552 1911 absque
1569 1877 1622 1903 ullo
1643 1885 1745 1911 suppo-

962 1926 1034 1957 sito;
1051 1929 1080 1952 ut
1103 1924 1144 1951 sic
1159 1928 1360 1957 consequenter
1372 1923 1588 1956 superuaturalis
1601 1931 1744 1957 apparens.

963 1977 989 1999 ct
1005 1969 1183 2005 intelligentia
1199 1969 1370 2003 suppositum
1385 1976 1439 1995 ttott
1453 1969 1575 2001 habens;
1593 1971 1628 1995 ita
1645 1975 1675 1995 ut
1689 1977 1747 1996 ma-

965 2017 1072 2047 nifeste.
1093 2021 1120 2042 ct
1137 2023 1220 2050 supra
1234 2015 1426 2050 cogitationem
1449 2019 1476 2042 et
1493 2014 1584 2042 omnia
1597 2023 1657 2049 quae
1671 2017 1746 2043 nosci

965 2068 1090 2098 possunt.
1115 2062 1220 2088 lulioite
1249 2061 1358 2096 ignotus
1381 2065 1411 2088 et
1431 2068 1578 2095 supremus
1602 2062 1747 2091 nosraris:

967 2115 1089 2143 tempore
1102 2109 1176 2141 pr'or
1191 2113 1317 2141 appares,
1339 2111 1470 2137 aeternus,
1487 2106 1623 2140 ipsissitna
1639 2107 1704 2139 vita,
1721 2113 1749 2135 t-t

969 2155 1109 2187 infinitus;
1126 2153 1238 2181 localem
1251 2153 1363 2179 omnino
1377 2151 1473 2186 ell‘ttgis
1485 2153 1687 2187 cogitationem,
1701 2155 1746 2188 qtti

124 2197 176 2232 ιιὴν
197 2198 349 2233 ὁλοσχερῶς
376 2199 562 2233 ὑπικφεύγεις
591 2199 706 2232 ἔννοιαν,
732 2201 746 2226 ὁ
772 2202 908 2237 πανταχοῦ

966 2202 1065 2236 ubique
1081 2201 1162 2227 simul
1179 2199 1243 2226 ades
1256 2202 1282 2226 et
1299 2206 1380 2233 supra
1401 2199 1552 2232 quodlibet,
1567 2204 1596 2225 ttt
1623 2201 1748 2227 omnium

123 2242 230 2276 ἀθρόως
246 2243 353 2279 παρὼν,
378 2245 427 2271 καὶ
443 2243 514 2280 ὑπὲρ
533 2245 563 2271 τὸ
584 2246 650 2276 πᾶν,
676 2245 714 2276 ὡς
736 2240 784 2272 τοῦ
813 2247 913 2279 παντὸς

124 2288 223 2324 ἀθρόον
241 2290 356 2325 ποιητὴς
380 2291 428 2318 καὶ
446 2291 536 2326 μόνος.
560 2292 690 2326 Καίτοιγε
715 2292 833 2319 καὶτῶν
858 2301 916 2319 νοε-

127 2335 182 2370 ρῶν
197 2336 306 2370 φύσεων
322 2337 450 2372 περιοχὴ,
481 2338 529 2364 καὶ
543 2338 626 2369 τόπος
639 2338 677 2364 ὢν
692 2338 847 2370 ἀδιάϐατος,
868 2339 914 2366 νοῦ

125 2382 207 2416 τάχος
223 2382 406 2417 ὑπερὸαίνων,
422 2384 470 2410 καὶ
483 2384 593 2417 φθάνων
618 2384 701 2411 αὐτοῦ
714 2385 763 2418 τὴν
783 2385 914 2417 ἐπίνοιαν,

125 2427 174 2455 ἅτε
204 2429 274 2463 ὑπὲρ
298 2429 329 2455 τὸ
360 2431 424 2462 πᾶν,
451 2431 498 2456 καὶ
520 2430 581 2465 χεὶρ
605 2431 843 2466 παντοκρατορικὴ
869 2431 915 2457 τοῦ

127 2473 229 2505 παντὸς
246 2474 442 2509 εὑρισκόμενος
458 2475 558 2510 τρόπον
572 2476 755 2511 ἁδιεξίτητον·
786 2477 832 2503 κα)¹
864 2478 917 2512 μὴν

127 2520 191 2546 οὐδὲ
205 2520 324 2554 φύσεως,
345 2521 433 2548 καὶτὸ
446 2521 538 2557 τυχὸν,
565 2522 639 2557 ὅροις
668 2523 828 2549 ὑπόκειται·
843 2523 918 2557 ἀόρι-

129 2573 192 2597 στος
212 2566 245 2592 σὺ
258 2566 383 2601 καὶγὰρ,
405 2566 436 2593 οὺ
455 2567 535 2601 μόνον
547 2567 596 2602 τὴν
609 2568 701 2601 φύσιν,
717 2568 754 2600 ὡς
770 2569 917 2603 ὑπερφυῶς

128 2611 335 2647 ἀκατάληπτος,
350 2613 418 2640 ἀλλὰ
437 2614 483 2640 καὶ
509 2616 568 2645 τοῖς
585 2615 650 2650 περὶ
679 2615 709 2641 σὲ
731 2617 864 2649 φυσικοῖς,
881 2616 919 2647 ὡς

130 2658 213 2691 σοφία
239 2659 408 2693 ὑπέρσοφος,
437 2658 484 2686 καὶ
507 2660 622 2694 δύναμις
646 2660 848 2695 ὑπερδύναμος,
872 2662 919 2687 καὶ

965 2248 1040 2274 solus
1055 2251 1170 2274 creator.
1187 2245 1239 2272 Sed
1255 2250 1343 2272 tamett
1357 2252 1418 2271 eum
1439 2244 1476 2272 sis
1493 2244 1676 2279 spiritualium
1697 2255 1748 2273 na-

967 2298 1091 2319 turarutn
1115 2292 1234 2318 ambitus
1258 2295 1286 2317 et
1302 2290 1377 2317 locus
1400 2290 1616 2324 impenetrabilis
1632 2297 1750 2319 utentem

969 2339 1061 2366 statim
1077 2336 1299 2373 supcrgredicns.
1316 2340 1343 2363 et
1376 2336 1457 2372 hujus
1474 2338 1667 2372 cogitationem
1683 2345 1752 2371 prte-

966 2386 1088 2416 venietts,
1103 2384 1202 2418 quippe
1217 2385 1263 2418 qui
1279 2384 1316 2411 sis
1330 2391 1412 2417 super
1427 2385 1517 2410 omnia
1531 2388 1555 2409 et
1575 2384 1750 2417 omnipotens

965 2437 1063 2458 manus
1076 2429 1197 2456 omnium
1214 2429 1323 2455 modum
1340 2428 1572 2461 impcnctrabilctn
1590 2429 1730 2455 inveniens
1744 2438 1751 2457 :

965 2485 1021 2504 non
1044 2477 1116 2503 enim
1138 2479 1242 2502 natura:
1268 2475 1393 2501 terminis
1411 2483 1530 2508 unquam
1558 2475 1692 2508 subjacet.
1711 2475 1752 2503 Tu

964 2523 1036 2550 enitn
1066 2521 1192 2549 inﬁnitus
1207 2529 1248 2554 es.
1264 2529 1318 2548 non
1340 2521 1420 2548 modo
1446 2525 1543 2547 natura
1560 2526 1687 2555 tanquam
1705 2530 1752 2548 su-

965 2567 1175 2604 pernalttraliter
1190 2565 1483 2600 incomprehensibilis,
1497 2566 1543 2593 sed
1567 2570 1594 2594 cl
1617 2567 1752 2594 naturali—

965 2615 1029 2646 bus.
1045 2621 1105 2648 quae
1117 2613 1220 2640 circum
1234 2616 1260 2638 lc
1273 2616 1348 2645 sunt,
1361 2616 1389 2638 ut
1401 2612 1532 2646 sapientia
1548 2613 1752 2647 supersapieos,

968 2665 995 2687 et
1014 2659 1134 2694 potentia
1153 2662 1306 2692 praepotens
1320 2661 1347 2684 cl.
1370 2657 1479 2684 dilectio
1492 2665 1523 2684 ac
1544 2658 1649 2685 bonitas
1665 2665 1748 2692 supra

130 2704 238 2738 ἀγάπη.
257 2706 304 2732 καὶ
329 2705 468 2741 ἁγαθότης
484 2706 553 2742 ὑπὲρ
573 2708 662 2733 πᾶσαν
676 2707 794 2733 διάνοιαν
811 2707 908 2741 ἀγάπηη

967 2713 1075 2732 omnem
1091 2703 1245 2731 dilectionis
1258 2711 1291 2730 ac
1310 2702 1441 2730 bonitatis
1457 2703 1661 2737 cogitationem.
1675 2703 1747 2737 Quid

132 2751 180 2778 καὶ
194 2752 372 2787 ἀγαθότητος.
389 2753 422 2779 Τί
435 2753 467 2779 ἄν
477 2761 519 2784 τις
535 2753 609 2779 εἴποι
631 2761 679 2784 se;
694 2753 751 2784 Φῶς
764 2752 920 2787 λεγόμενον,

133 2797 184 2824 οὑκ
203 2798 370 2832 ἀπρόσιτον;
387 2798 461 2824 Ὠστ“
481 2798 525 2833 ἄρ’
539 2797 610 2832 ὑπὲρ
623 2797 690 2831 φῶς.
704 2798 754 2831 Τί;
768 2798 875 2832 κριτὴν,
890 2797 921 2823 οὐ

967 2756 992 2778 te
1004 2758 1064 2778 esse
1081 2750 1182 2784 aliquis
1198 2749 1288 2777 dicat?
1302 2748 1379 2782 Quod
1401 2749 1492 2776 lutnen
1507 2749 1616 2783 dicitur,
1633 2757 1689 2777 non
1707 2752 1751 2778 est

964 2795 1173 2829 inacccssibile;
1187 2796 1222 2822 ita
1236 2800 1266 2822 ut
1282 2796 1320 2822 sis
1341 2802 1422 2830 supra
1439 2795 1544 2823 ltttnen.
1568 2795 1620 2829 Qui
1647 2796 1751 2823 dieitur

135 2843 225 2870 πάντα
246 2843 415 2875 γινώσκοντα
437 2843 485 2870 καὶ
515 2843 567 2877 πρὸ
588 2843 738 2877 γενέσεως;
764 2842 818 2870 Ποῦ
835 2841 908 2870 ταῦτ(

962 2843 1043 2879 judex
1053 2861 1061 2876 ,
1081 2849 1135 2870 non
1149 2842 1223 2870 novit
1238 2841 1340 2876 omnia,
1353 2842 1434 2870 etiam
1447 2847 1511 2871 ante
1525 2842 1726 2877 generationem
1739 2850 1749 2872 :
