1932 3088
107 158 160 189 91ῗ
671 160 721 191 DE
734 162 823 193 VlTA
834 163 1165 195 CONTEMPLATIVA-
1679 170 1732 200 918

107 225 189 251 quam
199 216 228 243 in
235 206 352 253 pignore
360 217 519 247 futurorum
530 224 751 255 aeternorumque
762 221 895 249 bonorum

949 230 1043 257 γηται,
1057 223 1086 249 ἐν
1104 223 1289 258 ταπεινότητι,
1307 223 1354 251 καὶ
1370 224 1511 260 ἁπλότητι,
1522 225 1570 252 καὶ
1584 227 1675 252 πίστει
1689 227 1734 254 διὰ

107 264 125 289 ιλ
134 263 265 291 uitionem
286 269 388 299 gustat.

950 268 1000 304 τῆς
1024 271 1178 305 μαρτυρίας
1198 271 1248 306 τῆς
1272 270 1395 306 Γραφῆς,
1416 272 1462 299 καὶ
1487 272 1538 307 τῆς
1565 273 1680 304 κτίσεως
1705 275 1734 300 ὲν

107 312 249 348 πνεύματι
265 313 378 349 θεωρῶν
398 315 449 350 τὴν
472 315 615 351 ἀλήθειαν,
637 316 685 344 καὶ
710 316 792 344 πάλιν
808 315 1033 350 ὲπανακάμπτων
1055 317 1098 350 είς
1124 319 1158 346 τὰ
1180 318 1242 346 ὅθεν
1268 320 1422 356 κεκίνηται.
1448 322 1504 349 Καὶ
1522 322 1593 350 οὕτω
1615 323 1730 358 θεούμε-

107 367 152 390 νος
168 360 306 396 ὁσημέραι
327 361 372 388 διὰ
394 361 444 396 τῆς
462 363 584 398 χάριτος,
609 364 658 391 καὶ
680 364 716 392 τὰ
738 364 810 400 ὑπὲρ
832 364 896 391 νοῦν
909 364 1127 400 ὲλλαμπόμενος,
1152 366 1199 393 καὶ
1220 367 1294 403 ζωὴν
1315 368 1370 400 ζῶν
1394 369 1485 405 πάσης
1508 371 1599 405 χαρᾶς
1622 371 1736 406 εμπλεω

107 409 137 437 ἐν
169 410 280 445 Χριστῷ
308 410 349 446 τῷ
376 410 473 447 Κυρίῳ
492 412 584 447 ἡμῶν,
611 412 650 444 ὡς
682 413 888 449 ἑνηὰρῤασῶνι
902 413 1027 448 ξγεύεται
1060 414 1111 449 τῆς
1139 415 1318 448 ἀπολαύσεως
1342 416 1397 445 τῶν
1422 417 1578 453 μελλόντων
1613 420 1733 446 αίωνίων

108 455 231 483 ἀγαθῶν.

147 464 231 483 αυων.

127 464 416 532 T8I.'Contemplativa
432 499 484 526 vita
498 499 540 527 his
556 500 644 528 tribus
674 507 800 531 constare
822 504 902 536 solet,

106 540 213 568 sincera
241 547 269 570 et
297 543 562 580 irrepreliensibilis;
593 547 656 580 ﬁde,
681 548 753 583 dico,
784 549 903 584 Spiritus

106 587 194 614 sancti
209 588 283 616 clara
298 590 506 626 participatione
525 597 552 619 et
566 593 710 628 sapientiae
733 595 901 630 cognitione.

105 632 307 668 Contemplatio
321 644 393 662 enim
410 642 461 670 est,
477 642 506 664 ut
531 639 609 673 quasi
639 646 688 674 per
714 640 900 668 deﬁnitionem

107 677 215 712 loquar,
231 681 417 715 eogitabilium
443 683 470 710 in
501 684 678 714 sensibilibus
702 687 832 721 cognitio.
848 687 902 714 Ali-

111 725 223 758 quando
239 734 301 753 vero
317 731 342 754 et
359 730 433 761 puris
448 730 639 764 cogitabilibus
655 739 671 758 a
688 739 770 760 sensu
791 741 901 768 separa-

107 770 141 797 tis
157 772 183 797 in
199 772 232 799 iis
244 773 289 807 qui
309 774 474 808 proﬁciunt:
493 778 565 803 unde
582 784 651 811 opus
669 783 711 805 est
728 779 790 806 title.
820 789 830 805 σ
842 779 900 808 Nisi

104 817 285 850 ercdideritis,
306 819 406 854 inquit,
421 829 474 848 non
504 822 679 858 intelligetis;
693 833 702 850 ι
719 833 788 860 opus
812 829 854 853 est
873 831 901 854 et

104 863 252 898 spirituJin‘
262 870 394 898 quantum
409 875 418 892 ι
426 867 544 901 Spiritus
554 870 646 897 omnia
657 874 806 904 scrutatur,
817 872 899 899 etiam

104 909 239 943 profunda
253 910 313 938 Dei.
327 920 336 937 ι
359 911 434 939 Unde
451 913 562 942 divinus
575 914 627 943 Job
640 916 728 943 dixit:
745 926 754 942 ι
770 916 899 952 Omnipo-

105 955 189 982 tentis
213 956 355 991 inspiratio
370 964 485 994 estquae
507 968 550 988 me
570 961 691 989 docuit.»
723 962 825 991 Deinde
853 965 897 992 illa

104 1001 198 1029 divina
214 1003 347 1037 eﬂicaeia,
363 1005 390 1032 in
405 1005 487 1032 corde
503 1007 653 1040 in-uﬂlans,
666 1014 704 1042 et,
720 1010 794 1037 utita
809 1010 897 1038 dicam

105 1047 201 1075 vivens
218 1053 244 1076 et
259 1055 460 1086 consequenter
480 1055 728 1088 supernaturaliter
741 1055 897 1089 viviﬁcans,

101 1092 135 1119 ad
150 1093 268 1128 seipsam
287 1102 404 1123 mentem
414 1097 551 1125 adducens
565 1107 625 1126 eun
639 1099 814 1128 ineﬂ'abiliter
834 1109 897 1136 per-

106 1139 193 1172 cellit,
219 1144 246 1167 et
265 1148 325 1168 eam
343 1150 488 1171 removens
514 1144 549 1171 ab
565 1146 641 1172 ontni
662 1147 783 1174 vanitate
814 1147 897 1183 eique

103 1192 197 1218 pacem
215 1192 243 1215 et
267 1189 397 1222 gaudium
425 1195 453 1217 et
477 1192 693 1220 consolationem
717 1198 746 1221 et
774 1195 897 1222 divinam

101 1231 261 1260 rharitatem
279 1241 460 1270 prmstans;ut
472 1237 551 1265 facile
562 1239 653 1267 divina
673 1239 764 1268 videre
778 1241 898 1275 poenitet

100 1280 206 1307 circum
216 1282 260 1308 illa
271 1284 336 1310 verti
345 1293 370 1310 οι
383 1284 464 1312 Deum
475 1294 544 1313 novo
559 1287 639 1314 modo
651 1288 796 1323 imaginari
809 1296 898 1324 eoque

101 1334 302 1362 consequenter
317 1331 400 1358 Iretari
415 1339 478 1359 cum
502 1333 604 1366 majore
619 1334 753 1362 charitate
766 1339 793 1363 et
810 1335 896 1363 simili

101 1374 297 1402 exsultatione.
311 1376 388 1411 Opus
405 1382 447 1405 est
462 1383 491 1405 et
509 1379 655 1413 Sapientia,
681 1386 709 1407 ut
723 1381 778 1408 dixi
793 1391 801 1414 ;
831 1383 896 1417 quia

104 1421 265 1455 asapientia,
275 1422 364 1458 inquit
374 1423 528 1458 Scriptura,
538 1427 675 1453 illuminat
690 1428 794 1455 vultum
809 1429 897 1456 liutni-

102 1466 156 1493 nisi.
170 1475 178 1491 ι
190 1466 328 1495 llluminat
337 1477 398 1496 eum
412 1476 439 1496 ut
453 1480 465 1496 ιι
487 1472 617 1499 sensibus
647 1472 682 1499 ad
701 1473 896 1507 cogitationem

102 1513 196 1547 rapide
208 1515 330 1548 feratur;
343 1519 391 1543 cta
401 1517 579 1545 sens-bililuus
588 1518 621 1545 ad
635 1519 792 1553 cugilabilia
813 1524 840 1548 et
852 1521 895 1548 di-

102 1560 166 1585 vina
185 1561 340 1594 spectacula
359 1563 472 1597 redeat;
493 1564 554 1590 etin
567 1565 704 1599 spirituali
728 1567 897 1596 revelatione

989 509 1045 532 πω.
1066 505 1096 532 '0
1118 505 1285 541 θεωρητικὸς
1310 506 1367 540 βίος
1386 506 1430 532 διὶι
1444 507 1529 542 τριῶν
1542 508 1657 534 τουτωνὶ
1674 516 1737 534 συν-

955 552 1078 579 ίστασθαι
1104 552 1226 586 πέφυκεν
1251 552 1380 587 ἀκέραιός
1409 561 1438 578 τε
1462 553 1508 580 καὶ¹
1533 553 1736 588 ἀνεπίληπτος·

952 597 1022 630 λέγω
1035 596 1067 630 δὴ
1082 596 1210 629 πίστεως,
1224 597 1341 631 μετοχῆς
1351 597 1483 632 ἐναργοῦς
1494 597 1540 624 τοῦ
1556 598 1634 632 ἁγίου
1651 598 1736 625 Πνεῦ-

952 651 1046 678 ματος,
1063 642 1110 668 καὶ
1127 642 1222 677 σοφίας
1247 643 1385 678 είδήσεως.
1403 643 1511 678 Θεωρία
1523 643 1578 678 γάρ
1596 645 1682 676 ἐστιν,
1699 645 1737 676 ὡς

950 691 979 715 ἐν
994 689 1050 724 ὅρῳ
1065 689 1158 722 φάναι,
1175 689 1274 723 γνῶσις
1289 690 1393 723 νοητῶν
1407 690 1436 716 ὲν
1452 690 1506 724 ἄρα
1516 690 1573 721 τοῖς
1585 690 1735 725 αἰσθητοῖς,

948 736 1033 762 ἐνίοτε
1050 735 1078 762 δὲ
1097 736 1144 762 καὶ
1153 735 1239 770 ψιλῶν
1246 735 1348 770 νοητῶν
1358 736 1568 771 κεχωρισμένων
1583 737 1737 771 αίσοήσεως

947 782 994 807 ἐπὶ
1024 781 1078 807 τῶν
1098 781 1191 808 ἰόντων
1216 781 1257 813 εἰς
1279 782 1439 816 προκοπὰς·
1465 781 1624 810 τούντεῦθεν
1646 784 1687 810 δεῖ
1702 785 1735 818 δὴ

948 827 1082 858 πίστεωςο
1104 836 1112 853 ι
1139 826 1205 854 Ἐὰν
1216 826 1271 863 γὰρ
1288 827 1325 862 μὴ
1350 827 1525 863 πιστεύσητε,
1555 829 1649 864 φησὶν,
1679 829 1734 856 οὐδ’

946 872 977 899 οὺ
995 872 1032 907 μὴ
1047 872 1164 907 συνῆτε·
1181 881 1190 898 ι
1206 872 1245 904 ὡς
1258 873 1287 899 δὲ
1301 872 1392 908 δήκαὶ
1407 874 1577 909 Πνεῦματος,
1594 875 1691 909 ἐφόσον
1704 875 1735 902 τὺ

947 919 1060 953 Πνεῦμα
1073 919 1162 946 πάντα
1177 919 1288 954 ἐρευνᾷ,
1304 919 1352 946 καὶ
1365 919 1399 946 τὰ
1414 919 1482 955 βάθη
1499 919 1546 947 τοῦ
1560 920 1639 948 Θεοῦ.
1651 921 1734 948 Ὅθεν

946 965 959 990 ὁ
970 964 1041 995 θεῖος
1053 964 1104 999 ἔφη
1128 963 1188 991 ’ίώσ
1196 973 1203 980 -
1219 973 1228 990 t
1244 964 1316 1000 Πνοὴ
1330 965 1553 1001 Παντοκράτορος
1566 967 1582 1001 ἡ
1593 966 1734 994 διδάσκου-

946 1010 981 1036 σά
998 1018 1041 1044 με.
1059 1019 1067 1035 ι
1089 1010 1206 1036 Ἔπειτα
1222 1010 1411 1045 πεφυκότωςή
1426 1011 1498 1037 τοῦδ’
1514 1012 1542 1038 ὲν
1569 1012 1669 1048 καρδίᾳ
1684 1013 1731 1048 δή-

946 1055 1046 1082 πουθεν
1062 1055 1226 1087 ἁναξέουσα,
1240 1056 1272 1082 ἵν’
1284 1057 1355 1083 οὕτω
1368 1065 1421 1091 φω,
1434 1057 1520 1090 ζῶσα,
1533 1059 1580 1085 καὶ
1591 1059 1619 1091 ἑξ
1632 1059 1733 1095 ἑπομέ-

945 1111 990 1128 νου
1006 1101 1114 1134 ζωοῦσα
1128 1102 1321 1138 ὑπερκοσμίως
1334 1103 1395 1131 θεία
1410 1104 1535 1139 ἐνέργεια
1549 1105 1617 1140 πρδς
1629 1106 1732 1142 ἑαυτὴν

947 1157 978 1174 συ
982 1149 1119 1184 μπτήσσει
1130 1149 1258 1184 ἀρρήτως
1271 1149 1427 1183 συνάγουσα
1435 1149 1481 1176 τὸν
1492 1149 1565 1183 νοῦν,
1574 1151 1620 1177 καὶ
1629 1151 1731 1183 παντὸς

945 1193 1073 1229 ἀπείργει
1098 1194 1193 1221 τοῦτον
1222 1194 1427 1230 μετεωρισμοῦ,
1456 1194 1503 1222 καὶ
1528 1196 1643 1231 παρέχει
1661 1196 1731 1231 μετὰ

945 1238 1076 1273 γαλήνης,
1094 1238 1140 1264 καὶ
1156 1238 1257 1274 πολλῆς
1277 1238 1422 1274 θυμηδίας,
1447 1239 1495 1266 καὶ
1518 1240 1729 1276 παρακλήσεως,

946 1283 994 1310 καὶ
1008 1283 1121 1319 προσέτι
1134 1283 1210 1315 θείας
1223 1284 1334 1320 ἀγάπης
1347 1293 1353 1300 ·
1372 1285 1459 1321 ῥᾷστα
1475 1285 1509 1312 τὰ
1521 1285 1581 1312 θεῖα
1594 1286 1670 1323 όρᾷν,
1682 1287 1731 1316 καὶ

947 1331 1012 1364 περὶ
1025 1328 1096 1356 αὐτὰ
1110 1328 1284 1364 στρέφεσθαι..
1301 1330 1348 1356 καὶ
1360 1331 1427 1358 Θεὸν
1441 1331 1625 1364 φαντάζεσθαι
1639 1340 1730 1359 καινο-

942 1373 1066 1408 πρεπῶς,
1078 1375 1124 1401 καὶ
1137 1375 1167 1408 ἐξ
1178 1375 1328 1410 ἐφαμίλλου
1342 1377 1417 1413 αὐτῷ
1430 1379 1653 1415 δνευφραίνεσθαι
1665 1385 1735 1418 μετὰ

943 1419 1077 1454 μειζόνων
1092 1421 1240 1456 ἀφορήτων
1256 1422 1377 1457 ἐρώτων,
1402 1424 1448 1450 καὶ
1464 1426 1633 1462 καταλλήλου
1648 1430 1735 1463 ἀγαλ-

941 1464 1075 1498 λιάματος
1086 1475 1092 1480 ’
1115 1467 1201 1493 δεῖται
1214 1467 1243 1494 δὲ
1262 1467 1309 1494 καὶ
1330 1469 1440 1504 σοφίας,
1455 1471 1494 1503 ὡς
1511 1472 1590 1508 ἔφην.
1607 1475 1647 1502 ὄτι
1666 1485 1676 1502 1
1700 1477 1733 1504 'H

941 1511 1031 1545 σοφία,
1042 1513 1123 1546 φησὶν
1132 1513 1149 1548 ἠ
1160 1513 1265 1549 Γραφὴ,
1277 1516 1373 1548 φωτιεῖ
1379 1515 1524 1550 πρόσωπον
1538 1519 1683 1554 ἀνθρώπου
1695 1530 1702 1537 ·
1718 1532 1727 1548 ι

941 1559 1038 1590 φωτιεί
1054 1558 1123 1593 πρὸς
1144 1558 1174 1585 τὸ
1197 1559 1251 1586 ἀπὸ
1274 1560 1323 1595 τῆς
1339 1561 1492 1597 αἰσθήσεως
1513 1566 1730 1602 μεταᾶεὸηκέναι

101 1593 251 1633 iueﬂ‘aliilia
263 1607 372 1641 videat;
386 1609 524 1636 illuminat.
537 1610 614 1637 illum
628 1617 658 1639 ut
670 1611 818 1640 manifeste
829 1620 895 1641 con-

940 1604 979 1635 εἰς
994 1604 1088 1638 νόησιν
1113 1605 1249 1637 εὐπετῶς,
1278 1607 1325 1633 καὶ
1340 1608 1394 1634 ἀπὸ
1409 1609 1464 1636 τῶν
1483 1610 1620 1646 αἰσθητῶν
1643 1614 1683 1644 είς
1695 1613 1731 1640 τὰ

104 1652 252 1685 templetur
262 1659 290 1680 et
300 1654 474 1682 uniformiter
487 1657 784 1691 supersubstantialem
812 1660 899 1687 Deum

100 1698 274 1733 imaginatur.
285 1699 388 1728 Dicitur
395 1702 466 1728 enim
475 1702 574 1731 alicubi
586 1712 610 1731 τι
622 1703 722 1733 Beatus
732 1704 812 1732 homo
820 1713 899 1741 quem

100 1750 129 1770 ιιι
140 1745 286 1780 erudieris,
300 1746 422 1781 Domine,
431 1753 457 1775 et
467 1749 498 1776 de
523 1750 581 1785 lege
600 1754 658 1782 tua,
672 1750 801 1779 docueris
821 1759 897 1780 eum:

99 1791 164 1825 quia
174 1792 231 1826 ipse
239 1797 279 1820 est
293 1801 386 1820 revera
398 1795 518 1829 sapiens,
532 1803 578 1830 per
599 1796 750 1824 doctrinam
774 1799 807 1825 ad
819 1798 898 1826 ﬁdem

103 1838 254 1873 procedens
267 1845 295 1867 et
305 1840 424 1875 Spiritus
435 1842 589 1868 eruditione
601 1850 701 1870 arcana
715 1842 761 1871 Dei
772 1844 897 1878 discens;

103 1892 201 1921 magna
222 1893 285 1913 vere
302 1893 346 1914 res
356 1893 408 1920 εει,
428 1887 538 1921 sapiens
573 1896 620 1922 per
645 1889 726 1917 ﬁdem
754 1893 780 1917 in
794 1890 896 1918 unione

100 1934 130 1958 et
158 1930 371 1966 participatione
401 1934 605 1966 Sttpet'ttalurali
639 1936 728 1962 sancti
764 1936 895 1971 Spiritus.

101 1977 135 2003 Et
152 1984 215 2004 Vere
231 1977 283 2004 tria
299 1982 375 2010 sunt,
391 1983 420 2005 ut
452 1978 565 2010 dicitur.
584 1980 754 2009 invincibilia
768 1991 775 2009 :
808 1982 893 2017 Deus,

99 2022 224 2057 angelus,
251 2027 280 2050 et
296 2023 337 2051 vir
351 2025 474 2058 sapiens,
505 2026 570 2060 quia
584 2027 699 2063 angelus
724 2029 794 2056 alter
811 2035 852 2057 est
867 2031 893 2058 in

101 2074 175 2095 terra
194 2077 265 2097 novo
275 2070 374 2103 modo;
390 2073 591 2106 contemplator
604 2074 718 2101 omnino
731 2076 893 2108 creatimiis,

98 2120 127 2140 et
142 2116 269 2142 sincerus
288 2115 334 2143 Dei
352 2116 536 2144 increatarum
554 2117 659 2146 viarum
671 2120 779 2154 doctor,
797 2122 849 2154 vel,
870 2122 893 2150 si

101 2162 199 2189 rectius
213 2161 360 2189 dicendum
373 2154 426 2195 est,
439 2163 595 2191 divinarum
611 2164 759 2199 donorum,
770 2167 820 2195 sibi
833 2167 894 2196 sine

99 2207 185 2233 t.'i.)i0
202 2207 349 2241 providens
363 2208 514 2236 invisibilis
528 2208 616 2243 ipsius
633 2209 678 2236 Dei
696 2219 744 2245 per
762 2211 892 2247 [requere-

99 2260 108 2279 ι
128 2262 140 2280 s
157 2259 258 2286 motus,
275 2254 435 2289 angelorum
449 2262 524 2283 more
533 2257 730 2291 cognitionem.
748 2257 822 2285 Talis
837 2264 889 2293 est,
906 2272 931 2303 υ

98 2307 180 2335 quem
197 2300 409 2336 descripsimus,
429 2301 476 2337 qui
491 2309 539 2337 per
554 2303 634 2330 iidem
652 2303 680 2331 in
693 2310 788 2332 sancto
803 2305 891 2340 Spiri-

99 2352 196 2383 tu,est
215 2348 335 2383 sapiens,
351 2352 434 2383 atque
456 2349 493 2375 ita
523 2349 630 2379 beatus.
663 2351 698 2378 Et
713 2359 790 2384 ,νει-ο
824 2353 892 2380 mihi

98 2393 251 2427 s-ill‘tciunt,
283 2398 312 2421 ut
337 2395 413 2422 omni
444 2403 511 2423 cura
547 2396 650 2430 solvar,
678 2399 821 2433 sapientize
863 2403 893 2426 et

97 2442 193 2476 gratim
207 2441 262 2468 vim
276 2446 303 2468 et
313 2442 409 2470 laudes
419 2449 564 2476 enarratis,
581 2451 643 2478 qua:
656 2438 747 2473 Lucas
763 2446 789 2472 in
800 2446 892 2473 Evan-

96 2490 177 2522 gu-ltts
198 2488 282 2514 reicit
295 2488 329 2515 de
344 2487 409 2516 Jesu
424 2489 553 2516 Domino.
584 2490 622 2517 lta
640 2490 713 2518 enim
730 2491 756 2519 in
772 2492 891 2526 quodam

97 2534 245 2568 Scriplurtr
257 2534 448 2570 locoloquitur
461 2545 469 2565 :
483 2545 493 2562 ι
511 2536 539 2564 In
555 2537 657 2571 quibus
674 2538 831 2573 proﬁciebat
848 2547 891 2568 sa-

98 2580 200 2614 ιτιειιιια
212 2584 324 2609 etaztate
333 2585 361 2609 et
372 2584 486 2617 gratia.)
506 2583 536 2611 Et
549 2592 656 2612 rursum
670 2594 692 2612 ει
707 2585 892 2616 Crescebatet

96 2625 284 2653 i-ivalescebat
295 2627 410 2662 Spiritu,
428 2629 525 2663 plenus
545 2631 707 2663 sapientia.»
732 2631 808 2658 Nunc
827 2640 891 2660 vero

95 2671 200 2699 clarius
214 2672 248 2700 de
262 2674 410 2708 propositis
433 2675 630 2710 loquiiupicns
663 2685 694 2704 ex
719 2679 836 2705 I'Jiul‘ﬂl)
857 2680 891 2707 iis

96 2726 158 2751 qum
169 2718 234 2746 dicit
247 2718 376 2747 Salomon
390 2721 423 2748 ad
438 2720 534 2749 Deum.
551 2732 559 2747 ι
573 2724 639 2755 (με
662 2725 686 2750 in
716 2725 794 2752 cwlis
825 2731 892 2754 sunt

95 2765 158 2798 qius
171 2764 364 2800 investigavit?
378 2766 527 2794 Consilium
547 2773 637 2795 autem
655 2773 731 2796 tuum
756 2772 817 2804 quis
843 2780 891 2799 co-

95 2811 209 2846 gnovit;
223 2812 276 2840 nisi
291 2816 319 2839 tu
335 2813 444 2842 dederis
453 2814 628 2849 sapientiam,
641 2820 668 2842 et
684 2816 792 2844 miseris
804 2817 891 2853 Spiri-

95 2863 152 2884 tum
171 2863 297 2886 sauetum
313 2864 391 2887 tuum
414 2860 449 2889 de
481 2862 613 2896 excelsis,
638 2867 663 2890 et
680 2863 720 2890 sic
749 2864 890 2893 solventur

94 2910 190 2932 eorum
210 2905 257 2941 qui
270 2905 299 2934 in
314 2910 388 2935 terra
402 2911 466 2935 sunt
483 2907 588 2936 semita
602 2917 609 2942 ς
628 2915 655 2937 et
672 2916 732 2945 quae
765 2910 814 2938 tibi
830 2911 889 2947 pla-

939 1649 1032 1684 νοητὰ,
1044 1650 1090 1676 καὶ
1100 1650 1159 1678 οεῖα
1170 1651 1294 1686 θεάματα
1303 1652 1437 1686 ἀνελθεῖν,
1455 1656 1503 1682 καὶ
1516 1657 1545 1682 ὲν
1558 1657 1734 1693 ἀποκαλύψει

938 1695 1018 1729 νοερᾷ
1028 1694 1120 1729 ἄφατα
1131 1696 1249 1723 κατιδεῖν
1260 1706 1268 1713 ο
1284 1700 1382 1732 φωτιεί
1392 1701 1459 1736 πρὸς
1480 1701 1510 1728 τὸ
1527 1701 1666 1738 θεωρῆσαι
1679 1705 1730 1731 Em

937 1741 1070 1773 οπτικῶς,
1086 1742 1134 1768 καὶ
1142 1743 1264 1774 ἑνοειδῶς
1280 1746 1466 1781 φαντασθῆναι
1477 1747 1544 1774 Θεὸν
1556 1749 1726 1784 ὑπερούσιον.

939 1783 975 1812 Ἦ
994 1795 1044 1813 που
1064 1787 1095 1822 δὴ
1114 1789 1248 1824 μακάριος
1274 1790 1428 1826 ἄνθρωπος,
1456 1793 1485 1819 ὃν
1512 1794 1545 1821 ἂν
1567 1795 1727 1832 παιδεύσῃς,

938 1832 1034 1866 Κύριε,
1053 1834 1099 1859 καὶ
1110 1835 1142 1860 ἐκ
1153 1835 1200 1860 τοῦ
1210 1835 1294 1869 νόμον
1307 1845 1354 1862 σου
1370 1837 1479 1873 διδάξῃς
1492 1839 1639 1867 αὐτόν’-ὃτι
1649 1839 1728 1872 οὗτός

937 1877 1012 1904 ἐστιν
1029 1879 1043 1903 ὁ
1057 1879 1096 1913 τῷ
1116 1879 1172 1906 δντι
1186 1881 1278 1914 σοφὸς,
1301 1882 1345 1908 διὰ
1362 1884 1487 1912 παιδείας
1501 1885 1541 1917 εις
1558 1886 1650 1913 πίστιν
1668 1887 1725 1919 ίὼν,

936 1924 983 1951 καὶ
999 1926 1032 1959 τῇ
1046 1924 1094 1952 τοῦ
1110 1926 1266 1961 Πνεύματος
1278 1928 1372 1964 διδαχῇ
1383 1929 1581 1966 διδασκόμενος
1595 1932 1628 1959 τὰ
1640 1934 1727 1970 ἀπόρ-

937 1970 1007 2004 ῥητα
1030 1970 1077 1996 τοῦ
1103 1971 1190 1998 Θεοῦ·
1218 1973 1290 2008 μέγα
1317 1975 1413 2011 χρῆμα
1440 1976 1548 2012 ἀληθῶς
1574 1978 1655 2012 σοφὸς
1679 1979 1725 2007 διὰ

935 2015 1054 2048 πίστεως
1067 2017 1227 2051 περιπατῶν
1240 2020 1268 2046 ὲν
1277 2019 1373 2046 ὲνώσει
1386 2021 1432 2047 καὶ
1448 2022 1576 2058 κοινωνίᾳ
1590 2023 1724 2059 ὑπερφυεῖ

933 2061 982 2087 τοῦ
1005 2062 1173 2097 Πνεύματος.
1200 2065 1254 2091 Καὶ
1282 2065 1367 2097 ὅντως
1400 2067 1464 2102 τρία
1493 2068 1552 2095 ἐστὶ
1577 2070 1648 2096 κατὰ
1676 2071 1723 2098 τὸν

934 2108 1046 2134 είπόντα
1071 2109 1233 2144 ἀκράτητα·
1252 2111 1329 2144 Θεὸς,
1357 2113 1404 2139 καὶ
1430 2114 1557 2148 ἄγγελος,
1585 2116 1633 2143 καὶ
1652 2116 1723 2153 ἀνὴρ

934 2152 1079 2188 φιλόσοφος
1089 2163 1097 2170 -
1117 2155 1233 2189 ἄγγελος
1257 2156 1335 2189 ἄλλος
1351 2159 1397 2185 ἐπὶ
1414 2160 1463 2196 τῆς
1475 2160 1528 2195 γῆς
1545 2152 1720 2197 ξενότροποςγ·

934 2198 1057 2234 ιπόπτης
1075 2201 1183 2233 πάντως
1202 2202 1252 2237 τῆς
1266 2203 1369 2239 ὁρατῆς
1394 2205 1522 2239 κτίσεως.
1538 2207 1587 2234 καὶ
1611 2209 1723 2244 γνήσιος

935 2246 1041 2282 μύστης
1056 2248 1110 2276 τῶν
1126 2250 1206 2277 θείων
1216 2251 1284 2278 Θεοῦ
1300 2252 1437 2281 ἀκτίστων
1451 2255 1583 2290 προόδων,
1597 2256 1653 2283 εἴτε
1668 2256 1722 2292 μὴν

933 2294 1044 2330 δωρεῶν
1063 2297 1151 2323 ὲοέλει
1165 2305 1206 2328 τις
1221 2298 1322 2332 λέγειν,
1341 2300 1571 2337 ὲπιδραττόμενος
1589 2303 1720 2339 ἀμηγέπη

933 2342 980 2367 καὶ
995 2342 1079 2369 αὑτοῦ
1096 2343 1144 2370 τοῦ
1170 2344 1287 2371 ἀθεάτου
1307 2347 1401 2382 τρόπῳ
1425 2348 1518 2382 παντὶ,
1534 2350 1605 2376 κατὰ
1620 2349 1722 2384 ἀθρόαν

932 2387 1062 2423 επιϐολὴν
1077 2390 1308 2426 ἀγγελομιμήτως
1318 2393 1367 2428 τὴν
1375 2393 1525 2428 ἐπίγνωσιν
1538 2395 1616 2423 Θεοῦ.
1630 2396 1722 2423 Τοιοῦ-

934 2433 979 2465 τός
994 2435 1079 2466 ἐστιν,
1096 2435 1133 2467 ὡς
1148 2436 1177 2462 ὲν
1190 2437 1335 2474 ὑπογραφῇ
1357 2440 1452 2473 φάναι,
1470 2441 1484 2466 ό
1497 2440 1541 2468 διὰ
1557 2441 1677 2473 πίστεως
1692 2444 1720 2469 ἐν

932 2479 1003 2514 ἁγίῳ
1019 2480 1159 2516 Πνεῦματι
1171 2482 1263 2517 σοφὸς,
1280 2485 1328 2510 καὶ
1339 2485 1411 2512 οὕτω
1424 2486 1571 2521 μακάριος.
1590 2488 1720 2522 Καίτοιγε

931 2525 1012 2559 ἢρκει
1031 2525 1253 2560 ἀναμφιλέκτως.
1271 2528 1289 2555 ἃ
1306 2529 1413 2560 Λουκᾶς
1424 2531 1453 2556 ὲν
1464 2525 1642 2565 Ἐὺαγγελίοις
1655 2534 1720 2560 δίει-

932 2579 975 2597 σιν
993 2571 1098 2598 εἰπόντι
1114 2581 1170 2607 μοι,
1188 2575 1253 2609 περὶ
1275 2583 1306 2608 γε
1328 2575 1415 2609 Ἰησοῦ
1432 2577 1478 2602 τοῦ
1495 2578 1609 2612 Κυρίου,
1630 2580 1718 2614 ἀπηλ-

931 2616 1029 2652 λάχθαι
1045 2618 1227 2653 πραγμάτων,
1242 2619 1280 2651 ὡς
1297 2620 1424 2652 διεξιέναι
1438 2622 1533 2656 σοφίας
1547 2624 1593 2650 καὶ
1607 2624 1718 2659 χάριτος
1761 2650 1764 2655 ,

930 2661 1057 2698 δύναμιν,
1075 2664 1121 2691 καὶ
1137 2664 1273 2700 ἐγκώμια.
1300 2666 1379 2693 Οὕτω
1393 2667 1447 2702 γὰρ
1459 2665 1536 2701 οὗτος
1550 2669 1579 2695 ὲν
1591 2670 1664 2705 τόπῳ
1677 2671 1718 2697 τί-

931 2708 994 2743 θησι
1007 2709 1130 2745 γράφων,
1146 2720 1154 2736 t
1167 2711 1210 2736 'Ev
1224 2708 1264 2743 οἷς
1275 2710 1427 2747 προέκοπτε
1440 2713 1532 2749 σοφίᾳ,
1558 2715 1605 2742 καὶ
1613 2716 1716 2752 ἡλικίᾳ.

931 2756 979 2782 καὶ
1004 2756 1106 2792 χάριτι.
1129 2766 1138 2783 ι
1157 2757 1212 2784 Καὶ
1236 2757 1326 2788 πάλιν.
1344 2758 1385 2785 ὅτι
1403 2768 1412 2784 ι
1432 2759 1537 2793 Ηῦξανε
1561 2762 1608 2787 καὶ
1635 2763 1716 2797 ἐκρα-

930 2801 1038 2829 ταιοῦτο
1060 2803 1210 2838 πνεύματι,
1234 2802 1424 2839 πληρούμενον
1447 2805 1554 2840 σοφίας.
1579 2816 1587 2832 ι
1607 2807 1676 2834 Νυνὶ
1689 2808 1715 2835 δὲ

931 2849 1162 2885 περιφανέστερον
1178 2850 1240 2885 περὶ
1254 2850 1308 2876 τῶν
1320 2851 1508 2885 προκειμένων
1521 2853 1608 2879 είπεῖν
1621 2853 1712 2889 opm,

932 2893 1016 2929 μένῳ,
1031 2893 1179 2930 προτίθημι
1196 2894 1243 2922 καὶ
1264 2895 1278 2921 ὃ
1301 2903 1383 2930 φησιν
1400 2896 1413 2922 ὀ
1429 2895 1500 2932 ίερὺς
1513 2896 1638 2932 Σολομὼν
1650 2897 1716 2932 πρὸς
