  <div class='ocr_page' id='page_1' title='image "/cluster/home/n/w/nwhite01/storage/ocr_20150623/147/njp.32101010943429/498.png"; bbox 0 0 1924 3092; ppageno 0'>
   <div class='ocr_carea' id='block_1_1' title="bbox 117 110 168 142">
    <p class='ocr_par' dir='ltr' id='par_1_1' title="bbox 117 110 168 142">
     <span class='ocr_line' id='line_1_1' title="bbox 117 110 168 142; baseline 0 0"><span class='ocrx_word' id='word_1_1' title='bbox 117 110 168 142; x_wconf 72' lang='lat'><strong>9.3</strong></span> 
     </span>
    </p>
   </div>
   <div class='ocr_carea' id='block_1_2' title="bbox 678 110 1187 151">
    <p class='ocr_par' dir='ltr' id='par_1_2' title="bbox 678 110 1187 151">
     <span class='ocr_line' id='line_1_2' title="bbox 678 110 1187 151; baseline 0.02 -11"><span class='ocrx_word' id='word_1_2' title='bbox 678 110 727 140; x_wconf 84' lang='lat' dir='ltr'><strong>DE</strong></span> <span class='ocrx_word' id='word_1_3' title='bbox 748 111 835 142; x_wconf 73' lang='lat' dir='ltr'><strong>VlTA</strong></span> <span class='ocrx_word' id='word_1_4' title='bbox 854 112 1187 151; x_wconf 78' lang='lat' dir='ltr'><strong>CONTEMPLATIVA.</strong></span> 
     </span>
    </p>
   </div>
   <div class='ocr_carea' id='block_1_3' title="bbox 1687 127 1739 158">
    <p class='ocr_par' dir='ltr' id='par_1_3' title="bbox 1687 127 1739 158">
     <span class='ocr_line' id='line_1_3' title="bbox 1687 127 1739 158; baseline -0.019 0"><span class='ocrx_word' id='word_1_5' title='bbox 1687 127 1739 158; x_wconf 61' lang='lat' dir='ltr'><strong>9H</strong></span> 
     </span>
    </p>
   </div>
   <div class='ocr_carea' id='block_1_4' title="bbox 119 175 894 222">
    <p class='ocr_par' dir='ltr' id='par_1_4' title="bbox 119 181 894 219">
     <span class='ocr_line' id='line_1_4' title="bbox 119 181 894 219; baseline 0.001 -12"><span class='ocrx_word' id='word_1_6' title='bbox 119 189 205 216; x_wconf 75' lang='grc' dir='ltr'>μον-τα</span> <span class='ocrx_word' id='word_1_7' title='bbox 219 181 246 207; x_wconf 80' lang='grc' dir='ltr'>δὲ</span> <span class='ocrx_word' id='word_1_8' title='bbox 261 181 409 217; x_wconf 75' lang='grc' dir='ltr'><strong>σωφρόνως</strong></span> <span class='ocrx_word' id='word_1_9' title='bbox 421 182 451 208; x_wconf 74' lang='grc' dir='ltr'>τὸ</span> <span class='ocrx_word' id='word_1_10' title='bbox 468 183 606 217; x_wconf 80' lang='grc' dir='ltr'>προσῆκον</span> <span class='ocrx_word' id='word_1_11' title='bbox 622 183 740 219; x_wconf 77' lang='grc' dir='ltr'><strong>ἑκάστῳ,</strong></span> <span class='ocrx_word' id='word_1_12' title='bbox 756 182 894 218; x_wconf 80' lang='grc' dir='ltr'>τοτηνικάὶ</span> 
     </span>
    </p>
   </div>
   <div class='ocr_carea' id='block_1_5' title="bbox 944 175 1739 222">
    <p class='ocr_par' dir='ltr' id='par_1_5' title="bbox 952 175 1739 222">
     <span class='ocr_line' id='line_1_5' title="bbox 952 175 1739 222; baseline 0.018 -21"><span class='ocrx_word' id='word_1_13' title='bbox 952 175 1084 209; x_wconf 71' lang='lat' dir='ltr'><strong>gligenter</strong></span> <span class='ocrx_word' id='word_1_14' title='bbox 1095 178 1135 204; x_wconf 85' lang='lat' dir='ltr'><strong>cis</strong></span> <span class='ocrx_word' id='word_1_15' title='bbox 1148 179 1364 211; x_wconf 82' lang='lat' dir='ltr'><strong>sulmtillcnlcut,</strong></span> <span class='ocrx_word' id='word_1_16' title='bbox 1379 181 1424 207; x_wconf 82' lang='lat' dir='ltr'><strong>sed</strong></span> <span class='ocrx_word' id='word_1_17' title='bbox 1439 183 1575 215; x_wconf 68' lang='grc' dir='ltr'>ςιιιιία-ιιιοτ</span> <span class='ocrx_word' id='word_1_18' title='bbox 1589 187 1739 222; x_wconf 77' lang='lat' dir='ltr'><strong>unicuique</strong></span> 
     </span>
    </p>
   </div>
   <div class='ocr_carea' id='block_1_6' title="bbox 115 226 906 262">
    <p class='ocr_par' dir='ltr' id='par_1_6' title="bbox 115 226 906 262">
     <span class='ocr_line' id='line_1_6' title="bbox 115 226 906 262; baseline 0.005 -9"><span class='ocrx_word' id='word_1_19' title='bbox 115 226 199 258; x_wconf 81' lang='grc' dir='ltr'>εὐθὺς</span> <span class='ocrx_word' id='word_1_20' title='bbox 210 227 224 254; x_wconf 82' lang='grc' dir='ltr'><strong><em>ὁ</em></strong></span> <span class='ocrx_word' id='word_1_21' title='bbox 239 226 302 258; x_wconf 82' lang='grc' dir='ltr'><strong>νοῦς</strong></span> <span class='ocrx_word' id='word_1_22' title='bbox 322 228 420 254; x_wconf 82' lang='grc' dir='ltr'>ἑαυτοῦ</span> <span class='ocrx_word' id='word_1_23' title='bbox 433 228 538 262; x_wconf 79' lang='grc' dir='ltr'>γίνεται</span> <span class='ocrx_word' id='word_1_24' title='bbox 559 230 668 262; x_wconf 79' lang='grc' dir='ltr'>ἑνιαῖος,</span> <span class='ocrx_word' id='word_1_25' title='bbox 691 231 737 256; x_wconf 77' lang='grc' dir='ltr'>καὶ</span> <span class='ocrx_word' id='word_1_26' title='bbox 753 230 854 261; x_wconf 76' lang='grc' dir='ltr'>ἁπλοῦς</span> <span class='ocrx_word' id='word_1_27' title='bbox 867 232 906 262; x_wconf 84' lang='grc' dir='ltr'><strong>ὡς</strong></span> 
     </span>
    </p>
   </div>
   <div class='ocr_carea' id='block_1_7' title="bbox 116 272 905 311">
    <p class='ocr_par' dir='ltr' id='par_1_7' title="bbox 116 272 905 311">
     <span class='ocr_line' id='line_1_7' title="bbox 116 272 905 311; baseline 0.005 -13"><span class='ocrx_word' id='word_1_28' title='bbox 116 272 173 307; x_wconf 79' lang='grc' dir='ltr'>ἔχει</span> <span class='ocrx_word' id='word_1_29' title='bbox 197 272 307 306; x_wconf 80' lang='grc' dir='ltr'>φύσεως</span> <span class='ocrx_word' id='word_1_30' title='bbox 329 273 587 309; x_wconf 82' lang='grc' dir='ltr'>ἀποκαθιστάμενΟς</span> <span class='ocrx_word' id='word_1_31' title='bbox 609 275 657 302; x_wconf 74' lang='grc' dir='ltr'>καὶ</span> <span class='ocrx_word' id='word_1_32' title='bbox 682 275 736 302; x_wconf 89' lang='grc' dir='ltr'><strong>τῶν</strong></span> <span class='ocrx_word' id='word_1_33' title='bbox 762 275 905 311; x_wconf 84' lang='grc' dir='ltr'>διαιρετῶν</span> 
     </span>
    </p>
   </div>
   <div class='ocr_carea' id='block_1_8' title="bbox 115 318 906 357">
    <p class='ocr_par' dir='ltr' id='par_1_8' title="bbox 115 318 906 357">
     <span class='ocr_line' id='line_1_8' title="bbox 115 318 906 357; baseline 0.005 -13"><span class='ocrx_word' id='word_1_34' title='bbox 115 318 313 353; x_wconf 85' lang='grc' dir='ltr'>ἀφιστάμενος·</span> <span class='ocrx_word' id='word_1_35' title='bbox 331 319 379 346; x_wconf 74' lang='grc' dir='ltr'>καὶ</span> <span class='ocrx_word' id='word_1_36' title='bbox 394 319 472 352; x_wconf 79' lang='grc' dir='ltr'>αὖθις</span> <span class='ocrx_word' id='word_1_37' title='bbox 495 321 618 354; x_wconf 80' lang='grc' dir='ltr'><strong>φυσικῶς</strong></span> <span class='ocrx_word' id='word_1_38' title='bbox 633 321 746 357; x_wconf 76' lang='grc' dir='ltr'>ἄρχεται</span> <span class='ocrx_word' id='word_1_39' title='bbox 768 322 856 356; x_wconf 78' lang='grc' dir='ltr'>φιλεῖν</span> <span class='ocrx_word' id='word_1_40' title='bbox 877 322 906 348; x_wconf 78' lang='grc' dir='ltr'>τὸ</span> 
     </span>
    </p>
   </div>
   <div class='ocr_carea' id='block_1_9' title="bbox 115 364 904 404">
    <p class='ocr_par' dir='ltr' id='par_1_9' title="bbox 115 364 904 404">
     <span class='ocr_line' id='line_1_9' title="bbox 115 364 904 404; baseline 0.005 -14"><span class='ocrx_word' id='word_1_41' title='bbox 115 364 155 395; x_wconf 73' lang='grc' dir='ltr'>ἓν,</span> <span class='ocrx_word' id='word_1_42' title='bbox 173 365 220 392; x_wconf 78' lang='grc' dir='ltr'>καὶ</span> <span class='ocrx_word' id='word_1_43' title='bbox 236 365 349 398; x_wconf 81' lang='grc' dir='ltr'>ἁπλοῦν,</span> <span class='ocrx_word' id='word_1_44' title='bbox 361 367 408 393; x_wconf 76' lang='grc' dir='ltr'>καὶ</span> <span class='ocrx_word' id='word_1_45' title='bbox 422 367 452 393; x_wconf 81' lang='grc' dir='ltr'><strong>τὺ</strong></span> <span class='ocrx_word' id='word_1_46' title='bbox 468 367 576 398; x_wconf 81' lang='grc' dir='ltr'>ἑνιαίως</span> <span class='ocrx_word' id='word_1_47' title='bbox 596 369 643 394; x_wconf 77' lang='grc' dir='ltr'><strong>καὶ</strong></span> <span class='ocrx_word' id='word_1_48' title='bbox 657 367 750 400; x_wconf 84' lang='grc' dir='ltr'>ἁπλῶς</span> <span class='ocrx_word' id='word_1_49' title='bbox 767 369 904 404; x_wconf 60' lang='grc' dir='ltr'>ἐνεργεῖν</span> 
     </span>
    </p>
   </div>
   <div class='ocr_carea' id='block_1_10' title="bbox 114 409 904 449">
    <p class='ocr_par' dir='ltr' id='par_1_10' title="bbox 114 409 904 449">
     <span class='ocr_line' id='line_1_10' title="bbox 114 409 904 449; baseline 0.006 -14"><span class='ocrx_word' id='word_1_50' title='bbox 114 409 128 436; x_wconf 76' lang='grc' dir='ltr'><strong>ὃ</strong></span> <span class='ocrx_word' id='word_1_51' title='bbox 146 409 179 445; x_wconf 88' lang='grc' dir='ltr'>δὴ</span> <span class='ocrx_word' id='word_1_52' title='bbox 207 410 303 444; x_wconf 86' lang='grc' dir='ltr'>φιλῶν,</span> <span class='ocrx_word' id='word_1_53' title='bbox 321 411 408 446; x_wconf 79' lang='grc' dir='ltr'>ζητεῖ,</span> <span class='ocrx_word' id='word_1_54' title='bbox 422 414 475 439; x_wconf 58' lang='grc' dir='ltr'>ικαὶ</span> <span class='ocrx_word' id='word_1_55' title='bbox 498 413 587 449; x_wconf 79' lang='grc' dir='ltr'>ζητῶν</span> <span class='ocrx_word' id='word_1_56' title='bbox 616 413 666 449; x_wconf 83' lang='grc' dir='ltr'>τὴν</span> <span class='ocrx_word' id='word_1_57' title='bbox 688 414 787 448; x_wconf 85' lang='grc' dir='ltr'><strong>πτῆσιν</strong></span> <span class='ocrx_word' id='word_1_58' title='bbox 807 414 904 440; x_wconf 78' lang='grc' dir='ltr'>ἑαυτοῦ</span> 
     </span>
    </p>
   </div>
   <div class='ocr_carea' id='block_1_11' title="bbox 114 455 904 495">
    <p class='ocr_par' dir='ltr' id='par_1_11' title="bbox 114 455 904 495">
     <span class='ocr_line' id='line_1_11' title="bbox 114 455 904 495; baseline 0.006 -14"><span class='ocrx_word' id='word_1_59' title='bbox 114 455 186 490; x_wconf 79' lang='grc' dir='ltr'>ὑπὲρ</span> <span class='ocrx_word' id='word_1_60' title='bbox 201 456 292 482; x_wconf 75' lang='grc' dir='ltr'>πᾶσαν</span> <span class='ocrx_word' id='word_1_61' title='bbox 307 459 425 483; x_wconf 79' lang='grc' dir='ltr'>ποιεῖται</span> <span class='ocrx_word' id='word_1_62' title='bbox 438 458 572 489; x_wconf 73' lang='grc' dir='ltr'>σύνθεσιν,</span> <span class='ocrx_word' id='word_1_63' title='bbox 586 459 638 491; x_wconf 73' lang='grc' dir='ltr'>ἕως</span> <span class='ocrx_word' id='word_1_64' title='bbox 652 459 685 486; x_wconf 85' lang='grc' dir='ltr'><strong>ἂν</strong></span> <span class='ocrx_word' id='word_1_65' title='bbox 702 459 776 495; x_wconf 81' lang='grc' dir='ltr'>εὖροι</span> <span class='ocrx_word' id='word_1_66' title='bbox 792 460 822 485; x_wconf 81' lang='grc' dir='ltr'>τὸ</span> <span class='ocrx_word' id='word_1_67' title='bbox 837 460 904 494; x_wconf 82' lang='grc' dir='ltr'>ἀλη-</span> 
     </span>
    </p>
   </div>
   <div class='ocr_carea' id='block_1_12' title="bbox 114 498 901 540">
    <p class='ocr_par' dir='ltr' id='par_1_12' title="bbox 114 498 901 540">
     <span class='ocr_line' id='line_1_12' title="bbox 114 498 901 540; baseline 0.008 -15"><span class='ocrx_word' id='word_1_68' title='bbox 114 498 168 531; x_wconf 88' lang='grc' dir='ltr'><strong>θῶς</strong></span> <span class='ocrx_word' id='word_1_69' title='bbox 180 501 228 527; x_wconf 78' lang='grc' dir='ltr'><strong>καὶ</strong></span> <span class='ocrx_word' id='word_1_70' title='bbox 243 502 346 537; x_wconf 81' lang='grc' dir='ltr'>κυρίως</span> <span class='ocrx_word' id='word_1_71' title='bbox 359 502 387 528; x_wconf 62' lang='lat' dir='ltr'><strong>EI</strong></span> <span class='ocrx_word' id='word_1_72' title='bbox 414 505 460 529; x_wconf 76' lang='grc' dir='ltr'>καὶ</span> <span class='ocrx_word' id='word_1_73' title='bbox 477 503 592 535; x_wconf 76' lang='grc' dir='ltr'>ἁπλοῦν,</span> <span class='ocrx_word' id='word_1_74' title='bbox 613 505 681 540; x_wconf 82' lang='grc' dir='ltr'>ὅπερ</span> <span class='ocrx_word' id='word_1_75' title='bbox 697 505 772 531; x_wconf 74' lang='grc' dir='ltr'>ἐστὶν</span> <span class='ocrx_word' id='word_1_76' title='bbox 790 505 804 531; x_wconf 84' lang='grc' dir='ltr'><strong>ό</strong></span> <span class='ocrx_word' id='word_1_77' title='bbox 826 505 901 536; x_wconf 73' lang='grc' dir='ltr'>Θεὸς.</span> 
     </span>
    </p>
   </div>
   <div class='ocr_carea' id='block_1_13' title="bbox 114 545 903 585">
    <p class='ocr_par' dir='ltr' id='par_1_13' title="bbox 114 545 903 585">
     <span class='ocr_line' id='line_1_13' title="bbox 114 545 903 585; baseline 0.005 -13"><span class='ocrx_word' id='word_1_78' title='bbox 114 545 179 572; x_wconf 84' lang='grc' dir='ltr'><strong>Ὅτε</strong></span> <span class='ocrx_word' id='word_1_79' title='bbox 195 546 228 581; x_wconf 82' lang='grc' dir='ltr'>δὴ</span> <span class='ocrx_word' id='word_1_80' title='bbox 244 547 290 574; x_wconf 74' lang='grc' dir='ltr'>καὶ</span> <span class='ocrx_word' id='word_1_81' title='bbox 302 548 355 574; x_wconf 77' lang='grc' dir='ltr'><strong>ὑπὸ</strong></span> <span class='ocrx_word' id='word_1_82' title='bbox 368 548 461 582; x_wconf 79' lang='grc' dir='ltr'><strong>μόναις</strong></span> <span class='ocrx_word' id='word_1_83' title='bbox 475 551 533 580; x_wconf 77' lang='grc' dir='ltr'>ταῖς</span> <span class='ocrx_word' id='word_1_84' title='bbox 549 549 644 576; x_wconf 87' lang='grc' dir='ltr'>τούτου</span> <span class='ocrx_word' id='word_1_85' title='bbox 659 549 782 584; x_wconf 78' lang='grc' dir='ltr'>πτέρυξι.</span> <span class='ocrx_word' id='word_1_86' title='bbox 795 551 842 576; x_wconf 78' lang='grc' dir='ltr'><strong>νῦν</strong></span> <span class='ocrx_word' id='word_1_87' title='bbox 854 551 903 585; x_wconf 76' lang='grc' dir='ltr'>μὲν</span> 
     </span>
    </p>
   </div>
   <div class='ocr_carea' id='block_1_14' title="bbox 113 592 901 631">
    <p class='ocr_par' dir='ltr' id='par_1_14' title="bbox 113 592 901 631">
     <span class='ocr_line' id='line_1_14' title="bbox 113 592 901 631; baseline 0.006 -14"><span class='ocrx_word' id='word_1_88' title='bbox 113 592 292 627; x_wconf 70' lang='grc' dir='ltr'><strong>σκεπόμενος,</strong></span> <span class='ocrx_word' id='word_1_89' title='bbox 322 594 416 620; x_wconf 80' lang='grc' dir='ltr'>ἄλλοτε</span> <span class='ocrx_word' id='word_1_90' title='bbox 443 595 470 621; x_wconf 81' lang='grc' dir='ltr'>δὲ</span> <span class='ocrx_word' id='word_1_91' title='bbox 492 596 736 630; x_wconf 79' lang='grc' dir='ltr'><strong>μετεωριζόμενος,</strong></span> <span class='ocrx_word' id='word_1_92' title='bbox 757 596 901 631; x_wconf 80' lang='grc' dir='ltr'><strong>τέρπεται,</strong></span> 
     </span>
    </p>
   </div>
   <div class='ocr_carea' id='block_1_15' title="bbox 111 637 901 678">
    <p class='ocr_par' dir='ltr' id='par_1_15' title="bbox 111 637 901 678">
     <span class='ocr_line' id='line_1_15' title="bbox 111 637 901 678; baseline 0.008 -16"><span class='ocrx_word' id='word_1_93' title='bbox 111 637 150 668; x_wconf 84' lang='grc' dir='ltr'>ὡς</span> <span class='ocrx_word' id='word_1_94' title='bbox 163 637 236 668; x_wconf 73' lang='grc' dir='ltr'>εἰκὸς</span> <span class='ocrx_word' id='word_1_95' title='bbox 252 639 402 674; x_wconf 80' lang='grc' dir='ltr'><strong>τέρπεσθαι</strong></span> <span class='ocrx_word' id='word_1_96' title='bbox 419 640 671 676; x_wconf 81' lang='grc' dir='ltr'>θεοφρουρούμενον</span> <span class='ocrx_word' id='word_1_97' title='bbox 688 641 734 667; x_wconf 79' lang='grc' dir='ltr'>καὶ</span> <span class='ocrx_word' id='word_1_98' title='bbox 754 641 901 678; x_wconf 80' lang='grc' dir='ltr'>θεοφορού-</span> 
     </span>
    </p>
   </div>
   <div class='ocr_carea' id='block_1_16' title="bbox 113 681 281 715">
    <p class='ocr_par' dir='ltr' id='par_1_16' title="bbox 113 681 281 715">
     <span class='ocr_line' id='line_1_16' title="bbox 113 681 281 715; baseline 0.024 -10"><span class='ocrx_word' id='word_1_99' title='bbox 113 689 195 715; x_wconf 89' lang='grc' dir='ltr'>μενον</span> <span class='ocrx_word' id='word_1_100' title='bbox 208 681 281 709; x_wconf 82' lang='grc' dir='ltr'>νοῦν.</span> 
     </span>
    </p>
   </div>
   <div class='ocr_carea' id='block_1_17' title="bbox 148 727 898 768">
    <p class='ocr_par' dir='ltr' id='par_1_17' title="bbox 148 727 898 768">
     <span class='ocr_line' id='line_1_17' title="bbox 148 727 898 768; baseline 0.012 -17"><span class='ocrx_word' id='word_1_101' title='bbox 148 729 204 761; x_wconf 84' lang='grc' dir='ltr'>πη’.</span> <span class='ocrx_word' id='word_1_102' title='bbox 226 727 271 761; x_wconf 83' lang='grc' dir='ltr'><strong>Τῷ</strong></span> <span class='ocrx_word' id='word_1_103' title='bbox 285 728 431 764; x_wconf 65' lang='grc' dir='ltr'>διορατικῷ</span> <span class='ocrx_word' id='word_1_104' title='bbox 445 730 496 764; x_wconf 82' lang='grc' dir='ltr'>τῆς</span> <span class='ocrx_word' id='word_1_105' title='bbox 520 730 620 766; x_wconf 77' lang='grc' dir='ltr'>ψυχῆς,</span> <span class='ocrx_word' id='word_1_106' title='bbox 640 731 741 759; x_wconf 77' lang='grc' dir='ltr'>ὡσανεὶ</span> <span class='ocrx_word' id='word_1_107' title='bbox 761 732 898 768; x_wconf 82' lang='grc' dir='ltr'>ἀχλυῶδές</span> 
     </span>
    </p>
   </div>
   <div class='ocr_carea' id='block_1_18' title="bbox 115 773 904 817">
    <p class='ocr_par' dir='ltr' id='par_1_18' title="bbox 115 773 904 817">
     <span class='ocr_line' id='line_1_18' title="bbox 115 773 904 817; baseline 0.013 -19"><span class='ocrx_word' id='word_1_108' title='bbox 115 780 143 798; x_wconf 87' lang='grc' dir='ltr'><strong>τι</strong></span> <span class='ocrx_word' id='word_1_109' title='bbox 159 773 246 808; x_wconf 81' lang='grc' dir='ltr'><strong>πάχος</strong></span> <span class='ocrx_word' id='word_1_110' title='bbox 257 774 452 806; x_wconf 80' lang='grc' dir='ltr'>ὲπιπεπτωκδς</span> <span class='ocrx_word' id='word_1_111' title='bbox 465 776 496 802; x_wconf 84' lang='grc' dir='ltr'><strong>τὺ</strong></span> <span class='ocrx_word' id='word_1_112' title='bbox 510 776 542 804; x_wconf 67' lang='grc' dir='ltr'>ἐκ</span> <span class='ocrx_word' id='word_1_113' title='bbox 561 777 616 804; x_wconf 87' lang='grc' dir='ltr'><strong>τῶν</strong></span> <span class='ocrx_word' id='word_1_114' title='bbox 634 778 737 810; x_wconf 82' lang='grc' dir='ltr'>παθῶν,</span> <span class='ocrx_word' id='word_1_115' title='bbox 757 779 825 807; x_wconf 77' lang='grc' dir='ltr'>ἄλλα</span> <span class='ocrx_word' id='word_1_116' title='bbox 838 783 904 817; x_wconf 84' lang='grc' dir='ltr'>όρᾷν</span> 
     </span>
    </p>
   </div>
   <div class='ocr_carea' id='block_1_19' title="bbox 116 819 902 862">
    <p class='ocr_par' dir='ltr' id='par_1_19' title="bbox 116 819 902 862">
     <span class='ocr_line' id='line_1_19' title="bbox 116 819 902 862; baseline 0.01 -18"><span class='ocrx_word' id='word_1_117' title='bbox 116 819 177 845; x_wconf 75' lang='grc' dir='ltr'>ἀντὶ</span> <span class='ocrx_word' id='word_1_118' title='bbox 190 819 236 846; x_wconf 84' lang='grc' dir='ltr'><strong>τοῦ</strong></span> <span class='ocrx_word' id='word_1_119' title='bbox 250 819 327 852; x_wconf 74' lang='grc' dir='ltr'>ὄντος</span> <span class='ocrx_word' id='word_1_120' title='bbox 342 821 503 856; x_wconf 84' lang='grc' dir='ltr'>πεποίηκεν.</span> <span class='ocrx_word' id='word_1_121' title='bbox 517 823 602 850; x_wconf 84' lang='grc' dir='ltr'>Ὅταν</span> <span class='ocrx_word' id='word_1_122' title='bbox 619 823 648 850; x_wconf 77' lang='grc' dir='ltr'>δὲ</span> <span class='ocrx_word' id='word_1_123' title='bbox 665 825 697 860; x_wconf 83' lang='grc' dir='ltr'><strong>τῇ</strong></span> <span class='ocrx_word' id='word_1_124' title='bbox 714 827 803 861; x_wconf 83' lang='grc' dir='ltr'><strong>πυκνῇ</strong></span> <span class='ocrx_word' id='word_1_125' title='bbox 819 834 902 862; x_wconf 83' lang='grc' dir='ltr'>προσ-</span> 
     </span>
    </p>
   </div>
   <div class='ocr_carea' id='block_1_20' title="bbox 115 865 903 904">
    <p class='ocr_par' dir='ltr' id='par_1_20' title="bbox 115 865 903 904">
     <span class='ocr_line' id='line_1_20' title="bbox 115 865 903 904; baseline 0.009 -13"><span class='ocrx_word' id='word_1_126' title='bbox 115 865 194 900; x_wconf 80' lang='grc' dir='ltr'>ευχῇ,</span> <span class='ocrx_word' id='word_1_127' title='bbox 211 866 258 892; x_wconf 82' lang='grc' dir='ltr'><strong>καὶ</strong></span> <span class='ocrx_word' id='word_1_128' title='bbox 270 866 303 901; x_wconf 86' lang='grc' dir='ltr'><strong>τῇ</strong></span> <span class='ocrx_word' id='word_1_129' title='bbox 317 866 372 892; x_wconf 89' lang='grc' dir='ltr'><strong>τῶν</strong></span> <span class='ocrx_word' id='word_1_130' title='bbox 389 867 503 894; x_wconf 80' lang='grc' dir='ltr'><strong>ἐντολῶν</strong></span> <span class='ocrx_word' id='word_1_131' title='bbox 514 868 698 904; x_wconf 74' lang='grc' dir='ltr'>ἐκπληρώσει,</span> <span class='ocrx_word' id='word_1_132' title='bbox 713 871 760 897; x_wconf 78' lang='grc' dir='ltr'>καὶ</span> <span class='ocrx_word' id='word_1_133' title='bbox 773 871 903 898; x_wconf 80' lang='grc' dir='ltr'>ἀνατάσει</span> 
     </span>
    </p>
   </div>
   <div class='ocr_carea' id='block_1_21' title="bbox 115 911 903 951">
    <p class='ocr_par' dir='ltr' id='par_1_21' title="bbox 115 911 903 951">
     <span class='ocr_line' id='line_1_21' title="bbox 115 911 903 951; baseline 0.01 -15"><span class='ocrx_word' id='word_1_134' title='bbox 115 911 184 945; x_wconf 69' lang='grc' dir='ltr'>πρὸς</span> <span class='ocrx_word' id='word_1_135' title='bbox 198 911 246 947; x_wconf 87' lang='grc' dir='ltr'>τὴν</span> <span class='ocrx_word' id='word_1_136' title='bbox 265 912 312 938; x_wconf 83' lang='grc' dir='ltr'><strong>τοῦ</strong></span> <span class='ocrx_word' id='word_1_137' title='bbox 327 912 395 939; x_wconf 85' lang='grc' dir='ltr'>Θεοῦ</span> <span class='ocrx_word' id='word_1_138' title='bbox 411 912 527 948; x_wconf 82' lang='grc' dir='ltr'>θεωρίαν</span> <span class='ocrx_word' id='word_1_139' title='bbox 542 914 587 941; x_wconf 82' lang='grc' dir='ltr'><strong>διὰ</strong></span> <span class='ocrx_word' id='word_1_140' title='bbox 611 915 660 950; x_wconf 83' lang='grc' dir='ltr'>τῆς</span> <span class='ocrx_word' id='word_1_141' title='bbox 682 916 794 951; x_wconf 78' lang='grc' dir='ltr'>χάριτος</span> <span class='ocrx_word' id='word_1_142' title='bbox 806 918 820 943; x_wconf 86' lang='grc' dir='ltr'><strong>ό</strong></span> <span class='ocrx_word' id='word_1_143' title='bbox 839 916 903 949; x_wconf 83' lang='grc' dir='ltr'>νοῦς</span> 
     </span>
    </p>
   </div>
   <div class='ocr_carea' id='block_1_22' title="bbox 114 955 901 997">
    <p class='ocr_par' dir='ltr' id='par_1_22' title="bbox 114 955 901 997">
     <span class='ocr_line' id='line_1_22' title="bbox 114 955 901 997; baseline 0.01 -16"><span class='ocrx_word' id='word_1_144' title='bbox 114 955 189 992; x_wconf 75' lang='grc' dir='ltr'>διέλῃ</span> <span class='ocrx_word' id='word_1_145' title='bbox 215 956 245 983; x_wconf 76' lang='grc' dir='ltr'>τὸ</span> <span class='ocrx_word' id='word_1_146' title='bbox 281 957 425 993; x_wconf 78' lang='grc' dir='ltr'>εἰρημένον</span> <span class='ocrx_word' id='word_1_147' title='bbox 448 959 586 994; x_wconf 85' lang='grc' dir='ltr'>ἀχλυῶδες</span> <span class='ocrx_word' id='word_1_148' title='bbox 613 961 710 996; x_wconf 79' lang='grc' dir='ltr'>πάχος,</span> <span class='ocrx_word' id='word_1_149' title='bbox 737 962 783 997; x_wconf 80' lang='grc' dir='ltr'>ἀφ’</span> <span class='ocrx_word' id='word_1_150' title='bbox 804 962 901 989; x_wconf 81' lang='grc' dir='ltr'>ἑαυτοῦ</span> 
     </span>
    </p>
   </div>
   <div class='ocr_carea' id='block_1_23' title="bbox 113 1000 899 1044">
    <p class='ocr_par' dir='ltr' id='par_1_23' title="bbox 113 1000 899 1044">
     <span class='ocr_line' id='line_1_23' title="bbox 113 1000 899 1044; baseline 0.013 -19"><span class='ocrx_word' id='word_1_151' title='bbox 113 1000 238 1034; x_wconf 72' lang='grc' dir='ltr'>ἐναργῶς</span> <span class='ocrx_word' id='word_1_152' title='bbox 261 1001 313 1037; x_wconf 81' lang='grc' dir='ltr'><strong>όρᾷ</strong></span> <span class='ocrx_word' id='word_1_153' title='bbox 342 1002 388 1029; x_wconf 86' lang='grc' dir='ltr'><strong>τὸν</strong></span> <span class='ocrx_word' id='word_1_154' title='bbox 403 1003 487 1037; x_wconf 75' lang='grc' dir='ltr'>Θεὸν,</span> <span class='ocrx_word' id='word_1_155' title='bbox 513 1005 656 1041; x_wconf 77' lang='grc' dir='ltr'>ἑρμηνέως</span> <span class='ocrx_word' id='word_1_156' title='bbox 678 1007 810 1042; x_wconf 79' lang='grc' dir='ltr'>μηδαμῶς</span> <span class='ocrx_word' id='word_1_157' title='bbox 832 1008 899 1044; x_wconf 64' lang='grc' dir='ltr'>πρὸς</span> 
     </span>
    </p>
   </div>
   <div class='ocr_carea' id='block_1_24' title="bbox 112 1045 899 1089">
    <p class='ocr_par' dir='ltr' id='par_1_24' title="bbox 112 1045 899 1089">
     <span class='ocr_line' id='line_1_24' title="bbox 112 1045 899 1089; baseline 0.011 -18"><span class='ocrx_word' id='word_1_158' title='bbox 112 1045 192 1072; x_wconf 74' lang='grc' dir='ltr'>τοῦτο</span> <span class='ocrx_word' id='word_1_159' title='bbox 207 1046 343 1081; x_wconf 82' lang='grc' dir='ltr'>δεόμενος,</span> <span class='ocrx_word' id='word_1_160' title='bbox 361 1048 455 1084; x_wconf 84' lang='grc' dir='ltr'>ὥσπερ</span> <span class='ocrx_word' id='word_1_161' title='bbox 471 1050 500 1076; x_wconf 81' lang='grc' dir='ltr'>οὒ</span> <span class='ocrx_word' id='word_1_162' title='bbox 513 1051 599 1077; x_wconf 83' lang='grc' dir='ltr'>δεῖται</span> <span class='ocrx_word' id='word_1_163' title='bbox 611 1051 762 1084; x_wconf 80' lang='grc' dir='ltr'>διδάξοντος</span> <span class='ocrx_word' id='word_1_164' title='bbox 775 1054 789 1079; x_wconf 87' lang='grc' dir='ltr'><strong>ό</strong></span> <span class='ocrx_word' id='word_1_165' title='bbox 803 1054 899 1089; x_wconf 80' lang='grc' dir='ltr'>αἰσθη-</span> 
     </span>
    </p>
   </div>
   <div class='ocr_carea' id='block_1_25' title="bbox 111 1091 899 1133">
    <p class='ocr_par' dir='ltr' id='par_1_25' title="bbox 111 1091 899 1133">
     <span class='ocr_line' id='line_1_25' title="bbox 111 1091 899 1133; baseline 0.011 -16"><span class='ocrx_word' id='word_1_166' title='bbox 111 1091 166 1122; x_wconf 85' lang='grc' dir='ltr'><strong>τῶς</strong></span> <span class='ocrx_word' id='word_1_167' title='bbox 187 1092 275 1126; x_wconf 59' lang='grc' dir='ltr'>ὁρῶν</span> <span class='ocrx_word' id='word_1_168' title='bbox 300 1093 326 1120; x_wconf 82' lang='grc' dir='ltr'>ετ</span> <span class='ocrx_word' id='word_1_169' title='bbox 345 1102 376 1127; x_wconf 84' lang='grc' dir='ltr'><strong>γε</strong></span> <span class='ocrx_word' id='word_1_170' title='bbox 400 1094 436 1129; x_wconf 85' lang='grc' dir='ltr'>μὴ</span> <span class='ocrx_word' id='word_1_171' title='bbox 454 1094 484 1121; x_wconf 80' lang='grc' dir='ltr'>τὸ</span> <span class='ocrx_word' id='word_1_172' title='bbox 498 1096 621 1131; x_wconf 84' lang='grc' dir='ltr'>διοχλοῦν</span> <span class='ocrx_word' id='word_1_173' title='bbox 644 1097 692 1124; x_wconf 78' lang='grc' dir='ltr'>καὶ</span> <span class='ocrx_word' id='word_1_174' title='bbox 715 1098 899 1133; x_wconf 75' lang='grc' dir='ltr'>ἐπιπροσθοῦν</span> 
     </span>
    </p>
   </div>
   <div class='ocr_carea' id='block_1_26' title="bbox 113 1135 898 1179">
    <p class='ocr_par' dir='ltr' id='par_1_26' title="bbox 113 1135 898 1179">
     <span class='ocr_line' id='line_1_26' title="bbox 113 1135 898 1179; baseline 0.013 -17"><span class='ocrx_word' id='word_1_175' title='bbox 113 1135 184 1172; x_wconf 84' lang='grc' dir='ltr'>ῐσχει</span> <span class='ocrx_word' id='word_1_176' title='bbox 197 1139 229 1173; x_wconf 84' lang='grc' dir='ltr'>τῇ</span> <span class='ocrx_word' id='word_1_177' title='bbox 248 1139 316 1175; x_wconf 77' lang='grc' dir='ltr'>κόρῃ</span> <span class='ocrx_word' id='word_1_178' title='bbox 331 1139 378 1166; x_wconf 87' lang='grc' dir='ltr'><strong>τοῦ</strong></span> <span class='ocrx_word' id='word_1_179' title='bbox 396 1139 548 1176; x_wconf 82' lang='grc' dir='ltr'>ὀφθαλμοῦ.</span> <span class='ocrx_word' id='word_1_180' title='bbox 559 1142 603 1174; x_wconf 84' lang='grc' dir='ltr'><strong>Ὦς</strong></span> <span class='ocrx_word' id='word_1_181' title='bbox 616 1143 669 1178; x_wconf 76' lang='grc' dir='ltr'>γὰρ</span> <span class='ocrx_word' id='word_1_182' title='bbox 689 1144 898 1179; x_wconf 71' lang='grc' dir='ltr'><strong>προσπεφύκασι</strong></span> 
     </span>
    </p>
   </div>
   <div class='ocr_carea' id='block_1_27' title="bbox 111 1182 898 1224">
    <p class='ocr_par' dir='ltr' id='par_1_27' title="bbox 111 1182 898 1224">
     <span class='ocr_line' id='line_1_27' title="bbox 111 1182 898 1224; baseline 0.011 -16"><span class='ocrx_word' id='word_1_183' title='bbox 111 1182 146 1209; x_wconf 78' lang='grc' dir='ltr'><strong>τὰ</strong></span> <span class='ocrx_word' id='word_1_184' title='bbox 162 1182 280 1218; x_wconf 83' lang='grc' dir='ltr'>αἰσθητά</span> <span class='ocrx_word' id='word_1_185' title='bbox 297 1185 355 1216; x_wconf 79' lang='grc' dir='ltr'>ταῖς</span> <span class='ocrx_word' id='word_1_186' title='bbox 365 1185 525 1222; x_wconf 79' lang='grc' dir='ltr'>αἰσθήσεσιν</span> <span class='ocrx_word' id='word_1_187' title='bbox 536 1188 620 1222; x_wconf 77' lang='grc' dir='ltr'>ὑγιῶς</span> <span class='ocrx_word' id='word_1_188' title='bbox 633 1188 768 1224; x_wconf 77' lang='grc' dir='ltr'>ἐχούσαις,</span> <span class='ocrx_word' id='word_1_189' title='bbox 780 1189 851 1217; x_wconf 78' lang='grc' dir='ltr'>οὕτω</span> <span class='ocrx_word' id='word_1_190' title='bbox 863 1191 898 1218; x_wconf 81' lang='grc' dir='ltr'><strong>τὰ</strong></span> 
     </span>
    </p>
   </div>
   <div class='ocr_carea' id='block_1_28' title="bbox 110 1230 898 1272">
    <p class='ocr_par' dir='ltr' id='par_1_28' title="bbox 110 1230 898 1272">
     <span class='ocr_line' id='line_1_28' title="bbox 110 1230 898 1272; baseline 0.011 -17"><span class='ocrx_word' id='word_1_191' title='bbox 110 1230 193 1264; x_wconf 79' lang='grc' dir='ltr'>νοητὰ</span> <span class='ocrx_word' id='word_1_192' title='bbox 217 1232 278 1262; x_wconf 71' lang='grc' dir='ltr'>ταῖς</span> <span class='ocrx_word' id='word_1_193' title='bbox 303 1233 430 1266; x_wconf 85' lang='grc' dir='ltr'>νοήσεσιν</span> <span class='ocrx_word' id='word_1_194' title='bbox 458 1233 605 1269; x_wconf 78' lang='grc' dir='ltr'>ᾡκείωται,</span> <span class='ocrx_word' id='word_1_195' title='bbox 631 1236 848 1272; x_wconf 80' lang='grc' dir='ltr'>καθαρευούσαις</span> <span class='ocrx_word' id='word_1_196' title='bbox 866 1238 898 1264; x_wconf 80' lang='grc' dir='ltr'>ἐκ</span> 
     </span>
    </p>
   </div>
   <div class='ocr_carea' id='block_1_29' title="bbox 110 1276 898 1319">
    <p class='ocr_par' dir='ltr' id='par_1_29' title="bbox 110 1276 898 1319">
     <span class='ocr_line' id='line_1_29' title="bbox 110 1276 898 1319; baseline 0.011 -18"><span class='ocrx_word' id='word_1_197' title='bbox 110 1276 157 1302; x_wconf 85' lang='grc' dir='ltr'><strong>τοῦ</strong></span> <span class='ocrx_word' id='word_1_198' title='bbox 174 1276 228 1302; x_wconf 82' lang='grc' dir='ltr'><strong>τῶν</strong></span> <span class='ocrx_word' id='word_1_199' title='bbox 243 1277 339 1304; x_wconf 84' lang='grc' dir='ltr'>παθῶν</span> <span class='ocrx_word' id='word_1_200' title='bbox 359 1278 472 1312; x_wconf 82' lang='grc' dir='ltr'>νέφους·</span> <span class='ocrx_word' id='word_1_201' title='bbox 490 1279 538 1306; x_wconf 76' lang='grc' dir='ltr'>καὶ</span> <span class='ocrx_word' id='word_1_202' title='bbox 561 1280 655 1317; x_wconf 82' lang='grc' dir='ltr'>ὥσπερ</span> <span class='ocrx_word' id='word_1_203' title='bbox 670 1283 702 1309; x_wconf 81' lang='grc' dir='ltr'>ἐκ</span> <span class='ocrx_word' id='word_1_204' title='bbox 724 1283 776 1318; x_wconf 83' lang='grc' dir='ltr'>τῆς</span> <span class='ocrx_word' id='word_1_205' title='bbox 801 1283 898 1319; x_wconf 84' lang='grc' dir='ltr'>αἰσθη-</span> 
     </span>
    </p>
   </div>
   <div class='ocr_carea' id='block_1_30' title="bbox 109 1321 896 1363">
    <p class='ocr_par' dir='ltr' id='par_1_30' title="bbox 109 1321 896 1363">
     <span class='ocr_line' id='line_1_30' title="bbox 109 1321 896 1363; baseline 0.011 -17"><span class='ocrx_word' id='word_1_206' title='bbox 109 1321 188 1356; x_wconf 84' lang='grc' dir='ltr'>τικῆς</span> <span class='ocrx_word' id='word_1_207' title='bbox 202 1322 371 1356; x_wconf 62' lang='grc' dir='ltr'>ἀντιλήψεως</span> <span class='ocrx_word' id='word_1_208' title='bbox 387 1323 439 1350; x_wconf 80' lang='grc' dir='ltr'><strong>τῶν</strong></span> <span class='ocrx_word' id='word_1_209' title='bbox 456 1325 594 1361; x_wconf 84' lang='grc' dir='ltr'>αἰσθητῶν</span> <span class='ocrx_word' id='word_1_210' title='bbox 604 1328 620 1361; x_wconf 82' lang='grc' dir='ltr'><strong>ἡ</strong></span> <span class='ocrx_word' id='word_1_211' title='bbox 636 1327 798 1363; x_wconf 78' lang='grc' dir='ltr'>κατάληψις,</span> <span class='ocrx_word' id='word_1_212' title='bbox 810 1328 896 1360; x_wconf 78' lang='grc' dir='ltr'>οὕτως</span> 
     </span>
    </p>
   </div>
   <div class='ocr_carea' id='block_1_31' title="bbox 108 1368 895 1409">
    <p class='ocr_par' dir='ltr' id='par_1_31' title="bbox 108 1368 895 1409">
     <span class='ocr_line' id='line_1_31' title="bbox 108 1368 895 1409; baseline 0.01 -16"><span class='ocrx_word' id='word_1_213' title='bbox 108 1368 140 1393; x_wconf 83' lang='grc' dir='ltr'>ὲκ</span> <span class='ocrx_word' id='word_1_214' title='bbox 160 1369 210 1402; x_wconf 86' lang='grc' dir='ltr'>τῆς</span> <span class='ocrx_word' id='word_1_215' title='bbox 224 1370 352 1403; x_wconf 81' lang='grc' dir='ltr'>νοητικῆς</span> <span class='ocrx_word' id='word_1_216' title='bbox 374 1369 548 1405; x_wconf 65' lang='grc' dir='ltr'>ἀποδλέψεως</span> <span class='ocrx_word' id='word_1_217' title='bbox 564 1373 580 1406; x_wconf 78' lang='grc' dir='ltr'><strong>ἡ</strong></span> <span class='ocrx_word' id='word_1_218' title='bbox 600 1373 654 1399; x_wconf 83' lang='grc' dir='ltr'><strong>τῶν</strong></span> <span class='ocrx_word' id='word_1_219' title='bbox 672 1375 775 1408; x_wconf 79' lang='grc' dir='ltr'>νοητῶν</span> <span class='ocrx_word' id='word_1_220' title='bbox 795 1375 895 1409; x_wconf 58' lang='lat' dir='ltr'><strong>emta:</strong></span> 
     </span>
    </p>
   </div>
   <div class='ocr_carea' id='block_1_32' title="bbox 107 1413 894 1455">
    <p class='ocr_par' dir='ltr' id='par_1_32' title="bbox 107 1413 894 1455">
     <span class='ocr_line' id='line_1_32' title="bbox 107 1413 894 1455; baseline 0.014 -18"><span class='ocrx_word' id='word_1_221' title='bbox 107 1413 248 1446; x_wconf 71' lang='grc' dir='ltr'>γίγνεσθαι</span> <span class='ocrx_word' id='word_1_222' title='bbox 263 1413 356 1440; x_wconf 76' lang='grc' dir='ltr'>εἴωθε·</span> <span class='ocrx_word' id='word_1_223' title='bbox 376 1416 436 1449; x_wconf 80' lang='grc' dir='ltr'>μεθ’</span> <span class='ocrx_word' id='word_1_224' title='bbox 453 1416 470 1443; x_wconf 80' lang='grc' dir='ltr'>ἃ</span> <span class='ocrx_word' id='word_1_225' title='bbox 485 1418 501 1451; x_wconf 82' lang='grc' dir='ltr'>ἡ</span> <span class='ocrx_word' id='word_1_226' title='bbox 517 1417 560 1444; x_wconf 83' lang='grc' dir='ltr'><strong>διὰ</strong></span> <span class='ocrx_word' id='word_1_227' title='bbox 576 1418 625 1453; x_wconf 86' lang='grc' dir='ltr'>τῆς</span> <span class='ocrx_word' id='word_1_228' title='bbox 641 1419 751 1454; x_wconf 78' lang='grc' dir='ltr'>χάριτος</span> <span class='ocrx_word' id='word_1_229' title='bbox 765 1421 894 1455; x_wconf 82' lang='grc' dir='ltr'>ἀνείδεος,</span> 
     </span>
    </p>
   </div>
   <div class='ocr_carea' id='block_1_33' title="bbox 107 1460 896 1500">
    <p class='ocr_par' dir='ltr' id='par_1_33' title="bbox 107 1460 896 1500">
     <span class='ocr_line' id='line_1_33' title="bbox 107 1460 896 1500; baseline 0.013 -16"><span class='ocrx_word' id='word_1_230' title='bbox 107 1460 152 1485; x_wconf 74' lang='grc' dir='ltr'>καὶ</span> <span class='ocrx_word' id='word_1_231' title='bbox 168 1460 261 1492; x_wconf 77' lang='grc' dir='ltr'>ἄποια,</span> <span class='ocrx_word' id='word_1_232' title='bbox 272 1462 319 1486; x_wconf 79' lang='grc' dir='ltr'><strong>καὶ</strong></span> <span class='ocrx_word' id='word_1_233' title='bbox 336 1461 517 1495; x_wconf 60' lang='grc' dir='ltr'>ἀφάνταστυς,</span> <span class='ocrx_word' id='word_1_234' title='bbox 535 1465 582 1490; x_wconf 82' lang='grc' dir='ltr'>καὶ</span> <span class='ocrx_word' id='word_1_235' title='bbox 597 1465 669 1500; x_wconf 79' lang='grc' dir='ltr'>ἁπλῆ</span> <span class='ocrx_word' id='word_1_236' title='bbox 683 1466 730 1492; x_wconf 86' lang='grc' dir='ltr'><strong>τοῦ</strong></span> <span class='ocrx_word' id='word_1_237' title='bbox 744 1467 812 1493; x_wconf 83' lang='grc' dir='ltr'>Θεοῦ</span> <span class='ocrx_word' id='word_1_238' title='bbox 830 1468 896 1494; x_wconf 85' lang='grc' dir='ltr'>θεω-</span> 
     </span>
    </p>
   </div>
   <div class='ocr_carea' id='block_1_34' title="bbox 108 1507 926 1550">
    <p class='ocr_par' dir='ltr' id='par_1_34' title="bbox 108 1507 926 1550">
     <span class='ocr_line' id='line_1_34' title="bbox 108 1507 926 1550; baseline 0.01 -18"><span class='ocrx_word' id='word_1_239' title='bbox 108 1507 164 1541; x_wconf 79' lang='grc' dir='ltr'>ρία,</span> <span class='ocrx_word' id='word_1_240' title='bbox 178 1507 238 1542; x_wconf 77' lang='grc' dir='ltr'>ἣτις</span> <span class='ocrx_word' id='word_1_241' title='bbox 251 1507 366 1542; x_wconf 80' lang='grc' dir='ltr'>κάτοχον</span> <span class='ocrx_word' id='word_1_242' title='bbox 378 1508 478 1544; x_wconf 78' lang='grc' dir='ltr'>ἔχουσα</span> <span class='ocrx_word' id='word_1_243' title='bbox 493 1510 536 1536; x_wconf 69' lang='grc' dir='ltr'><strong>τὸν</strong></span> <span class='ocrx_word' id='word_1_244' title='bbox 550 1511 623 1544; x_wconf 86' lang='grc' dir='ltr'>νοῦν,</span> <span class='ocrx_word' id='word_1_245' title='bbox 636 1513 744 1539; x_wconf 87' lang='grc' dir='ltr'>πάντων</span> <span class='ocrx_word' id='word_1_246' title='bbox 757 1513 895 1547; x_wconf 81' lang='grc' dir='ltr'>αἰσθητῶν</span> <span class='ocrx_word' id='word_1_247' title='bbox 908 1522 926 1550; x_wconf 62' lang='grc' dir='ltr'><strong>ιτ</strong></span> 
     </span>
    </p>
   </div>
   <div class='ocr_carea' id='block_1_35' title="bbox 62 1552 894 1592">
    <p class='ocr_par' dir='ltr' id='par_1_35' title="bbox 62 1552 894 1592">
     <span class='ocr_line' id='line_1_35' title="bbox 62 1552 894 1592; baseline 0.012 -16"><span class='ocrx_word' id='word_1_248' title='bbox 62 1582 69 1587; x_wconf 86' lang='lat'><strong>_</strong></span> <span class='ocrx_word' id='word_1_249' title='bbox 104 1559 135 1578; x_wconf 83' lang='grc' dir='ltr'><strong>τε</strong></span> <span class='ocrx_word' id='word_1_250' title='bbox 160 1552 207 1578; x_wconf 79' lang='grc' dir='ltr'>καὶ</span> <span class='ocrx_word' id='word_1_251' title='bbox 236 1553 339 1588; x_wconf 82' lang='grc' dir='ltr'>νοητῶν</span> <span class='ocrx_word' id='word_1_252' title='bbox 360 1554 415 1581; x_wconf 88' lang='grc' dir='ltr'><strong>τῶν</strong></span> <span class='ocrx_word' id='word_1_253' title='bbox 446 1555 595 1583; x_wconf 73' lang='grc' dir='ltr'>ὁποιωνοῦν</span> <span class='ocrx_word' id='word_1_254' title='bbox 619 1558 717 1592; x_wconf 81' lang='grc' dir='ltr'>ἄφετον</span> <span class='ocrx_word' id='word_1_255' title='bbox 749 1561 830 1588; x_wconf 67' lang='grc' dir='ltr'>ποιεῖ.</span> <span class='ocrx_word' id='word_1_256' title='bbox 854 1560 894 1591; x_wconf 84' lang='grc' dir='ltr'><strong>εἰς</strong></span> 
     </span>
    </p>
   </div>
   <div class='ocr_carea' id='block_1_36' title="bbox 104 1599 893 1639">
    <p class='ocr_par' dir='ltr' id='par_1_36' title="bbox 104 1599 893 1639">
     <span class='ocr_line' id='line_1_36' title="bbox 104 1599 893 1639; baseline 0.011 -15"><span class='ocrx_word' id='word_1_257' title='bbox 104 1599 246 1634; x_wconf 77' lang='grc' dir='ltr'>ἀπειρίας,</span> <span class='ocrx_word' id='word_1_258' title='bbox 264 1600 448 1635; x_wconf 71' lang='grc' dir='ltr'>ἀπεριληψίας</span> <span class='ocrx_word' id='word_1_259' title='bbox 457 1610 487 1628; x_wconf 86' lang='grc' dir='ltr'><strong>τε</strong></span> <span class='ocrx_word' id='word_1_260' title='bbox 503 1603 550 1629; x_wconf 79' lang='grc' dir='ltr'>καὶ</span> <span class='ocrx_word' id='word_1_261' title='bbox 567 1604 707 1638; x_wconf 78' lang='grc' dir='ltr'>ἀοριστίας</span> <span class='ocrx_word' id='word_1_262' title='bbox 724 1605 802 1639; x_wconf 75' lang='grc' dir='ltr'>βυθὸν</span> <span class='ocrx_word' id='word_1_263' title='bbox 812 1606 893 1633; x_wconf 83' lang='grc' dir='ltr'>αὑτὸν</span> 
     </span>
    </p>
   </div>
   <div class='ocr_carea' id='block_1_37' title="bbox 105 1645 890 1689">
    <p class='ocr_par' dir='ltr' id='par_1_37' title="bbox 105 1645 890 1689">
     <span class='ocr_line' id='line_1_37' title="bbox 105 1645 890 1689; baseline 0.014 -20"><span class='ocrx_word' id='word_1_264' title='bbox 105 1645 133 1670; x_wconf 79' lang='grc' dir='ltr'>ὲν</span> <span class='ocrx_word' id='word_1_265' title='bbox 150 1645 280 1679; x_wconf 75' lang='grc' dir='ltr'><strong>ἐκπλήξει</strong></span> <span class='ocrx_word' id='word_1_266' title='bbox 299 1646 347 1673; x_wconf 76' lang='grc' dir='ltr'>καὶ</span> <span class='ocrx_word' id='word_1_267' title='bbox 369 1647 537 1684; x_wconf 81' lang='grc' dir='ltr'>θαυμασμῷ,</span> <span class='ocrx_word' id='word_1_268' title='bbox 554 1649 592 1681; x_wconf 91' lang='grc' dir='ltr'>ὼς</span> <span class='ocrx_word' id='word_1_269' title='bbox 609 1651 660 1678; x_wconf 76' lang='grc' dir='ltr'>οὐκ</span> <span class='ocrx_word' id='word_1_270' title='bbox 685 1652 820 1687; x_wconf 76' lang='grc' dir='ltr'>ἐνδέχεται</span> <span class='ocrx_word' id='word_1_271' title='bbox 842 1653 890 1689; x_wconf 85' lang='grc' dir='ltr'>δη-</span> 
     </span>
    </p>
   </div>
   <div class='ocr_carea' id='block_1_38' title="bbox 103 1690 547 1726">
    <p class='ocr_par' dir='ltr' id='par_1_38' title="bbox 103 1690 547 1726">
     <span class='ocr_line' id='line_1_38' title="bbox 103 1690 547 1726; baseline 0.018 -12"><span class='ocrx_word' id='word_1_272' title='bbox 103 1690 221 1720; x_wconf 78' lang='grc' dir='ltr'>λωθῆναι</span> <span class='ocrx_word' id='word_1_273' title='bbox 237 1691 319 1726; x_wconf 79' lang='grc' dir='ltr'>λόγῳ,</span> <span class='ocrx_word' id='word_1_274' title='bbox 337 1694 547 1723; x_wconf 77' lang='grc' dir='ltr'>κατακλείουσα.</span> 
     </span>
    </p>
   </div>
   <div class='ocr_carea' id='block_1_39' title="bbox 139 1764 892 1806">
    <p class='ocr_par' dir='ltr' id='par_1_39' title="bbox 139 1764 892 1806">
     <span class='ocr_line' id='line_1_39' title="bbox 139 1764 892 1806; baseline 0.009 -14"><span class='ocrx_word' id='word_1_275' title='bbox 139 1765 193 1793; x_wconf 84' lang='grc' dir='ltr'>πθ’.</span> <span class='ocrx_word' id='word_1_276' title='bbox 213 1764 249 1794; x_wconf 82' lang='grc' dir='ltr'><strong><em>Ὦ</em></strong></span> <span class='ocrx_word' id='word_1_277' title='bbox 267 1767 401 1800; x_wconf 79' lang='grc' dir='ltr'>Δέσποτα,</span> <span class='ocrx_word' id='word_1_278' title='bbox 422 1769 436 1794; x_wconf 88' lang='grc' dir='ltr'><strong>ό</strong></span> <span class='ocrx_word' id='word_1_279' title='bbox 464 1769 574 1796; x_wconf 80' lang='grc' dir='ltr'>πάντων</span> <span class='ocrx_word' id='word_1_280' title='bbox 596 1770 652 1796; x_wconf 85' lang='grc' dir='ltr'><strong>τῶν</strong></span> <span class='ocrx_word' id='word_1_281' title='bbox 673 1771 821 1806; x_wconf 79' lang='grc' dir='ltr'>ὁρωμένων</span> <span class='ocrx_word' id='word_1_282' title='bbox 844 1773 892 1800; x_wconf 79' lang='grc' dir='ltr'>καὶ</span> 
     </span>
    </p>
   </div>
   <div class='ocr_carea' id='block_1_40' title="bbox 102 1813 892 1853">
    <p class='ocr_par' dir='ltr' id='par_1_40' title="bbox 102 1813 892 1853">
     <span class='ocr_line' id='line_1_40' title="bbox 102 1813 892 1853; baseline 0.009 -14"><span class='ocrx_word' id='word_1_283' title='bbox 102 1813 256 1848; x_wconf 85' lang='grc' dir='ltr'>νοουμένων</span> <span class='ocrx_word' id='word_1_284' title='bbox 287 1813 324 1841; x_wconf 86' lang='grc' dir='ltr'>ὢν</span> <span class='ocrx_word' id='word_1_285' title='bbox 344 1815 416 1851; x_wconf 84' lang='grc' dir='ltr'>ἀρχὴ</span> <span class='ocrx_word' id='word_1_286' title='bbox 444 1816 633 1852; x_wconf 78' lang='grc' dir='ltr'>παντοκράτορ</span> <span class='ocrx_word' id='word_1_287' title='bbox 645 1837 652 1848; x_wconf 95' lang='grc'><strong>,</strong></span> <span class='ocrx_word' id='word_1_288' title='bbox 675 1817 760 1853; x_wconf 76' lang='grc' dir='ltr'>ἀρχὴν</span> <span class='ocrx_word' id='word_1_289' title='bbox 775 1819 844 1853; x_wconf 76' lang='grc' dir='ltr'>ἔχων</span> <span class='ocrx_word' id='word_1_290' title='bbox 861 1821 892 1846; x_wconf 86' lang='grc' dir='ltr'><strong>τὺ</strong></span> 
     </span>
    </p>
   </div>
   <div class='ocr_carea' id='block_1_41' title="bbox 102 1859 889 1899">
    <p class='ocr_par' dir='ltr' id='par_1_41' title="bbox 102 1859 889 1899">
     <span class='ocr_line' id='line_1_41' title="bbox 102 1859 889 1899; baseline 0.006 -14"><span class='ocrx_word' id='word_1_291' title='bbox 102 1859 232 1894; x_wconf 78' lang='grc' dir='ltr'>ἄναρχον,</span> <span class='ocrx_word' id='word_1_292' title='bbox 247 1860 370 1893; x_wconf 81' lang='grc' dir='ltr'>ἀκτιστε,</span> <span class='ocrx_word' id='word_1_293' title='bbox 388 1861 435 1887; x_wconf 71' lang='grc' dir='ltr'>καὶ</span> <span class='ocrx_word' id='word_1_294' title='bbox 450 1862 563 1896; x_wconf 68' lang='grc' dir='ltr'>ὁρισμὸν</span> <span class='ocrx_word' id='word_1_295' title='bbox 577 1862 608 1888; x_wconf 83' lang='grc' dir='ltr'><strong>τὸ</strong></span> <span class='ocrx_word' id='word_1_296' title='bbox 628 1862 765 1898; x_wconf 79' lang='grc' dir='ltr'>ἀόριστον,</span> <span class='ocrx_word' id='word_1_297' title='bbox 782 1866 889 1899; x_wconf 79' lang='grc' dir='ltr'>ἅπειρε,</span> 
     </span>
    </p>
   </div>
   <div class='ocr_carea' id='block_1_42' title="bbox 101 1904 890 1942">
    <p class='ocr_par' dir='ltr' id='par_1_42' title="bbox 101 1904 890 1942">
     <span class='ocr_line' id='line_1_42' title="bbox 101 1904 890 1942; baseline 0.009 -12"><span class='ocrx_word' id='word_1_298' title='bbox 101 1905 151 1931; x_wconf 75' lang='grc' dir='ltr'>καὶ</span> <span class='ocrx_word' id='word_1_299' title='bbox 166 1904 248 1938; x_wconf 85' lang='grc' dir='ltr'>φύσιν</span> <span class='ocrx_word' id='word_1_300' title='bbox 263 1905 293 1931; x_wconf 71' lang='grc' dir='ltr'>τὸ</span> <span class='ocrx_word' id='word_1_301' title='bbox 310 1905 460 1941; x_wconf 82' lang='grc' dir='ltr'>ὑπερφυὲς,</span> <span class='ocrx_word' id='word_1_302' title='bbox 482 1906 663 1942; x_wconf 80' lang='grc' dir='ltr'>ἀπερίληπτε,</span> <span class='ocrx_word' id='word_1_303' title='bbox 685 1909 732 1934; x_wconf 74' lang='grc' dir='ltr'><strong>καὶ</strong></span> <span class='ocrx_word' id='word_1_304' title='bbox 752 1910 846 1936; x_wconf 76' lang='grc' dir='ltr'>οὐσίαν</span> <span class='ocrx_word' id='word_1_305' title='bbox 860 1912 890 1937; x_wconf 81' lang='grc' dir='ltr'>τὸ</span> 
     </span>
    </p>
   </div>
   <div class='ocr_carea' id='block_1_43' title="bbox 103 1950 888 1988">
    <p class='ocr_par' dir='ltr' id='par_1_43' title="bbox 103 1950 888 1988">
     <span class='ocr_line' id='line_1_43' title="bbox 103 1950 888 1988; baseline 0.008 -12"><span class='ocrx_word' id='word_1_306' title='bbox 103 1950 276 1986; x_wconf 76' lang='grc' dir='ltr'>ὕπεροὺσιον,</span> <span class='ocrx_word' id='word_1_307' title='bbox 307 1952 433 1986; x_wconf 84' lang='grc' dir='ltr'>ἀγένητε,</span> <span class='ocrx_word' id='word_1_308' title='bbox 455 1953 501 1979; x_wconf 79' lang='grc' dir='ltr'>καὶ</span> <span class='ocrx_word' id='word_1_309' title='bbox 518 1951 588 1984; x_wconf 80' lang='grc' dir='ltr'>εἶδος</span> <span class='ocrx_word' id='word_1_310' title='bbox 612 1954 677 1988; x_wconf 85' lang='grc' dir='ltr'>γοῦν</span> <span class='ocrx_word' id='word_1_311' title='bbox 709 1955 741 1981; x_wconf 81' lang='grc' dir='ltr'>τὸ</span> <span class='ocrx_word' id='word_1_312' title='bbox 761 1956 888 1988; x_wconf 81' lang='grc' dir='ltr'>ἀνείδεον,</span> 
     </span>
    </p>
   </div>
   <div class='ocr_carea' id='block_1_44' title="bbox 100 1998 890 2036">
    <p class='ocr_par' dir='ltr' id='par_1_44' title="bbox 100 1998 890 2036">
     <span class='ocr_line' id='line_1_44' title="bbox 100 1998 890 2036; baseline 0.006 -13"><span class='ocrx_word' id='word_1_313' title='bbox 100 1998 213 2032; x_wconf 78' lang='grc' dir='ltr'>ἁόρατε,</span> <span class='ocrx_word' id='word_1_314' title='bbox 228 1999 275 2025; x_wconf 75' lang='grc' dir='ltr'>καὶ</span> <span class='ocrx_word' id='word_1_315' title='bbox 289 1998 356 2025; x_wconf 71' lang='grc' dir='ltr'>ἴδιον</span> <span class='ocrx_word' id='word_1_316' title='bbox 375 1999 405 2025; x_wconf 84' lang='grc' dir='ltr'><strong>τὸ</strong></span> <span class='ocrx_word' id='word_1_317' title='bbox 425 2000 518 2033; x_wconf 68' lang='grc' dir='ltr'>ἀῖὶιον,</span> <span class='ocrx_word' id='word_1_318' title='bbox 534 2000 668 2036; x_wconf 77' lang='grc' dir='ltr'>ἆφθαρτε,</span> <span class='ocrx_word' id='word_1_319' title='bbox 683 2003 730 2028; x_wconf 71' lang='grc' dir='ltr'>καὶ</span> <span class='ocrx_word' id='word_1_320' title='bbox 752 2002 845 2036; x_wconf 80' lang='grc' dir='ltr'>σχῆμα</span> <span class='ocrx_word' id='word_1_321' title='bbox 860 2002 890 2028; x_wconf 88' lang='grc' dir='ltr'>τὸ</span> 
     </span>
    </p>
   </div>
   <div class='ocr_carea' id='block_1_45' title="bbox 100 2043 890 2084">
    <p class='ocr_par' dir='ltr' id='par_1_45' title="bbox 100 2043 890 2084">
     <span class='ocr_line' id='line_1_45' title="bbox 100 2043 890 2084; baseline 0.008 -15"><span class='ocrx_word' id='word_1_322' title='bbox 100 2043 315 2078; x_wconf 73' lang='grc' dir='ltr'><strong>ἀσχημάτιστον¹</strong></span> <span class='ocrx_word' id='word_1_323' title='bbox 328 2045 523 2080; x_wconf 72' lang='grc' dir='ltr'>ἀνεξιχνίαστε,</span> <span class='ocrx_word' id='word_1_324' title='bbox 540 2047 586 2072; x_wconf 74' lang='grc' dir='ltr'>καὶ</span> <span class='ocrx_word' id='word_1_325' title='bbox 599 2047 679 2073; x_wconf 85' lang='grc' dir='ltr'>τόπον</span> <span class='ocrx_word' id='word_1_326' title='bbox 693 2048 723 2074; x_wconf 77' lang='grc' dir='ltr'>τὸ</span> <span class='ocrx_word' id='word_1_327' title='bbox 737 2048 890 2084; x_wconf 81' lang='grc' dir='ltr'>ἀπερίγρα-</span> 
     </span>
    </p>
   </div>
   <div class='ocr_carea' id='block_1_46' title="bbox 101 2090 888 2128">
    <p class='ocr_par' dir='ltr' id='par_1_46' title="bbox 101 2090 888 2128">
     <span class='ocr_line' id='line_1_46' title="bbox 101 2090 888 2128; baseline 0.006 -13"><span class='ocrx_word' id='word_1_328' title='bbox 101 2097 180 2122; x_wconf 78' lang='grc' dir='ltr'>πτον,</span> <span class='ocrx_word' id='word_1_329' title='bbox 205 2090 392 2125; x_wconf 68' lang='grc' dir='ltr'>ἀπεριόριστε,</span> <span class='ocrx_word' id='word_1_330' title='bbox 415 2091 568 2126; x_wconf 71' lang='grc' dir='ltr'>κατάληψιν</span> <span class='ocrx_word' id='word_1_331' title='bbox 584 2100 614 2119; x_wconf 87' lang='grc' dir='ltr'><strong>τε</strong></span> <span class='ocrx_word' id='word_1_332' title='bbox 632 2093 662 2119; x_wconf 75' lang='grc' dir='ltr'><strong>τὸ</strong></span> <span class='ocrx_word' id='word_1_333' title='bbox 687 2093 888 2128; x_wconf 75' lang='grc' dir='ltr'>ἀκατάληπτον,</span> 
     </span>
    </p>
   </div>
   <div class='ocr_carea' id='block_1_47' title="bbox 100 2136 889 2174">
    <p class='ocr_par' dir='ltr' id='par_1_47' title="bbox 100 2136 889 2174">
     <span class='ocr_line' id='line_1_47' title="bbox 100 2136 889 2174; baseline 0.005 -12"><span class='ocrx_word' id='word_1_334' title='bbox 100 2136 311 2172; x_wconf 79' lang='grc' dir='ltr'>ἁνεξερεύνητε,</span> <span class='ocrx_word' id='word_1_335' title='bbox 335 2137 382 2163; x_wconf 76' lang='grc' dir='ltr'>καὶ</span> <span class='ocrx_word' id='word_1_336' title='bbox 397 2138 496 2170; x_wconf 84' lang='grc' dir='ltr'>γνῶσιν</span> <span class='ocrx_word' id='word_1_337' title='bbox 514 2138 561 2164; x_wconf 79' lang='grc' dir='ltr'>καὶ</span> <span class='ocrx_word' id='word_1_338' title='bbox 583 2137 700 2174; x_wconf 80' lang='grc' dir='ltr'>θεωρίαν</span> <span class='ocrx_word' id='word_1_339' title='bbox 721 2140 751 2165; x_wconf 77' lang='grc' dir='ltr'>τὸ</span> <span class='ocrx_word' id='word_1_340' title='bbox 776 2139 889 2166; x_wconf 84' lang='grc' dir='ltr'>ἁθέατόν</span> 
     </span>
    </p>
   </div>
   <div class='ocr_carea' id='block_1_48' title="bbox 99 2181 923 2226">
    <p class='ocr_par' dir='ltr' id='par_1_48' title="bbox 99 2181 923 2226">
     <span class='ocr_line' id='line_1_48' title="bbox 99 2181 923 2226; baseline 0.005 -18"><span class='ocrx_word' id='word_1_341' title='bbox 99 2190 130 2208; x_wconf 85' lang='grc' dir='ltr'><strong>τε</strong></span> <span class='ocrx_word' id='word_1_342' title='bbox 148 2182 194 2209; x_wconf 80' lang='grc' dir='ltr'>καὶ</span> <span class='ocrx_word' id='word_1_343' title='bbox 204 2181 352 2216; x_wconf 77' lang='grc' dir='ltr'>ἄγνωστον,</span> <span class='ocrx_word' id='word_1_344' title='bbox 368 2183 511 2218; x_wconf 84' lang='grc' dir='ltr'>ἀπρόσιτε,</span> <span class='ocrx_word' id='word_1_345' title='bbox 526 2184 574 2210; x_wconf 80' lang='grc' dir='ltr'>καὶ</span> <span class='ocrx_word' id='word_1_346' title='bbox 590 2184 766 2220; x_wconf 84' lang='grc' dir='ltr'>ἀπερινόητε,</span> <span class='ocrx_word' id='word_1_347' title='bbox 785 2187 830 2212; x_wconf 70' lang='grc' dir='ltr'><strong>καὶ</strong></span> <span class='ocrx_word' id='word_1_348' title='bbox 847 2186 888 2212; x_wconf 85' lang='grc' dir='ltr'>λό-</span> <span class='ocrx_word' id='word_1_349' title='bbox 902 2199 923 2226; x_wconf 75' lang='grc' dir='ltr'><strong>ι)</strong></span> 
     </span>
    </p>
   </div>
   <div class='ocr_carea' id='block_1_49' title="bbox 99 2226 891 2266">
    <p class='ocr_par' dir='ltr' id='par_1_49' title="bbox 99 2226 891 2266">
     <span class='ocr_line' id='line_1_49' title="bbox 99 2226 891 2266; baseline 0.008 -14"><span class='ocrx_word' id='word_1_350' title='bbox 99 2233 150 2259; x_wconf 91' lang='grc' dir='ltr'>γον</span> <span class='ocrx_word' id='word_1_351' title='bbox 170 2227 201 2253; x_wconf 82' lang='grc' dir='ltr'>τὸ</span> <span class='ocrx_word' id='word_1_352' title='bbox 221 2226 385 2261; x_wconf 83' lang='grc' dir='ltr'>ἄφθεγκτον,</span> <span class='ocrx_word' id='word_1_353' title='bbox 411 2228 601 2264; x_wconf 83' lang='grc' dir='ltr'>ἀνεκδιήγητε,</span> <span class='ocrx_word' id='word_1_354' title='bbox 627 2230 674 2256; x_wconf 75' lang='grc' dir='ltr'>καὶ</span> <span class='ocrx_word' id='word_1_355' title='bbox 687 2231 834 2266; x_wconf 82' lang='grc' dir='ltr'>ἑρμηνείαν</span> <span class='ocrx_word' id='word_1_356' title='bbox 859 2232 891 2258; x_wconf 76' lang='grc' dir='ltr'>τὸ</span> 
     </span>
    </p>
   </div>
   <div class='ocr_carea' id='block_1_50' title="bbox 98 2272 888 2310">
    <p class='ocr_par' dir='ltr' id='par_1_50' title="bbox 98 2272 888 2310">
     <span class='ocr_line' id='line_1_50' title="bbox 98 2272 888 2310; baseline 0.009 -14"><span class='ocrx_word' id='word_1_357' title='bbox 98 2272 312 2306; x_wconf 78' lang='grc' dir='ltr'>ἁνερμήνευτον,</span> <span class='ocrx_word' id='word_1_358' title='bbox 328 2272 425 2306; x_wconf 75' lang='grc' dir='ltr'>ἀφατε,</span> <span class='ocrx_word' id='word_1_359' title='bbox 437 2274 522 2298; x_wconf 77' lang='grc' dir='ltr'>καὶτὸ</span> <span class='ocrx_word' id='word_1_360' title='bbox 528 2274 687 2309; x_wconf 85' lang='grc' dir='ltr'>ἀνεννόητον</span> <span class='ocrx_word' id='word_1_361' title='bbox 696 2275 799 2310; x_wconf 72' lang='grc' dir='ltr'>νόησιν,</span> <span class='ocrx_word' id='word_1_362' title='bbox 811 2276 888 2303; x_wconf 84' lang='grc' dir='ltr'>ἀδια-</span> 
     </span>
    </p>
   </div>
   <div class='ocr_carea' id='block_1_51' title="bbox 99 2317 887 2356">
    <p class='ocr_par' dir='ltr' id='par_1_51' title="bbox 99 2317 887 2356">
     <span class='ocr_line' id='line_1_51' title="bbox 99 2317 887 2356; baseline 0.008 -14"><span class='ocrx_word' id='word_1_363' title='bbox 99 2317 190 2350; x_wconf 88' lang='grc' dir='ltr'>νὸητε,</span> <span class='ocrx_word' id='word_1_364' title='bbox 214 2318 260 2343; x_wconf 80' lang='grc' dir='ltr'>καὶ</span> <span class='ocrx_word' id='word_1_365' title='bbox 286 2318 355 2349; x_wconf 77' lang='grc' dir='ltr'>ὅλως</span> <span class='ocrx_word' id='word_1_366' title='bbox 372 2318 446 2345; x_wconf 85' lang='grc' dir='ltr'>θέσιν</span> <span class='ocrx_word' id='word_1_367' title='bbox 464 2319 514 2355; x_wconf 81' lang='grc' dir='ltr'>τὴν</span> <span class='ocrx_word' id='word_1_368' title='bbox 530 2319 602 2355; x_wconf 83' lang='grc' dir='ltr'>ὑπὲρ</span> <span class='ocrx_word' id='word_1_369' title='bbox 620 2321 709 2347; x_wconf 85' lang='grc' dir='ltr'>πάντα</span> <span class='ocrx_word' id='word_1_370' title='bbox 731 2321 887 2356; x_wconf 82' lang='grc' dir='ltr'>ἀφαίρεσιν,</span> 
     </span>
    </p>
   </div>
   <div class='ocr_carea' id='block_1_52' title="bbox 97 2362 887 2403">
    <p class='ocr_par' dir='ltr' id='par_1_52' title="bbox 97 2362 887 2403">
     <span class='ocr_line' id='line_1_52' title="bbox 97 2362 887 2403; baseline 0.008 -14"><span class='ocrx_word' id='word_1_371' title='bbox 97 2363 227 2399; x_wconf 80' lang='grc' dir='ltr'>ὐπέρθεε,</span> <span class='ocrx_word' id='word_1_372' title='bbox 249 2363 310 2395; x_wconf 82' lang='grc' dir='ltr'>ὅλος</span> <span class='ocrx_word' id='word_1_373' title='bbox 331 2362 356 2390; x_wconf 81' lang='grc' dir='ltr'>εἴ</span> <span class='ocrx_word' id='word_1_374' title='bbox 380 2365 483 2400; x_wconf 87' lang='grc' dir='ltr'>θαῦμα,</span> <span class='ocrx_word' id='word_1_375' title='bbox 504 2367 550 2392; x_wconf 82' lang='grc' dir='ltr'>καὶ</span> <span class='ocrx_word' id='word_1_376' title='bbox 572 2366 688 2402; x_wconf 88' lang='grc' dir='ltr'>γαλήνη,</span> <span class='ocrx_word' id='word_1_377' title='bbox 710 2368 757 2394; x_wconf 80' lang='grc' dir='ltr'>καὶ</span> <span class='ocrx_word' id='word_1_378' title='bbox 776 2367 887 2403; x_wconf 80' lang='grc' dir='ltr'>θάρρος,</span> 
     </span>
    </p>
   </div>
   <div class='ocr_carea' id='block_1_53' title="bbox 97 2411 886 2449">
    <p class='ocr_par' dir='ltr' id='par_1_53' title="bbox 97 2411 886 2449">
     <span class='ocr_line' id='line_1_53' title="bbox 97 2411 886 2449; baseline 0.006 -13"><span class='ocrx_word' id='word_1_379' title='bbox 97 2412 145 2436; x_wconf 79' lang='grc' dir='ltr'>καὶ</span> <span class='ocrx_word' id='word_1_380' title='bbox 160 2411 265 2445; x_wconf 76' lang='grc' dir='ltr'>ἀγάπη,</span> <span class='ocrx_word' id='word_1_381' title='bbox 281 2411 326 2437; x_wconf 66' lang='grc' dir='ltr'>καὶ</span> <span class='ocrx_word' id='word_1_382' title='bbox 342 2412 490 2447; x_wconf 83' lang='grc' dir='ltr'>γλυκύτης,</span> <span class='ocrx_word' id='word_1_383' title='bbox 510 2412 558 2439; x_wconf 76' lang='grc' dir='ltr'>καὶ</span> <span class='ocrx_word' id='word_1_384' title='bbox 574 2412 704 2449; x_wconf 85' lang='grc' dir='ltr'>θυμηδία,</span> <span class='ocrx_word' id='word_1_385' title='bbox 727 2414 774 2440; x_wconf 75' lang='grc' dir='ltr'>καὶ</span> <span class='ocrx_word' id='word_1_386' title='bbox 791 2415 886 2441; x_wconf 78' lang='grc' dir='ltr'>πεποί-</span> 
     </span>
    </p>
   </div>
   <div class='ocr_carea' id='block_1_54' title="bbox 97 2456 886 2495">
    <p class='ocr_par' dir='ltr' id='par_1_54' title="bbox 97 2456 886 2495">
     <span class='ocr_line' id='line_1_54' title="bbox 97 2456 886 2495; baseline 0.008 -14"><span class='ocrx_word' id='word_1_387' title='bbox 97 2456 178 2491; x_wconf 77' lang='grc' dir='ltr'>θησις</span> <span class='ocrx_word' id='word_1_388' title='bbox 193 2458 222 2482; x_wconf 80' lang='grc' dir='ltr'>ὲν</span> <span class='ocrx_word' id='word_1_389' title='bbox 236 2457 370 2492; x_wconf 73' lang='grc' dir='ltr'>ξύμπασι,</span> <span class='ocrx_word' id='word_1_390' title='bbox 387 2457 435 2484; x_wconf 73' lang='grc' dir='ltr'>καὶ</span> <span class='ocrx_word' id='word_1_391' title='bbox 451 2458 489 2493; x_wconf 86' lang='grc' dir='ltr'>τῷ</span> <span class='ocrx_word' id='word_1_392' title='bbox 504 2458 562 2485; x_wconf 73' lang='grc' dir='ltr'>ιντι</span> <span class='ocrx_word' id='word_1_393' title='bbox 580 2459 732 2494; x_wconf 79' lang='grc' dir='ltr'>ἀμεριμνία</span> <span class='ocrx_word' id='word_1_394' title='bbox 745 2460 792 2486; x_wconf 70' lang='grc' dir='ltr'>καὶ</span> <span class='ocrx_word' id='word_1_395' title='bbox 803 2460 886 2495; x_wconf 70' lang='grc' dir='ltr'>χαρὰ,</span> 
     </span>
    </p>
   </div>
   <div class='ocr_carea' id='block_1_55' title="bbox 96 2502 884 2539">
    <p class='ocr_par' dir='ltr' id='par_1_55' title="bbox 96 2502 884 2539">
     <span class='ocr_line' id='line_1_55' title="bbox 96 2502 884 2539; baseline 0.006 -13"><span class='ocrx_word' id='word_1_396' title='bbox 96 2502 115 2536; x_wconf 76' lang='grc' dir='ltr'>ἡ</span> <span class='ocrx_word' id='word_1_397' title='bbox 131 2502 313 2535; x_wconf 77' lang='grc' dir='ltr'>ἐνυπόστατος</span> <span class='ocrx_word' id='word_1_398' title='bbox 336 2502 404 2538; x_wconf 85' lang='grc' dir='ltr'>μόνη</span> <span class='ocrx_word' id='word_1_399' title='bbox 426 2503 490 2535; x_wconf 79' lang='grc' dir='ltr'>δόξα</span> <span class='ocrx_word' id='word_1_400' title='bbox 517 2504 564 2530; x_wconf 81' lang='grc' dir='ltr'>καὶ</span> <span class='ocrx_word' id='word_1_401' title='bbox 580 2503 714 2538; x_wconf 84' lang='grc' dir='ltr'>βασιλεία,</span> <span class='ocrx_word' id='word_1_402' title='bbox 732 2506 779 2531; x_wconf 80' lang='grc' dir='ltr'>καὶ</span> <span class='ocrx_word' id='word_1_403' title='bbox 794 2505 884 2539; x_wconf 80' lang='grc' dir='ltr'>σοφία,</span> 
     </span>
    </p>
   </div>
   <div class='ocr_carea' id='block_1_56' title="bbox 96 2549 886 2584">
    <p class='ocr_par' dir='ltr' id='par_1_56' title="bbox 96 2549 886 2584">
     <span class='ocr_line' id='line_1_56' title="bbox 96 2549 886 2584; baseline 0.005 -10"><span class='ocrx_word' id='word_1_404' title='bbox 96 2551 145 2574; x_wconf 77' lang='grc' dir='ltr'>καὶ</span> <span class='ocrx_word' id='word_1_405' title='bbox 159 2549 285 2584; x_wconf 81' lang='grc' dir='ltr'>δύναμις.</span> <span class='ocrx_word' id='word_1_406' title='bbox 309 2550 359 2576; x_wconf 81' lang='grc' dir='ltr'>Διά</span> <span class='ocrx_word' id='word_1_407' title='bbox 373 2549 453 2576; x_wconf 82' lang='grc' dir='ltr'>τοῦτο</span> <span class='ocrx_word' id='word_1_408' title='bbox 470 2549 598 2582; x_wconf 71' lang='grc' dir='ltr'>ἔκστασις</span> <span class='ocrx_word' id='word_1_409' title='bbox 622 2550 676 2577; x_wconf 82' lang='grc' dir='ltr'>ἀπὸ</span> <span class='ocrx_word' id='word_1_410' title='bbox 696 2551 806 2578; x_wconf 80' lang='grc' dir='ltr'>πάντων</span> <span class='ocrx_word' id='word_1_411' title='bbox 833 2551 886 2578; x_wconf 86' lang='grc' dir='ltr'><strong>τῶν</strong></span> 
     </span>
    </p>
   </div>
   <div class='ocr_carea' id='block_1_57' title="bbox 95 2596 885 2630">
    <p class='ocr_par' dir='ltr' id='par_1_57' title="bbox 95 2596 885 2630">
     <span class='ocr_line' id='line_1_57' title="bbox 95 2596 885 2630; baseline 0.004 -8"><span class='ocrx_word' id='word_1_412' title='bbox 95 2596 257 2630; x_wconf 79' lang='grc' dir='ltr'>ὁρωμένων,</span> <span class='ocrx_word' id='word_1_413' title='bbox 273 2596 319 2622; x_wconf 82' lang='grc' dir='ltr'>καὶ</span> <span class='ocrx_word' id='word_1_414' title='bbox 344 2596 519 2627; x_wconf 85' lang='grc' dir='ltr'>κατάπαυσις</span> <span class='ocrx_word' id='word_1_415' title='bbox 533 2596 588 2623; x_wconf 84' lang='grc' dir='ltr'>ἀπὸ</span> <span class='ocrx_word' id='word_1_416' title='bbox 609 2597 718 2624; x_wconf 88' lang='grc' dir='ltr'>πάντων</span> <span class='ocrx_word' id='word_1_417' title='bbox 739 2597 793 2624; x_wconf 88' lang='grc' dir='ltr'><strong>τῶν</strong></span> <span class='ocrx_word' id='word_1_418' title='bbox 810 2606 885 2625; x_wconf 90' lang='grc' dir='ltr'>νοου-</span> 
     </span>
    </p>
   </div>
   <div class='ocr_carea' id='block_1_58' title="bbox 98 2641 885 2679">
    <p class='ocr_par' dir='ltr' id='par_1_58' title="bbox 98 2641 885 2679">
     <span class='ocr_line' id='line_1_58' title="bbox 98 2641 885 2679; baseline 0.005 -13"><span class='ocrx_word' id='word_1_419' title='bbox 98 2642 190 2676; x_wconf 77' lang='grc' dir='ltr'>μένων</span> <span class='ocrx_word' id='word_1_420' title='bbox 210 2642 371 2675; x_wconf 77' lang='grc' dir='ltr'>πεφυκότως</span> <span class='ocrx_word' id='word_1_421' title='bbox 390 2641 499 2677; x_wconf 73' lang='grc' dir='ltr'>ἄρρητα</span> <span class='ocrx_word' id='word_1_422' title='bbox 521 2643 595 2679; x_wconf 84' lang='grc' dir='ltr'>γίνῃ,</span> <span class='ocrx_word' id='word_1_423' title='bbox 619 2643 666 2670; x_wconf 65' lang='grc' dir='ltr'><strong>καὶ⁹</strong></span> <span class='ocrx_word' id='word_1_424' title='bbox 680 2643 832 2675; x_wconf 83' lang='grc' dir='ltr'>ἀνάπαυσις</span> <span class='ocrx_word' id='word_1_425' title='bbox 855 2645 885 2671; x_wconf 84' lang='grc' dir='ltr'>ἐν</span> 
     </span>
    </p>
   </div>
   <div class='ocr_carea' id='block_1_59' title="bbox 96 2687 883 2725">
    <p class='ocr_par' dir='ltr' id='par_1_59' title="bbox 96 2687 883 2725">
     <span class='ocr_line' id='line_1_59' title="bbox 96 2687 883 2725; baseline 0.005 -13"><span class='ocrx_word' id='word_1_426' title='bbox 96 2688 141 2712; x_wconf 73' lang='grc' dir='ltr'>σοὶ</span> <span class='ocrx_word' id='word_1_427' title='bbox 157 2687 301 2722; x_wconf 82' lang='grc' dir='ltr'>θαυμαστὴ</span> <span class='ocrx_word' id='word_1_428' title='bbox 317 2688 373 2718; x_wconf 80' lang='grc' dir='ltr'>τοῖς</span> <span class='ocrx_word' id='word_1_429' title='bbox 403 2688 473 2722; x_wconf 87' lang='grc' dir='ltr'><strong>μετά</strong></span> <span class='ocrx_word' id='word_1_430' title='bbox 489 2689 606 2723; x_wconf 82' lang='grc' dir='ltr'>μετοχῆς</span> <span class='ocrx_word' id='word_1_431' title='bbox 632 2697 662 2715; x_wconf 77' lang='grc' dir='ltr'><strong>σε</strong></span> <span class='ocrx_word' id='word_1_432' title='bbox 685 2688 818 2725; x_wconf 85' lang='grc' dir='ltr'>θεωροῦσι</span> <span class='ocrx_word' id='word_1_433' title='bbox 836 2689 883 2716; x_wconf 89' lang='grc' dir='ltr'><strong>τοῦ</strong></span> 
     </span>
    </p>
   </div>
   <div class='ocr_carea' id='block_1_60' title="bbox 94 2733 583 2766">
    <p class='ocr_par' dir='ltr' id='par_1_60' title="bbox 94 2733 583 2766">
     <span class='ocr_line' id='line_1_60' title="bbox 94 2733 583 2766; baseline 0.004 -8"><span class='ocrx_word' id='word_1_434' title='bbox 94 2733 176 2764; x_wconf 80' lang='grc' dir='ltr'>ἁγίου</span> <span class='ocrx_word' id='word_1_435' title='bbox 195 2733 361 2764; x_wconf 82' lang='grc' dir='ltr'>Πνεύματος,</span> <span class='ocrx_word' id='word_1_436' title='bbox 383 2733 504 2766; x_wconf 80' lang='grc' dir='ltr'>ἄφραστε</span> <span class='ocrx_word' id='word_1_437' title='bbox 521 2734 583 2761; x_wconf 78' lang='grc' dir='ltr'><strong>Θεέ.</strong></span> 
     </span>
    </p>
   </div>
   <div class='ocr_carea' id='block_1_61' title="bbox 951 222 1739 262">
    <p class='ocr_par' dir='ltr' id='par_1_61' title="bbox 951 222 1739 262">
     <span class='ocr_line' id='line_1_61' title="bbox 951 222 1739 262; baseline 0.016 -14"><span class='ocrx_word' id='word_1_438' title='bbox 951 222 1023 256; x_wconf 91' lang='lat' dir='ltr'><strong>quod</strong></span> <span class='ocrx_word' id='word_1_439' title='bbox 1040 225 1180 257; x_wconf 82' lang='lat' dir='ltr'><strong>convenit,</strong></span> <span class='ocrx_word' id='word_1_440' title='bbox 1207 225 1417 254; x_wconf 83' lang='lat' dir='ltr'><strong>distribuentem</strong></span> <span class='ocrx_word' id='word_1_441' title='bbox 1430 248 1438 261; x_wconf 83' lang='lat'>,</span> <span class='ocrx_word' id='word_1_442' title='bbox 1457 232 1522 256; x_wconf 88' lang='lat' dir='ltr'><strong>tuttc</strong></span> <span class='ocrx_word' id='word_1_443' title='bbox 1551 238 1626 259; x_wconf 83' lang='lat' dir='ltr'><strong>mens</strong></span> <span class='ocrx_word' id='word_1_444' title='bbox 1648 235 1739 262; x_wconf 82' lang='lat' dir='ltr'><strong>statim</strong></span> 
     </span>
    </p>
   </div>
   <div class='ocr_carea' id='block_1_62' title="bbox 950 271 1737 308">
    <p class='ocr_par' dir='ltr' id='par_1_62' title="bbox 950 271 1737 308">
     <span class='ocr_line' id='line_1_62' title="bbox 950 271 1737 308; baseline 0.014 -12"><span class='ocrx_word' id='word_1_445' title='bbox 950 276 1043 297; x_wconf 71' lang='lat' dir='ltr'><strong>scr-um</strong></span> <span class='ocrx_word' id='word_1_446' title='bbox 1059 271 1135 298; x_wconf 82' lang='lat' dir='ltr'><strong>unita</strong></span> <span class='ocrx_word' id='word_1_447' title='bbox 1151 276 1202 304; x_wconf 81' lang='lat' dir='ltr'><strong>est,</strong></span> <span class='ocrx_word' id='word_1_448' title='bbox 1228 276 1255 299; x_wconf 84' lang='lat' dir='ltr'><strong>et</strong></span> <span class='ocrx_word' id='word_1_449' title='bbox 1280 273 1394 307; x_wconf 82' lang='lat' dir='ltr'><strong>simplex</strong></span> <span class='ocrx_word' id='word_1_450' title='bbox 1414 275 1493 308; x_wconf 82' lang='lat' dir='ltr'><strong>juxta</strong></span> <span class='ocrx_word' id='word_1_451' title='bbox 1519 284 1595 304; x_wconf 80' lang='lat' dir='ltr'><strong>suam</strong></span> <span class='ocrx_word' id='word_1_452' title='bbox 1614 284 1737 308; x_wconf 73' lang='lat' dir='ltr'><strong>naturam</strong></span> 
     </span>
    </p>
   </div>
   <div class='ocr_carea' id='block_1_63' title="bbox 950 315 1739 355">
    <p class='ocr_par' dir='ltr' id='par_1_63' title="bbox 950 315 1739 355">
     <span class='ocr_line' id='line_1_63' title="bbox 950 315 1739 355; baseline 0.018 -15"><span class='ocrx_word' id='word_1_453' title='bbox 950 315 1073 343; x_wconf 86' lang='lat' dir='ltr'><strong>restituta</strong></span> <span class='ocrx_word' id='word_1_454' title='bbox 1088 323 1127 344; x_wconf 80' lang='lat' dir='ltr'><strong>est</strong></span> <span class='ocrx_word' id='word_1_455' title='bbox 1142 323 1168 345; x_wconf 83' lang='lat' dir='ltr'><strong>ct</strong></span> <span class='ocrx_word' id='word_1_456' title='bbox 1182 326 1196 345; x_wconf 91' lang='lat' dir='ltr'><strong>a</strong></span> <span class='ocrx_word' id='word_1_457' title='bbox 1212 319 1308 347; x_wconf 80' lang='lat' dir='ltr'><strong>divisis</strong></span> <span class='ocrx_word' id='word_1_458' title='bbox 1324 326 1472 355; x_wconf 72' lang='lat' dir='ltr'><strong>separata;</strong></span> <span class='ocrx_word' id='word_1_459' title='bbox 1491 328 1518 350; x_wconf 77' lang='lat' dir='ltr'><strong>et</strong></span> <span class='ocrx_word' id='word_1_460' title='bbox 1532 332 1640 352; x_wconf 87' lang='lat' dir='ltr'><strong>rursttut</strong></span> <span class='ocrx_word' id='word_1_461' title='bbox 1658 331 1721 353; x_wconf 78' lang='lat' dir='ltr'><strong>natu</strong></span> <span class='ocrx_word' id='word_1_462' title='bbox 1732 341 1739 346; x_wconf 94' lang='lat'><strong>-</strong></span> 
     </span>
    </p>
   </div>
   <div class='ocr_carea' id='block_1_64' title="bbox 949 361 1735 407">
    <p class='ocr_par' dir='ltr' id='par_1_64' title="bbox 949 361 1735 407">
     <span class='ocr_line' id='line_1_64' title="bbox 949 361 1735 407; baseline 0.018 -21"><span class='ocrx_word' id='word_1_463' title='bbox 949 361 1044 388; x_wconf 83' lang='lat' dir='ltr'><strong>raliter</strong></span> <span class='ocrx_word' id='word_1_464' title='bbox 1071 363 1166 397; x_wconf 92' lang='lat' dir='ltr'><strong>incipit</strong></span> <span class='ocrx_word' id='word_1_465' title='bbox 1181 373 1264 391; x_wconf 86' lang='lat' dir='ltr'><strong>unum</strong></span> <span class='ocrx_word' id='word_1_466' title='bbox 1282 366 1392 401; x_wconf 81' lang='lat' dir='ltr'><strong>diligere</strong></span> <span class='ocrx_word' id='word_1_467' title='bbox 1414 374 1439 395; x_wconf 79' lang='lat' dir='ltr'><strong>et</strong></span> <span class='ocrx_word' id='word_1_468' title='bbox 1460 370 1573 405; x_wconf 79' lang='lat' dir='ltr'><strong>simplex</strong></span> <span class='ocrx_word' id='word_1_469' title='bbox 1593 376 1620 398; x_wconf 82' lang='lat' dir='ltr'><strong>ct</strong></span> <span class='ocrx_word' id='word_1_470' title='bbox 1636 373 1735 407; x_wconf 89' lang='lat' dir='ltr'><strong>simpli-</strong></span> 
     </span>
    </p>
   </div>
   <div class='ocr_carea' id='block_1_65' title="bbox 949 411 1737 449">
    <p class='ocr_par' dir='ltr' id='par_1_65' title="bbox 949 411 1737 449">
     <span class='ocr_line' id='line_1_65' title="bbox 949 411 1737 449; baseline 0.019 -18"><span class='ocrx_word' id='word_1_471' title='bbox 949 412 1007 432; x_wconf 85' lang='lat' dir='ltr'><strong>cem</strong></span> <span class='ocrx_word' id='word_1_472' title='bbox 1025 415 1160 443; x_wconf 79' lang='lat' dir='ltr'><strong>unantque</strong></span> <span class='ocrx_word' id='word_1_473' title='bbox 1176 411 1375 444; x_wconf 79' lang='lat' dir='ltr'><strong>operationem.</strong></span> <span class='ocrx_word' id='word_1_474' title='bbox 1397 413 1474 446; x_wconf 85' lang='lat' dir='ltr'><strong>Quod</strong></span> <span class='ocrx_word' id='word_1_475' title='bbox 1493 415 1603 448; x_wconf 85' lang='lat' dir='ltr'><strong>quidem</strong></span> <span class='ocrx_word' id='word_1_476' title='bbox 1621 426 1714 447; x_wconf 68' lang='lat' dir='ltr'><strong>amans</strong></span> <span class='ocrx_word' id='word_1_477' title='bbox 1729 439 1737 449; x_wconf 86' lang='lat'><strong>.</strong></span> 
     </span>
    </p>
   </div>
   <div class='ocr_carea' id='block_1_66' title="bbox 951 453 1738 496">
    <p class='ocr_par' dir='ltr' id='par_1_66' title="bbox 951 453 1738 496">
     <span class='ocr_line' id='line_1_66' title="bbox 951 453 1738 496; baseline 0.017 -17"><span class='ocrx_word' id='word_1_478' title='bbox 951 453 1064 488; x_wconf 50' lang='lat' dir='ltr'><strong>qua-rit,</strong></span> <span class='ocrx_word' id='word_1_479' title='bbox 1082 459 1119 488; x_wconf 86' lang='lat' dir='ltr'><strong>et,</strong></span> <span class='ocrx_word' id='word_1_480' title='bbox 1136 464 1274 489; x_wconf 67' lang='lat' dir='ltr'><strong>qumrens,</strong></span> <span class='ocrx_word' id='word_1_481' title='bbox 1291 465 1371 485; x_wconf 78' lang='lat' dir='ltr'><strong>suum</strong></span> <span class='ocrx_word' id='word_1_482' title='bbox 1386 460 1505 487; x_wconf 85' lang='lat' dir='ltr'><strong>volatum</strong></span> <span class='ocrx_word' id='word_1_483' title='bbox 1529 470 1612 496; x_wconf 84' lang='lat' dir='ltr'><strong>supra</strong></span> <span class='ocrx_word' id='word_1_484' title='bbox 1627 471 1738 492; x_wconf 88' lang='lat' dir='ltr'><strong>omnem</strong></span> 
     </span>
    </p>
   </div>
   <div class='ocr_carea' id='block_1_67' title="bbox 949 501 1739 541">
    <p class='ocr_par' dir='ltr' id='par_1_67' title="bbox 949 501 1739 541">
     <span class='ocr_line' id='line_1_67' title="bbox 949 501 1739 541; baseline 0.016 -16"><span class='ocrx_word' id='word_1_485' title='bbox 949 501 1175 533; x_wconf 79' lang='lat' dir='ltr'><strong>compositionem</strong></span> <span class='ocrx_word' id='word_1_486' title='bbox 1201 503 1262 534; x_wconf 78' lang='lat' dir='ltr'><strong>fert,</strong></span> <span class='ocrx_word' id='word_1_487' title='bbox 1295 506 1476 541; x_wconf 78' lang='lat' dir='ltr'><strong>quoadusque</strong></span> <span class='ocrx_word' id='word_1_488' title='bbox 1494 508 1616 536; x_wconf 78' lang='lat' dir='ltr'><strong>inveniat</strong></span> <span class='ocrx_word' id='word_1_489' title='bbox 1633 518 1696 538; x_wconf 80' lang='lat' dir='ltr'><strong>vere</strong></span> <span class='ocrx_word' id='word_1_490' title='bbox 1711 516 1739 539; x_wconf 76' lang='lat' dir='ltr'><strong>et</strong></span> 
     </span>
    </p>
   </div>
   <div class='ocr_carea' id='block_1_68' title="bbox 948 545 1739 589">
    <p class='ocr_par' dir='ltr' id='par_1_68' title="bbox 948 545 1739 589">
     <span class='ocr_line' id='line_1_68' title="bbox 948 545 1739 589; baseline 0.02 -19"><span class='ocrx_word' id='word_1_491' title='bbox 948 545 1111 579; x_wconf 85' lang='lat' dir='ltr'><strong>simpliciter</strong></span> <span class='ocrx_word' id='word_1_492' title='bbox 1123 556 1206 575; x_wconf 87' lang='lat' dir='ltr'><strong>untmt</strong></span> <span class='ocrx_word' id='word_1_493' title='bbox 1222 555 1247 575; x_wconf 87' lang='lat' dir='ltr'><strong>et</strong></span> <span class='ocrx_word' id='word_1_494' title='bbox 1261 550 1373 584; x_wconf 81' lang='lat' dir='ltr'><strong>simplex</strong></span> <span class='ocrx_word' id='word_1_495' title='bbox 1387 553 1457 586; x_wconf 90' lang='lat' dir='ltr'><strong>quod</strong></span> <span class='ocrx_word' id='word_1_496' title='bbox 1475 558 1516 581; x_wconf 90' lang='lat' dir='ltr'><strong>est</strong></span> <span class='ocrx_word' id='word_1_497' title='bbox 1531 555 1612 583; x_wconf 86' lang='lat' dir='ltr'><strong>Deus.</strong></span> <span class='ocrx_word' id='word_1_498' title='bbox 1624 555 1739 589; x_wconf 79' lang='lat' dir='ltr'><strong>Quando</strong></span> 
     </span>
    </p>
   </div>
   <div class='ocr_carea' id='block_1_69' title="bbox 947 592 1737 635">
    <p class='ocr_par' dir='ltr' id='par_1_69' title="bbox 947 592 1737 635">
     <span class='ocr_line' id='line_1_69' title="bbox 947 592 1737 635; baseline 0.016 -16"><span class='ocrx_word' id='word_1_499' title='bbox 947 599 1014 619; x_wconf 74' lang='lat' dir='ltr'><strong>sane</strong></span> <span class='ocrx_word' id='word_1_500' title='bbox 1025 592 1092 620; x_wconf 85' lang='lat' dir='ltr'><strong>solis</strong></span> <span class='ocrx_word' id='word_1_501' title='bbox 1104 593 1187 628; x_wconf 87' lang='lat' dir='ltr'><strong>hujus</strong></span> <span class='ocrx_word' id='word_1_502' title='bbox 1200 596 1251 622; x_wconf 84' lang='lat' dir='ltr'><strong>alis</strong></span> <span class='ocrx_word' id='word_1_503' title='bbox 1266 604 1337 623; x_wconf 88' lang='lat' dir='ltr'><strong>nuttc</strong></span> <span class='ocrx_word' id='word_1_504' title='bbox 1351 600 1460 632; x_wconf 79' lang='lat' dir='ltr'><strong>quidem</strong></span> <span class='ocrx_word' id='word_1_505' title='bbox 1475 601 1649 635; x_wconf 83' lang='lat' dir='ltr'><strong>obumbrata,</strong></span> <span class='ocrx_word' id='word_1_506' title='bbox 1665 613 1737 633; x_wconf 89' lang='lat' dir='ltr'><strong>nunc</strong></span> 
     </span>
    </p>
   </div>
   <div class='ocr_carea' id='block_1_70' title="bbox 947 640 1739 683">
    <p class='ocr_par' dir='ltr' id='par_1_70' title="bbox 947 640 1739 683">
     <span class='ocr_line' id='line_1_70' title="bbox 947 640 1739 683; baseline 0.02 -18"><span class='ocrx_word' id='word_1_507' title='bbox 947 640 1055 667; x_wconf 78' lang='lat' dir='ltr'><strong>sublata</strong></span> <span class='ocrx_word' id='word_1_508' title='bbox 1075 641 1191 674; x_wconf 68' lang='lat' dir='ltr'><strong>laetatur,</strong></span> <span class='ocrx_word' id='word_1_509' title='bbox 1205 648 1234 670; x_wconf 91' lang='lat' dir='ltr'><strong>ut</strong></span> <span class='ocrx_word' id='word_1_510' title='bbox 1250 643 1336 672; x_wconf 60' lang='lat' dir='ltr'><strong>lactari</strong></span> <span class='ocrx_word' id='word_1_511' title='bbox 1353 645 1433 674; x_wconf 85' lang='lat' dir='ltr'><strong>decet</strong></span> <span class='ocrx_word' id='word_1_512' title='bbox 1444 667 1452 680; x_wconf 84' lang='lat'><strong><em>,</em></strong></span> <span class='ocrx_word' id='word_1_513' title='bbox 1466 656 1526 683; x_wconf 71' lang='lat' dir='ltr'><strong>qua:</strong></span> <span class='ocrx_word' id='word_1_514' title='bbox 1541 657 1557 677; x_wconf 92' lang='lat' dir='ltr'><strong>a</strong></span> <span class='ocrx_word' id='word_1_515' title='bbox 1574 650 1628 679; x_wconf 90' lang='lat' dir='ltr'><strong>Deo</strong></span> <span class='ocrx_word' id='word_1_516' title='bbox 1644 657 1739 681; x_wconf 88' lang='lat' dir='ltr'><strong>custo-</strong></span> 
     </span>
    </p>
   </div>
   <div class='ocr_carea' id='block_1_71' title="bbox 948 686 1579 727">
    <p class='ocr_par' dir='ltr' id='par_1_71' title="bbox 948 686 1579 727">
     <span class='ocr_line' id='line_1_71' title="bbox 948 686 1579 727; baseline 0.016 -14"><span class='ocrx_word' id='word_1_517' title='bbox 948 686 1022 714; x_wconf 86' lang='lat' dir='ltr'><strong>ditur</strong></span> <span class='ocrx_word' id='word_1_518' title='bbox 1035 693 1062 714; x_wconf 90' lang='lat' dir='ltr'><strong>et</strong></span> <span class='ocrx_word' id='word_1_519' title='bbox 1074 687 1170 721; x_wconf 78' lang='lat' dir='ltr'><strong>fertur,</strong></span> <span class='ocrx_word' id='word_1_520' title='bbox 1186 697 1276 718; x_wconf 88' lang='lat' dir='ltr'><strong>mens.</strong></span> <span class='ocrx_word' id='word_1_521' title='bbox 1575 724 1579 727; x_wconf 70' lang='grc'><strong>,</strong></span> 
     </span>
    </p>
   </div>
   <div class='ocr_carea' id='block_1_72' title="bbox 983 732 1739 777">
    <p class='ocr_par' dir='ltr' id='par_1_72' title="bbox 983 732 1739 777">
     <span class='ocr_line' id='line_1_72' title="bbox 983 732 1739 777; baseline 0.021 -19"><span class='ocrx_word' id='word_1_522' title='bbox 983 732 1025 760; x_wconf 89' lang='lat'>88.</span> <span class='ocrx_word' id='word_1_523' title='bbox 1043 732 1264 769; x_wconf 71' lang='lat' dir='ltr'><strong>Contemplativae</strong></span> <span class='ocrx_word' id='word_1_524' title='bbox 1279 737 1377 766; x_wconf 66' lang='lat' dir='ltr'><strong>animat</strong></span> <span class='ocrx_word' id='word_1_525' title='bbox 1393 740 1496 773; x_wconf 81' lang='lat' dir='ltr'><strong>virtuti,</strong></span> <span class='ocrx_word' id='word_1_526' title='bbox 1513 747 1642 777; x_wconf 84' lang='lat' dir='ltr'><strong>tanquam</strong></span> <span class='ocrx_word' id='word_1_527' title='bbox 1661 750 1739 774; x_wconf 83' lang='lat' dir='ltr'><strong>tene-</strong></span> 
     </span>
    </p>
   </div>
   <div class='ocr_carea' id='block_1_73' title="bbox 948 778 1734 822">
    <p class='ocr_par' dir='ltr' id='par_1_73' title="bbox 948 778 1734 822">
     <span class='ocr_line' id='line_1_73' title="bbox 948 778 1734 822; baseline 0.02 -18"><span class='ocrx_word' id='word_1_528' title='bbox 948 778 1021 806; x_wconf 85' lang='lat' dir='ltr'><strong>brosi</strong></span> <span class='ocrx_word' id='word_1_529' title='bbox 1036 780 1137 814; x_wconf 85' lang='lat' dir='ltr'><strong>aliquid</strong></span> <span class='ocrx_word' id='word_1_530' title='bbox 1156 788 1187 808; x_wconf 81' lang='lat' dir='ltr'><strong>ac</strong></span> <span class='ocrx_word' id='word_1_531' title='bbox 1204 781 1281 810; x_wconf 86' lang='lat' dir='ltr'><strong>densi</strong></span> <span class='ocrx_word' id='word_1_532' title='bbox 1296 785 1368 818; x_wconf 90' lang='lat' dir='ltr'><strong>quod</strong></span> <span class='ocrx_word' id='word_1_533' title='bbox 1385 793 1416 813; x_wconf 78' lang='lat' dir='ltr'><strong>ex</strong></span> <span class='ocrx_word' id='word_1_534' title='bbox 1428 788 1625 822; x_wconf 80' lang='lat' dir='ltr'><strong>cupiditatibus</strong></span> <span class='ocrx_word' id='word_1_535' title='bbox 1642 797 1734 821; x_wconf 78' lang='lat' dir='ltr'><strong>ortum</strong></span> 
     </span>
    </p>
   </div>
   <div class='ocr_carea' id='block_1_74' title="bbox 947 825 1736 874">
    <p class='ocr_par' dir='ltr' id='par_1_74' title="bbox 947 825 1736 874">
     <span class='ocr_line' id='line_1_74' title="bbox 947 825 1736 874; baseline 0.018 -22"><span class='ocrx_word' id='word_1_536' title='bbox 947 825 1073 857; x_wconf 76' lang='lat' dir='ltr'><strong>habebat,</strong></span> <span class='ocrx_word' id='word_1_537' title='bbox 1091 827 1143 853; x_wconf 80' lang='lat' dir='ltr'><strong>:tlin</strong></span> <span class='ocrx_word' id='word_1_538' title='bbox 1160 836 1240 863; x_wconf 84' lang='lat' dir='ltr'><strong>quant</strong></span> <span class='ocrx_word' id='word_1_539' title='bbox 1267 831 1408 860; x_wconf 75' lang='lat' dir='ltr'><strong>veritatem</strong></span> <span class='ocrx_word' id='word_1_540' title='bbox 1426 836 1650 870; x_wconf 82' lang='lat' dir='ltr'><strong>contemplanda,</strong></span> <span class='ocrx_word' id='word_1_541' title='bbox 1664 847 1736 874; x_wconf 63' lang='lat' dir='ltr'><strong>prte-</strong></span> 
     </span>
    </p>
   </div>
   <div class='ocr_carea' id='block_1_75' title="bbox 949 870 1737 912">
    <p class='ocr_par' dir='ltr' id='par_1_75' title="bbox 949 870 1737 912">
     <span class='ocr_line' id='line_1_75' title="bbox 949 870 1737 912; baseline 0.019 -15"><span class='ocrx_word' id='word_1_542' title='bbox 949 870 1039 898; x_wconf 88' lang='lat' dir='ltr'><strong>bcbat.</strong></span> <span class='ocrx_word' id='word_1_543' title='bbox 1058 873 1172 905; x_wconf 83' lang='lat' dir='ltr'><strong>Quando</strong></span> <span class='ocrx_word' id='word_1_544' title='bbox 1184 879 1275 902; x_wconf 86' lang='lat' dir='ltr'><strong>autem</strong></span> <span class='ocrx_word' id='word_1_545' title='bbox 1288 876 1421 911; x_wconf 78' lang='lat' dir='ltr'><strong>frequenti</strong></span> <span class='ocrx_word' id='word_1_546' title='bbox 1437 881 1565 909; x_wconf 83' lang='lat' dir='ltr'><strong>oratione</strong></span> <span class='ocrx_word' id='word_1_547' title='bbox 1577 886 1604 909; x_wconf 85' lang='lat' dir='ltr'><strong>et</strong></span> <span class='ocrx_word' id='word_1_548' title='bbox 1621 870 1737 912; x_wconf 75' lang='lat' dir='ltr'><strong>manda-</strong></span> 
     </span>
    </p>
   </div>
   <div class='ocr_carea' id='block_1_76' title="bbox 948 918 1737 965">
    <p class='ocr_par' dir='ltr' id='par_1_76' title="bbox 948 918 1737 965">
     <span class='ocr_line' id='line_1_76' title="bbox 948 918 1737 965; baseline 0.02 -23"><span class='ocrx_word' id='word_1_549' title='bbox 948 920 1038 944; x_wconf 90' lang='lat' dir='ltr'><strong>torunt</strong></span> <span class='ocrx_word' id='word_1_550' title='bbox 1056 918 1250 953; x_wconf 88' lang='lat' dir='ltr'><strong>adimpletione</strong></span> <span class='ocrx_word' id='word_1_551' title='bbox 1263 926 1290 949; x_wconf 90' lang='lat' dir='ltr'><strong>et</strong></span> <span class='ocrx_word' id='word_1_552' title='bbox 1302 923 1439 951; x_wconf 76' lang='lat' dir='ltr'><strong>tendentia</strong></span> <span class='ocrx_word' id='word_1_553' title='bbox 1451 927 1484 953; x_wconf 92' lang='lat' dir='ltr'><strong>ad</strong></span> <span class='ocrx_word' id='word_1_554' title='bbox 1502 925 1548 954; x_wconf 89' lang='lat' dir='ltr'><strong>Dei</strong></span> <span class='ocrx_word' id='word_1_555' title='bbox 1564 930 1737 965; x_wconf 81' lang='lat' dir='ltr'><strong>contempla-</strong></span> 
     </span>
    </p>
   </div>
   <div class='ocr_carea' id='block_1_77' title="bbox 948 961 1738 1004">
    <p class='ocr_par' dir='ltr' id='par_1_77' title="bbox 948 961 1738 1004">
     <span class='ocr_line' id='line_1_77' title="bbox 948 961 1738 1004; baseline 0.019 -16"><span class='ocrx_word' id='word_1_556' title='bbox 948 961 1048 989; x_wconf 85' lang='lat' dir='ltr'><strong>tionem</strong></span> <span class='ocrx_word' id='word_1_557' title='bbox 1069 971 1117 998; x_wconf 89' lang='lat' dir='ltr'><strong>per</strong></span> <span class='ocrx_word' id='word_1_558' title='bbox 1133 967 1252 999; x_wconf 80' lang='lat' dir='ltr'><strong>gratiam</strong></span> <span class='ocrx_word' id='word_1_559' title='bbox 1270 976 1348 996; x_wconf 84' lang='lat' dir='ltr'><strong>mens</strong></span> <span class='ocrx_word' id='word_1_560' title='bbox 1367 970 1513 1004; x_wconf 71' lang='lat' dir='ltr'><strong>prazdictas</strong></span> <span class='ocrx_word' id='word_1_561' title='bbox 1527 975 1681 1003; x_wconf 86' lang='lat' dir='ltr'><strong>crassiores</strong></span> <span class='ocrx_word' id='word_1_562' title='bbox 1697 980 1738 1002; x_wconf 82' lang='lat' dir='ltr'><strong>te-</strong></span> 
     </span>
    </p>
   </div>
   <div class='ocr_carea' id='block_1_78' title="bbox 947 1009 1733 1051">
    <p class='ocr_par' dir='ltr' id='par_1_78' title="bbox 947 1009 1733 1051">
     <span class='ocr_line' id='line_1_78' title="bbox 947 1009 1733 1051; baseline 0.019 -16"><span class='ocrx_word' id='word_1_563' title='bbox 947 1009 1046 1037; x_wconf 81' lang='lat' dir='ltr'><strong>nebras</strong></span> <span class='ocrx_word' id='word_1_564' title='bbox 1064 1010 1237 1046; x_wconf 82' lang='lat' dir='ltr'><strong>dissipaverit</strong></span> <span class='ocrx_word' id='word_1_565' title='bbox 1249 1034 1257 1046; x_wconf 85' lang='lat'><strong>,</strong></span> <span class='ocrx_word' id='word_1_566' title='bbox 1280 1022 1328 1048; x_wconf 89' lang='lat' dir='ltr'><strong>per</strong></span> <span class='ocrx_word' id='word_1_567' title='bbox 1345 1016 1464 1051; x_wconf 89' lang='lat' dir='ltr'><strong>seipsant</strong></span> <span class='ocrx_word' id='word_1_568' title='bbox 1484 1020 1628 1048; x_wconf 78' lang='lat' dir='ltr'><strong>manifeste</strong></span> <span class='ocrx_word' id='word_1_569' title='bbox 1648 1021 1733 1050; x_wconf 85' lang='lat' dir='ltr'><strong>Deum</strong></span> 
     </span>
    </p>
   </div>
   <div class='ocr_carea' id='block_1_79' title="bbox 946 1054 1732 1100">
    <p class='ocr_par' dir='ltr' id='par_1_79' title="bbox 946 1054 1732 1100">
     <span class='ocr_line' id='line_1_79' title="bbox 946 1054 1732 1100; baseline 0.022 -20"><span class='ocrx_word' id='word_1_570' title='bbox 946 1054 1030 1087; x_wconf 83' lang='lat' dir='ltr'><strong>videt,</strong></span> <span class='ocrx_word' id='word_1_571' title='bbox 1049 1057 1239 1092; x_wconf 86' lang='lat' dir='ltr'><strong>explanatione</strong></span> <span class='ocrx_word' id='word_1_572' title='bbox 1252 1061 1324 1088; x_wconf 91' lang='lat' dir='ltr'><strong>nulla</strong></span> <span class='ocrx_word' id='word_1_573' title='bbox 1342 1062 1478 1098; x_wconf 79' lang='lat' dir='ltr'><strong>indigens,</strong></span> <span class='ocrx_word' id='word_1_574' title='bbox 1500 1068 1732 1100; x_wconf 85' lang='lat' dir='ltr'><strong>quemadmodum</strong></span> 
     </span>
    </p>
   </div>
   <div class='ocr_carea' id='block_1_80' title="bbox 946 1101 1735 1145">
    <p class='ocr_par' dir='ltr' id='par_1_80' title="bbox 946 1101 1735 1145">
     <span class='ocr_line' id='line_1_80' title="bbox 946 1101 1735 1145; baseline 0.019 -18"><span class='ocrx_word' id='word_1_575' title='bbox 946 1101 1059 1130; x_wconf 88' lang='lat' dir='ltr'><strong>doct0re</strong></span> <span class='ocrx_word' id='word_1_576' title='bbox 1080 1111 1133 1130; x_wconf 92' lang='lat' dir='ltr'><strong>non</strong></span> <span class='ocrx_word' id='word_1_577' title='bbox 1152 1104 1255 1140; x_wconf 78' lang='lat' dir='ltr'><strong>indiget</strong></span> <span class='ocrx_word' id='word_1_578' title='bbox 1277 1108 1323 1141; x_wconf 88' lang='lat' dir='ltr'><strong>qui</strong></span> <span class='ocrx_word' id='word_1_579' title='bbox 1347 1110 1489 1137; x_wconf 71' lang='lat' dir='ltr'><strong>sensibilia</strong></span> <span class='ocrx_word' id='word_1_580' title='bbox 1506 1112 1601 1145; x_wconf 81' lang='lat' dir='ltr'><strong>videt;</strong></span> <span class='ocrx_word' id='word_1_581' title='bbox 1623 1115 1645 1141; x_wconf 89' lang='lat' dir='ltr'><strong>si</strong></span> <span class='ocrx_word' id='word_1_582' title='bbox 1667 1115 1735 1142; x_wconf 83' lang='lat' dir='ltr'><strong>nihil</strong></span> 
     </span>
    </p>
   </div>
   <div class='ocr_carea' id='block_1_81' title="bbox 946 1148 1736 1188">
    <p class='ocr_par' dir='ltr' id='par_1_81' title="bbox 946 1148 1736 1188">
     <span class='ocr_line' id='line_1_81' title="bbox 946 1148 1736 1188; baseline 0.02 -15"><span class='ocrx_word' id='word_1_583' title='bbox 946 1148 1018 1175; x_wconf 88' lang='lat' dir='ltr'><strong>oculi</strong></span> <span class='ocrx_word' id='word_1_584' title='bbox 1035 1149 1144 1184; x_wconf 66' lang='lat' dir='ltr'><strong>pupilla;</strong></span> <span class='ocrx_word' id='word_1_585' title='bbox 1159 1151 1258 1181; x_wconf 78' lang='lat' dir='ltr'><strong>obstat.</strong></span> <span class='ocrx_word' id='word_1_586' title='bbox 1271 1153 1508 1187; x_wconf 80' lang='lat' dir='ltr'><strong>Quemadmodum</strong></span> <span class='ocrx_word' id='word_1_587' title='bbox 1526 1161 1736 1188; x_wconf 62' lang='lat' dir='ltr'><strong>arcomtnodan-</strong></span> 
     </span>
    </p>
   </div>
   <div class='ocr_carea' id='block_1_82' title="bbox 946 1197 1732 1243">
    <p class='ocr_par' dir='ltr' id='par_1_82' title="bbox 946 1197 1732 1243">
     <span class='ocr_line' id='line_1_82' title="bbox 946 1197 1732 1243; baseline 0.022 -24"><span class='ocrx_word' id='word_1_588' title='bbox 946 1199 991 1221; x_wconf 88' lang='lat' dir='ltr'><strong>tur</strong></span> <span class='ocrx_word' id='word_1_589' title='bbox 1007 1197 1146 1224; x_wconf 86' lang='lat' dir='ltr'><strong>seusibilia</strong></span> <span class='ocrx_word' id='word_1_590' title='bbox 1163 1201 1292 1228; x_wconf 82' lang='lat' dir='ltr'><strong>sensibus</strong></span> <span class='ocrx_word' id='word_1_591' title='bbox 1307 1207 1381 1229; x_wconf 85' lang='lat' dir='ltr'><strong>recte</strong></span> <span class='ocrx_word' id='word_1_592' title='bbox 1396 1210 1425 1231; x_wconf 91' lang='lat' dir='ltr'><strong>se</strong></span> <span class='ocrx_word' id='word_1_593' title='bbox 1437 1204 1615 1235; x_wconf 82' lang='lat' dir='ltr'><strong>habentibus.</strong></span> <span class='ocrx_word' id='word_1_594' title='bbox 1631 1208 1665 1236; x_wconf 89' lang='lat' dir='ltr'><strong>ita</strong></span> <span class='ocrx_word' id='word_1_595' title='bbox 1676 1209 1732 1243; x_wconf 90' lang='lat' dir='ltr'><strong>spi-</strong></span> 
     </span>
    </p>
   </div>
   <div class='ocr_carea' id='block_1_83' title="bbox 945 1242 1738 1289">
    <p class='ocr_par' dir='ltr' id='par_1_83' title="bbox 945 1242 1738 1289">
     <span class='ocr_line' id='line_1_83' title="bbox 945 1242 1738 1289; baseline 0.021 -22"><span class='ocrx_word' id='word_1_596' title='bbox 945 1242 1054 1269; x_wconf 84' lang='lat' dir='ltr'><strong>r&#39;tualia</strong></span> <span class='ocrx_word' id='word_1_597' title='bbox 1081 1245 1242 1279; x_wconf 81' lang='lat' dir='ltr'><strong>cogitationi</strong></span> <span class='ocrx_word' id='word_1_598' title='bbox 1265 1253 1328 1275; x_wconf 84' lang='lat' dir='ltr'><strong>nata</strong></span> <span class='ocrx_word' id='word_1_599' title='bbox 1348 1253 1425 1282; x_wconf 82' lang='lat' dir='ltr'><strong>sunt,</strong></span> <span class='ocrx_word' id='word_1_600' title='bbox 1444 1253 1583 1280; x_wconf 76' lang='lat' dir='ltr'><strong>mundata:</strong></span> <span class='ocrx_word' id='word_1_601' title='bbox 1598 1242 1698 1289; x_wconf 73' lang='lat' dir='ltr'><strong>itempe</strong></span> <span class='ocrx_word' id='word_1_602' title='bbox 1719 1263 1738 1283; x_wconf 88' lang='lat' dir='ltr'><strong>a&#39;</strong></span> 
     </span>
    </p>
   </div>
   <div class='ocr_carea' id='block_1_84' title="bbox 946 1288 1736 1334">
    <p class='ocr_par' dir='ltr' id='par_1_84' title="bbox 946 1288 1736 1334">
     <span class='ocr_line' id='line_1_84' title="bbox 946 1288 1736 1334; baseline 0.02 -21"><span class='ocrx_word' id='word_1_603' title='bbox 946 1288 1123 1322; x_wconf 80' lang='lat' dir='ltr'><strong>cupiditatum</strong></span> <span class='ocrx_word' id='word_1_604' title='bbox 1136 1292 1218 1318; x_wconf 83' lang='lat' dir='ltr'><strong>nube.</strong></span> <span class='ocrx_word' id='word_1_605' title='bbox 1235 1293 1267 1320; x_wconf 83' lang='lat' dir='ltr'><strong>Et</strong></span> <span class='ocrx_word' id='word_1_606' title='bbox 1287 1294 1400 1322; x_wconf 85' lang='lat' dir='ltr'><strong>sicntex</strong></span> <span class='ocrx_word' id='word_1_607' title='bbox 1413 1304 1544 1324; x_wconf 82' lang='lat' dir='ltr'><strong>sensuum</strong></span> <span class='ocrx_word' id='word_1_608' title='bbox 1560 1288 1736 1334; x_wconf 72' lang='lat' dir='ltr'><strong>perceptione</strong></span> 
     </span>
    </p>
   </div>
   <div class='ocr_carea' id='block_1_85' title="bbox 946 1333 1734 1380">
    <p class='ocr_par' dir='ltr' id='par_1_85' title="bbox 946 1333 1734 1380">
     <span class='ocr_line' id='line_1_85' title="bbox 946 1333 1734 1380; baseline 0.018 -20"><span class='ocrx_word' id='word_1_609' title='bbox 946 1333 975 1360; x_wconf 85' lang='lat' dir='ltr'><strong>lit</strong></span> <span class='ocrx_word' id='word_1_610' title='bbox 990 1337 1210 1370; x_wconf 83' lang='lat' dir='ltr'><strong>comprehensio.</strong></span> <span class='ocrx_word' id='word_1_611' title='bbox 1223 1339 1260 1366; x_wconf 86' lang='lat' dir='ltr'><strong>ita</strong></span> <span class='ocrx_word' id='word_1_612' title='bbox 1275 1348 1306 1367; x_wconf 88' lang='lat' dir='ltr'><strong>ex</strong></span> <span class='ocrx_word' id='word_1_613' title='bbox 1319 1342 1456 1375; x_wconf 84' lang='lat' dir='ltr'><strong>spirttuali</strong></span> <span class='ocrx_word' id='word_1_614' title='bbox 1473 1349 1586 1377; x_wconf 75' lang='lat' dir='ltr'><strong>aspectu</strong></span> <span class='ocrx_word' id='word_1_615' title='bbox 1602 1347 1734 1380; x_wconf 86' lang='lat' dir='ltr'><strong>spiritua-</strong></span> 
     </span>
    </p>
   </div>
   <div class='ocr_carea' id='block_1_86' title="bbox 946 1379 1736 1422">
    <p class='ocr_par' dir='ltr' id='par_1_86' title="bbox 946 1379 1736 1422">
     <span class='ocr_line' id='line_1_86' title="bbox 946 1379 1736 1422; baseline 0.018 -17"><span class='ocrx_word' id='word_1_616' title='bbox 946 1379 1012 1407; x_wconf 90' lang='lat' dir='ltr'><strong>lium</strong></span> <span class='ocrx_word' id='word_1_617' title='bbox 1031 1381 1100 1408; x_wconf 83' lang='lat' dir='ltr'><strong>visio</strong></span> <span class='ocrx_word' id='word_1_618' title='bbox 1119 1383 1177 1410; x_wconf 86' lang='lat' dir='ltr'><strong>lleri</strong></span> <span class='ocrx_word' id='word_1_619' title='bbox 1208 1385 1297 1419; x_wconf 80' lang='lat' dir='ltr'><strong>solet;</strong></span> <span class='ocrx_word' id='word_1_620' title='bbox 1317 1391 1377 1420; x_wconf 85' lang='lat' dir='ltr'><strong>post</strong></span> <span class='ocrx_word' id='word_1_621' title='bbox 1393 1394 1453 1422; x_wconf 80' lang='lat' dir='ltr'><strong>quae</strong></span> <span class='ocrx_word' id='word_1_622' title='bbox 1475 1389 1588 1422; x_wconf 85' lang='lat' dir='ltr'><strong>simplex</strong></span> <span class='ocrx_word' id='word_1_623' title='bbox 1609 1379 1653 1417; x_wconf 88' lang='lat' dir='ltr'><strong>Dei</strong></span> <span class='ocrx_word' id='word_1_624' title='bbox 1668 1398 1736 1419; x_wconf 86' lang='lat' dir='ltr'><strong>con-</strong></span> 
     </span>
    </p>
   </div>
   <div class='ocr_carea' id='block_1_87' title="bbox 946 1422 1735 1469">
    <p class='ocr_par' dir='ltr' id='par_1_87' title="bbox 946 1422 1735 1469">
     <span class='ocr_line' id='line_1_87' title="bbox 946 1422 1735 1469; baseline 0.015 -17"><span class='ocrx_word' id='word_1_625' title='bbox 946 1427 1087 1461; x_wconf 86' lang='lat' dir='ltr'><strong>templatio</strong></span> <span class='ocrx_word' id='word_1_626' title='bbox 1104 1436 1151 1463; x_wconf 89' lang='lat' dir='ltr'><strong>per</strong></span> <span class='ocrx_word' id='word_1_627' title='bbox 1166 1422 1292 1464; x_wconf 78' lang='lat' dir='ltr'><strong>gratiam,</strong></span> <span class='ocrx_word' id='word_1_628' title='bbox 1313 1431 1373 1459; x_wconf 86' lang='lat' dir='ltr'><strong>sine</strong></span> <span class='ocrx_word' id='word_1_629' title='bbox 1391 1433 1476 1466; x_wconf 72' lang='lat' dir='ltr'><strong>ligura</strong></span> <span class='ocrx_word' id='word_1_630' title='bbox 1505 1437 1532 1461; x_wconf 78' lang='lat' dir='ltr'><strong>et</strong></span> <span class='ocrx_word' id='word_1_631' title='bbox 1556 1436 1690 1469; x_wconf 89' lang='lat' dir='ltr'><strong>qttalitate</strong></span> <span class='ocrx_word' id='word_1_632' title='bbox 1706 1442 1735 1465; x_wconf 82' lang='lat' dir='ltr'><strong>ct</strong></span> 
     </span>
    </p>
   </div>
   <div class='ocr_carea' id='block_1_88' title="bbox 944 1473 1734 1518">
    <p class='ocr_par' dir='ltr' id='par_1_88' title="bbox 944 1473 1734 1518">
     <span class='ocr_line' id='line_1_88' title="bbox 944 1473 1734 1518; baseline 0.015 -18"><span class='ocrx_word' id='word_1_633' title='bbox 944 1473 1063 1510; x_wconf 68' lang='lat' dir='ltr'><strong>imagine</strong></span> <span class='ocrx_word' id='word_1_634' title='bbox 1076 1482 1194 1504; x_wconf 87' lang='lat' dir='ltr'><strong>mentem</strong></span> <span class='ocrx_word' id='word_1_635' title='bbox 1215 1478 1366 1512; x_wconf 69' lang='lat' dir='ltr'><strong>sutbjertam</strong></span> <span class='ocrx_word' id='word_1_636' title='bbox 1383 1481 1505 1509; x_wconf 85' lang='lat' dir='ltr'><strong>retinens</strong></span> <span class='ocrx_word' id='word_1_637' title='bbox 1530 1489 1545 1509; x_wconf 87' lang='lat' dir='ltr'><strong>a</strong></span> <span class='ocrx_word' id='word_1_638' title='bbox 1566 1483 1734 1518; x_wconf 83' lang='lat' dir='ltr'><strong>quibuslibet</strong></span> 
     </span>
    </p>
   </div>
   <div class='ocr_carea' id='block_1_89' title="bbox 944 1522 1734 1566">
    <p class='ocr_par' dir='ltr' id='par_1_89' title="bbox 944 1522 1734 1566">
     <span class='ocr_line' id='line_1_89' title="bbox 944 1522 1734 1566; baseline 0.016 -19"><span class='ocrx_word' id='word_1_639' title='bbox 944 1522 1124 1550; x_wconf 83' lang='lat' dir='ltr'><strong>sensibilibus</strong></span> <span class='ocrx_word' id='word_1_640' title='bbox 1139 1529 1165 1551; x_wconf 88' lang='lat' dir='ltr'><strong>et</strong></span> <span class='ocrx_word' id='word_1_641' title='bbox 1181 1525 1373 1559; x_wconf 72' lang='lat' dir='ltr'><strong>cogitabilibns</strong></span> <span class='ocrx_word' id='word_1_642' title='bbox 1385 1526 1491 1562; x_wconf 85' lang='lat' dir='ltr'><strong>liberat,</strong></span> <span class='ocrx_word' id='word_1_643' title='bbox 1504 1536 1564 1556; x_wconf 86' lang='lat' dir='ltr'><strong>eam</strong></span> <span class='ocrx_word' id='word_1_644' title='bbox 1579 1530 1734 1566; x_wconf 84' lang='lat' dir='ltr'><strong>includens,</strong></span> 
     </span>
    </p>
   </div>
   <div class='ocr_carea' id='block_1_90' title="bbox 943 1572 1733 1606">
    <p class='ocr_par' dir='ltr' id='par_1_90' title="bbox 943 1572 1733 1606">
     <span class='ocr_line' id='line_1_90' title="bbox 943 1572 1733 1606; baseline 0.015 -13"><span class='ocrx_word' id='word_1_645' title='bbox 943 1572 972 1594; x_wconf 91' lang='lat' dir='ltr'><strong>ut</strong></span> <span class='ocrx_word' id='word_1_646' title='bbox 991 1575 1120 1596; x_wconf 84' lang='lat' dir='ltr'><strong>sermone</strong></span> <span class='ocrx_word' id='word_1_647' title='bbox 1134 1578 1186 1596; x_wconf 83' lang='grc' dir='ltr'>ιιοιι</span> <span class='ocrx_word' id='word_1_648' title='bbox 1204 1576 1290 1605; x_wconf 82' lang='lat' dir='ltr'><strong>potest</strong></span> <span class='ocrx_word' id='word_1_649' title='bbox 1320 1572 1392 1605; x_wconf 78' lang='lat' dir='ltr'><strong>dici.</strong></span> <span class='ocrx_word' id='word_1_650' title='bbox 1411 1573 1439 1600; x_wconf 93' lang='lat' dir='ltr'><strong>in</strong></span> <span class='ocrx_word' id='word_1_651' title='bbox 1458 1574 1654 1604; x_wconf 86' lang='lat' dir='ltr'><strong>immensilatis</strong></span> <span class='ocrx_word' id='word_1_652' title='bbox 1680 1586 1733 1606; x_wconf 88' lang='lat' dir='ltr'><strong>non</strong></span> 
     </span>
    </p>
   </div>
   <div class='ocr_carea' id='block_1_91' title="bbox 940 1615 1735 1657">
    <p class='ocr_par' dir='ltr' id='par_1_91' title="bbox 940 1615 1735 1657">
     <span class='ocr_line' id='line_1_91' title="bbox 940 1615 1735 1657; baseline 0.015 -16"><span class='ocrx_word' id='word_1_653' title='bbox 940 1615 1209 1652; x_wconf 72' lang='lat' dir='ltr'><strong>CirCUIltscl‘lpltL‘que</strong></span> <span class='ocrx_word' id='word_1_654' title='bbox 1227 1618 1370 1647; x_wconf 80' lang='lat' dir='ltr'><strong>inﬁnitatis</strong></span> <span class='ocrx_word' id='word_1_655' title='bbox 1393 1620 1492 1657; x_wconf 80' lang='lat' dir='ltr'><strong>abysso</strong></span> <span class='ocrx_word' id='word_1_656' title='bbox 1507 1630 1570 1650; x_wconf 86' lang='lat' dir='ltr'><strong>cum</strong></span> <span class='ocrx_word' id='word_1_657' title='bbox 1587 1625 1691 1652; x_wconf 84' lang='lat' dir='ltr'><strong>exslasi</strong></span> <span class='ocrx_word' id='word_1_658' title='bbox 1706 1628 1735 1652; x_wconf 85' lang='lat' dir='ltr'><strong>et</strong></span> 
     </span>
    </p>
   </div>
   <div class='ocr_carea' id='block_1_92' title="bbox 940 1661 1135 1691">
    <p class='ocr_par' dir='ltr' id='par_1_92' title="bbox 940 1661 1135 1691">
     <span class='ocr_line' id='line_1_92' title="bbox 940 1661 1135 1691; baseline 0.021 -4"><span class='ocrx_word' id='word_1_659' title='bbox 940 1661 1135 1691; x_wconf 69' lang='lat' dir='ltr'><strong>admiratione.</strong></span> 
     </span>
    </p>
   </div>
   <div class='ocr_carea' id='block_1_93' title="bbox 975 1762 1732 1810">
    <p class='ocr_par' dir='ltr' id='par_1_93' title="bbox 975 1762 1732 1810">
     <span class='ocr_line' id='line_1_93' title="bbox 975 1762 1732 1810; baseline 0.017 -21"><span class='ocrx_word' id='word_1_660' title='bbox 975 1762 1008 1790; x_wconf 85' lang='lat'><strong>89</strong></span> <span class='ocrx_word' id='word_1_661' title='bbox 1034 1763 1056 1791; x_wconf 94' lang='grc' dir='ltr'>Ο</span> <span class='ocrx_word' id='word_1_662' title='bbox 1076 1763 1198 1798; x_wconf 86' lang='lat' dir='ltr'><strong>Domine,</strong></span> <span class='ocrx_word' id='word_1_663' title='bbox 1212 1766 1257 1800; x_wconf 86' lang='lat' dir='ltr'><strong>qui</strong></span> <span class='ocrx_word' id='word_1_664' title='bbox 1271 1768 1394 1796; x_wconf 90' lang='lat' dir='ltr'><strong>omnium</strong></span> <span class='ocrx_word' id='word_1_665' title='bbox 1418 1770 1565 1799; x_wconf 75' lang='lat' dir='ltr'><strong>visibilium</strong></span> <span class='ocrx_word' id='word_1_666' title='bbox 1584 1777 1609 1800; x_wconf 81' lang='lat' dir='ltr'><strong>ct</strong></span> <span class='ocrx_word' id='word_1_667' title='bbox 1629 1775 1732 1810; x_wconf 77' lang='lat' dir='ltr'><strong>cogita-</strong></span> 
     </span>
    </p>
   </div>
   <div class='ocr_carea' id='block_1_94' title="bbox 939 1807 1733 1850">
    <p class='ocr_par' dir='ltr' id='par_1_94' title="bbox 939 1807 1733 1850">
     <span class='ocr_line' id='line_1_94' title="bbox 939 1807 1733 1850; baseline 0.016 -14"><span class='ocrx_word' id='word_1_668' title='bbox 939 1807 1034 1836; x_wconf 77' lang='lat' dir='ltr'><strong>ltiliutu</strong></span> <span class='ocrx_word' id='word_1_669' title='bbox 1049 1811 1222 1845; x_wconf 85' lang='lat' dir='ltr'><strong>omnipotens</strong></span> <span class='ocrx_word' id='word_1_670' title='bbox 1234 1813 1399 1847; x_wconf 86' lang='lat' dir='ltr'><strong>principiqu</strong></span> <span class='ocrx_word' id='word_1_671' title='bbox 1412 1823 1453 1848; x_wconf 84' lang='lat' dir='ltr'><strong>es,</strong></span> <span class='ocrx_word' id='word_1_672' title='bbox 1465 1817 1511 1850; x_wconf 90' lang='lat' dir='ltr'><strong>qui</strong></span> <span class='ocrx_word' id='word_1_673' title='bbox 1526 1818 1634 1846; x_wconf 87' lang='lat' dir='ltr'><strong>initium</strong></span> <span class='ocrx_word' id='word_1_674' title='bbox 1649 1821 1733 1849; x_wconf 84' lang='lat' dir='ltr'><strong>babes</strong></span> 
     </span>
    </p>
   </div>
   <div class='ocr_carea' id='block_1_95' title="bbox 937 1855 1728 1900">
    <p class='ocr_par' dir='ltr' id='par_1_95' title="bbox 937 1855 1728 1900">
     <span class='ocr_line' id='line_1_95' title="bbox 937 1855 1728 1900; baseline 0.018 -19"><span class='ocrx_word' id='word_1_675' title='bbox 937 1855 1119 1883; x_wconf 70' lang='lat' dir='ltr'><strong>atteruitatem</strong></span> <span class='ocrx_word' id='word_1_676' title='bbox 1136 1857 1258 1885; x_wconf 85' lang='lat' dir='ltr'><strong>increate</strong></span> <span class='ocrx_word' id='word_1_677' title='bbox 1285 1860 1330 1894; x_wconf 87' lang='lat' dir='ltr'><strong>qui</strong></span> <span class='ocrx_word' id='word_1_678' title='bbox 1349 1860 1429 1888; x_wconf 86' lang='lat' dir='ltr'><strong>liuent</strong></span> <span class='ocrx_word' id='word_1_679' title='bbox 1448 1862 1532 1891; x_wconf 85' lang='lat' dir='ltr'><strong>babes</strong></span> <span class='ocrx_word' id='word_1_680' title='bbox 1553 1865 1728 1900; x_wconf 79' lang='lat' dir='ltr'><strong>inﬁnitatem,</strong></span> 
     </span>
    </p>
   </div>
   <div class='ocr_carea' id='block_1_96' title="bbox 937 1899 1732 1944">
    <p class='ocr_par' dir='ltr' id='par_1_96' title="bbox 937 1899 1732 1944">
     <span class='ocr_line' id='line_1_96' title="bbox 937 1899 1732 1944; baseline 0.018 -17"><span class='ocrx_word' id='word_1_681' title='bbox 937 1899 1071 1929; x_wconf 83' lang='lat' dir='ltr'><strong>lmntense</strong></span> <span class='ocrx_word' id='word_1_682' title='bbox 1088 1903 1135 1937; x_wconf 93' lang='lat' dir='ltr'><strong>qui</strong></span> <span class='ocrx_word' id='word_1_683' title='bbox 1153 1908 1279 1931; x_wconf 85' lang='lat' dir='ltr'><strong>naturam</strong></span> <span class='ocrx_word' id='word_1_684' title='bbox 1300 1906 1382 1934; x_wconf 87' lang='lat' dir='ltr'><strong>babes</strong></span> <span class='ocrx_word' id='word_1_685' title='bbox 1397 1911 1617 1944; x_wconf 84' lang='lat' dir='ltr'><strong>superuaturale,</strong></span> <span class='ocrx_word' id='word_1_686' title='bbox 1647 1913 1732 1941; x_wconf 89' lang='lat' dir='ltr'><strong>incir-</strong></span> 
     </span>
    </p>
   </div>
   <div class='ocr_carea' id='block_1_97' title="bbox 938 1949 1731 1992">
    <p class='ocr_par' dir='ltr' id='par_1_97' title="bbox 938 1949 1731 1992">
     <span class='ocr_line' id='line_1_97' title="bbox 938 1949 1731 1992; baseline 0.016 -17"><span class='ocrx_word' id='word_1_687' title='bbox 938 1949 1122 1984; x_wconf 85' lang='lat' dir='ltr'><strong>cumscripte;</strong></span> <span class='ocrx_word' id='word_1_688' title='bbox 1148 1953 1175 1977; x_wconf 89' lang='lat' dir='ltr'><strong>et</strong></span> <span class='ocrx_word' id='word_1_689' title='bbox 1201 1951 1383 1980; x_wconf 75' lang='lat' dir='ltr'><strong>substantiam</strong></span> <span class='ocrx_word' id='word_1_690' title='bbox 1408 1954 1492 1984; x_wconf 81' lang='lat' dir='ltr'><strong>ltabes</strong></span> <span class='ocrx_word' id='word_1_691' title='bbox 1516 1960 1731 1992; x_wconf 81' lang='lat' dir='ltr'><strong>supersubstan-</strong></span> 
     </span>
    </p>
   </div>
   <div class='ocr_carea' id='block_1_98' title="bbox 937 1994 1728 2038">
    <p class='ocr_par' dir='ltr' id='par_1_98' title="bbox 937 1994 1728 2038">
     <span class='ocr_line' id='line_1_98' title="bbox 937 1994 1728 2038; baseline 0.019 -18"><span class='ocrx_word' id='word_1_692' title='bbox 937 1994 1011 2025; x_wconf 33' lang='lat' dir='ltr'><strong>tiydc.</strong></span> <span class='ocrx_word' id='word_1_693' title='bbox 1029 1995 1160 2030; x_wconf 77' lang='lat' dir='ltr'><strong>iugenite;</strong></span> <span class='ocrx_word' id='word_1_694' title='bbox 1188 2001 1215 2024; x_wconf 86' lang='lat' dir='ltr'><strong>et</strong></span> <span class='ocrx_word' id='word_1_695' title='bbox 1240 1997 1357 2026; x_wconf 77' lang='lat' dir='ltr'><strong>formam</strong></span> <span class='ocrx_word' id='word_1_696' title='bbox 1376 2000 1460 2029; x_wconf 84' lang='lat' dir='ltr'><strong>babes</strong></span> <span class='ocrx_word' id='word_1_697' title='bbox 1472 2004 1545 2038; x_wconf 89' lang='lat' dir='ltr'><strong>quod</strong></span> <span class='ocrx_word' id='word_1_698' title='bbox 1561 2007 1622 2033; x_wconf 86' lang='lat' dir='ltr'><strong>sine</strong></span> <span class='ocrx_word' id='word_1_699' title='bbox 1642 2007 1728 2035; x_wconf 80' lang='lat' dir='ltr'><strong>forma</strong></span> 
     </span>
    </p>
   </div>
   <div class='ocr_carea' id='block_1_99' title="bbox 937 2041 1731 2090">
    <p class='ocr_par' dir='ltr' id='par_1_99' title="bbox 937 2041 1731 2090">
     <span class='ocr_line' id='line_1_99' title="bbox 937 2041 1731 2090; baseline 0.021 -24"><span class='ocrx_word' id='word_1_700' title='bbox 937 2046 990 2070; x_wconf 84' lang='lat' dir='ltr'><strong>cst.</strong></span> <span class='ocrx_word' id='word_1_701' title='bbox 1009 2041 1165 2076; x_wconf 77' lang='lat' dir='ltr'><strong>invisibilis;</strong></span> <span class='ocrx_word' id='word_1_702' title='bbox 1179 2049 1205 2071; x_wconf 86' lang='lat' dir='ltr'><strong>et</strong></span> <span class='ocrx_word' id='word_1_703' title='bbox 1223 2046 1362 2080; x_wconf 84' lang='lat' dir='ltr'><strong>proprium</strong></span> <span class='ocrx_word' id='word_1_704' title='bbox 1389 2048 1472 2076; x_wconf 78' lang='lat' dir='ltr'><strong>habes</strong></span> <span class='ocrx_word' id='word_1_705' title='bbox 1495 2052 1566 2085; x_wconf 87' lang='lat' dir='ltr'><strong>quod</strong></span> <span class='ocrx_word' id='word_1_706' title='bbox 1585 2061 1640 2080; x_wconf 90' lang='lat' dir='ltr'><strong>non</strong></span> <span class='ocrx_word' id='word_1_707' title='bbox 1666 2062 1731 2090; x_wconf 86' lang='lat' dir='ltr'><strong>pro-</strong></span> 
     </span>
    </p>
   </div>
   <div class='ocr_carea' id='block_1_100' title="bbox 935 2087 1728 2129">
    <p class='ocr_par' dir='ltr' id='par_1_100' title="bbox 935 2087 1728 2129">
     <span class='ocr_line' id='line_1_100' title="bbox 935 2087 1728 2129; baseline 0.019 -15"><span class='ocrx_word' id='word_1_708' title='bbox 935 2087 1079 2122; x_wconf 87' lang='lat' dir='ltr'><strong>prietatem</strong></span> <span class='ocrx_word' id='word_1_709' title='bbox 1104 2089 1243 2124; x_wconf 89' lang='lat' dir='ltr'><strong>admittit,</strong></span> <span class='ocrx_word' id='word_1_710' title='bbox 1279 2093 1519 2129; x_wconf 83' lang='lat' dir='ltr'><strong>incorruptibilis;</strong></span> <span class='ocrx_word' id='word_1_711' title='bbox 1546 2103 1574 2125; x_wconf 86' lang='lat' dir='ltr'><strong>et</strong></span> <span class='ocrx_word' id='word_1_712' title='bbox 1607 2087 1728 2129; x_wconf 76' lang='lat' dir='ltr'><strong>habitum</strong></span> 
     </span>
    </p>
   </div>
   <div class='ocr_carea' id='block_1_101' title="bbox 935 2135 1728 2182">
    <p class='ocr_par' dir='ltr' id='par_1_101' title="bbox 935 2135 1728 2182">
     <span class='ocr_line' id='line_1_101' title="bbox 935 2135 1728 2182; baseline 0.02 -22"><span class='ocrx_word' id='word_1_713' title='bbox 935 2135 1008 2169; x_wconf 89' lang='lat' dir='ltr'><strong>qttod</strong></span> <span class='ocrx_word' id='word_1_714' title='bbox 1026 2143 1078 2162; x_wconf 90' lang='lat' dir='ltr'><strong>non</strong></span> <span class='ocrx_word' id='word_1_715' title='bbox 1095 2140 1137 2164; x_wconf 87' lang='lat' dir='ltr'><strong>est</strong></span> <span class='ocrx_word' id='word_1_716' title='bbox 1153 2137 1262 2166; x_wconf 87' lang='lat' dir='ltr'><strong>habitus</strong></span> <span class='ocrx_word' id='word_1_717' title='bbox 1280 2147 1334 2167; x_wconf 93' lang='lat' dir='ltr'><strong>non</strong></span> <span class='ocrx_word' id='word_1_718' title='bbox 1362 2142 1551 2178; x_wconf 69' lang='lat' dir='ltr'><strong>vestigabilis;</strong></span> <span class='ocrx_word' id='word_1_719' title='bbox 1573 2149 1600 2173; x_wconf 85' lang='lat' dir='ltr'><strong>et</strong></span> <span class='ocrx_word' id='word_1_720' title='bbox 1616 2145 1706 2175; x_wconf 88' lang='lat' dir='ltr'><strong>locum</strong></span> <span class='ocrx_word' id='word_1_721' title='bbox 1719 2169 1728 2182; x_wconf 94' lang='lat'><strong><em>,</em></strong></span> 
     </span>
    </p>
   </div>
   <div class='ocr_carea' id='block_1_102' title="bbox 937 2181 1729 2227">
    <p class='ocr_par' dir='ltr' id='par_1_102' title="bbox 937 2181 1729 2227">
     <span class='ocr_line' id='line_1_102' title="bbox 937 2181 1729 2227; baseline 0.02 -20"><span class='ocrx_word' id='word_1_722' title='bbox 937 2181 1150 2210; x_wconf 87' lang='lat' dir='ltr'><strong>immensitatem</strong></span> <span class='ocrx_word' id='word_1_723' title='bbox 1169 2204 1176 2217; x_wconf 88' lang='lat'><strong><em>,</em></strong></span> <span class='ocrx_word' id='word_1_724' title='bbox 1216 2185 1471 2223; x_wconf 86' lang='lat' dir='ltr'><strong>iucircumscripte;</strong></span> <span class='ocrx_word' id='word_1_725' title='bbox 1504 2193 1729 2227; x_wconf 83' lang='lat' dir='ltr'><strong>comprehensio-</strong></span> 
     </span>
    </p>
   </div>
   <div class='ocr_carea' id='block_1_103' title="bbox 938 2230 1726 2275">
    <p class='ocr_par' dir='ltr' id='par_1_103' title="bbox 938 2230 1726 2275">
     <span class='ocr_line' id='line_1_103' title="bbox 938 2230 1726 2275; baseline 0.019 -21"><span class='ocrx_word' id='word_1_726' title='bbox 938 2235 1055 2264; x_wconf 87' lang='lat' dir='ltr'><strong>netnque</strong></span> <span class='ocrx_word' id='word_1_727' title='bbox 1076 2234 1103 2256; x_wconf 84' lang='lat' dir='ltr'><strong>et</strong></span> <span class='ocrx_word' id='word_1_728' title='bbox 1118 2230 1482 2269; x_wconf 80' lang='lat' dir='ltr'><strong>incomprehensibilitatem,</strong></span> <span class='ocrx_word' id='word_1_729' title='bbox 1500 2238 1661 2268; x_wconf 83' lang='lat' dir='ltr'><strong>abscondite</strong></span> <span class='ocrx_word' id='word_1_730' title='bbox 1676 2250 1684 2275; x_wconf 83' lang='lat'>;</span> <span class='ocrx_word' id='word_1_731' title='bbox 1698 2246 1726 2269; x_wconf 85' lang='lat' dir='ltr'><strong>et</strong></span> 
     </span>
    </p>
   </div>
   <div class='ocr_carea' id='block_1_104' title="bbox 938 2275 1730 2321">
    <p class='ocr_par' dir='ltr' id='par_1_104' title="bbox 938 2275 1730 2321">
     <span class='ocr_line' id='line_1_104' title="bbox 938 2275 1730 2321; baseline 0.019 -21"><span class='ocrx_word' id='word_1_732' title='bbox 938 2275 1123 2309; x_wconf 77' lang='lat' dir='ltr'><strong>cognitionem</strong></span> <span class='ocrx_word' id='word_1_733' title='bbox 1139 2278 1450 2317; x_wconf 79' lang='lat' dir='ltr'><strong>contetttplationemque</strong></span> <span class='ocrx_word' id='word_1_734' title='bbox 1460 2283 1533 2318; x_wconf 91' lang='lat' dir='ltr'><strong>quod</strong></span> <span class='ocrx_word' id='word_1_735' title='bbox 1558 2292 1611 2313; x_wconf 89' lang='lat' dir='ltr'><strong>non</strong></span> <span class='ocrx_word' id='word_1_736' title='bbox 1638 2291 1730 2321; x_wconf 84' lang='lat' dir='ltr'><strong>potest</strong></span> 
     </span>
    </p>
   </div>
   <div class='ocr_carea' id='block_1_105' title="bbox 938 2321 1728 2367">
    <p class='ocr_par' dir='ltr' id='par_1_105' title="bbox 938 2321 1728 2367">
     <span class='ocr_line' id='line_1_105' title="bbox 938 2321 1728 2367; baseline 0.019 -21"><span class='ocrx_word' id='word_1_737' title='bbox 938 2321 1015 2347; x_wconf 88' lang='lat' dir='ltr'><strong>nosci</strong></span> <span class='ocrx_word' id='word_1_738' title='bbox 1029 2326 1077 2348; x_wconf 89' lang='lat' dir='ltr'><strong>aut</strong></span> <span class='ocrx_word' id='word_1_739' title='bbox 1090 2322 1188 2357; x_wconf 83' lang='lat' dir='ltr'><strong>videri,</strong></span> <span class='ocrx_word' id='word_1_740' title='bbox 1214 2324 1416 2356; x_wconf 86' lang='lat' dir='ltr'><strong>inaccessibilis</strong></span> <span class='ocrx_word' id='word_1_741' title='bbox 1434 2333 1461 2357; x_wconf 84' lang='lat' dir='ltr'><strong>et</strong></span> <span class='ocrx_word' id='word_1_742' title='bbox 1486 2337 1538 2358; x_wconf 88' lang='lat' dir='ltr'><strong>tton</strong></span> <span class='ocrx_word' id='word_1_743' title='bbox 1562 2333 1728 2367; x_wconf 80' lang='lat' dir='ltr'><strong>cogitabilis,</strong></span> 
     </span>
    </p>
   </div>
   <div class='ocr_carea' id='block_1_106' title="bbox 935 2368 1727 2410">
    <p class='ocr_par' dir='ltr' id='par_1_106' title="bbox 935 2368 1727 2410">
     <span class='ocr_line' id='line_1_106' title="bbox 935 2368 1727 2410; baseline 0.019 -17"><span class='ocrx_word' id='word_1_744' title='bbox 935 2370 963 2393; x_wconf 84' lang='lat' dir='ltr'><strong>et</strong></span> <span class='ocrx_word' id='word_1_745' title='bbox 979 2368 1130 2402; x_wconf 85' lang='lat' dir='ltr'><strong>rationem;</strong></span> <span class='ocrx_word' id='word_1_746' title='bbox 1154 2370 1226 2405; x_wconf 89' lang='lat' dir='ltr'><strong>qttod</strong></span> <span class='ocrx_word' id='word_1_747' title='bbox 1244 2379 1326 2410; x_wconf 81' lang='lat' dir='ltr'><strong>supra</strong></span> <span class='ocrx_word' id='word_1_748' title='bbox 1344 2375 1477 2408; x_wconf 80' lang='lat' dir='ltr'><strong>rationem</strong></span> <span class='ocrx_word' id='word_1_749' title='bbox 1487 2382 1540 2408; x_wconf 82' lang='lat' dir='ltr'><strong>est.</strong></span> <span class='ocrx_word' id='word_1_750' title='bbox 1557 2378 1727 2407; x_wconf 84' lang='lat' dir='ltr'><strong>inenarrabi-</strong></span> 
     </span>
    </p>
   </div>
   <div class='ocr_carea' id='block_1_107' title="bbox 935 2411 1710 2456">
    <p class='ocr_par' dir='ltr' id='par_1_107' title="bbox 935 2411 1710 2456">
     <span class='ocr_line' id='line_1_107' title="bbox 935 2411 1710 2456; baseline 0.018 -17"><span class='ocrx_word' id='word_1_751' title='bbox 935 2411 988 2445; x_wconf 85' lang='lat' dir='ltr'><strong>lis;</strong></span> <span class='ocrx_word' id='word_1_752' title='bbox 1010 2417 1038 2440; x_wconf 91' lang='lat' dir='ltr'><strong>et</strong></span> <span class='ocrx_word' id='word_1_753' title='bbox 1056 2414 1320 2453; x_wconf 85' lang='lat' dir='ltr'><strong>interpretationem,</strong></span> <span class='ocrx_word' id='word_1_754' title='bbox 1343 2421 1416 2454; x_wconf 91' lang='lat' dir='ltr'><strong>quod</strong></span> <span class='ocrx_word' id='word_1_755' title='bbox 1443 2429 1524 2450; x_wconf 68' lang='lat' dir='ltr'><strong>nemo</strong></span> <span class='ocrx_word' id='word_1_756' title='bbox 1539 2429 1627 2456; x_wconf 86' lang='lat' dir='ltr'><strong>potest</strong></span> <span class='ocrx_word' id='word_1_757' title='bbox 1643 2425 1710 2453; x_wconf 90' lang='lat' dir='ltr'><strong>inlct</strong></span> 
     </span>
    </p>
   </div>
   <div class='ocr_carea' id='block_1_108' title="bbox 935 2460 1725 2508">
    <p class='ocr_par' dir='ltr' id='par_1_108' title="bbox 935 2460 1725 2508">
     <span class='ocr_line' id='line_1_108' title="bbox 935 2460 1725 2508; baseline 0.019 -23"><span class='ocrx_word' id='word_1_758' title='bbox 935 2460 1047 2494; x_wconf 85' lang='lat' dir='ltr'><strong>pretari,</strong></span> <span class='ocrx_word' id='word_1_759' title='bbox 1066 2461 1222 2497; x_wconf 76' lang='lat' dir='ltr'><strong>inellabilis;</strong></span> <span class='ocrx_word' id='word_1_760' title='bbox 1237 2469 1265 2491; x_wconf 89' lang='lat' dir='ltr'><strong>et</strong></span> <span class='ocrx_word' id='word_1_761' title='bbox 1283 2467 1488 2502; x_wconf 73' lang='lat' dir='ltr'><strong>cogitationem,</strong></span> <span class='ocrx_word' id='word_1_762' title='bbox 1506 2470 1579 2503; x_wconf 87' lang='lat' dir='ltr'><strong>quod</strong></span> <span class='ocrx_word' id='word_1_763' title='bbox 1603 2479 1655 2498; x_wconf 92' lang='lat' dir='ltr'><strong>non</strong></span> <span class='ocrx_word' id='word_1_764' title='bbox 1674 2480 1725 2508; x_wconf 89' lang='lat' dir='ltr'><strong>po-</strong></span> 
     </span>
    </p>
   </div>
   <div class='ocr_carea' id='block_1_109' title="bbox 936 2509 1726 2550">
    <p class='ocr_par' dir='ltr' id='par_1_109' title="bbox 936 2509 1726 2550">
     <span class='ocr_line' id='line_1_109' title="bbox 936 2509 1726 2550; baseline 0.019 -18"><span class='ocrx_word' id='word_1_765' title='bbox 936 2511 988 2534; x_wconf 76' lang='lat' dir='ltr'><strong>test</strong></span> <span class='ocrx_word' id='word_1_766' title='bbox 1004 2509 1138 2543; x_wconf 74' lang='lat' dir='ltr'><strong>cogitari.</strong></span> <span class='ocrx_word' id='word_1_767' title='bbox 1163 2510 1370 2544; x_wconf 76' lang='lat' dir='ltr'><strong>incogitabilis;</strong></span> <span class='ocrx_word' id='word_1_768' title='bbox 1398 2519 1480 2550; x_wconf 90' lang='lat' dir='ltr'><strong>atque</strong></span> <span class='ocrx_word' id='word_1_769' title='bbox 1501 2516 1616 2545; x_wconf 90' lang='lat' dir='ltr'><strong>ountino</strong></span> <span class='ocrx_word' id='word_1_770' title='bbox 1642 2520 1726 2547; x_wconf 82' lang='lat' dir='ltr'><strong>situm</strong></span> 
     </span>
    </p>
   </div>
   <div class='ocr_carea' id='block_1_110' title="bbox 936 2553 1726 2597">
    <p class='ocr_par' dir='ltr' id='par_1_110' title="bbox 936 2553 1726 2597">
     <span class='ocr_line' id='line_1_110' title="bbox 936 2553 1726 2597; baseline 0.018 -18"><span class='ocrx_word' id='word_1_771' title='bbox 936 2553 1020 2580; x_wconf 86' lang='lat' dir='ltr'><strong>babes</strong></span> <span class='ocrx_word' id='word_1_772' title='bbox 1037 2562 1121 2589; x_wconf 80' lang='lat' dir='ltr'><strong>super</strong></span> <span class='ocrx_word' id='word_1_773' title='bbox 1137 2557 1229 2584; x_wconf 85' lang='lat' dir='ltr'><strong>omnia</strong></span> <span class='ocrx_word' id='word_1_774' title='bbox 1247 2558 1448 2593; x_wconf 81' lang='lat' dir='ltr'><strong>celsitudinem.</strong></span> <span class='ocrx_word' id='word_1_775' title='bbox 1465 2569 1480 2588; x_wconf 92' lang='grc' dir='ltr'><strong>ο</strong></span> <span class='ocrx_word' id='word_1_776' title='bbox 1495 2561 1637 2597; x_wconf 89' lang='lat' dir='ltr'><strong>Supretne;</strong></span> <span class='ocrx_word' id='word_1_777' title='bbox 1653 2570 1726 2594; x_wconf 76' lang='lat' dir='ltr'><strong>totus</strong></span> 
     </span>
    </p>
   </div>
   <div class='ocr_carea' id='block_1_111' title="bbox 935 2601 1722 2640">
    <p class='ocr_par' dir='ltr' id='par_1_111' title="bbox 935 2601 1722 2640">
     <span class='ocr_line' id='line_1_111' title="bbox 935 2601 1722 2640; baseline 0.015 -14"><span class='ocrx_word' id='word_1_778' title='bbox 935 2607 966 2628; x_wconf 89' lang='lat' dir='ltr'><strong>es</strong></span> <span class='ocrx_word' id='word_1_779' title='bbox 981 2601 1122 2633; x_wconf 83' lang='lat' dir='ltr'><strong>mirabilis,</strong></span> <span class='ocrx_word' id='word_1_780' title='bbox 1134 2607 1161 2630; x_wconf 87' lang='lat' dir='ltr'><strong>et</strong></span> <span class='ocrx_word' id='word_1_781' title='bbox 1176 2611 1227 2638; x_wconf 86' lang='lat' dir='ltr'><strong>pax</strong></span> <span class='ocrx_word' id='word_1_782' title='bbox 1243 2609 1269 2632; x_wconf 90' lang='lat' dir='ltr'><strong>et</strong></span> <span class='ocrx_word' id='word_1_783' title='bbox 1282 2605 1380 2633; x_wconf 89' lang='lat' dir='ltr'><strong>liducia</strong></span> <span class='ocrx_word' id='word_1_784' title='bbox 1396 2606 1560 2640; x_wconf 54' lang='lat' dir='ltr'><strong>et,cltaritas</strong></span> <span class='ocrx_word' id='word_1_785' title='bbox 1572 2610 1722 2639; x_wconf 89' lang='lat' dir='ltr'><strong>etdulcedo</strong></span> 
     </span>
    </p>
   </div>
   <div class='ocr_carea' id='block_1_112' title="bbox 933 2647 1723 2691">
    <p class='ocr_par' dir='ltr' id='par_1_112' title="bbox 933 2647 1723 2691">
     <span class='ocr_line' id='line_1_112' title="bbox 933 2647 1723 2691; baseline 0.013 -16"><span class='ocrx_word' id='word_1_786' title='bbox 933 2651 961 2675; x_wconf 89' lang='lat' dir='ltr'><strong>et</strong></span> <span class='ocrx_word' id='word_1_787' title='bbox 979 2647 1093 2679; x_wconf 72' lang='lat' dir='ltr'><strong>delicite.</strong></span> <span class='ocrx_word' id='word_1_788' title='bbox 1112 2654 1140 2676; x_wconf 76' lang='lat' dir='ltr'><strong>et</strong></span> <span class='ocrx_word' id='word_1_789' title='bbox 1160 2649 1186 2677; x_wconf 93' lang='lat' dir='ltr'><strong>in</strong></span> <span class='ocrx_word' id='word_1_790' title='bbox 1203 2651 1331 2679; x_wconf 86' lang='lat' dir='ltr'><strong>omnibus</strong></span> <span class='ocrx_word' id='word_1_791' title='bbox 1347 2655 1482 2682; x_wconf 85' lang='lat' dir='ltr'><strong>securitas</strong></span> <span class='ocrx_word' id='word_1_792' title='bbox 1495 2659 1522 2682; x_wconf 87' lang='lat' dir='ltr'><strong>el.</strong></span> <span class='ocrx_word' id='word_1_793' title='bbox 1537 2663 1600 2683; x_wconf 83' lang='lat' dir='ltr'><strong>vera</strong></span> <span class='ocrx_word' id='word_1_794' title='bbox 1618 2657 1723 2691; x_wconf 72' lang='lat' dir='ltr'><strong>lmtilia,</strong></span> 
     </span>
    </p>
   </div>
   <div class='ocr_carea' id='block_1_113' title="bbox 933 2694 1724 2738">
    <p class='ocr_par' dir='ltr' id='par_1_113' title="bbox 933 2694 1724 2738">
     <span class='ocr_line' id='line_1_113' title="bbox 933 2694 1724 2738; baseline 0.014 -18"><span class='ocrx_word' id='word_1_795' title='bbox 933 2694 990 2721; x_wconf 77' lang='lat' dir='ltr'><strong>sola</strong></span> <span class='ocrx_word' id='word_1_796' title='bbox 1007 2695 1194 2724; x_wconf 75' lang='lat' dir='ltr'><strong>sub-tantialis</strong></span> <span class='ocrx_word' id='word_1_797' title='bbox 1206 2697 1292 2732; x_wconf 76' lang='lat' dir='ltr'><strong>gloria</strong></span> <span class='ocrx_word' id='word_1_798' title='bbox 1316 2702 1344 2726; x_wconf 87' lang='lat' dir='ltr'><strong>et</strong></span> <span class='ocrx_word' id='word_1_799' title='bbox 1362 2706 1475 2734; x_wconf 83' lang='lat' dir='ltr'><strong>regnum</strong></span> <span class='ocrx_word' id='word_1_800' title='bbox 1496 2707 1524 2728; x_wconf 89' lang='lat' dir='ltr'><strong>et</strong></span> <span class='ocrx_word' id='word_1_801' title='bbox 1539 2703 1672 2738; x_wconf 80' lang='lat' dir='ltr'><strong>sapientia</strong></span> <span class='ocrx_word' id='word_1_802' title='bbox 1696 2711 1724 2731; x_wconf 84' lang='lat' dir='ltr'><strong>et</strong></span> 
     </span>
    </p>
   </div>
   <div class='ocr_carea' id='block_1_114' title="bbox 933 2740 1723 2779">
    <p class='ocr_par' dir='ltr' id='par_1_114' title="bbox 933 2740 1723 2779">
     <span class='ocr_line' id='line_1_114' title="bbox 933 2740 1723 2779; baseline 0.015 -13"><span class='ocrx_word' id='word_1_803' title='bbox 933 2740 1074 2768; x_wconf 82' lang='lat' dir='ltr'><strong>fortitudo.</strong></span> <span class='ocrx_word' id='word_1_804' title='bbox 1089 2741 1206 2778; x_wconf 87' lang='lat' dir='ltr'><strong>ideoque</strong></span> <span class='ocrx_word' id='word_1_805' title='bbox 1225 2743 1259 2771; x_wconf 85' lang='lat' dir='ltr'><strong>ab</strong></span> <span class='ocrx_word' id='word_1_806' title='bbox 1281 2745 1411 2773; x_wconf 88' lang='lat' dir='ltr'><strong>omnibus</strong></span> <span class='ocrx_word' id='word_1_807' title='bbox 1430 2747 1582 2777; x_wconf 80' lang='lat' dir='ltr'><strong>visibilibus</strong></span> <span class='ocrx_word' id='word_1_808' title='bbox 1604 2750 1723 2779; x_wconf 70' lang='lat' dir='ltr'><strong>recessit)</strong></span> 
     </span>
    </p>
   </div>
   <div class='ocr_carea' id='block_1_115' title="bbox 94 2778 1724 2833">
    <p class='ocr_par' dir='ltr' id='par_1_115' title="bbox 94 2778 1724 2833">
     <span class='ocr_line' id='line_1_115' title="bbox 94 2778 1724 2833; baseline 0.012 -28"><span class='ocrx_word' id='word_1_809' title='bbox 94 2785 122 2805; x_wconf 82' lang='lat' dir='ltr'><strong>ct</strong></span> <span class='ocrx_word' id='word_1_810' title='bbox 158 2778 192 2805; x_wconf 76' lang='lat' dir='ltr'><strong>ab</strong></span> <span class='ocrx_word' id='word_1_811' title='bbox 209 2779 339 2807; x_wconf 85' lang='lat' dir='ltr'><strong>omnibus</strong></span> <span class='ocrx_word' id='word_1_812' title='bbox 361 2778 554 2814; x_wconf 70' lang='lat' dir='ltr'><strong>cogitabilibus</strong></span> <span class='ocrx_word' id='word_1_813' title='bbox 577 2785 694 2809; x_wconf 81' lang='lat' dir='ltr'><strong>cessatio</strong></span> <span class='ocrx_word' id='word_1_814' title='bbox 711 2784 871 2812; x_wconf 84' lang='lat' dir='ltr'><strong>naturaliter</strong></span> <span class='ocrx_word' id='word_1_815' title='bbox 900 2785 1045 2815; x_wconf 80' lang='lat' dir='ltr'><strong>inell‘abilis</strong></span> <span class='ocrx_word' id='word_1_816' title='bbox 1071 2796 1112 2821; x_wconf 83' lang='lat' dir='ltr'><strong>es.</strong></span> <span class='ocrx_word' id='word_1_817' title='bbox 1127 2793 1155 2817; x_wconf 88' lang='lat' dir='ltr'><strong>et</strong></span> <span class='ocrx_word' id='word_1_818' title='bbox 1182 2790 1290 2831; x_wconf 85' lang='lat' dir='ltr'><strong>requies</strong></span> <span class='ocrx_word' id='word_1_819' title='bbox 1312 2791 1340 2818; x_wconf 93' lang='lat' dir='ltr'><strong>in</strong></span> <span class='ocrx_word' id='word_1_820' title='bbox 1359 2795 1385 2820; x_wconf 91' lang='lat' dir='ltr'><strong>te</strong></span> <span class='ocrx_word' id='word_1_821' title='bbox 1410 2793 1532 2822; x_wconf 79' lang='lat' dir='ltr'><strong>miranda</strong></span> <span class='ocrx_word' id='word_1_822' title='bbox 1550 2796 1584 2824; x_wconf 79' lang='lat' dir='ltr'><strong>iis</strong></span> <span class='ocrx_word' id='word_1_823' title='bbox 1607 2799 1654 2833; x_wconf 88' lang='lat' dir='ltr'><strong>qui</strong></span> <span class='ocrx_word' id='word_1_824' title='bbox 1685 2801 1724 2831; x_wconf 84' lang='lat' dir='ltr'><strong>te.</strong></span> 
     </span>
    </p>
   </div>
   <div class='ocr_carea' id='block_1_116' title="bbox 95 2824 1142 2865">
    <p class='ocr_par' dir='ltr' id='par_1_116' title="bbox 95 2824 1142 2865">
     <span class='ocr_line' id='line_1_116' title="bbox 95 2824 1142 2865; baseline 0.012 -15"><span class='ocrx_word' id='word_1_825' title='bbox 95 2832 161 2851; x_wconf 81' lang='lat' dir='ltr'><strong>cum</strong></span> <span class='ocrx_word' id='word_1_826' title='bbox 181 2826 269 2852; x_wconf 83' lang='lat' dir='ltr'><strong>sancti</strong></span> <span class='ocrx_word' id='word_1_827' title='bbox 282 2825 404 2860; x_wconf 81' lang='lat' dir='ltr'><strong>Spiritus</strong></span> <span class='ocrx_word' id='word_1_828' title='bbox 418 2824 880 2865; x_wconf 71' lang='lat' dir='ltr'><strong>participatione.contemplantnr.</strong></span> <span class='ocrx_word' id='word_1_829' title='bbox 898 2832 1043 2862; x_wconf 82' lang='lat' dir='ltr'><strong>ittellabilis</strong></span> <span class='ocrx_word' id='word_1_830' title='bbox 1061 2835 1142 2864; x_wconf 84' lang='lat' dir='ltr'><strong>Deus.</strong></span> 
     </span>
    </p>
   </div>
   <div class='ocr_carea' id='block_1_117' title="bbox 120 2883 868 2921">
    <p class='ocr_par' dir='ltr' id='par_1_117' title="bbox 120 2883 868 2921">
     <span class='ocr_line' id='line_1_117' title="bbox 120 2883 868 2921; baseline 0.001 -12"><span class='ocrx_word' id='word_1_831' title='bbox 120 2883 156 2916; x_wconf 54' lang='lat' dir='ltr'><strong>Lf.</strong></span> <span class='ocrx_word' id='word_1_832' title='bbox 178 2894 186 2909; x_wconf 80' lang='grc' dir='ltr'><strong>ι</strong></span> <span class='ocrx_word' id='word_1_833' title='bbox 199 2885 413 2921; x_wconf 73' lang='grc' dir='ltr'>Θαυμαζὸμενον</span> <span class='ocrx_word' id='word_1_834' title='bbox 427 2885 467 2920; x_wconf 76' lang='grc' dir='ltr'>δὲ,</span> <span class='ocrx_word' id='word_1_835' title='bbox 481 2885 510 2913; x_wconf 74' lang='grc' dir='ltr'>τὸ</span> <span class='ocrx_word' id='word_1_836' title='bbox 533 2884 611 2912; x_wconf 81' lang='grc' dir='ltr'><strong>Θεῖον</strong></span> <span class='ocrx_word' id='word_1_837' title='bbox 623 2885 733 2921; x_wconf 84' lang='grc' dir='ltr'>δηλαδὴ,</span> <span class='ocrx_word' id='word_1_838' title='bbox 746 2885 868 2911; x_wconf 67' lang='lat' dir='ltr'><strong>meatu:</strong></span> 
     </span>
    </p>
   </div>
   <div class='ocr_carea' id='block_1_118' title="bbox 966 2883 1722 2933">
    <p class='ocr_par' dir='ltr' id='par_1_118' title="bbox 966 2883 1722 2933">
     <span class='ocr_line' id='line_1_118' title="bbox 966 2883 1722 2933; baseline 0.019 -23"><span class='ocrx_word' id='word_1_839' title='bbox 966 2883 1009 2911; x_wconf 91' lang='lat'><strong>90.</strong></span> <span class='ocrx_word' id='word_1_840' title='bbox 1032 2884 1191 2930; x_wconf 12' lang='lat' dir='ltr'><strong>iiDivinum</strong></span> <span class='ocrx_word' id='word_1_841' title='bbox 1218 2887 1304 2933; x_wconf 22' lang='lat' dir='ltr'><strong>quodﬁ</strong></span> <span class='ocrx_word' id='word_1_842' title='bbox 1316 2888 1460 2933; x_wconf 83' lang='lat' dir='ltr'><strong>miramur,</strong></span> <span class='ocrx_word' id='word_1_843' title='bbox 1486 2894 1573 2927; x_wconf 78' lang='lat' dir='ltr'><strong>magis</strong></span> <span class='ocrx_word' id='word_1_844' title='bbox 1592 2901 1722 2930; x_wconf 79' lang='lat' dir='ltr'><strong>oplnlur;</strong></span> 
     </span>
    </p>
   </div>
   <div class='ocr_carea' id='block_1_119' title="bbox 906 2949 937 2956">
    <p class='ocr_par' dir='ltr' id='par_1_119' title="bbox 906 2949 937 2956">
     <span class='ocr_line' id='line_1_119' title="bbox 906 2949 937 2956; baseline 0 0"><span class='ocrx_word' id='word_1_845' title='bbox 906 2949 937 2956; x_wconf 42' lang='grc' dir='ltr'><strong>«ν</strong></span> 
     </span>
    </p>
   </div>
  </div>
