1924 3092
121 138 173 170 9117

665 135 714 164 DE
735 134 823 164 HTA
842 133 1174 164 CONTEMPLATIVA.

1681 131 1735 163 933

154 203 208 236 ἵππι’.
232 202 308 228 Ἰδεῖν
327 209 354 226 σε
373 200 489 235 μάλιστα
505 198 643 233 βούλομαι,
659 195 705 222 καὶ
721 196 753 229 δὴ
769 197 908 229 ἑπομένως

984 194 1029 220 91.
1046 191 1086 218 ’l‘e
1101 192 1235 225 imprimis
1253 190 1344 217 videre
1363 190 1424 216 vulu
1437 194 1462 215 ct
1476 195 1674 223 consequenter
1689 197 1735 216 ce-

121 250 250 283 ὺμνῆσαι,
272 246 399 279 ζωοποιὲ,
418 245 474 279 ζωὴ
491 244 546 270 τῶν
574 243 704 277 ἁμηγέπη
722 242 846 276 ὁρώντων
866 249 908 270 σε,

121 297 204 329 Κύριε
225 296 238 320 ὁ
253 294 319 324 Θεός
344 301 406 328 μου,
423 291 480 318 ἀλλ’
501 290 550 316 οὐκ
575 289 629 323 ἔχω
651 287 813 322 βουλόμενος
836 286 909 315 ὅπως

120 341 229 373 ἐπάξιον
253 339 334 371 εἴπω,
358 338 405 364 καὶ
430 336 612 373 διαποροῦμαι
643 333 703 360 κατ’
721 332 848 366 ἀλήθειαν
862 330 910 356 καὶ

120 371 255 421 ἀδημονῶ.
281 385 313 411 Ὢ
330 384 388 415 πῶς
404 383 514 413 οἰκείως
528 382 541 408 ὁ
555 371 616 411 νοῦς
632 380 688 414 ἔχει
705 387 755 410 σοι,
775 377 908 407 Δέσποτα,

121 430 224 467 Ποιητὰ
247 431 380 463 πάνσοφε,
396 430 443 455 καὶ
459 429 489 454 σὲ
507 427 586 462 μόνον
610 425 681 460 ὁρῶν
702 425 813 458 εἰρήνης
838 425 908 450 ἁπο-

120 477 207 510 λαύει,
221 478 266 503 κοιι¹
280 475 437 506 ἀναπαύλας
449 474 523 508 αὐτῷ
533 471 688 508 προσφυοῦς
701 472 707 497 ι
731 470 850 504 Ἑφίεται
861 468 909 496 καὶ

120 523 173 558 γὰρ
190 521 349 556 πεφυκότως
390 520 462 552 νοῦς,
484 520 533 554 τῆς
551 517 661 550 ἔξωθεν,
676 517 724 543 καὶ
744 515 907 550 φαινομένης

122 569 271 604 περιφορᾶς
286 565 490 600 ἐλευθερωθεὶς,
516 565 562 590 καὶ
585 562 719 598 σχολάσας
733 562 776 596 ἐφ’
801 559 908 592 ἑαυτὸν,

122 615 200 646 νοεῖν,
229 613 279 640 καὶ
310 612 429 647 μάλιστα
448 611 480 645 δὴ
511 608 674 636 διανοεῖσθαι
706 607 808 642 φυσικῇ
837 604 909 631 ὠκύ-

121 668 181 694 τητι
197 658 233 684 τὰ
259 657 426 692 ὑψηλότερα,
444 656 491 682 καὶ
509 653 689 689 προσκεῖσθαι
701 652 740 687 τῷ
756 651 908 686 γιγνομένῳ

122 705 169 739 τῆς
184 703 333 737 κατ’,αὺτὸν
346 702 441 733 ἁῦλιας
454 703 510 732 τοῖς
527 699 700 735 ἰσχνοτέροις.
714 697 823 733 Ἀμέλει
836 696 908 731 λόγῳ

123 750 256 784 πεφυκότι
274 749 424 784 αὐτόμολος
444 747 564 782 ὡσπερεὶ
580 746 725 780 ἀνατρέχει
739 744 808 780 πρὸς
827 752 859 778 γε
876 746 908 769 τὸ

123 797 231 823 πάντων
244 795 405 830 ὑπέρτερον,
419 795 467 821 καὶ
486 794 577 828 πάσης
588 792 682 823 eam;
697 790 844 825 ἀνώτερον.
856 791 908 824 Δῆ-

124 844 170 870 λον
186 842 216 868 δὲ
237 842 278 868 ὅτι
295 841 325 867 σὲ
346 840 393 866 καὶ
411 840 538 875 μάλιστα,
557 839 716 874 Πνεύματος
738 839 814 872 ἁγίου
831 839 936 890 patrvi,”

124 889 168 916 διὰ
180 888 299 918 πίστεως
320 885 391 912 κατὰ
407 886 438 912 τὺ
463 886 538 916 εἰκὸς
556 884 745 920 βοηθούμενος,
764 883 810 910 καὶ
825 883 910 918 ταύτῃ

123 935 190 968 δῆτα
206 932 423 966 ἀνατεινόμενος,
441 931 458 966 ἢ
483 930 583 966 μᾶλλον
606 929 774 964 γιγνομένως
837 927 909 960 νοῦς,

125 980 176 1005 ὑπὸ
198 978 253 1005 τῶν
277 978 342 1012 περὶ
369 977 397 1003 σὲ
420 976 533 1010 νοητῶν,
550 976 587 1007 ὡς
608 976 640 1002 ἄν
665 984 745 1001 τινων
773 970 937 1009 συγγενῶνί

124 1025 314 1058 ἀνελκόμενος,
332 1023 411 1049 ποθεί
425 1031 453 1048 σε
469 1021 516 1048 καὶ
529 1022 600 1048 πὰνυ
614 1021 685 1047 ἰδεῖν
692 1022 739 1047 σὺν
753 1021 834 1047 παντὶ
846 1029 912 1056 ¹ιιρο-

125 1070 202 1104 θύμῳ
215 1069 316 1103 τῷ¹τῆς
335 1068 434 1101 ψυχῆς.
460 1065 510 1094 Οἷα
533 1067 561 1093 δὲ
579 1067 678 1101 πάσχει
700 1067 849 1100 θαυμάσια,
864 1066 911 1092 καὶ

126 1115 246 1150 μακάρια
271 1114 450 1148 πεφυκότως·
473 1113 533 1138 ἐπεὶ
563 1113 610 1138 καὶ
634 1111 688 1145 γὰρ
714 1112 793 1145 φύσις
826 1111 909 1146 αὐτῷ,

123 1159 195 1199 ᾗπερ
212 1161 295 1195 ἔφην,
314 1160 394 1194 νοερὰ
414 1159 492 1192 οὖσα,
504 1159 612 1185 πάντων
625 1157 791 1192 κτισμάτων,
813 1157 912 1192 μᾶλλον

124 1207 155 1242 δὴ
170 1206 270 1241 πτηνὴ,
289 1207 337 1232 καὶ
358 1206 465 1239 ταχεῖα,
487 1203 578 1237 ἔφεσιν
592 1203 619 1230 δὲ
643 1204 835 1238 προσηκόντως
855 1204 912 1237 ἔχει

123 1252 157 1277 τὰ.
168 1250 260 1285 νοητὰ,
276 1250 362 1276 δεῖται
379 1249 460 1280 νοεῐν,
480 1248 518 1278 ὡς
542 1247 643 1274 ἐσθίειν
660 1248 716 1279 ζῶα
736 1247 769 1273 τὰ
795 1247 912 1282 αἰσθητὰ

125 1297 179 1333 [ιον.
192 1294 363 1330 αἰσθητικὰι,
374 1294 450 1320 τουτὶ
462 1294 516 1329 γὰρ
527 1294 626 1329 τρόπον
638 1292 786 1328 ἐφάμιλλον
799 1292 829 1319 τὸ
841 1294 912 1319 νοεῖν

123 1342 163 1377 τῷ
182 1341 232 1373 νοῒ⁷
250 1341 318 1376 ὅπερ
333 1340 372 1376 τῷ
385 1339 485 1366 ἐσθίειν
500 1339 580 1371 (tum;
594 1340 651 1370 τοῖς
667 1338 845 1372 αἱσῦητικοῖς.
865 1339 912 1365 Ἐκ

124 1389 177 1422 γὰρ
191 1386 237 1414 τοῦ
249 1387 329 1418 νοεῖν,
347 1386 393 1412 καὶ
408 1385 457 1420 ζῇν
472 1385 591 1417 οἰκείως,
606 1385 654 1411 καὶ
670 1384 772 1416 αὔξειν,
787 1385 833 1411 καὶ
846 1384 912 1410 ἁπο-

123 1433 214 1458 λαύειν
238 1431 285 1458 καὶ
301 1430 448 1464 τέρπεσθαι
462 1430 586 1464 γίγνεται
601 1429 640 1464 τῷ
663 1429 711 1464 νῷ,
731 1429 769 1460 ὡς
788 1430 834 1455 καὶ
855 1431 912 1460 τοῖς

123 1478 291 1512 αἱσθητικοίς
307 1477 386 1508 ζώοις
408 1477 440 1502 ὲκ
456 1475 503 1502 τοῦ
526 1475 626 1501 ἐσθίειν
656 1475 725 1502 ἐστί.
743 1475 861 1501 Τοιαῦτα
882 1474 910 1500 δέ

953 240 1067 270 lebrarc,
1085 245 1101 264 0
1118 237 1234 268 virilice,
1261 241 1287 263 et
1312 236 1366 262 vita
1384 243 1478 262 corum
1504 235 1626 262 omnium
1647 235 1693 269 qui
1709 240 1736 261 le

951 285 1053 314 vident,
1074 283 1186 310 Domine
1202 283 1274 309 Deus
1296 289 1392 314 meus;
1416 282 1462 308 sed
1483 281 1575 308 nescio
1599 281 1736 316 quomodo

950 330 1015 364 quid
1030 330 1102 364 digni
1116 330 1223 363 loquar,
1235 333 1262 355 et
1277 329 1376 360 h:ereo,
1391 333 1417 354 et
1433 327 1580 354 secundum
1593 328 1735 354 veritatem

952 374 1070 408 indigeo.
1094 375 1115 400 Ο
1134 374 1270 408 quomodo
1291 374 1398 407 proprie
1413 379 1490 399 mens
1507 372 1556 399 tibi
1577 373 1665 403 adest,
1681 372 1736 400 D0-

952 421 1034 452 mine,
1059 420 1259 454 sapientissime
1282 421 1394 446 Greater
1420 423 1448 447 et
1474 424 1501 446 te
1518 418 1606 446 solum
1638 418 1735 445 videns

952 473 1018 501 pace
1034 466 1135 492 fruitur
1151 471 1178 492 et
1198 466 1371 492 convenienti
1393 465 1502 500 quiete!
1527 464 1608 499 Optat
1623 464 1735 498 quidem

951 512 1111 539 naturaliter
1128 519 1214 542 mens,
1230 512 1351 538 externis
1366 517 1391 538 et
1405 511 1598 545 apparentibus
1609 511 1735 542 liberata,

950 563 977 584 ιιι
994 558 1044 584 sibi
1061 557 1109 591 ipsi
1126 557 1296 588 incumbens.
1316 559 1435 591 cogitare
1451 562 1478 583 et
1495 557 1612 583 naturali
1629 556 1736 589 perspi-

951 605 1052 632 cuitate
1066 612 1184 638 superna
1199 604 1338 638 inquirere
1351 608 1377 630 et
1401 603 1540 629 adhaerere
1555 603 1588 629 iis
1602 610 1662 637 quae
1679 610 1736 629 sua:

951 651 1085 685 spirituali
1103 650 1262 678 substantia:
1283 650 1400 677 maxime
1418 654 1583 684 congruunt.

984 697 1105 724 Naturali
1125 704 1190 724 sane
1209 697 1313 723 ratione
1332 702 1427 730 sponte
1442 704 1556 723 currens
1569 696 1691 723 ascendit
1703 696 1736 722 ad

950 744 1017 771 illud
1031 743 1103 778 quod
1114 748 1156 770 est
1169 750 1252 776 super
1267 743 1357 769 omnia
1369 747 1395 769 et
1409 742 1480 769 0mm
1492 743 1601 776 spiritui
1615 747 1736 776 praestat.

950 789 1122 817 Manifestum
1148 797 1213 816 vero
1230 792 1273 817 est
1296 789 1367 823 quod
1387 793 1422 820 te,
1438 788 1600 823 pramertim,
1619 787 1738 822 Spiritus

950 836 1039 863 Sancti
1059 841 1144 869 motul
1165 845 1214 872 per
1229 837 1321 868 ﬁdem.
1343 841 1371 864 ut
1386 837 1464 863 decet
1476 855 1483 867 ,
1508 836 1598 870 adjuta
1616 842 1693 862 mens
1709 839 1738 861 et

951 882 1070 908 maxima
1085 882 1185 909 virtute
1199 886 1362 914 sustentata,
1391 881 1425 908 iis
1441 887 1502 915 quae
1511 881 1615 908 circum
1633 885 1658 907 te
1672 884 1737 907 sunt.

951 927 1138 962 spiritualibus
1152 932 1278 959 attracta,
1315 932 1445 962 tanquam
1474 935 1487 954 a
1509 927 1672 961 quibusdam
1690 934 1737 953 cu-

951 973 1053 1008 gnatis,
1072 978 1146 1007 optat
1166 979 1192 1001 te
1205 974 1279 1001 omni
1298 974 1396 1001 animae
1411 973 1502 1001 studio
1523 973 1628 1000 videre.
1655 972 1736 999 Multa

951 1019 1036 1053 igitur
1050 1020 1118 1047 mira
1132 1027 1165 1047 ac
1181 1020 1259 1047 beata
1277 1020 1389 1054 patitur;
1405 1020 1534 1053 quoniam
1550 1019 1621 1046 enim
1639 1023 1736 1045 natura

952 1064 1003 1098 ipsi
1023 1069 1075 1094 est.
1091 1070 1120 1091 ut
1134 1065 1209 1098 prius
1219 1065 1285 1096 dixi,
1299 1064 1462 1098 spiritualis,
1476 1071 1571 1090 omnes
1583 1069 1735 1093 creaturas.

952 1115 1080 1145 tanquam
1093 1110 1115 1138 si
1127 1111 1228 1138 celeres
1237 1111 1294 1138 alas
1304 1110 1427 1142 haberet,
1437 1114 1509 1136 motu
1520 1114 1639 1143 superat,
1653 1109 1735 1143 spiri—

953 1157 1038 1183 tualia
1053 1160 1143 1190 potest
1169 1157 1308 1191 cogitare.
1337 1162 1367 1182 ut
1387 1164 1448 1190 qua:
1471 1156 1594 1182 sentiunt
1608 1155 1736 1181 animalia

952 1207 1067 1236 possunt
1082 1202 1261 1230 manducare.
1286 1202 1388 1230 Eodem
1415 1202 1494 1228 modo
1517 1201 1589 1228 enim
1615 1201 1737 1235 cogitare

952 1248 1037 1274 menti
1051 1255 1080 1275 se
1094 1247 1186 1280 habet,
1211 1255 1243 1274 ac
1260 1247 1428 1274 manducare
1445 1246 1544 1274 brutis.
1577 1246 1616 1273 Ex
1632 1246 1738 1279 cogita-

953 1293 1027 1320 tione
1039 1293 1111 1320 enim
1128 1300 1206 1320 mens
1219 1297 1246 1320 et
1270 1293 1336 1319 vivit
1361 1292 1472 1327 propria
1487 1292 1552 1324 vita,
1578 1295 1606 1318 et
1624 1291 1736 1320 crescit.

952 1343 979 1366 et
994 1339 1093 1366 fruitur
1106 1339 1276 1373 lmtaturque,
1293 1343 1322 1365 nt
1344 1338 1372 1365 fit
1397 1338 1487 1365 brutis
1501 1337 1688 1373 animantibus
1704 1346 1738 1365 ex

953 1386 1172 1413 manducatione.
1194 1385 1268 1412 Talia
1293 1388 1382 1412 autent
1410 1386 1551 1420 experitur
1566 1393 1599 1412 ex
1617 1390 1737 1412 contem-

954 1431 1084 1463 platione.
1109 1437 1206 1464 nempe
1227 1438 1261 1457 ex
1286 1437 1406 1464 superna
1424 1429 1607 1465 cogitatione,
1626 1429 1738 1464 quando

955 1485 1002 1512 per
1029 1480 1103 1504 tuam
1124 1476 1298 1511 spiritualem
1323 1476 1490 1508 bonitatem,
1517 1475 1688 1502 ineﬂ’abiliter
1702 1477 1737 1502 ad

123 1532 164 1550 τοι
184 1523 284 1557 πάσχει
302 1522 332 1553 ἐξ
346 1522 401 1556 ἄρα
415 1521 500 1556 δήπου
512 1521 559 1547 τοῦ
569 1521 647 1556 δρᾷν,
664 1521 764 1555 δηλαδὴ
780 1519 827 1546 τοῦ
842 1522 911 1547 νοεῖν

954 1529 979 1551 te
990 1523 1155 1555 ascenderit,
1169 1531 1231 1550 cum
1257 1523 1431 1551 inenarrabili
1446 1523 1590 1550 dulcedine
1605 1528 1650 1550 tua
1662 1529 1737 1551 n‘olu

124 1567 349 1602 ὑπερὸαλλόντως
378 1567 427 1592 καὶ
455 1566 582 1601 μάλιστα,
610 1566 728 1601 ὁπηνίκα
752 1565 842 1601 φθάσῃ
867 1565 912 1591 διὰ

124 1613 313 1648 πνευματικῆς
326 1620 372 1639 σου
386 1612 581 1647 χρηστότητος,
597 1611 745 1646 ἀφράστως
759 1612 789 1637 ἐν
806 1611 846 1636 σοι
865 1618 913 1644 γε-

123 1658 243 1692 γονότος,
257 1658 286 1683 ὲν
302 1658 334 1692 τῇ
355 1655 442 1688 θέλξει
453 1655 504 1691 τῆς
526 1656 629 1690 ἀφάτου
643 1655 721 1690 δόξης
739 1664 785 1682 σου
809 1664 911 1691 συμμι-

122 1705 202 1738 γεῖσσ.
214 1704 231 1738 ἡ
255 1702 347 1737 ἔφεσις
373 1701 468 1729 αὑτοῦ.
487 1702 523 1727 Τὸ
540 1703 595 1737 γὰρ
610 1702 673 1737 περί
693 1711 719 1728 τι
740 1702 832 1736 ἔφεσιν
851 1701 912 1736 ἕχον

127 1747 214 1783 ἱδικὴν
228 1747 254 1773 τί
277 1748 336 1773 ποτ’
349 1747 383 1774 ἂν
399 1748 447 1773 καὶ
464 1746 546 1773 πάθοι
564 1742 681 1773 κατὰλιὸ
696 1747 781 1779 εἰκὸς,
798 1755 913 1782 περιτυ-

123 1795 170 1829 γὶιν
195 1792 312 1828 ἑλκτικῴ
328 1801 376 1827 τῳ,
395 1792 441 1818 καὶ
465 1791 583 1826 μάλιστα
597 1799 628 1825 γε
646 1791 770 1826 τοιούτῳ,
787 1790 842 1823 οἷός
859 1801 913 1827 περ

124 1840 169 1869 σὺ,
186 1839 232 1865 καὶ
246 1838 322 1865 ταῦτ’
338 1839 370 1864 ἐκ
388 1837 519 1872 προνοίας
529 1836 578 1870 τῆς
594 1836 655 1870 σῆς,
668 1836 736 1871 πρὸς
754 1836 846 1871 ἡλίκον
857 1834 913 1863 οἷον

124 1884 164 1916 σὲ,
179 1883 290 1918 ἐφετόνς
306 1883 342 1909 Σὺ
363 1883 428 1918 γὰρ.
441 1880 556 1908 ΒασιλΞῦ
569 1880 702 1914 πάνσοφε,
713 1881 911 1916 παντοδύναμε,

123 1929 280 1965 ὑπεράγαοε
294 1928 390 1964 Κύριε,
402 1927 496 1958 κτίσας
511 1927 580 1959 ζῶον
595 1926 641 1953 τὸν
652 1927 713 1953 νοῦν
726 1927 830 1961 νοητὸν,
842 1928 913 1954 τοῖον

123 1975 243 2010 τεύχεις,
257 1971 313 2001 οἷον
327 1975 383 2005 τοῖς
396 1975 453 2004 σοῖς
465 1982 497 2007 γε
513 1972 781 2008 ὑπερευφραίνεοθαι
794 1973 914 2007 πεφυκό-

124 2030 191 2054 τως,
207 2021 255 2047 καὶ
268 2021 397 2055 ἀρρήτως
413 2021 442 2046 ὲν
454 2021 558 2054 κατοχῇ
573 2019 620 2045 τοῦ
637 2019 710 2046 θείου
725 2027 773 2045 σου
788 2018 913 2052 γενέσθαι

125 2068 185 2101 μετ’
200 2066 358 2100 ἐκπλήξεως
374 2065 486 2099 ἔρωτος,
504 2066 550 2092 καὶ
570 2062 625 2091 οἷόν
640 2073 698 2096 πως
715 2065 836 2100 μανικῶς
854 2065 913 2091 δια-

125 2112 232 2138 κεῖσθαι
264 2120 304 2138 σοι
326 2111 356 2143 ἐξ
378 2111 528 2145 ἐφαμίλλου
550 2110 681 2145 βακχικοῦ
708 2110 914 2143 ἐνθουσιασμοῦ.

123 2158 180 2184 Καὶ
190 2158 204 2183 ὸ
218 2158 267 2192 μὲν
279 2157 352 2188 νοῦς,
365 2156 452 2188 οὕτως
464 2157 518 2191 ἄρα
531 2156 675 2189 φιλόκαλος
690 2157 781 2191 ἄκρως
797 2156 914 2187 κτισοεὶς

955 1576 1005 1595 suo
1029 1569 1160 1595 immista.
1181 1567 1259 1600 Quod
1278 1567 1351 1595 enim
1379 1568 1452 1594 circa
1470 1568 1572 1602 aliquid
1599 1570 1737 1603 proprium

955 1619 1057 1642 motum
1074 1614 1175 1645 habet,
1190 1613 1255 1648 quid
1270 1614 1325 1648 pati
1339 1613 1447 1644 debeat.
1460 1614 1506 1641 tali
1517 1614 1663 1642 dulcedine
1674 1623 1737 1648 cap-

954 1666 1010 1687 tnm
1022 1665 1124 1694 quanla
1138 1668 1168 1688 es
1186 1665 1226 1692 tu,
1248 1661 1330 1694 idque
1345 1667 1377 1687 ex
1392 1664 1439 1687 tua
1451 1660 1622 1688 Providentia
1635 1662 1668 1688 ad
1683 1663 1739 1688 tale

955 1707 1007 1733 voti
1021 1707 1158 1740 ohjcctum
1179 1706 1302 1737 tendens,
1315 1706 1395 1740 quale
1409 1713 1439 1733 es
1454 1706 1505 1733 tu?
1523 1706 1563 1733 Tu
1580 1708 1664 1739 enim,
1680 1707 1738 1734 liex

954 1753 1156 1787 sapientissime
1167 1772 1174 1784 ,
1203 1753 1403 1786 potentissime,
1431 1753 1532 1788 optime
1549 1753 1673 1784 Domine,
1690 1755 1738 1787 qui

954 1803 1071 1824 tuentem
1099 1798 1225 1832 cogitans
1241 1798 1342 1825 animal
1363 1799 1463 1826 creasti
1475 1818 1483 1830 ,
1501 1806 1560 1825 eam
1577 1799 1657 1825 talem
1672 1806 1737 1825 eon-

953 1843 1057 1873 didisti,
1074 1847 1104 1870 ut
1125 1843 1180 1870 tuis
1193 1843 1357 1871 naturaliter
1374 1843 1459 1870 ltetari
1472 1844 1558 1878 possit
1572 1848 1599 1870 et
1614 1843 1738 1871 ineﬂ‘ahi-

953 1889 1015 1915 liter
1039 1889 1065 1915 in
1086 1893 1139 1916 tua:
1157 1889 1269 1917 deitatis
1284 1891 1483 1924 possessionem
1510 1890 1612 1917 intrare
1638 1890 1736 1924 possit,

953 1943 1015 1961 cum
1036 1935 1139 1961 amoris
1169 1940 1281 1970 stupore
1293 1955 1301 1967 ,
1317 1941 1345 1962 et
1362 1936 1489 1962 ardenter
1506 1936 1534 1962 in
1555 1940 1581 1963 te
1601 1935 1737 1970 disposita

954 1981 988 2008 sit
1007 1988 1039 2007 ex
1056 1980 1101 2007 illa
1119 1985 1247 2014 tanquam
1265 1981 1364 2008 furenti
1382 1981 1576 2009 admiratione.
1599 1981 1631 2008 Et
1656 1990 1737 2008 luens

954 2027 1063 2062 quidem
1081 2035 1145 2055 cum
1173 2029 1209 2054 ita
1229 2027 1337 2055 Pulchri
1364 2035 1461 2055 amans
1480 2033 1568 2055 creata
1585 2029 1640 2061 sit,
1658 2029 1739 2056 habet

954 2081 1063 2109 quoque
1087 2073 1115 2100 in
1138 2081 1167 2100 se
1195 2074 1424 2108 pulchritudinem
1451 2079 1549 2101 natura
1567 2083 1627 2107 sua,
1652 2081 1680 2102 et
1703 2083 1737 2102 ex

955 2117 1126 2152 providentia
1151 2118 1254 2151 optima
1271 2125 1378 2152 seraper
1393 2119 1530 2153 cogitandi
1544 2120 1681 2148 desiderio
1697 2125 1736 2147 tc-

955 2169 1045 2195 netur,
1058 2167 1086 2190 et
1101 2170 1207 2197 semper
1219 2163 1315 2191 altiora
1332 2170 1357 2191 el
1377 2172 1437 2199 quae
1451 2169 1515 2192 sunt
1528 2171 1591 2193 ante
1607 2174 1637 2194 se
1649 2167 1742 2201 inqui-

123 2204 193 2238 ἔχει,
208 2204 255 2230 καὶ
272 2204 303 2229 τὸ
319 2203 464 2237 φιλόκαλος
482 2199 553 2228 εἶναι
573 2202 671 2237 κομιδῇ
693 2202 765 2228 κατὰ
787 2203 817 2228 τὸ
829 2211 911 2236 πεφυ-

959 2211 994 2238 rit
1025 2211 1113 2245 iisque
1143 2211 1261 2244 hetatur,
1280 2216 1310 2237 ut
1336 2212 1469 2246 contingit
1492 2212 1526 2240 iis
1543 2213 1588 2247 qui
1614 2213 1740 2241 meliores

123 2250 183 2280 κὸς,
201 2249 234 2274 ἐκ
258 2249 386 2282 προνοίας
401 2248 435 2274 τὰ
452 2247 553 2283 ἄριστα
577 2247 718 2282 ἑπομένως
732 2249 802 2274 νοεῖν
823 2249 916 2281 ἔφεσιν

122 2293 193 2328 ἔχει,
211 2294 258 2320 καὶ
274 2294 318 2321 ἀεὶ
332 2294 386 2320 τῶν
404 2293 580 2328 ὑψηλοτέρων
601 2294 649 2319 καὶ
665 2293 759 2329 πρόσω
772 2292 916 2327 ἐπιθυμεῖν

122 2341 172 2366 καὶ
193 2339 353 2374 προχαίρειν
379 2340 411 2365 ὲκ
425 2339 472 2365 τοῦ
493 2339 656 2374 γιγνομένου
674 2341 731 2370 τοῖς
752 2339 915 2373 κρείττοσιν.

121 2383 188 2417 υἷος
207 2385 234 2411 δὲ
250 2386 281 2412 σὺ
301 2385 388 2420 τούτῳ
405 2385 498 2421 φαίνῃ,
514 2386 560 2411 καί
577 2386 652 2416 ὅπως
668 2385 851 2420 συναρπάζεις
868 2387 916 2411 αὺ-

119 2432 178 2464 τιν,
191 2431 278 2465 σοφῶς
294 2432 323 2463 ἐς
335 2431 370 2471 sit
384 2431 512 2466 μάλιστα,
525 2430 563 2465 τῷ
577 2431 660 2466 ἔρωτι
675 2433 724 2466 τῆς
740 2431 788 2466 σῆς
800 2432 916 2466 θεωρίας

120 2477 370 2513 καταθελγόμενον,
388 2478 435 2504 καὶ
457 2478 624 2513 ξυμπάντων
650 2477 832 2512 ἁπαξαπλῶς,
847 2478 916 2513 πλὴν

122 2524 206 2558 μόνου
216 2522 262 2549 σοῦ
271 2522 448 2558 ἐξιστάμενον
457 2524 526 2558 μετὰ
535 2524 581 2550 τοῦ
591 2523 637 2558 τῆς
647 2523 734 2558 ψυχῆς
742 2523 914 2558 διακειμένου

119 2569 233 2601 παντός.
249 2569 318 2596 Οὔτε
334 2568 390 2605 [ισ.
405 2569 503 2596 λείπει
526 2569 592 2604 γὰρ]
617 2569 739 2601 ποικίλος
758 2569 838 2604 μόνον
851 2571 917 2605 ὁρᾶ-

127 2623 187 2648 cat,
199 2614 303 2649 ἥδιστε,
312 2613 374 2641 οὒτε
387 2614 564 2650 περιληπτὺς,
578 2614 634 2641 οὔτ’
647 2614 845 2650 ἀπερίληπτος,
855 2615 916 2642 οὔτε

109 2661 250 2696 φοῦερὸς,
275 2660 337 2687 οὒτε
357 2660 499 2695 μειλίχιος,
529 2660 599 2688 ἀλλὰ
621 2661 668 2688 νῦν
693 2662 742 2696 μὲν
761 2661 851 2694 τοῦτο,
869 2661 916 2688 νῦν

119 2707 145 2732 δ’
162 2707 264 2732 ἐκεῖνο·
288 2706 320 2732 ἵν’
347 2705 419 2732 οὕτω
436 2707 544 2738 πάντως
559 2706 696 2738 ἐντεῦθεν,
711 2706 844 2742 ἐκεῖθενή
865 2707 910 2734 τοῦ

121 2749 184 2780 νοὸς
199 2748 316 2784 κίνησις,
343 2751 391 2776 καὶ
405 2749 437 2783 δὴ
456 2750 504 2776 καὶ
529 2750 627 2786 τροπὴ,
644 2751 726 2786 μηδὲν
751 2752 808 2787 ἔχει
826 2752 914 2779 κλῖναι

120 2795 193 2830 προς
212 2795 241 2823 ἓν
259 2804 284 2822 τι
309 2796 364 2822 τῶν
389 2795 440 2828 ἔξω
469 2804 515 2822 σου
536 2796 581 2822 διὰ
611 2797 747 2823 ποικιλίαν
772 2798 872 2832 δῆθεν,
897 2798 913 2833 ἧ

122 2841 158 2866 δι’
177 2841 331 2877 ἁπλότητα,
355 2841 388 2867 δι’
416 2841 604 2877 ἀκαταληψίας
629 2843 772 2878 ἔφεσιν,ἢ
798 2844 914 2879 καταλή-

299 2900 443 2931 ΡΑτιιοι..,
454 2899 512 2930 Gn.
526 2899 666 2933 CXLVII.

957 2257 1034 2284 fiunt.
1050 2257 1145 2290 Qualis
1157 2262 1247 2283 autent
1263 2261 1291 2284 tu
1304 2257 1340 2283 illi
1351 2265 1476 2292 appares,
1495 2264 1522 2285 et
1533 2264 1663 2293 quantum
1678 2267 1739 2286 eam

956 2301 1056 2336 arripis
1069 2310 1152 2336 quatit
1169 2302 1369 2336 sapientissime
1383 2323 1390 2334 ,
1418 2308 1470 2330 tu.e
1499 2305 1739 2338 contemplationis

956 2355 1050 2375 amore
1067 2349 1191 2375 allectum
1205 2354 1231 2376 et
1247 2349 1281 2376 ab
1303 2349 1438 2376 universis
1450 2369 1457 2382 ,
1474 2355 1589 2385 excepto
1609 2356 1646 2383 te,
1661 2359 1741 2385 sepa-

958 2401 1058 2427 ratam,
1089 2395 1153 2422 totis
1165 2403 1226 2421 rum
1246 2397 1344 2423 anima:
1365 2397 1502 2430 potentiis.
1530 2396 1622 2431 Neque
1649 2398 1741 2424 varius

958 2441 1069 2471 videris,
1087 2440 1265 2472 dulcissime,
1296 2449 1383 2476 neque
1407 2441 1634 2476 comprehensus,
1652 2449 1741 2476 neque

959 2479 1203 2520 incum-prehensus
1215 2506 1223 2516 .
1252 2494 1341 2521 neque
1361 2487 1501 2519 terribilis,
1520 2495 1608 2521 neque
1620 2488 1713 2514 suavis
1731 2507 1740 2519 ,

958 2533 1004 2560 sed
1032 2539 1104 2559 nunc
1129 2534 1238 2568 quidem
1257 2533 1282 2559 id
1296 2553 1303 2565 ,
1331 2541 1404 2560 nunc
1427 2538 1519 2561 autem
1537 2534 1622 2566 illud;
1645 2538 1674 2560 ut
1701 2543 1742 2560 su:

959 2586 1047 2611 mens,
1062 2578 1133 2605 unde
1151 2584 1276 2606 movetur
1299 2587 1331 2606 ac
1357 2580 1536 2611 convertitur,
1565 2584 1680 2613 nequeat
1707 2581 1743 2606 ad

960 2633 1043 2652 uttutn
1059 2632 1152 2651 eorum
1163 2632 1222 2658 quae
1237 2631 1300 2651 sunt
1313 2629 1388 2651 exlra
1405 2628 1443 2656 te,
1458 2629 1567 2658 propter
1583 2625 1743 2651 varietatem

960 2676 1008 2698 aut
1024 2671 1237 2704 simplicitatem,
1261 2676 1370 2704 propter
1386 2675 1516 2696 terrorem
1549 2674 1596 2696 aut
1622 2669 1744 2696 dulcedi-

959 2724 1034 2743 nem.
1051 2716 1082 2742 Et
1096 2715 1208 2741 υιιιιιὶιιο
1231 2722 1292 2741 cum
1308 2715 1347 2742 sis
1363 2714 1451 2741 Unum
1467 2715 1572 2742 Bonum
1599 2719 1627 2741 ct
1652 2713 1742 2741 Unum

964 2763 1109 2790 Pulchrum
1138 2762 1382 2798 comprehensivc,
1409 2765 1436 2788 et
1461 2762 1583 2788 omnium
1611 2761 1743 2788 bonorum

964 2809 1084 2837 eliicicns
1113 2816 1195 2835 causa
1217 2808 1275 2842 ipse
1300 2807 1419 2842 optimus
1446 2812 1472 2833 et
1490 2807 1701 2841 pulcherrimus,
1717 2805 1745 2832 in

965 2856 1038 2884 nullo
1054 2856 1108 2883 alio
1128 2855 1191 2882 licet
1214 2859 1332 2882 mentem
1356 2853 1537 2888 contemplari
1561 2857 1588 2879 ct
1607 2852 1745 2880 immorari

1528 2899 1564 2930 30
