1924 3092
192 149 244 183 947

802 145 1011 176 NlCEPllORl
1031 146 1204 177 llON'ACHl

1773 146 1826 177 9l8

193 214 249 248 γὰρ
264 213 322 239 ἔστι
343 212 394 248 τὴν
415 213 482 247 προς
505 212 572 239 Θεὸν
588 212 761 246 καταλλαγὴν
788 221 835 238 χαι
849 211 987 238 οἱκείωσιν
998 211 1018 237 Α
1033 210 1196 245 ἐτάχθημεν.
1211 211 1241 237 Εἰ
1262 211 1289 238 δέ
1306 220 1347 244 τις
1364 212 1519 248 Νικόδημος
1538 212 1616 244 ἄλλος
1631 212 1728 248 ὀφθείη
1747 213 1824 247 φιλο-

193 259 282 290 ἆλλως
297 260 372 293 ἡμᾶς
389 260 520 294 ἐντυχεῖν,
537 259 561 284 εἰ
577 258 614 293 μὴ
630 259 763 293 πρότερον
779 258 848 292 πρὸς
863 259 986 289 ἑαυτοὺς,

195 305 259 331 ὅσον
279 305 310 330 τὸ
330 305 373 338 ἐφ’
388 305 465 339 ἡμῖν,
483 304 686 339 ἐπανέλθωμεν,
704 305 720 339 ἢ
742 304 842 340 μᾶλλον
861 305 989 332 εἰσέλθω-

197 359 247 385 μεν
260 358 267 366 ·
283 351 314 377 τὸ
329 351 383 386 γὰρ
398 349 560 385 παράδοξον,
578 350 632 377 ἀπὸ
661 350 711 385 τῆς
727 349 774 376 τοῦ
788 347 891 384 κόσμου
910 359 988 385 περι-

197 397 294 432 φορᾶς,
310 397 356 422 καὶ
370 397 420 431 τῆς
447 396 565 431 ματαίας
592 396 728 432 μερίμνης
749 397 861 427 ἑαυτοὺς
876 397 989 432 ἀποσχί-

197 442 300 475 ζοντες,
312 443 380 478 πρὸς
394 442 422 468 δὲ
434 442 484 478 τὴν
504 442 579 473 ἐντὸς
591 442 669 477 ἡμῶν
682 440 765 469 οὖσαν
786 442 924 477 βασιλείας
935 443 990 469 τῶν

198 488 333 523 οὐρανῶν,
361 488 568 523 ἀσυγχωρήτως
594 488 767 524 κατέχοντες.
784 487 834 514 Διὰ
845 488 924 514 τοῦτο
935 488 989 523 γὰρ

197 535 278 570 τέχνη
292 534 403 569 τεχνῶν,
425 535 473 563 καὶ
485 535 624 569 ἐπιστήμη
649 534 809 569 ἐπιστημῶν
825 536 841 569 ἡ
859 534 989 569 μοναδικὴ

200 580 324 606 πολιτεία
350 579 518 614 ὠνόμασται,
533 579 626 614 ἐπειδὴ
639 579 688 614 οὐχ
698 579 798 614 ὁμοίως
813 579 868 605 τῶν
882 579 991 614 φθειρο-

202 627 291 661 μένων
311 627 425 652 τουτωνὶ
451 626 634 660 πραγμάτων,
651 627 724 652 ἐστὶν
744 627 811 660 ἡμῖν
832 624 990 661 πρόξενοςὴ

201 674 262 700 ὅσια
290 672 370 706 αὕτη,
390 673 433 698 ἵνα
464 672 511 698 καὶ
525 671 592 707 πρὸς
609 671 679 698 αὐτὰ
710 671 756 698 τὸν
772 671 834 697 νοῦν
845 671 923 706 ἡμῶν
938 671 992 698 ἀπὸ

202 718 257 744 τῶν
288 718 452 752 κρειττόνων
492 717 749 752 μετοχετεύσαντες.
793 717 990 751 καταχωννύω-

207 772 273 799 μεν·
297 763 366 790 ἀλλὰ
394 763 457 795 ξένα
485 763 547 789 τινὰ
577 763 623 789 καὶ
656 763 799 799 ἀπόρρητα
822 763 913 797 ἀγαθὰ
929 764 995 799 ἡμῖν

206 809 421 844 ἐπαγγέλλεται·
438 819 446 835 ι
469 810 503 836 Ἀ
517 809 656 844 ὀφθαλμὸς
672 810 721 836 οὐκ
738 807 804 842 εἶδε,
821 810 868 836 καὶ
882 807 929 841 οὖς
945 809 996 836 οὐκ

206 855 320 889 ἢκουσε,
338 855 384 881 καὶ
400 855 446 881 ἐπὶ
463 855 577 890 καρδίαν
589 855 734 891 ἀνθρώπου
746 856 795 882 οὐκ
809 855 904 891 ἀνέϐη.
924 856 995 882 Κὰν‹

1034 255 1132 282 νεικῶν
1160 257 1188 281 ὲν
1218 256 1333 288 τούτοις,
1362 258 1410 284 καὶ
1436 258 1543 292 λέγων·
1566 259 1626 289 Πῶς
1639 258 1752 285 δύναταί
1771 269 1824 289 τις,

1034 301 1110 337 ὲντῇ
1135 302 1234 338 καρδίᾳ
1261 303 1497 337 εἱσελευσόμενος,
1527 304 1586 330 ἐκεῖ
1608 304 1785 339 ἐργάζεσθαι,
1808 304 1825 339 ἦ

1035 346 1199 382 διατρίϐειν;
1231 346 1326 382 ὥσπερ
1356 349 1458 380 ἐκεῖνος
1481 348 1522 383 τῷ
1551 349 1658 384 Σωτῆρι
1678 350 1826 385 ὰντέφησε,

1039 402 1048 418 ι
1065 393 1124 424 Πῶς
1138 394 1250 420 δύναταί
1274 403 1315 425 τις
1332 395 1371 426 εἰς
1387 395 1435 430 τὴν
1447 395 1550 421 κοιλίαν
1566 395 1616 430 τῆς
1629 396 1730 430 μητρδς
1743 396 1828 422 αὐτοῦ

1036 440 1162 476 δεύτερον
1176 441 1316 474 εἰσελθεῖν,
1332 442 1378 467 καὶ
1390 441 1552 476 γεννηθῆναι
1565 442 1653 476 *ιέρων
1662 442 1717 474 ὢν;
1732 443 1829 468 »ἀκού-

1040 495 1116 513 σεται
1144 487 1189 513 καὶ
1217 487 1315 517 αὑτός·
1337 487 1378 512 ὅτι
1393 486 1430 512 Τὸ
1445 486 1566 520 Πνεῦμα,
1586 486 1653 512 ὅπου
1673 486 1744 512 θέλει
1757 487 1828 514 πνεῖ.

1040 531 1095 560 Καὶ
1109 534 1134 560 εὶ
1146 534 1185 565 εἰς
1199 533 1233 560 τὰ
1240 533 1290 568 τῆς
1301 533 1457 568 πρακτικῆς
1468 533 1548 568 ἔργα,
1563 532 1650 564 οὕτως
1662 532 1831 567 trp-eaeam-

1042 589 1092 616 μεν
1106 580 1295 612 ἀπιστοῦντες,
1317 580 1376 611 πῶς
1395 580 1429 606 τὰ
1442 579 1492 614 τῆς
1505 580 1623 615 Θεωρίας
1636 580 1701 614 ἡμῖν
1717 579 1831 605 ἐπελεύ-

1042 635 1135 659 σεται;
1162 627 1278 661 θεωρίας
1308 626 1362 661 γὰρ
1384 626 1511 658 emtam;
1537 627 1688 661 πρακτική.
1708 626 1784 651 Ἑπεὶ
1804 625 1832 651 δὲ

1042 674 1186 709 γραφικῶν
1193 672 1356 704 ἀποδείξεων
1364 674 1439 705 ἄνευ,
1451 672 1691 707 πληροφορηθῆναι
1703 670 1742 706 τῷ
1748 671 1833 702 οὕτως

1042 721 1226 748 διαπιστοῦντι
1244 720 1385 750 ἀδύνατον,
1404 719 1471 755 φέρε
1497 719 1560 750 τοὺς
1583 718 1636 744 τῶν
1659 718 1745 751 ἁγίων
1760 716 1835 751 βίους

1044 767 1140 793 καὶτὰ
1164 766 1312 802 ἐγγράφως
1327 765 1372 792 ὐπ’
1391 765 1481 792 αὐτῶν
1497 764 1654 792 ἐκτεθέντα.
1671 764 1710 793 εἰς
1729 761 1836 788 πολλῶν

1045 813 1177 849 ὠφέλειαν
1193 814 1222 839 ἐν
1237 813 1324 847 τούτῳ
1335 812 1372 846 τῷ
1384 812 1454 845 λόγῳ
1466 811 1631 845 ἐντάξωμεν,
1641 811 1684 836 ἵνα
1698 811 1729 835 ὲκ
1739 809 1836 835 τούτου

1046 859 1303 895 πληροφορούμενος
1341 859 1431 885 πᾶσαν
1473 856 1638 892 ἀμφιϐολίαν
1679 855 1836 889 ἀπώσηται.

207 901 312 930 τεῡθεν,
327 901 387 927 οὐδὲ
402 901 502 936 ήπὰ).η
517 902 583 937 ἡμῖν
595 902 653 928 ἐστι
664 903 732 937 πρὸς
747 899 816 936 αἷμα
832 902 879 928 καὶ
895 902 996 937 σάρκα,
1009 898 1030 925 Β
1048 906 1169 933 Ἀνωοεν
1180 906 1210 932 δὲ
1222 905 1252 937 ἐξ
1263 904 1345 932 αὑτοῦ
1366 904 1412 931 τοῦ
1434 903 1540 939 Πατρὸς
1557 901 1635 936 ἡμῶν
1647 900 1694 927 τοῦ
1715 899 1837 935 μεγάλου

207 947 277 974 ἀλλὰ
291 948 359 983 πρὸς
372 947 420 980 τὰς
439 948 538 983 ἀρχὰς,
559 949 627 983 πρὸς
644 949 694 979 τὰς
707 949 842 981 ἐξουσίας,
857 950 926 984 πρὸς
934 950 998 982 τοὺς

209 995 434 1029 κοσμοκράτορας
446 995 493 1020 τοῦ
511 995 624 1026 σκότους
640 995 686 1021 τοῦ
703 996 800 1026 αἰῶνος
821 996 928 1023 τούτου.
943 1006 952 1022 ι
967 997 998 1022 El

211 1038 257 1066 οὖν
284 1041 379 1071 σκότος
404 1042 419 1066 ὀ
445 1039 541 1076 παρὼν
560 1041 638 1072 αἰὼν,
656 1041 819 1077 φευεώμεθα
839 1042 887 1069 ἀπ’
905 1043 999 1074 αὑτοῦ,

212 1086 376 1120 φευξὼμεθα
406 1087 434 1112 δὲ
448 1087 486 1120 τῷ
504 1087 621 1122 νοήματι
632 1096 638 1103 ·
654 1087 737 1122 μηδὲν
760 1088 848 1115 κοινὸν
863 1089 929 1124 ἡμῖν
954 1090 1002 1116 καὶ

212 1131 251 1166 τῷ
263 1131 353 1166 ἐχθρῷ
367 1132 413 1158 τοῦ
427 1132 495 1158 Θεοῦ
506 1141 512 1148 ·
531 1133 545 1158 ὁ
555 1133 608 1168 γὰρ
625 1133 767 1168 βουληθεὶς
782 1134 905 1168 φιλιάσαι
915 1134 1000 1173 αὐτῷ,

212 1177 310 1211 ἐχυρὸς
325 1177 372 1203 τοῦ
387 1178 454 1204 Θεοῦ
480 1178 652 1209 καθίσταται,
669 1178 707 1213 τῷ
725 1179 754 1205 δὲ
774 1178 864 1214 ἐχθρῷ
880 1178 1004 1213 γεγονότι

214 1223 281 1249 Θεοῦ
299 1224 341 1254 τίς
356 1224 488 1259 βοηθῆσαι
513 1224 637 1257 δύναται;
656 1225 704 1251 Διὰ
724 1224 803 1250 τοῦτο
819 1224 1004 1260 μιμησὼμεθα

213 1270 277 1301 τοὺς
303 1270 426 1305 πατέρας
447 1270 537 1306 ἡμῶν,
566 1271 613 1297 καὶ
639 1271 685 1297 τὸν
711 1271 786 1302 ἐντὸς
808 1271 861 1296 τῶν
886 1270 1005 1305 καρδιῶν

215 1316 294 1350 ἡμῶν
312 1316 459 1351 θησαυρὸν,
476 1317 513 1347 ὡς
534 1317 667 1347 κάκεῖνοι,
684 1317 863 1351 ζητήσωμεν’
878 1316 925 1342 καὶ
942 1316 1005 1342 τοῦ-

216 1369 263 1387 τον
275 1362 411 1396 εὑρόντες,
435 1361 582 1397 κρατῶμεν
598 1362 737 1397 apd-mu};
752 1362 832 1396 ἄγαν,
853 1361 1006 1396 ἐργαζόμε-

217 1415 257 1433 νοι
269 1407 335 1442 ὁμοῦ
353 1408 399 1434 καὶ
428 1408 623 1441 (penetrans:
650 1409 689 1439 είς
718 1408 799 1434 τοῦτο
810 1407 865 1442 γὰρ
878 1407 906 1440 ἐξ
920 1407 1007 1441 ἀρχῆς

210 1504 356 1530 aversione
374 1510 482 1530 summa
509 1506 696 1536 respuentes;
714 1510 769 1530 non
784 1503 857 1530 enim
889 1504 1015 1531 reconci-

210 1549 350 1577 liationem
376 1549 461 1576 nostri
485 1556 549 1575 cum
576 1547 643 1582 Deo,
658 1554 685 1576 et
715 1549 929 1577 familiaritatem
947 1551 1008 1585 ejus

211 1596 341 1630 consequi
376 1603 495 1630 unquam
513 1595 675 1629 poterimus,
687 1596 741 1623 nisi
752 1603 803 1623 nos
815 1597 903 1630 prlns.
917 1604 1005 1631 quatt-

211 1647 269 1668 tum
286 1641 378 1669 eritin
399 1641 491 1673 nobis,
519 1641 623 1669 reversi
657 1641 800 1672 fuerimus.
829 1646 878 1668 aut
911 1642 1004 1675 potius

211 1687 344 1721 primum.
362 1692 388 1714 et
405 1692 503 1720 praeter
517 1687 684 1714 anteriorem
699 1694 778 1713 usum
797 1686 913 1721 ingressi
932 1687 1004 1714 viam

212 1741 321 1762 sursum
334 1737 437 1759 rectam
453 1739 467 1758 a
485 1732 569 1759 stttlta
585 1739 633 1767 per
659 1731 805 1758 circuitum
820 1731 1004 1764 deerratione,

212 1788 264 1816 qua
281 1779 400 1806 mundus
426 1778 583 1811 abducitur,
604 1782 631 1805 et
653 1786 668 1804 a
697 1786 764 1805 cura
793 1787 884 1805 rerum
911 1779 1005 1806 saeculi

211 1834 264 1854 nos
279 1826 352 1860 ipsos
364 1824 577 1858 abscindentes;
598 1824 626 1851 in
651 1825 801 1851 constituto
822 1829 914 1852 autem
933 1825 1004 1852 intra

210 1880 262 1900 nos
274 1871 322 1899 Dei
342 1878 425 1906 regno
452 1875 571 1897 mentem
589 1869 725 1898 indivulse
739 1876 862 1898 nostram
881 1875 1005 1900 tenentes

211 1919 331 1946 afﬁxam.
345 1917 461 1952 Propter
476 1916 528 1943 ltoc
552 1916 626 1943 enim
645 1924 692 1944 ars
721 1917 821 1944 artium
839 1922 866 1944 et
891 1917 1005 1945 scientia

211 1966 390 1993 scientiarum
403 1963 455 1990 vita
470 1963 623 1990 monastica
638 1963 777 1990 nominata
793 1967 845 1990 est.
859 1963 917 1991 Non
931 1966 1004 1991 enim

212 2015 306 2038 sancta
341 2009 399 2036 lucc
432 2008 580 2043 disciplina
615 2008 705 2035 simile
740 2009 821 2036 habet
857 2010 1004 2044 quidquam

211 2065 273 2084 eum
287 2056 449 2091 vulgaribus
483 2055 625 2082 hominum
657 2055 794 2083 institutis
817 2060 901 2091 atque
925 2055 1006 2083 indu-

212 2104 301 2136 striis,
315 2102 422 2129 cunctis
439 2102 466 2128 in
479 2101 504 2128 id
524 2101 638 2128 intentis
649 2107 679 2128 ut
703 2107 820 2129 tuentem
846 2106 969 2130 nostram
991 2110 1006 2129 ιι

212 2148 375 2177 melioribus
386 2146 520 2174 deﬂexam
535 2147 561 2173 in
588 2147 643 2173 ima
668 2151 832 2183 terrenaque
851 2148 983 2182 dejiciant
997 2157 1004 2181 ;

212 2203 323 2226 verum,
344 2194 398 2220 alio
415 2194 493 2228 longe
508 2192 625 2224 ducens,
656 2193 726 2220 mira
741 2199 769 2220 et
794 2193 944 2221 inellabilia
960 2201 1006 2221 os-

214 2245 302 2269 tental.
317 2246 343 2268 et
359 2240 492 2275 promittit
507 2242 591 2272 bona,
606 2239 698 2274 qualia
717 2248 726 2265 ‹
741 2238 796 2267 Nec
806 2240 902 2268 oculus
928 2241 1007 2273 vidit,

216 2297 267 2323 nec
283 2288 359 2314 auris
376 2287 490 2318 audivit,
507 2293 595 2320 neque
612 2286 640 2312 in
654 2293 701 2312 cor
731 2285 851 2313 hominis
875 2287 1008 2315 ascende-

215 2335 318 2367 runt).
340 2333 412 2360 unde
428 2340 518 2366 neque
539 2331 717 2359 tColluctatio
739 2331 818 2359 nobis
848 2336 890 2360 est
909 2332 1007 2360 adver-

216 2388 262 2407 sus
279 2387 389 2406 carnem
406 2383 434 2405 et
454 2377 627 2411 sanguinem,
645 2376 693 2404 sed
708 2377 840 2405 adversus
868 2377 1007 2413 principa-

215 2431 261 2453 tus
276 2430 303 2451 ει
318 2429 478 2459 potestates,
491 2423 622 2450 adversus
640 2423 734 2449 mundi
753 2427 872 2451 rectores
884 2424 1009 2452 tenebra-

214 2481 275 2498 rum
291 2471 372 2506 hujus
383 2471 515 2498 saeculi}:
529 2470 557 2496 Si
567 2477 633 2504 ergo
643 2477 764 2504 praesens
781 2464 916 2498 Saeculum
934 2475 1009 2498 tene-

215 2518 332 2550 bratest,
343 2517 479 2552 fugiamus
487 2517 521 2542 ab
531 2517 590 2550 ipso
600 2523 634 2542 ne
645 2523 707 2542 cum
718 2516 777 2550 ipso
789 2524 943 2550 pereamus.
955 2516 1008 2544 Fu-

216 2564 323 2598 giatnus
337 2570 460 2597 corpore.
490 2563 626 2597 fugiamus
634 2569 771 2593 sermone,
783 2561 921 2597 fugiamus
931 2564 1007 2598 cogi-

217 2609 341 2640 tatione;
359 2609 425 2635 nihil
445 2608 510 2635 mini
528 2616 674 2635 commune
682 2609 788 2634 sitcum
800 2609 846 2636 Dei
856 2611 943 2637 ltoste.
954 2610 1006 2643 Qui

218 2655 411 2683 enimvoluerit
430 2656 518 2682 amico
540 2655 588 2681 illo
611 2655 662 2687 uti,
686 2655 815 2683 initnicus
840 2655 888 2683 Dei
902 2657 1007 2684 consti-

219 2701 356 2729 tuitur.Ei
371 2709 452 2735 porro
468 2703 514 2736 qui
530 2701 586 2728 Deo
603 2701 686 2729 fuerit
703 2702 842 2735 inimicus,
852 2703 914 2738 quis
928 2704 1006 2730 auxi-

218 2747 278 2775 liari
293 2747 404 2782 potest?

253 2793 342 2827 Quare
354 2794 493 2821 intitctuur
515 2793 610 2820 Patres
633 2799 751 2825 nostros.
780 2799 807 2822 ct
841 2797 1000 2823 thesaurum

990 2888 1016 2915 ὅ.

253 2883 358 2914 'lCor.
374 2893 404 2917 tt,
421 2884 448 2911 9.
489 2885 498 2899 ¹
515 2883 616 2918 prcs.
634 2891 670 2915 Vl,
686 2884 730 2910 12.
771 2884 870 2913 ’Joan.
885 2894 923 2918 ιιι,
942 2887 968 2921 4,

1048 960 1094 986 τὸν
1113 959 1191 992 λόγον
1217 956 1376 992 ἀρξαμενοι,
1398 955 1443 980 ἐπὶ
1460 954 1523 984 τοὺς
1544 952 1671 986 καθεξῆς,
1688 953 1750 978 ὅσον
1762 953 1839 978 ἐστὶν

1051 1005 1112 1040 ἐμοὶ
1123 1003 1246 1033 δυνατὸν,
1260 1003 1323 1033 τοὺς
1345 1002 1439 1035 λόγους
1460 1000 1507 1026 καὶ
1529 999 1578 1030 τὰς
1601 998 1714 1033 ’πράξεις
1735 999 1841 1024 τούτων

1053 1051 1173 1087 μερικῶς
1196 1048 1379 1080 συλλέξαντες,
1396 1047 1463 1081 πρδς
1481 1045 1610 1072 πίστωσιν
1639 1044 1840 1079 παραοώμεθα.

1058 1158 1108 1185 Ἐκ
1130 1156 1184 1183 τοῦ
1205 1156 1279 1188 ,ϐίον
1308 1154 1362 1182 τοῦ
1386 1153 1476 1216 όσίιὲυ
1509 1153 1625 1186 Πατρός
1656 1152 1742 1187 ἡμῶν
1776 1153 1843 1180 Ἀν-

1386 1197 1444 1216 tur
1457 1197 1504 1215 ου.

1386 1197 1504 1216 τωνιου.

1090 1273 1255 1307 Εἰσήρχοντό
1279 1280 1344 1298 ποτε
1370 1270 1439 1306 πρὸς
1455 1270 1502 1296 τὸν
1529 1268 1616 1296 ἀϐΰᾶν
1635 1267 1778 1294 Ἀντώνιον
1799 1267 1846 1293 δύο

1055 1319 1162 1353 ἀδελφοί
1174 1326 1180 1333 ·
1195 1318 1242 1345 καὶ
1257 1317 1398 1352 λείψαντος
1412 1317 1502 1347 αὐτοῖς
1512 1316 1541 1342 ἐν
1555 1315 1589 1350 τῇ
1610 1313 1660 1349 ὁδῷ
1674 1313 1719 1340 τοῦ
1738 1313 1845 1344 ὕδατος,

1054 1364 1068 1390 ὸ
1087 1363 1136 1399 μὲν
1149 1360 1189 1394 εἷς
1205 1362 1333 1394 ἀπέθανε,
1349 1363 1363 1389 ὁ
1376 1361 1404 1388 δὲ
1427 1361 1519 1395 ἕτερος
1534 1359 1629 1395 ἔμελλε
1641 1367 1647 1373 ’
1663 1358 1761 1394 μηκέτι
1781 1358 1848 1391 γοῦν

1057 1411 1155 1444 ἰσχύων
1166 1407 1280 1440 ὁδεύειν,
1296 1408 1384 1435 ἔκειτο
1398 1408 1446 1434 καὶ
1465 1406 1545 1438 αὖτις
1563 1406 1608 1433 ἐπὶ
1619 1405 1668 1439 τῆς
1682 1405 1732 1439 γῆς
1754 1405 1849 1435 τεθνή-

1070 1503 1144 1532 intra
1160 1504 1242 1531 corda
1265 1507 1359 1531 nostra
1374 1503 1512 1531 defossum
1530 1506 1612 1538 prout
1637 1503 1691 1538 ipsi
1716 1503 1855 1539 fecerunt,

1021 1545 1043 1575 C
1061 1550 1135 1577 omni
1166 1550 1307 1585 diligentia
1335 1556 1514 1585 quaeramus:
1546 1554 1574 1577 et
1600 1547 1672 1577 bune
1701 1555 1850 1585 postquam

1060 1596 1247 1624 invenerimus
1265 1596 1413 1623 fortissime
1437 1601 1591 1628 teneamus,
1607 1601 1755 1630 operantes
1771 1596 1855 1624 simul

1059 1647 1087 1670 et
1104 1643 1306 1676 custodientes;
1339 1643 1365 1669 in
1392 1643 1516 1670 itLenint
1544 1651 1558 1670 a
1588 1643 1724 1677 principio
1758 1651 1856 1670 sumus

1060 1690 1157 1725 geniti.
1176 1689 1205 1716 Si
1224 1693 1315 1716 autem
1329 1689 1399 1717 alius
1416 1690 1527 1724 quidam
1544 1689 1711 1717 Nicodentus
1735 1695 1854 1716 conten-

1061 1735 1149 1763 tiosus
1172 1735 1235 1763 velit
1246 1743 1308 1763 esse
1319 1736 1470 1771 argutando
1480 1735 1575 1763 dicens
1587 1745 1593 1762 :
1607 1735 1751 1769 Quomodo
1763 1739 1856 1770 potest

1060 1781 1159 1816 aliquis
1174 1781 1201 1808 in
1218 1789 1265 1809 cor
1280 1782 1420 1818 ingressus
1435 1789 1515 1809 suum
1530 1782 1567 1808 ibi
1582 1782 1689 1816 operari
1705 1786 1733 1810 et
1750 1782 1860 1809 habita-

1060 1829 1109 1856 re?
1118 1833 1146 1855 ut
1157 1833 1182 1856 et
1194 1829 1321 1856 illevetus
1332 1829 1466 1856 Salvatori
1476 1837 1505 1857 se
1514 1836 1655 1864 opponens
1666 1829 1751 1856 dixit:
1765 1839 1775 1854 ι
1787 1830 1860 1862 Quo—

1061 1876 1141 1903 modo
1153 1879 1242 1911 potest
1254 1875 1334 1902 bomo
1349 1884 1443 1903 rursus
1454 1877 1570 1904 introire
1585 1877 1612 1903 in
1624 1883 1745 1903 ventrem
1762 1876 1858 1903 matris

1060 1926 1087 1950 et
1100 1922 1279 1950 renascicum
1296 1923 1332 1949 sit
1349 1922 1457 1950 senex?
1475 1932 1484 1948 ι
1506 1923 1598 1950 audiet
1610 1926 1637 1949 et
1662 1922 1707 1949 hic
1723 1930 1732 1949 :
1750 1922 1858 1956 «Spiri-

1060 1972 1104 1994 tus
1115 1967 1162 1994 ubi
1192 1967 1250 1994 vult
1278 1967 1411 2002 spirat'.r
1432 1969 1465 1995 Et
1489 1968 1512 1995 si
1536 1968 1608 1995 circa
1641 1967 1702 1994 vita:
1728 1968 1858 2001 practi-te

1060 2021 1143 2048 opera
1157 2014 1198 2041 sic
1215 2013 1375 2041 dubitamus
1389 2014 1536 2045 increduli.
1556 2015 1695 2048 quomolo
1718 2014 1858 2041 intellecta

1061 2059 1155 2086 venire
1196 2059 1275 2086 nobis
1315 2064 1446 2094 poterunt
1478 2060 1718 2094 contemplationis
1744 2061 1859 2088 arcana?

1061 2106 1308 2140 Contemplationis
1335 2107 1436 2142 quippe
1479 2106 1688 2134 fundamentum
1723 2108 1779 2134 vita
1815 2113 1859 2135 est

1061 2153 1195 2187 practica.

1097 2197 1232 2229 Quoniam
1259 2205 1325 2225 vero
1355 2199 1415 2226 sine
1443 2199 1556 2234 scriptis
1592 2201 1751 2228 testimonia
1780 2207 1858 2228 certo

1025 2233 1223 2278 Dpersuaderi
1272 2245 1336 2271 talia
1367 2253 1420 2272 non
1447 2251 1574 2280 possunt,
1599 2253 1660 2281 age,
1688 2246 1817 2280 deinceps
1845 2254 1860 2273 e

1064 2288 1132 2316 Vitis
1154 2294 1326 2320 sanctorum.
1339 2295 1366 2317 et
1380 2298 1412 2318 ex
1440 2292 1473 2318 iis
1491 2300 1553 2326 quae
1580 2292 1682 2325 scripto
1698 2292 1750 2327 ipsi
1766 2293 1860 2319 consi-

1061 2336 1332 2371 gnatareliqueruut
1360 2338 1393 2364 ad
1419 2338 1568 2364 multorutn
1601 2338 1758 2370 utilitatem,
1782 2346 1858 2373 qua:-

1062 2383 1151 2410 dama
1169 2382 1266 2418 Magno
1280 2384 1400 2411 Antonio
1430 2385 1502 2412 serie
1529 2386 1660 2412 continua
1694 2385 1856 2420 singillatim

1061 2434 1244 2464 exsequentes
1260 2431 1332 2458 dicta
1349 2431 1476 2467 factaque
1489 2432 1606 2459 illustria
1632 2440 1692 2467 qua:
1717 2433 1798 2460 fidem
1816 2434 1858 2460 fa-

1060 2483 1123 2503 cere
1138 2476 1275 2504 dictorum
1296 2485 1311 2504 ιι
1325 2479 1403 2505 nobis
1422 2484 1532 2513 quieant.

1204 2522 1245 2550 Ex
1274 2524 1328 2550 vita
1343 2523 1372 2551 S.
1389 2523 1482 2550 Patris
1494 2525 1578 2551 nostri
1590 2524 1711 2551 Antonii.

1098 2567 1174 2594 Ibant
1186 2568 1334 2602 aliquando
1347 2569 1380 2596 ad
1396 2569 1524 2596 abbatem
1540 2569 1689 2596 Antonium
1712 2569 1739 2595 in
1759 2574 1853 2596 monte

1061 2614 1203 2649 degentem
1221 2615 1275 2642 duo
1289 2615 1400 2648 fratres,
1414 2624 1484 2651 quos
1500 2624 1562 2644 cum
1577 2624 1647 2651 aqua
1664 2615 1814 2644 defecisset
1829 2617 1854 2644 in

1062 2661 1169 2695 itinere,
1188 2670 1283 2689 corum
1311 2671 1384 2690 unus
1415 2665 1526 2697 quidem
1552 2670 1676 2691 mortuus
1706 2669 1760 2698 est,
1787 2665 1855 2692 alter

1063 2712 1187 2735 extreme
1203 2709 1342 2742 laborans.
1372 2718 1422 2737 nec
1452 2711 1546 2738 valens
1566 2711 1708 2738 ambulare
1723 2711 1854 2745 amplius,

1064 2754 1174 2788 jacebat
1193 2755 1219 2781 in
1250 2759 1334 2786 tnzrra.
1353 2761 1468 2783 mortem
1503 2758 1652 2792 proximam
1679 2765 1853 2791 exspectans.

1061 2802 1095 2826 At
1104 2806 1216 2828 sanctus
1227 2801 1374 2836 Antonius,
1391 2805 1489 2831 sedens
1503 2805 1527 2831 in
1545 2809 1647 2836 monte,
1662 2805 1769 2832 vocarit
1784 2805 1854 2832 duos
