1924 3092
192 129 242 163 951

794 138 1008 171 NlCEPHORl
1033 141 1210 172 MONACHI

1774 145 1829 177 952

192 193 314 229 ἑτέροιςς
327 193 385 220 ἀλλ’
399 194 413 220 ὁ
429 193 498 230 πρὸς
511 194 541 221 τὸ
557 195 661 230 aiter:qu
679 194 801 230 ἐθισμὸς,
817 195 864 222 καὶ
875 196 905 222 ἰδ
917 196 984 232 προς
999 199 1019 225 Α
1037 196 1186 231 προλήψεις
1196 197 1400 232 ἀπομανθὰνειν
1412 198 1461 230 τὰς
1477 198 1624 234 ἐμπαθεῖς,
1644 199 1692 227 καὶ
1702 199 1751 232 τὰς
1765 201 1824 227 ἐπι-

193 239 325 274 ἰπίδειξιν
349 240 480 276 ἐπαχθὲς,
493 240 579 267 ταῦτα
596 241 650 267 τῶν
668 241 821 276 εἰρημένων
836 241 921 268 αἴτια.
936 243 983 268 Διὰ

192 285 272 313 τοῦτο
285 285 352 321 γοῦν
379 287 431 313 κάν
443 287 502 317 ταῖς
520 286 647 319 συνάξεσι
679 286 739 313 λίαν
764 288 984 323 ἑσπουδασμένον

193 329 228 366 ἦν
245 330 330 366 αὐτῷ,
340 332 382 364 τὸ,
397 332 464 367 μήτε
477 332 553 364 τινὰς
566 332 644 368 ὀρᾷν,
656 332 719 368 μήθ’
733 332 777 368 ὑφ’
788 333 889 369 ἑτέρων
903 335 985 361 αὑτὸν

195 378 353 413 βλέπεθθαι,
365 378 422 405 ἀλλ’
438 377 525 404 ὀπίσω
542 378 630 411 κίονος
645 379 662 414 ἢ
678 379 771 415 ἐτέρου
793 379 984 415 προϐλήματος

194 425 332 456 ἵστασθαι,
343 424 391 451 καὶ
416 416 595 460 περικρίὂϐειν
611 425 717 456 ἑαυτὸν,
733 427 780 453 καὶ
798 425 846 461 τῆς
871 425 924 452 τῶν
939 426 986 453 ἄ).-

193 471 247 498 λων
270 471 409 505 ἐπιμιξίας
433 471 545 506 κρύὸειν
573 471 708 499 ἀθέατον*
730 473 775 498 ire
791 472 823 499 δὴ
841 472 985 508 προσέχειν

195 517 284 552 ἑαυτῷ
303 517 466 552 βουλόμενον
483 517 530 544 καὶ
545 518 610 544 εἵσω
630 517 675 544 τὸν
695 518 756 545 νοῦν
773 519 921 553 ἀθροίζειν,
939 518 987 545 καὶ

194 563 266 590 οὓτω
279 563 379 599 ῥᾳδίως
397 564 466 599 πρὸς
481 564 547 591 Θεὺν
560 564 703 599 αἴρεσθαι·
723 565 805 591 πάλιν
823 565 871 591 καὶ
887 565 900 590 ὁ
916 564 986 595 θεῖος

194 606 271 640 οὗτος
286 609 367 644 ἀνὴρ,
393 609 408 635 ό
424 609 546 644 ἐπίγειος
573 609 700 644 ἄγγελος,
718 610 783 637 εἴσω
809 609 987 645 ἀθροίζειτδν

195 655 270 687 νοῦν,
283 655 326 681 ἵνα
340 654 466 682 ἐντεῦθεν
484 654 603 687 εὐκόλως
616 655 684 692 πρὸς
697 655 765 682 Θεὸν
774 644 896 691 αἷρηιιαι.
965 644 979 660 Ι

203 723 276 752 Ἀπὸ
302 724 356 751 τοῦ
368 724 443 757 ,βίου
473 724 527 751 τοῦ
541 724 640 787 Δ(ιὲἶιου
674 725 797 752 Παύλου
825 724 880 751 τοῦ
894 724 930 750 ἐν
949 723 988 756 τῷ

585 769 652 787 τοο).

585 769 652 794 τρῳ.

1037 243 1140 278 σπορὰς
1170 243 1225 270 τῶν
1250 243 1346 271 παθῶν
1370 245 1586 281 ἀποτρέπεσθαι.
1609 246 1707 278 Βιὸαὶ,
1736 247 1795 279 πῶς
1810 249 1824 274 ὁ

1036 287 1108 319 θεῖος
1123 283 1200 319 οὗτος
1216 287 1310 324 Πατὴρ
1327 288 1438 324 μέθοδον
1463 291 1520 321 τοῖς
1538 291 1679 326 φοιτηταῖς
1699 290 1824 324 ἀγνοοῦσι

1035 333 1168 368 διδάσκει,
1192 335 1237 361 ἵνα
1265 334 1310 361 διὰ
1324 336 1427 370 ταύτης
1441 336 1607 372 ἀποτρέπειν
1623 336 1750 363 δύνανται
1777 337 1826 369 τὰς

1036 380 1191 416 προσϐολὰς
1219 381 1275 408 τῶν
1303 381 1417 415 παϐὦν;
1432 382 1482 408 οὐκ
1497 382 1565 417 ἄλλη
1580 382 1608 409 δὲ
1630 383 1663 409 ἂν
1679 383 1759 418 αὕτη,
1775 383 1791 417 ἢ
1807 384 1826 418 ἡΓ

1034 427 1082 453 τοῦ
1096 426 1155 458 νοὸς
1166 428 1281 463 τήρησις
1297 427 1417 462 ’ταύτης
1435 428 1491 464 γάρ
1517 429 1575 455 ἐστι
1596 430 1670 456 τουτὶ
1685 429 1714 456 τὸ
1728 430 1825 463 κατόρ-

1036 471 1126 507 θωμα,
1155 473 1203 498 καὶ
1230 473 1281 498 οὐκ
1307 472 1390 507 ἄλλης
1401 482 1407 487 -
1429 474 1585 508 περαιτέρω
1598 473 1627 500 δὲ
1643 474 1657 500 ό
1673 474 1752 508 λόγος
1770 484 1824 509 χω-

1037 520 1128 554 patrm.

1169 588 1237 616 Ἀπὸ
1246 589 1301 616 τοῦ
1320 589 1397 621 βίου
1414 589 1468 616 τοῦ
1482 589 1570 623 ἁγίου
1588 589 1695 616 Σάϐϐα.

1075 647 1172 674 Ἦνίκα
1186 647 1277 682 μέντοι
1289 647 1334 672 τὶν
1356 646 1563 682 αποταξάμενον
1578 650 1592 674 ὁ
1608 647 1678 679 θεῖος
1709 648 1826 680 Σάῆσιις.

1035 689 1080 719 τόν
1095 701 1125 719 τε
1142 693 1242 719 κανόνα
1257 693 1307 719 ἴδοι
1319 691 1368 727 τῆς
1380 693 1450 719 κατὰ
1467 694 1602 728 μοναχοὺς
1619 693 1729 727 ἀγωγῆς
1748 695 1823 728 ἀκρι-

1037 740 1094 771 ϐῶς
1108 739 1264 774 ἐκμαθόντα
1293 739 1340 765 καὶ
1357 739 1420 765 νοῦν
1436 739 1487 774 ἤδη
1508 740 1553 765 τὸν
1569 739 1666 766 ἑαυτοῦ
1680 741 1773 775 τηρεῖν
1785 740 1827 766 δυ-

1036 787 1162 820 νάμενον,
1187 786 1235 812 καὶ
1263 785 1332 821 πρὸς
1362 786 1425 817 τοὺς
1454 786 1592 817 ἐναντίους
1616 786 1670 812 τῶν
1689 786 1827 820 λογισμῶν

242 830 270 857 '0
290 831 381 866 μέντοι
398 831 469 864 Θεῖος
481 833 589 864 Παῦλος
610 833 687 869 δρεσι
707 834 754 860 καὶ
778 834 907 869 ἐρημίαις
929 835 989 860 δια.-
1003 835 1021 862 Β
1037 831 1228 867 απομάχεσθαι
1239 839 1246 847 ⁶
1263 831 1330 867 πρὸς
1342 832 1380 863 δὲ,
1393 832 1440 858 καὶ
1458 832 1507 867 τὴν
1530 832 1585 858 τῶν
1600 832 1741 866 κοσμικῶν
1759 833 1826 863 ὅλως

199 877 300 908 παντὸς
318 878 445 913 διῃτᾶτο”
472 879 554 913 θηρσὶ
584 879 612 905 δὲ
629 880 747 915 ἀγρίοις,
770 876 814 906 οἷα
827 880 929 914 γείτοσι
943 881 990 907 καὶ

197 922 345 955 ὁμοσίτοις,
370 922 522 958 χρώμενος,
546 923 602 950 ἐστι
619 924 640 950 δ’
655 925 699 950 ὅτε
719 924 843 959 καὶπρὸς
855 926 906 959 τὴν
919 925 990 952 Λαύ-

199 977 250 1003 ριν
264 968 379 1001 κατιὼν,
392 970 552 996 ἐπισκοπῶν
579 970 655 1004 ἠξίου
673 971 736 1002 τοὺς
749 971 880 1005 ἀδελφούς
894 979 901 986 ·
921 980 990 1007 παρ-

197 1015 256 1050 ῄνει
267 1024 296 1041 τε
315 1016 360 1042 καὶ
374 1015 496 1042 ἐδίδασκε
512 1017 549 1052 μὴ
578 1016 767 1052 μικροψυχεῖν,
787 1017 854 1052 μηδὲ
866 1018 920 1044 τῶν
931 1019 990 1044 ὲπι-

197 1060 287 1086 πόνων
313 1060 363 1095 τῆς
388 1061 488 1096 ἀρετῆς
521 1062 727 1096 καταρᾳθυμεῖν
753 1062 851 1098 ἔργων,
875 1063 933 1090 ἀλλ’
961 1065 990 1089 ὲν

198 1107 332 1142 προσεχίᾳ
341 1107 416 1143 πάσῃ
425 1107 471 1133 καὶ
490 1107 625 1142 διακρίσει
635 1108 684 1142 τῆς
698 1108 769 1134 κατὰ
781 1109 811 1134 τὸ
825 1108 990 1143 Εὑαγγέλιον

197 1152 307 1187 ἔχεσθαι
324 1153 470 1184 πολιτείας,
487 1153 614 1188 καὶπρὸς
627 1153 661 1179 τὰ
678 1154 822 1189 πνεύματα
839 1155 889 1190 τῆς
904 1164 991 1190 πονηι

198 1199 260 1232 ρὶας
272 1198 396 1233 εὐψύχως
411 1199 656 1233 ἀνταγωνίζεσθαι.
681 1200 752 1235 "po;
765 1201 803 1233 δὲ,
818 1201 864 1227 καὶ
877 1201 990 1236 μέθοδον

197 1244 287 1275 αὐτοῖς
315 1245 492 1279 εἰσηγήσατο,
523 1245 555 1271 δι’
580 1244 614 1281 ἦς
640 1245 749 1273 δυνατοὶ
771 1246 878 1273 ἔσονται
891 1246 940 1277 τὰς
961 1255 989 1272 τε

190 1413 271 1441 etiam
289 1411 322 1439 tle
334 1412 416 1439 rebus
432 1412 463 1438 ad
482 1419 589 1438 sacram
625 1411 798 1445 Scripturam
831 1411 979 1446 spectanti-

189 1460 241 1486 bus
265 1459 394 1492 mitteret,
411 1465 498 1493 neque
514 1457 569 1484 ullo
595 1458 628 1485 de
644 1462 820 1492 argumento.
849 1457 981 1492 epistolas

190 1506 279 1532 daret.
296 1504 352 1530 Non
371 1511 437 1530 sane
455 1503 528 1537 quod
565 1503 695 1530 facttltate
724 1506 823 1530 ornate
851 1501 982 1537 loquendi

191 1558 223 1578 ac
234 1551 370 1578 scribendi
395 1554 512 1581 careret,
538 1549 631 1584 utique
658 1549 740 1576 homo
768 1549 796 1575 in
811 1548 911 1575 talibus
923 1556 983 1582 pcr—

191 1598 304 1631 fcctus;
332 1598 376 1624 cui
406 1598 546 1631 eleganter
565 1585 793 1623 dicere’facilius
813 1587 873 1623 erat
901 1603 981 1629 quam

191 1645 253 1671 aliis
270 1643 431 1678 simpliciter
441 1643 525 1677 loqui.
544 1643 596 1670 Sed
610 1650 671 1677 qure
688 1642 744 1669 dixi
762 1642 788 1669 in
805 1642 864 1676 ipso
880 1641 982 1669 elﬁcie-

192 1690 239 1716 bat
266 1689 416 1716 assuetudo
440 1688 548 1715 tacendi
575 1693 602 1715 et
628 1689 662 1714 ab
687 1688 760 1714 omni
788 1687 982 1714 ostentationis

191 1735 284 1771 specie
311 1736 463 1762 abhorrens
486 1734 630 1761 modestia.
655 1733 800 1769 Propterea
826 1734 898 1761 enim
913 1739 939 1760 et
955 1733 981 1761 iu

190 1781 316 1809 ecclesiis
343 1785 370 1808 ct
390 1781 417 1808 in
441 1780 591 1816 synaxibus
617 1787 726 1807 summo
749 1780 840 1806 studio
869 1780 984 1807 cavebat

191 1834 316 1862 spectare
336 1833 511 1862 quemquam.
531 1830 577 1852 attt
604 1826 638 1852 ab
654 1825 715 1852 aliis
729 1826 868 1860 spectari:
885 1827 982 1853 solitus

192 1883 223 1902 ea
241 1874 275 1901 de
288 1881 370 1901 causa
389 1879 461 1900 retro
478 1872 633 1899 columnam
651 1872 823 1906 quampiam,
857 1877 904 1898 aut
925 1880 982 1900 mo-

192 1921 244 1948 lem
258 1919 374 1946 similem
393 1923 478 1950 stare,
495 1924 551 1952 quo
571 1917 611 1944 sie
636 1923 662 1943 et
682 1917 708 1943 in
735 1917 826 1950 turba,
848 1924 979 1952 quantum

194 1968 296 2000 posset.
313 1967 454 1999 praestaret
480 1970 509 1990 se
525 1962 726 1995 impcrmistum
745 1962 816 1996 aliis,
833 1970 865 1990 ac
894 1971 983 1998 neque

193 2010 374 2045 conspicuum
392 2009 498 2036 iisdem.
523 2006 692 2034 Facultatem
710 2008 818 2035 scilicet
845 2008 908 2035 inde
934 2016 982 2043 ap-

194 2062 256 2082 tans
274 2055 405 2089 majorem
419 2053 577 2081 attendendi
589 2053 651 2084 sibi,
668 2058 692 2080 et
707 2054 894 2082 indesinenter
907 2055 978 2082 cotti-

189 2102 281 2137 gendi,
290 2102 362 2129 unde
372 2101 445 2128 illam
457 2106 549 2136 posset
558 2099 665 2128 facilius
675 2101 707 2128 ad
720 2100 804 2129 Deum
817 2101 924 2129 tollere.
936 2102 983 2128 Al-

192 2154 278 2175 terum
296 2150 348 2176 hoc
362 2149 518 2183 exemplum
534 2153 594 2175 esto
609 2148 699 2183 magni
713 2148 794 2182 huius
812 2148 877 2180 viri,
897 2155 979 2182 que-

1037 880 1149 914 μνήμην
1160 879 1210 913 τῆς
1227 878 1346 910 διανοίας
1366 877 1580 913 ὲξοικισάμενον,
1598 879 1658 905 τότε
1677 879 1709 913 δὴ
1728 879 1779 905 κάν
1794 880 1825 913 τῇ

1035 924 1132 960 Λαύρᾳ
1145 925 1258 959 παρεῖχε
1271 923 1386 954 κελλίον,
1404 924 1428 949 εἰ
1440 923 1552 954 ἀσθενὲς
1564 923 1619 957 ἔχοι
1635 923 1664 949 τὸ
1681 923 1761 958 σῶμα
1781 925 1827 949 καὶ

1036 971 1188 1005 ἄρρωστον,
1203 971 1227 996 εἰ
1254 969 1344 1004 μέντοι
1359 969 1414 995 τῶν
1431 969 1595 1004 ἐρρωμένων
1613 970 1655 1004 είη
1667 969 1713 995 καὶ
1730 968 1825 995 εὐσθε-

1035 1017 1100 1049 νὼν,
1118 1016 1166 1043 καὶ
1181 1015 1288 1042 κελλίου
1311 1015 1456 1051 οἰκοδομὴν
1478 1016 1640 1050 ἐπέτρεπεν.
1672 1015 1753 1050 Ὁρᾷς
1768 1015 1827 1046 πῶς

1035 1064 1081 1090 καὶ
1094 1064 1108 1090 ὸ
1120 1063 1264 1094 Θεσπέσιος
1276 1061 1383 1093 Σάὅῦας
1396 1061 1443 1097 τὴν
1455 1061 1502 1088 τοῦ
1513 1061 1573 1092 νοδς
1589 1061 1712 1096 φυλακὴν
1728 1060 1827 1095 ἀπῄτει

1037 1112 1092 1141 τοῖς
1108 1109 1256 1145 μαθηταῖς,
1268 1109 1313 1136 καὶ
1331 1108 1418 1140 οὕτως
1444 1109 1535 1140 αὐτοῖς
1563 1109 1692 1143 παρθχων
1712 1107 1827 1140 κελλίοις

1036 1158 1092 1193 [tua
1106 1155 1225 1192 κελλίονὶ
1243 1156 1390 1190 συνεχώρει
1408 1155 1529 1182 καθίσαι.
1546 1155 1578 1181 Τί
1594 1155 1733 1190 πράξομεν
1748 1156 1828 1189 ἡμεῖς

1037 1203 1061 1229 οἱ
1087 1201 1180 1237 ἀργῶς
1206 1201 1235 1227 ὲν
1257 1200 1373 1232 κελλίοις
1391 1200 1553 1235 καθήμενοι,
1573 1201 1619 1227 καὶ
1635 1200 1706 1232 οὐδὲ,
1726 1201 1748 1226 εἰ
1770 1200 1827 1226 ἔστι

1036 1248 1095 1279 νοὸς
1106 1248 1233 1282 τήρησις,
1249 1246 1426 1280 ἐπιστάμενοι
1437 1255 1446 1278 ;

1008 1438 1018 1448 Ἴ
1035 1403 1104 1430 ritus
1127 1403 1255 1437 nequitiae
1283 1403 1408 1432 animose
1426 1409 1543 1433 certare.
1557 1405 1689 1433 Prmterea
1715 1407 1830 1433 metim-

1036 1449 1099 1476 dttm
1115 1450 1183 1483 ipsis
1199 1451 1376 1485 proponebat.
1397 1459 1480 1486 quam
1493 1454 1516 1479 sl
1540 1457 1662 1480 tenerent
1685 1454 1830 1486 opiniones

1036 1495 1101 1522 olim
1129 1502 1322 1531 pratsutnptas.
1352 1504 1413 1532 qua
1438 1498 1512 1526 vitiis
1544 1498 1646 1532 favent,
1676 1499 1829 1533 dediscere.

1035 1548 1060 1570 et
1078 1543 1196 1570 insulttts
1209 1550 1354 1577 pravorum
1365 1543 1512 1571 aﬂectunm
1525 1551 1635 1579 possent
1648 1547 1809 1581 propulsare
1821 1557 1828 1575 :

1035 1597 1089 1624 qua
1105 1597 1181 1620 sane,
1202 1597 1251 1624 pro
1266 1590 1303 1617 rei
1318 1595 1456 1618 momento
1474 1592 1542 1618 nihil
1569 1597 1676 1627 poterat
1694 1595 1829 1628 expetibi-

1036 1637 1089 1664 lius
1102 1637 1244 1670 discipulis
1274 1644 1439 1666 monstrare.
1470 1638 1609 1672 Quantum
1634 1642 1708 1668 enim
1727 1642 1779 1670 hoc
1794 1643 1828 1670 ab

1035 1691 1068 1711 eo
1082 1683 1211 1711 didicisse
1227 1693 1234 1711 :
1252 1692 1305 1718 qua
1317 1685 1379 1719 quis
1394 1691 1452 1712 arte
1466 1687 1551 1720 possit
1562 1687 1795 1721 nequissitnarum
1813 1697 1827 1714 ιι

1036 1738 1065 1758 se
1084 1730 1280 1764 impressiones
1305 1731 1505 1765 cogitationum
1523 1733 1677 1768 repellere?
1707 1742 1763 1760 non
1779 1742 1828 1760 au-

1036 1782 1090 1804 tem
1108 1777 1160 1804 alia
1177 1782 1236 1805 erat
1252 1785 1296 1805 ars
1310 1778 1374 1810 ista,
1393 1779 1445 1805 nisi
1460 1779 1560 1807 mcntis
1574 1780 1709 1808 custodia.
1742 1780 1828 1814 lluj-s

1033 1823 1106 1850 enim
1121 1823 1235 1850 affectus
1252 1828 1295 1851 est
1323 1825 1449 1859 proprius
1474 1826 1547 1852 istud
1566 1827 1693 1860 perfecta:
1714 1828 1828 1854 virtutis

1035 1877 1116 1904 opus.
1128 1869 1263 1897 Transcat
1279 1870 1344 1898 hinc
1362 1878 1453 1899 sermo
1470 1873 1502 1898 ad
1519 1873 1675 1908 sequentia.

1251 1969 1290 1997 Et:
1311 1970 1370 1996 Vita
1388 1971 1475 1997 srmclt'
1491 1970 1595 1996 Suhbw.

1066 2062 1178 2088 Divintts
1196 2061 1302 2089 Sabbas
1331 2062 1401 2090 hanc
1419 2063 1559 2098 regimiuis
1577 2063 1692 2090 fortnam
1718 2072 1822 2098 seque-

1028 2110 1119 2136 batur.
1134 2109 1200 2136 Eutn
1226 2109 1271 2144 qui
1291 2110 1413 2145 regulam
1435 2110 1491 2144 jam
1518 2110 1697 2138 monasticam
1715 2111 1823 2138 didice-

1029 2161 1080 2187 rat,
1096 2160 1122 2182 et
1140 2163 1217 2182 suam
1237 2156 1293 2190 jam
1312 2155 1451 2183 custodire
1469 2160 1588 2184 mentem
1604 2161 1720 2191 poterat.
1736 2162 1822 2192 atque

187 2195 251 2228 illi“!
266 2196 326 2229 ‘llllS
340 2195 441 2222 δίιεΐῖῑ
457 2199 616 2222 ιθῐτϐεῐποιη
637 2195 777 2229 anselmn.
810 2193 888 2220 "0N5
904 2200 981 2220 ῐηοη-
992 2211 1014 2238 ο
1029 2199 1150 2226 adversis
1166 2207 1318 2234 repugnare
1343 2200 1555 2235 cogitationibus
1571 2209 1578 2231 ;
1605 2201 1709 2236 quique
1738 2209 1822 2228 utnu-

195 2247 299 2273 strans,
321 2242 459 2276 quomodo
471 2241 622 2275 colligenda
638 2240 674 2267 sit
694 2246 782 2270 mens,
795 2243 825 2265 ιιι
845 2239 885 2265 sic
906 2246 982 2266 com-

191 2288 291 2321 posita,
310 2286 382 2314 baud
396 2293 468 2320 tegre
483 2286 514 2313 ad
533 2286 615 2313 Deum
630 2285 760 2312 elevetur.

331 2382 370 2409 Ex
393 2381 451 2409 Vita
467 2383 552 2409 sancti
577 2381 655 2408 Pauli
667 2381 693 2406 in
710 2378 814 2414 Latro.

219 2483 254 2508 At
272 2482 387 2509 divinus
399 2481 501 2509 Paulus
519 2481 546 2508 in
564 2481 704 2509 montibus
729 2486 757 2508 et
771 2481 839 2509 locis
851 2482 972 2510 desertts

184 2536 294 2563 semper
306 2528 456 2560 habitabat,
470 2527 535 2556 feris
549 2528 645 2556 bestiis
668 2533 797 2563 tanqttatn
833 2529 932 2557 vicinis
947 2536 975 2557 et

182 2574 325 2601 sodalibus
341 2578 430 2601 utens.
448 2573 510 2601 Fuit
521 2579 611 2600 tamen
626 2581 688 2600 cum
702 2574 726 2600 itt
739 2574 844 2601 lauram
858 2575 972 2603 descen-

183 2621 253 2647 dens
270 2621 340 2647 ltaud
356 2620 453 2647 abnuit
468 2620 609 2654 suscipere
624 2619 744 2654 regimen
761 2619 888 2648 fratrum.
906 2621 972 2648 Sua-

183 2666 266 2692 debat
281 2670 370 2692 autem
382 2665 542 2697 etdoccbat,
560 2670 688 2691 excutere
704 2664 970 2700 pusillanimitatcm,

182 2719 234 2738 nec
253 2719 267 2737 a
285 2711 432 2739 laboriosis
446 2711 557 2738 virtutis
574 2711 705 2746 operibus
733 2716 805 2739 metu
833 2711 973 2740 desidiave

181 2757 237 2782 ulla
253 2756 597 2790 retardaricapeSsendis:
622 2757 669 2784 sed
685 2756 711 2783 in
739 2757 813 2783 omni
841 2758 970 2784 attentio-

178 2809 214 2829 ne
224 2809 257 2829 ac
269 2803 452 2835 discretione,
465 2802 652 2838 evangelicam
668 2809 814 2837 capessere
829 2810 860 2830 ac
877 2811 971 2838 perse-

177 2854 304 2876 veranter
315 2857 441 2878 exercere
455 2849 564 2878 vivendi
590 2850 734 2882 rationem,
752 2854 778 2876 ct
793 2853 889 2877 contra
906 2849 970 2885 Spi-

1028 2245 1160 2272 danarttm
1177 2253 1267 2273 rerttm
1284 2253 1316 2273 ex
1331 2250 1388 2273 loto
1403 2246 1563 2274 memoriam
1580 2254 1595 2274 e
1619 2251 1711 2274 mente
1725 2253 1822 2275 exter-

1028 2292 1192 2324 ntinaverat,
1227 2291 1349 2320 habitare
1368 2293 1396 2319 in
1412 2293 1488 2320 laura
1506 2293 1691 2327 permittebat,
1721 2295 1822 2321 cellam

1027 2339 1080 2373 ipsi
1096 2339 1234 2374 propriam
1249 2339 1404 2373 assignans,
1439 2340 1462 2367 si
1484 2347 1578 2372 parum
1596 2339 1709 2367 robusto
1723 2341 1824 2368 invali-

1027 2385 1117 2419 doque
1130 2390 1188 2412 erat
1201 2392 1328 2420 e0rpore.
1348 2384 1395 2412 Sin
1419 2393 1452 2413 ex
1483 2386 1515 2413 iis
1532 2389 1592 2413 erat
1620 2386 1666 2420 qui
1700 2387 1823 2414 sanitate

1027 2432 1213 2460 membrorum
1229 2439 1261 2460 ac
1273 2431 1377 2460 viribus
1403 2432 1550 2466 pollerent,
1567 2433 1655 2460 locum
1679 2432 1823 2468 prtebebat

1027 2478 1072 2505 ttbi
1089 2478 1186 2505 cellam
1212 2478 1263 2512 ipsi
1295 2478 1347 2505 sibi
1379 2483 1583 2506 construerent.
1609 2478 1692 2506 Vides
1723 2483 1753 2505 ut
1774 2479 1822 2506 hic

1026 2527 1138 2551 sanctus
1152 2524 1237 2551 abbas
1258 2524 1356 2551 mentis
1370 2528 1434 2551 ante
1444 2524 1537 2551 omnia
1553 2524 1705 2552 custodiam
1731 2532 1744 2551 a
1762 2525 1822 2551 fra-

1026 2571 1113 2598 tribus
1129 2578 1195 2605 quos
1208 2571 1260 2598 sub
1273 2578 1350 2598 suam
1367 2579 1462 2598 curam
1492 2572 1650 2599 admitteret
1674 2572 1818 2607 exigebat,

1028 2625 1079 2644 nec
1093 2617 1172 2644 aliter
1189 2617 1229 2644 eis
1245 2617 1320 2644 cellae
1338 2617 1383 2651 jus
1410 2618 1436 2644 in
1458 2625 1512 2653 qua
1530 2618 1581 2645 sub
1607 2626 1637 2645 se
1653 2617 1708 2645 Deo
1723 2618 1821 2652 quiete

1024 2664 1159 2691 servirent
1173 2663 1321 2691 tribuebat.
1333 2662 1405 2696 Quid
1419 2663 1554 2692 faciemus
1583 2672 1631 2691 nus
1661 2664 1775 2690 inutiles
1792 2664 1819 2691 in

1024 2709 1100 2737 ccllis
1116 2710 1212 2743 ignave
1227 2709 1406 2743 desidentes;
1423 2711 1488 2745 quid
1506 2711 1541 2738 sit
1561 2711 1661 2738 mentis
1679 2710 1819 2742 custodia,

1024 2760 1050 2783 et
1064 2763 1098 2782 an
1119 2756 1222 2790 uspiam
1242 2757 1405 2790 reperiatur,
1422 2765 1455 2784 ne
1472 2759 1610 2785 mentione
1624 2757 1732 2791 quidem
1762 2757 1821 2790 pri-

1024 2810 1066 2828 ma
1079 2802 1167 2830 cdocti
1181 2803 1192 2829 ’Ξ
1208 2803 1242 2830 At
1257 2803 1300 2830 hic
1323 2811 1439 2839 magnus
1457 2804 1540 2832 Pater
1556 2812 1611 2840 pro!
1637 2804 1669 2830 iis
1687 2804 1733 2838 qui
1751 2811 1817 2830 eum

1023 2853 1221 2882 praecesserant
1247 2849 1328 2877 istam
1355 2850 1466 2885 copiose
1499 2851 1626 2877 virtutem
1657 2849 1818 2884 possidens,
