1924 3092
158 161 213 194 959

411 235 516 263 Ἰσαὰκ
529 234 583 261 τοῦ
601 233 708 268 Σύρου.

198 284 352 312 Σπούδασον
380 282 511 309 εισελθεῖν
527 281 567 312 είς
591 279 621 306 «re
650 279 772 314 ταμιεῖον
790 279 821 305 τὸ
847 279 952 306 ἔνδοθέν

164 339 223 362 σου,
240 330 287 356 καὶ
301 329 360 363 ὄψει
377 327 407 354 τὸ
424 328 537 362 ταμεῖον
552 326 582 351 τδ
603 325 739 360 οὐράνιον.
758 324 806 352 Ἐν
821 326 875 360 γάρ
894 327 952 352 ἐστι

159 376 241 402 τοῦτο
259 376 369 401 κάκεῖνο
378 383 384 388 -
395 374 442 400 καὶ
457 374 486 398 ὲν
495 373 544 407 μιᾷ
561 371 656 406 εἰσόδῳ
669 371 782 406 θεωρείς
795 371 949 407 ἀμφότερα.

166 421 200 447 Ἢ
226 419 327 455 κλίμαξ
342 420 392 454 τῆς
417 418 556 454 βασιλείας
569 418 689 453 ὲκείνηςλ
705 416 810 443 ἔνδοθέν
826 417 873 444 σού
892 418 950 444 ἐστι

160 467 350 502 κεκρυμμένη,
364 466 459 501 ’ἡγουν
484 466 514 491 ὲν
530 465 563 499 τῇ
579 464 650 499 ψυχῇ
669 472 728 491 σου.
755 463 890 490 Βάπτισον
903 463 951 490 οὖν

160 514 272 547 σεαυτὸν
288 514 319 539 ἐκ
333 512 383 547 τῆς
400 511 550 547 ἁμαρτίας,
573 511 620 537 καὶ
642 509 780 546 εὑρίσκεις
801 511 861 537 ἐκεῖ
883 511 949 537 ἅνα-

158 559 251 591 ὖάσεις
271 560 300 585 ὲν
315 556 359 590 αἷς
371 558 528 585 ἀναϐαίνειν
540 557 654 593 δυνήσῃ.
908 552 916 557 ’

462 646 645 679 Καρπασίου.

194 721 417 763 Πολλοῦρέιγῶνος
443 731 490 749 και
506 722 592 750 κόπου
612 724 691 759 χρεία
706 724 735 751 ἐν
752 726 813 757 ταῖς
834 734 950 761 προσευ-

120 794 122 796 _
155 769 237 802 χαῐς·
267 768 341 798 ὅπως
367 768 492 804 εὕρωμεν
515 769 564 804 τὴν
588 771 807 806 ἀπαρενόχλητον
824 772 871 806 τῆς
895 772 950 799 δια-

158 814 234 844 νοίας
247 814 424 846 κατάστασιν,
454 815 548 850 ἕτερόν
566 825 625 842 τινα
650 817 795 852 ἐγκάρδιον
821 818 946 852 οὐρανὸν,

156 859 220 885 ἔνθα
237 860 308 886 οἰκεῖ
325 861 339 885 ὁ
355 861 473 895 Χριστός
485 869 492 875 ·
517 861 553 893 ὥς
573 871 655 897 φησιν
672 864 685 890 ὁ
700 863 870 895 Ἀπόστολος.
887 873 896 889 ι
915 864 947 890 El
962 856 983 883 Β

156 906 207 931 οὐκ
222 905 428 939 ἐπιγινώσκετε,
440 907 481 933 ὅτι
493 907 611 942 Χριστὸς
621 909 691 935 οἰκεῖ
702 910 730 936 ἐν
741 910 806 945 ἡμῖν
817 918 825 943 ;
838 910 862 936 εί
877 910 944 945 μήτι

160 951 214 986 ipa.
229 952 453 987 ἁδόκιμοίέστε.»

372 1048 496 1082 Συμεὼν
512 1049 564 1076 τοῦ
581 1050 735 1083 θεολόγον.

199 1141 309 1168 Ἀδ;ιαν
317 1141 400 1175 εὗρεν
416 1143 429 1168 ὁ
444 1142 568 1174 διάϐολος
586 1143 657 1177 μετὰ
669 1143 725 1169 τῶν
739 1143 886 1178 δαιμόνων,
901 1144 947 1178 ἀφ’

160 1183 191 1213 οὗ
210 1186 257 1212 τοῦ
276 1187 443 1220 παραδείσου
464 1187 511 1213 καὶ
524 1188 571 1213 τοῦ
597 1188 665 1214 Θεοῦ
683 1188 821 1222 ἐξόριστον
836 1189 881 1214 διὰ
899 1189 950 1221 τῆς

161 1232 306 1268 παρακοῆς
329 1232 477 1265 εἰργάσατο
494 1233 540 1258 τὸν
563 1232 719 1265 ἄνθρωπον,
749 1233 779 1259 τὸ
793 1233 947 1266 λογιστικὸν

463 1386 552 1416 ιδπαεί
573 1388 645 1424 Syri.

198 1455 209 1473 ι
228 1445 314 1473 Stude
337 1445 442 1472 intrare
461 1445 488 1472 in
506 1445 710 1480 receptaculum
729 1445 856 1472 intimum
888 1444 949 1478 tibi,

158 1499 186 1520 et
197 1493 302 1520 videbis
316 1492 518 1526 receptaculum
536 1493 658 1520 cteleste.
672 1492 762 1520 Unum
774 1492 847 1518 enim
862 1491 948 1518 idem-

743 152 955 185 NlCEPHORl
978 150 1156 181 MONACIII

961 228 984 256 Α
993 221 1095 253 παντὺς
1105 218 1251 255 ἀνθρώπω
1268 216 1403 248 σαλεύειν,
1418 215 1466 242 καὶ
1480 215 1509 242 ὲν
1523 213 1602 241 νυκτὶ
1614 213 1661 238 καί
1672 212 1701 238 ἓν
1712 212 1781 246 ὴμέ-

1724 147 1786 183 7960

993 277 1029 305 pg
1047 267 1166 302 von-tib:
1191 264 1240 292 τοῦ
1256 265 1316 300 μὲν,
1339 263 1386 290 ἐπὶ
1405 262 1485 294 πολὺ,
1510 261 1557 287 τοῦ
1569 260 1609 292 δὲ,
1624 259 1667 286 ἐπ’
1679 258 1779 292 ὀλίγον,

992 304 1041 342 καὶ
1055 313 1148 345 ἄλλου,
1162 311 1210 338 ἐπὶ
1227 310 1319 337 πλέον.
1339 309 1394 335 Καὶ
1407 309 1457 334 οὐκ
1482 307 1570 339 ἄλλως
1590 305 1704 332 δυνατὸν
1717 304 1782 338 ὀχυ-

994 360 1116 396 ρωθῆναι
1139 357 1229 390 τοῦτο,
1252 357 1270 392 ἢ
1289 356 1384 392 μνῄμῃ
1400 354 1468 382 Θεοῦ
1493 353 1627 388 διηνεκεῖ,
1639 348 1663 385 ᾧ
1676 351 1724 378 ἐὰν
1746 351 1780 385 τῇ

991 406 1106 442 δυνάμει
1119 405 1167 432 τοῦ
1184 403 1304 438 σταυροῦ
1323 401 1481 429 τυπωοείσα
1501 401 1535 436 τῇ
1558 398 1658 435 καρδῖᾳ
1680 398 1698 432 ὴ
1716 396 1780 423 Θεία

994 453 1102 489 μνήμη.
1116 450 1185 485 πρὸς
1199 450 1229 476 τδ
1239 449 1363 476 ἄσειστον
1375 447 1514 482 στερεὼσῃ
1526 446 1613 473 τοῦτο.
1637 445 1684 475 Et;
1702 442 1783 469 τοῦτο

990 499 1046 533 γὰρ
1060 498 1140 532 φέρει
1156 496 1190 522 τὰ
1204 494 1251 522 τοῦ
1270 494 1367 529 νοητοῦ
1390 493 1507 527 ἀγῶνος,
1526 491 1557 518 ὃν
1577 491 1693 521 ἕκαστος
1708 490 1730 516 Χ
1736 497 1779 523 ρι-

994 543 1111 571 στιανῶν
1126 542 1325 577 ἀγωνίσασθαι,
1340 541 1409 576 πρὸς
1427 540 1457 566 τὸ
1472 539 1579 568 στάδιον
1592 538 1642 573 τῆς
1661 535 1780 572 Χριστοῦ

993 591 1112 622 πίστεως
1138 588 1313 616 ἀπεδύσατο·
1337 587 1361 614 εί
1385 587 1414 613 δὲ
1434 586 1482 622 μή,
1505 585 1594 621 μάτην
1612 584 1780 618 ἀγωνιεῖται.

993 637 1047 664 Τοῦ
1074 635 1197 664 τοιούτου
1226 633 1332 668 ἀγῶνος
1350 633 1446 659 ἕνεκεν
1461 633 1478 667 ὴ
1495 632 1571 658 πᾶσα
1595 631 1643 657 καὶ
1670 629 1781 662 ποικίλη

993 683 1095 714 παντὸς
1106 680 1330 711 κακοπαθοῦντος
1341 679 1386 707 διὰ
1404 679 1450 705 τὸν
1461 677 1529 704 Θεδν
1537 677 1653 712 ἄσκησις
1665 684 1672 690 ·
1688 675 1731 701 (va
1739 683 1781 705 τις

993 728 1090 764 κάμψῃ
1110 729 1146 756 τὰ
1166 727 1310 761 σπλάγχνα
1328 726 1376 752 τοῦ
1397 723 1512 758 ἀγαθοῦ,
1537 723 1584 750 καὶ
1607 722 1681 757 δώσῃ
1700 721 1782 748 πάλιν

993 774 1023 802 τὸ
1037 774 1145 810 πρῶτον
1163 773 1273 807 ἀξίωμα
1298 770 1388 801 τοῦτο,
1414 770 1462 796 καὶ
1481 768 1636 804 σφραγισθῇ
1650 767 1690 802 τῷ
1707 767 1782 799 λογι-

993 819 1077 854 στικῷ
1092 818 1227 854 Χριστός,
1252 816 1345 848 καθὼς
1368 816 1443 849 λέγει
1468 817 1482 841 ὁ
1505 814 1683 844 ’Λπόατολος”
1701 822 1710 837 ι
1732 812 1783 837 Ta

991 866 1055 893 κνία
1072 874 1134 900 μου,
1151 864 1198 896 οὓς
1219 863 1298 891 πάλιν
1312 862 1411 893 ὠδίνω,
1426 861 1508 896 ἄχρις
1519 858 1550 887 οὗ
1567 859 1700 895 μορφωθῇ
1712 859 1781 893 Χρι-

993 911 1055 942 στδς
1066 912 1096 937 ὲν
1108 911 1182 945 ὑμῖν.
1203 919 1211 936 t
1229 908 1417 942 Κατεμάοετε,
1434 907 1555 941 ἀδελφοὶ,
1571 905 1609 936 ὡς
1623 905 1680 930 ἔστι
1696 904 1781 938 τέχνη

992 958 1175 994 πνευματικὴ,
1194 958 1278 991 ἤγουν
1295 956 1418 991 μέθοδος,
1435 955 1542 990 ταχέως
1558 954 1604 980 τὸν
1615 952 1718 986 ταύτης
1735 953 1784 985 ἑρ-

992 1005 1079 1039 γάτην
1088 1005 1128 1033 είς
1143 1003 1278 1030 ἀπάθειαν
1293 1002 1340 1028 καὶ
1356 1001 1486 1028 θεοπτὶαν
1507 999 1661 1033 ἀνάγουσα·
1677 997 1784 1030 πεπλη-

994 1047 1156 1084 ροφόρησοε,
1183 1047 1242 1077 πῶς
1263 1046 1338 1072 πᾶσα
1355 1044 1498 1080 πρακτικὴ
1519 1043 1558 1074 ὡς
1572 1042 1660 1076 φύλλα
1679 1042 1708 1067 ὲν
1724 1041 1784 1067 δέν-

993 1093 1049 1127 δρῳ
1063 1093 1148 1127 χωρὶς
1161 1091 1268 1126 καρποῦ
1281 1090 1435 1124 λελόγισται
1451 1089 1488 1124 τῷ
1503 1088 1563 1123 Θεῷ
1574 1109 1581 1119 ,
1591 1088 1639 1114 καὶ
1654 1088 1695 1114 ὅτι
1709 1088 1785 1113 πᾶσα

992 1139 1065 1174 ψυχὴ
1082 1138 1120 1173 μὴ
1136 1137 1236 1173 ἔχουσα
1254 1137 1300 1163 νοῦ
1314 1137 1441 1171 τήρησιν,
1459 1136 1499 1167 είς
1514 1135 1592 1162 κενὸν
1608 1134 1695 1160 ταῦτα
1712 1133 1783 1167 αὐτῇ

993 1187 1179 1220 ἀποσήσεται;
1205 1183 1310 1211 Οὐκοῦν
1344 1183 1519 1217 σπεύσωμεν,
1536 1182 1580 1208 ἴνα
1596 1182 1633 1216 μὴ
1664 1180 1784 1213 ἄκαρποι

993 1231 1218 1267 τελευτήσαντες,
1234 1229 1471 1265 μεταμληθῶμεν
1484 1228 1611 1262 ἀνόνητα.

998 1387 1198 1415 munimentum
1226 1393 1280 1419 est.
1312 1396 1394 1424 quam
1431 1390 1565 1418 memoria
1592 1390 1721 1418 continua
1755 1394 1787 1416 et

996 1433 1092 1460 Inertis
1108 1437 1135 1460 et
1155 1433 1213 1461 Dei.
1229 1435 1288 1467 Qua
1307 1435 1352 1462 ﬁet
1369 1440 1400 1462 ut
1420 1436 1520 1463 virtute
1532 1437 1623 1464 crucis
1635 1436 1783 1471 consigna-

999 1487 1024 1508 ta
1051 1491 1126 1511 mens
1152 1483 1306 1511 divinarum
1330 1485 1391 1513 viva
1417 1485 1607 1514 recordatione
1635 1493 1726 1513 rerum
1749 1488 1784 1515 ad

159 1546 213 1573 que
224 1541 266 1565 cs'.
281 1538 331 1566 hoc
344 1542 370 1565 et
390 1537 455 1564 illud
472 1545 480 1571 ;
499 1541 526 1563 et
539 1545 594 1564 uno
615 1539 740 1573 ingressu
755 1537 830 1564 vides
842 1541 947 1564 utrum-

996 1528 1214 1558 immohilitatem
1236 1531 1390 1563 solidetur;
1415 1532 1450 1559 ad
1465 1531 1547 1559 talem
1561 1532 1635 1560 enim
1665 1538 1784 1561 conten-

160 1595 223 1621 que.
240 1585 318 1612 Scala
332 1592 442 1619 quoque
452 1592 507 1619 qua
533 1583 731 1611 conscenditur
757 1585 784 1610 in
807 1585 887 1611 istam
910 1591 952 1611 re-

160 1633 231 1665 ginut
248 1633 318 1658 intra
334 1636 361 1658 te
372 1631 587 1658 estahscondita
604 1631 631 1657 iu
649 1631 742 1657 anima
767 1634 824 1657 tua.
840 1630 951 1665 Baptiza

162 1678 244 1711 igitur
268 1678 386 1712 teipsum
414 1681 442 1704 et
464 1677 540 1711 larga
557 1676 696 1703 infusione
711 1676 855 1711 cujusdam
874 1684 953 1710 aqua:

163 1723 282 1751 lustralis
298 1723 400 1750 abrade
417 1731 449 1749 ex
465 1723 522 1748 imo
545 1723 645 1749 animae
671 1722 756 1749 lutqu
770 1730 851 1749 omne
864 1731 896 1749 ac
910 1723 952 1749 [.13-

161 1766 209 1796 ccs
226 1769 328 1803 peccati
353 1776 408 1795 :eo
433 1768 459 1795 in
474 1768 534 1795 loco
552 1769 591 1795 sic
611 1769 719 1795 deterso
747 1768 848 1802 gradus
874 1769 953 1796 iuve-

164 1816 223 1842 nin-s
240 1823 288 1849 per
303 1823 372 1850 quos
385 1814 474 1850 possis
489 1813 640 1841 ascendere
653 1821 707 1849 quo
721 1813 808 1841 dixi.)

994 1576 1034 1603 dit
1047 1577 1163 1609 palmam
1176 1576 1319 1611 Spiritiiale
1335 1582 1486 1611 certamen,
1516 1579 1549 1605 ad
1567 1580 1643 1613 quod
1666 1586 1718 1607 nos
1733 1579 1785 1606 de-

993 1623 1153 1650 certandum
1169 1623 1196 1649 in
1207 1623 1309 1651 Christi
1327 1624 1429 1656 stadio,
1446 1624 1509 1652 ﬁdei
1541 1629 1709 1652 armaturam
1740 1625 1783 1653 in-

993 1669 1123 1695 duimus:
1139 1677 1192 1702 qua
1206 1669 1252 1703 qui
1264 1677 1317 1696 non
1335 1669 1418 1697 fuerit
1458 1671 1625 1704 instructus,
1648 1671 1710 1699 sine
1724 1672 1785 1699 vin-

993 1716 1072 1743 cendi
1087 1723 1215 1743 successu
1232 1716 1376 1751 pugnabit.
1392 1715 1480 1752 Hujus
1510 1717 1616 1752 praemii
1633 1724 1708 1752 epes,
1727 1722 1783 1745 tota

993 1769 1076 1789 causa
1102 1767 1146 1789 est.
1171 1762 1254 1789 varia:
1275 1770 1309 1790 ac
1334 1763 1493 1796 multiplicis
1513 1764 1541 1790 in
1560 1764 1623 1791 vita:
1648 1765 1786 1798 religiosa:

993 1807 1096 1835 duritie
1134 1811 1247 1842 propter
1285 1808 1371 1836 Deum
1411 1815 1541 1844 suscepta
1575 1811 1785 1839 exercitationis

931 1892 943 1896 _
993 1854 1178 1889 spiritualium
1195 1855 1373 1889 athletarum,
1388 1855 1415 1883 id
1428 1856 1536 1884 scilicet
1562 1857 1643 1885 unice
1657 1862 1785 1892 spectan-

482 1904 627 1938 Carpat/iii.

194 2000 296 2026 dlulto
327 2003 354 2026 et
383 1998 534 2026 certamine
561 2002 589 2024 et
618 2002 742 2031 tempore
762 2005 832 2032 opus
852 2001 894 2024 est.
917 1998 946 2024 in

157 2046 340 2078 orationibus,
354 2050 382 2072 ut
394 2044 567 2071 inveniamus
584 2043 610 2069 in
627 2043 843 2077 impcrturbahili
866 2050 941 2069 men-

159 2094 193 2120 tis
212 2097 284 2119 statu
304 2093 420 2119 alterum
440 2090 577 2125 quoddam
592 2089 675 2117 corde
702 2094 798 2117 nostro
811 2090 948 2116 inclusum

158 2139 331 2170 cmlum,nbi
364 2138 470 2165 habitat
499 2137 638 2168 Christus,
656 2141 686 2163 ul.
711 2136 747 2163 ait
771 2136 920 2170 Apostolus
941 2145 947 2163 :

164 2186 220 2211 «An
244 2185 356 2211 nescitis
369 2184 442 2219 quod
467 2184 594 2211 Christus
617 2183 722 2210 habitat
738 2183 764 2210 in
780 2183 870 2215 vobis,
908 2183 951 2209 ni-

167 2233 207 2259 asi
226 2233 294 2258 forte
306 2231 415 2266 reprobi
429 2231 495 2258 estis
505 2231 533 2257 ’ἵ
545 2240 554 2256 ι

321 2359 451 2386 Simeonis
470 2358 592 2386 Junioris
617 2357 750 2390 lealogi.

193 2457 389 2484 «Securitatem
409 2455 514 2483 invenit
537 2455 674 2487 diabolus,
694 2458 721 2481 et
742 2453 801 2488 ejus
813 2454 943 2486 ministri,

154 2513 188 2532 ex
207 2511 262 2538 quo
272 2512 287 2531 a
309 2504 439 2539 paradiso
449 2507 476 2530 et
487 2511 504 2530 a
518 2503 573 2530 Deo
587 2503 781 2530 exterminavit
792 2502 943 2534 hominem,

156 2550 331 2577 enncutiendi
353 2549 537 2583 turbandique
565 2553 671 2584 partem
700 2549 861 2576 rationalem
896 2557 946 2576 cu-

155 2597 310 2632 juscunque
344 2595 475 2626 hominis,
487 2599 542 2622 tam
565 2600 644 2622 nocte
660 2602 741 2629 quam
755 2595 801 2622 die
819 2595 948 2629 spiritua-

159 2642 222 2668 liier
238 2641 407 2669 intellectis:
429 2641 483 2669 hoc
497 2645 550 2674 est,
577 2644 632 2667 tam
653 2644 777 2675 tempore
804 2640 948 2667 desolatio-

159 2689 212 2718 nis.
240 2688 568 2722 quamfconsolationis;
602 2682 743 2722 cujusdam
780 2686 889 2720 quidem
919 2686 944 2712 in

160 2733 266 2763 multis.
283 2733 426 2768 cujusdam
443 2733 470 2759 in
487 2732 581 2768 paucis
598 2741 606 2765 ;
620 2732 735 2758 alterius
761 2730 945 2765 importunius

161 2785 188 2805 ct
201 2779 402 2806 vehementius.
415 2779 508 2814 Neque
525 2778 659 2805 adversus
674 2779 722 2805 hos
740 2777 858 2805 insultus
873 2776 945 2804 aliud

197 2870 207 2885 '
221 2869 240 2896 ll
258 2870 320 2897 Cor.
336 2879 392 2900 λιιι.
474 2873 483 2887 ’³
506 2872 594 2899 Galal.
615 2879 649 2903 tv,
671 2871 711 2898 l'J.

961 2222 983 2250 D
996 2226 1064 2253 dicit
1091 2226 1240 2262 Apostolus
1257 2237 1265 2256 :

994 1901 1073 1933 timn,
1103 1904 1132 1927 ut
1162 1908 1212 1936 pro
1241 1908 1270 1928 se
1295 1901 1413 1936 quisque
1440 1901 1551 1935 horum,
1582 1902 1785 1938 quodammodo

994 1947 1110 1979 [nrt-tur,
1125 1947 1177 1975 hoc
1201 1952 1254 1979 est,
1277 1949 1374 1983 quavis
1394 1953 1464 1981 arte.
1478 1957 1569 1984 quove
1588 1954 1688 1977 conatu
1708 1951 1735 1977 in
1754 1959 1786 1978 se

994 1998 1083 2020 vertat
1099 1998 1181 2029 atque
1197 1995 1319 2022 attrahat
1343 1995 1408 2023 boni
1432 1995 1482 2024 Dei
1501 1996 1659 2024 visceralem
1675 1997 1785 2024 miseri-

994 2041 1126 2068 cordiam.
1152 2041 1301 2076 Eidemque
1331 2042 1457 2070 vicissim
1490 2043 1588 2071 reddat
1608 2051 1691 2078 quam
1724 2044 1787 2079 ejus

995 2094 1101 2114 summa
1124 2087 1245 2122 dignitas
1267 2093 1401 2121 meretur,
1426 2090 1548 2117 intimam
1569 2089 1612 2117 sui
1636 2090 1786 2126 subiectio-

994 2141 1056 2160 nem
1071 2140 1105 2160 ac
1125 2135 1355 2163 venerationem:
1379 2136 1416 2163 ita
1439 2140 1470 2163 ut
1489 2136 1567 2170 quasi
1587 2137 1710 2172 sigillum
1736 2139 1785 2165 im—

995 2179 1130 2214 primatur
1142 2180 1270 2208 Christus
1286 2181 1313 2208 in
1338 2181 1466 2210 rationali
1482 2187 1559 2217 parte
1578 2183 1679 2217 ipsius,
1703 2190 1785 2218 prout

1306 2227 1510 2264 «Filioli,quos
1535 2230 1635 2258 iterum
1662 2231 1785 2266 parturlu

999 2283 1010 2299 ι
1020 2273 1108 2301 donec
1121 2273 1257 2302 formetur
1270 2274 1398 2303 Christus
1408 2276 1436 2302 in
1452 2268 1531 2304 vobis
1544 2277 1584 2304 ⁸.»

1032 2319 1173 2348 Diulieistis
1189 2321 1270 2355 plane
1285 2329 1319 2348 ex
1343 2321 1389 2349 hic
1411 2321 1522 2349 Patrum
1548 2323 1706 2354 sententiis,
1730 2324 1784 2357 spi-

996 2364 1122 2392 ritualem
1138 2365 1221 2397 viam,
1248 2370 1334 2392 artem
1357 2373 1419 2394 esse
1442 2373 1475 2393 ac
1486 2367 1646 2395 methodum
1660 2368 1785 2396 celeriter

997 2411 1190 2444 perducentem
1213 2418 1278 2438 eum
1299 2411 1347 2446 qui
1363 2411 1428 2446 iillla
1460 2411 1557 2444 utitur,
1583 2412 1617 2439 ad
1638 2412 1784 2440 sublimem

995 2457 1280 2491 imperturbabilitatis
1292 2465 1323 2485 ac
1340 2457 1388 2486 Dei
1403 2457 1520 2486 visionis
1541 2463 1654 2485 statum.
1668 2458 1784 2486 Persua—

995 2504 1016 2531 si
1030 2511 1143 2538 prorsus
1166 2503 1248 2536 estis,
1285 2511 1394 2531 omnem
1426 2512 1501 2531 mere
1532 2508 1671 2532 externam
1690 2513 1784 2539 open-—

995 2550 1111 2583 tionem,
1125 2558 1179 2577 non
1197 2551 1252 2578 alio
1268 2551 1339 2585 apud
1359 2551 1444 2578 Deum
1474 2551 1535 2579 loco
1551 2558 1656 2579 censer‘
1701 2559 1781 2585 quam

996 2601 1025 2623 ut
1043 2597 1171 2624 arborum
1196 2597 1288 2624 fructu
1315 2597 1468 2625 carentium
1487 2597 1572 2631 folia;
1600 2603 1784 2632 praetereaque

993 2649 1104 2668 omnem
1121 2641 1240 2668 animam
1258 2649 1311 2668 non
1329 2647 1424 2669 exacte
1450 2643 1606 2677 vigilantem
1629 2644 1654 2669 in
1684 2647 1781 2670 mentis

993 2688 1131 2721 custodia,
1165 2688 1192 2714 in
1219 2695 1318 2714 vanum
1345 2695 1468 2715 currere.
1500 2689 1579 2716 Omni
1602 2696 1668 2722 ergo
1694 2689 1782 2715 studio

993 2741 1140 2761 caveamus
1166 2741 1215 2766 ne,
1241 2734 1300 2760 sine
1322 2732 1411 2760 fructu
1437 2735 1464 2761 in
1488 2738 1576 2762 morte
1606 2734 1779 2770 deprehensi.

993 2777 1084 2804 inutili
1101 2781 1234 2805 mternum
1251 2778 1423 2813 pteuitudine
1436 2779 1603 2806 crucientur.
