  <div class='ocr_page' id='page_1' title='image "/cluster/home/n/w/nwhite01/storage/ocr_20150623/147/njp.32101010943429/514.png"; bbox 0 0 1924 3092; ppageno 0'>
   <div class='ocr_carea' id='block_1_1' title="bbox 121 109 173 142">
    <p class='ocr_par' dir='ltr' id='par_1_1' title="bbox 121 109 173 142">
     <span class='ocr_line' id='line_1_1' title="bbox 121 109 173 142; baseline -0.019 0"><span class='ocrx_word' id='word_1_1' title='bbox 121 109 173 142; x_wconf 79' lang='lat'><strong>.985</strong></span> 
     </span>
    </p>
   </div>
   <div class='ocr_carea' id='block_1_2' title="bbox 698 103 1112 136">
    <p class='ocr_par' dir='ltr' id='par_1_2' title="bbox 698 103 1112 136">
     <span class='ocr_line' id='line_1_2' title="bbox 698 103 1112 136; baseline -0.007 0"><span class='ocrx_word' id='word_1_2' title='bbox 698 105 750 136; x_wconf 85' lang='lat' dir='ltr'><strong>DE</strong></span> <span class='ocrx_word' id='word_1_3' title='bbox 770 105 906 136; x_wconf 82' lang='lat' dir='ltr'><strong>CORDIS</strong></span> <span class='ocrx_word' id='word_1_4' title='bbox 922 103 1112 135; x_wconf 84' lang='lat' dir='ltr'><strong>CUSTODIA</strong></span> 
     </span>
    </p>
   </div>
   <div class='ocr_carea' id='block_1_3' title="bbox 1689 104 1744 135">
    <p class='ocr_par' dir='ltr' id='par_1_3' title="bbox 1689 104 1744 135">
     <span class='ocr_line' id='line_1_3' title="bbox 1689 104 1744 135; baseline -0.073 0"><span class='ocrx_word' id='word_1_5' title='bbox 1689 104 1744 135; x_wconf 70' lang='grc' dir='ltr'><strong>9ὗῦ</strong></span> 
     </span>
    </p>
   </div>
   <div class='ocr_carea' id='block_1_4' title="bbox 127 162 1739 207">
    <p class='ocr_par' dir='ltr' id='par_1_4' title="bbox 127 162 1739 207">
     <span class='ocr_line' id='line_1_4' title="bbox 127 162 1739 207; baseline -0.004 -10"><span class='ocrx_word' id='word_1_6' title='bbox 127 173 178 203; x_wconf 59' lang='lat' dir='ltr'><strong>lat;</strong></span> <span class='ocrx_word' id='word_1_7' title='bbox 188 171 233 199; x_wconf 77' lang='grc' dir='ltr'><strong>τοῦ</strong></span> <span class='ocrx_word' id='word_1_8' title='bbox 241 169 405 207; x_wconf 72' lang='grc' dir='ltr'><strong>ὲχθροῦ,καὶ</strong></span> <span class='ocrx_word' id='word_1_9' title='bbox 413 169 452 201; x_wconf 74' lang='grc' dir='ltr'><strong>εἷς</strong></span> <span class='ocrx_word' id='word_1_10' title='bbox 460 167 569 202; x_wconf 77' lang='grc' dir='ltr'><strong>ἀγάπην</strong></span> <span class='ocrx_word' id='word_1_11' title='bbox 579 167 625 194; x_wconf 77' lang='grc' dir='ltr'>καὶ</span> <span class='ocrx_word' id='word_1_12' title='bbox 635 166 716 193; x_wconf 85' lang='grc' dir='ltr'>πόθον</span> <span class='ocrx_word' id='word_1_13' title='bbox 728 166 797 192; x_wconf 84' lang='grc' dir='ltr'>θεῖον</span> <span class='ocrx_word' id='word_1_14' title='bbox 807 165 837 192; x_wconf 82' lang='grc' dir='ltr'><strong>τὸ</strong></span> <span class='ocrx_word' id='word_1_15' title='bbox 848 165 910 191; x_wconf 70' lang='grc' dir='ltr'><strong>καθ’</strong></span> <span class='ocrx_word' id='word_1_16' title='bbox 919 164 938 190; x_wconf 88' lang='lat' dir='ltr'><strong>A</strong></span> <span class='ocrx_word' id='word_1_17' title='bbox 951 163 1043 196; x_wconf 70' lang='grc' dir='ltr'>βίασαι</span> <span class='ocrx_word' id='word_1_18' title='bbox 1067 162 1145 188; x_wconf 59' lang='grc' dir='ltr'><strong>τῶν)</strong></span> <span class='ocrx_word' id='word_1_19' title='bbox 1163 162 1220 188; x_wconf 76' lang='grc' dir='ltr'><strong>ἀντ’</strong></span> <span class='ocrx_word' id='word_1_20' title='bbox 1233 162 1315 197; x_wconf 76' lang='grc' dir='ltr'>ἄλλης</span> <span class='ocrx_word' id='word_1_21' title='bbox 1327 163 1431 195; x_wconf 80' lang='grc' dir='ltr'>ἐννοῖας</span> <span class='ocrx_word' id='word_1_22' title='bbox 1442 164 1557 191; x_wconf 78' lang='grc' dir='ltr'>πάντοτε</span> <span class='ocrx_word' id='word_1_23' title='bbox 1572 164 1646 191; x_wconf 72' lang='grc' dir='ltr'>ἔνδον</span> <span class='ocrx_word' id='word_1_24' title='bbox 1664 164 1739 200; x_wconf 74' lang='grc' dir='ltr'>βοᾷ-ι.</span> 
     </span>
    </p>
   </div>
   <div class='ocr_carea' id='block_1_5' title="bbox 128 209 909 254">
    <p class='ocr_par' dir='ltr' id='par_1_5' title="bbox 128 209 909 254">
     <span class='ocr_line' id='line_1_5' title="bbox 128 209 909 254; baseline -0.012 -9"><span class='ocrx_word' id='word_1_25' title='bbox 128 219 226 254; x_wconf 83' lang='grc' dir='ltr'><strong>ἡμέραν</strong></span> <span class='ocrx_word' id='word_1_26' title='bbox 254 217 361 250; x_wconf 81' lang='grc' dir='ltr'><strong>ἀνάγει.</strong></span> <span class='ocrx_word' id='word_1_27' title='bbox 383 216 413 242; x_wconf 82' lang='grc' dir='ltr'><strong>Ει</strong></span> <span class='ocrx_word' id='word_1_28' title='bbox 434 215 462 241; x_wconf 77' lang='grc' dir='ltr'><strong>δὲ</strong></span> <span class='ocrx_word' id='word_1_29' title='bbox 477 214 562 240; x_wconf 83' lang='grc' dir='ltr'>πολλά</span> <span class='ocrx_word' id='word_1_30' title='bbox 580 213 694 247; x_wconf 58' lang='grc' dir='ltr'>καμὼν,</span> <span class='ocrx_word' id='word_1_31' title='bbox 708 209 730 238; x_wconf 80' lang='grc' dir='ltr'>ὦ</span> <span class='ocrx_word' id='word_1_32' title='bbox 745 211 853 245; x_wconf 74' lang='grc' dir='ltr'><strong>ἀδελφὲ,</strong></span> <span class='ocrx_word' id='word_1_33' title='bbox 879 211 909 236; x_wconf 89' lang='grc' dir='ltr'>οὐ</span> 
     </span>
    </p>
   </div>
   <div class='ocr_carea' id='block_1_6' title="bbox 128 257 912 295">
    <p class='ocr_par' dir='ltr' id='par_1_6' title="bbox 128 257 912 295">
     <span class='ocr_line' id='line_1_6' title="bbox 128 257 912 295; baseline -0.011 -4"><span class='ocrx_word' id='word_1_34' title='bbox 128 264 232 291; x_wconf 82' lang='grc' dir='ltr'>δύνασαι</span> <span class='ocrx_word' id='word_1_35' title='bbox 261 262 393 289; x_wconf 78' lang='grc' dir='ltr'><strong>εἰσελθεῖν</strong></span> <span class='ocrx_word' id='word_1_36' title='bbox 410 262 449 292; x_wconf 78' lang='grc' dir='ltr'><strong>εἰς</strong></span> <span class='ocrx_word' id='word_1_37' title='bbox 465 260 499 286; x_wconf 79' lang='grc' dir='ltr'><strong>τὰ</strong></span> <span class='ocrx_word' id='word_1_38' title='bbox 518 259 588 295; x_wconf 83' lang='grc' dir='ltr'><strong>μέρη</strong></span> <span class='ocrx_word' id='word_1_39' title='bbox 615 259 665 293; x_wconf 79' lang='grc' dir='ltr'><strong>τῆς</strong></span> <span class='ocrx_word' id='word_1_40' title='bbox 679 258 803 293; x_wconf 73' lang='grc' dir='ltr'>καρδίας,</span> <span class='ocrx_word' id='word_1_41' title='bbox 820 257 912 288; x_wconf 80' lang='grc' dir='ltr'>καθώς</span> 
     </span>
    </p>
   </div>
   <div class='ocr_carea' id='block_1_7' title="bbox 129 303 911 341">
    <p class='ocr_par' dir='ltr' id='par_1_7' title="bbox 129 303 911 341">
     <span class='ocr_line' id='line_1_7' title="bbox 129 303 911 341; baseline -0.012 -5"><span class='ocrx_word' id='word_1_42' title='bbox 129 319 164 336; x_wconf 83' lang='grc' dir='ltr'>σοι</span> <span class='ocrx_word' id='word_1_43' title='bbox 177 307 370 341; x_wconf 77' lang='grc' dir='ltr'><strong>διεταξάμεθα,</strong></span> <span class='ocrx_word' id='word_1_44' title='bbox 385 306 500 341; x_wconf 81' lang='grc' dir='ltr'>ποίησον</span> <span class='ocrx_word' id='word_1_45' title='bbox 513 305 527 331; x_wconf 82' lang='grc' dir='ltr'><strong>ὃ</strong></span> <span class='ocrx_word' id='word_1_46' title='bbox 543 305 615 338; x_wconf 83' lang='grc' dir='ltr'><strong>λέγω</strong></span> <span class='ocrx_word' id='word_1_47' title='bbox 632 313 673 331; x_wconf 76' lang='grc' dir='ltr'>σοι</span> <span class='ocrx_word' id='word_1_48' title='bbox 683 311 690 318; x_wconf 91' lang='grc'><strong>·</strong></span> <span class='ocrx_word' id='word_1_49' title='bbox 719 303 765 330; x_wconf 75' lang='grc' dir='ltr'><strong>καὶ</strong></span> <span class='ocrx_word' id='word_1_50' title='bbox 787 303 911 338; x_wconf 69' lang='grc' dir='ltr'>μέλλεις,</span> 
     </span>
    </p>
   </div>
   <div class='ocr_carea' id='block_1_8' title="bbox 128 346 911 388">
    <p class='ocr_par' dir='ltr' id='par_1_8' title="bbox 128 346 911 388">
     <span class='ocr_line' id='line_1_8' title="bbox 128 346 911 388; baseline -0.011 -6"><span class='ocrx_word' id='word_1_51' title='bbox 128 356 188 382; x_wconf 82' lang='grc' dir='ltr'><strong>Θεοῦ</strong></span> <span class='ocrx_word' id='word_1_52' title='bbox 204 353 400 388; x_wconf 74' lang='grc' dir='ltr'><strong>συνεργοῦντὸς</strong></span> <span class='ocrx_word' id='word_1_53' title='bbox 415 359 467 384; x_wconf 75' lang='grc' dir='ltr'>σοι,</span> <span class='ocrx_word' id='word_1_54' title='bbox 486 352 577 386; x_wconf 78' lang='grc' dir='ltr'>εὑρεῖν</span> <span class='ocrx_word' id='word_1_55' title='bbox 585 351 614 376; x_wconf 80' lang='grc' dir='ltr'><strong>τὸ</strong></span> <span class='ocrx_word' id='word_1_56' title='bbox 626 349 803 385; x_wconf 81' lang='grc' dir='ltr'><strong>ζητούμενον.</strong></span> <span class='ocrx_word' id='word_1_57' title='bbox 820 346 911 380; x_wconf 80' lang='grc' dir='ltr'><strong>Οἶδας,</strong></span> 
     </span>
    </p>
   </div>
   <div class='ocr_carea' id='block_1_9' title="bbox 128 395 914 433">
    <p class='ocr_par' dir='ltr' id='par_1_9' title="bbox 128 395 914 433">
     <span class='ocr_line' id='line_1_9' title="bbox 128 395 914 433; baseline -0.01 -5"><span class='ocrx_word' id='word_1_58' title='bbox 128 401 210 428; x_wconf 74' lang='grc' dir='ltr'><strong>ὅτιτὸ</strong></span> <span class='ocrx_word' id='word_1_59' title='bbox 231 399 383 433; x_wconf 79' lang='grc' dir='ltr'>λογιστικὸν</span> <span class='ocrx_word' id='word_1_60' title='bbox 411 397 510 429; x_wconf 69' lang='grc' dir='ltr'>παντὸς</span> <span class='ocrx_word' id='word_1_61' title='bbox 526 395 672 432; x_wconf 80' lang='grc' dir='ltr'><strong>ἀνθρώπου</strong></span> <span class='ocrx_word' id='word_1_62' title='bbox 700 396 728 422; x_wconf 80' lang='grc' dir='ltr'><strong>ὲν</strong></span> <span class='ocrx_word' id='word_1_63' title='bbox 755 395 794 429; x_wconf 75' lang='grc' dir='ltr'>τῷ</span> <span class='ocrx_word' id='word_1_64' title='bbox 820 395 914 429; x_wconf 86' lang='grc' dir='ltr'><strong>στήθει</strong></span> 
     </span>
    </p>
   </div>
   <div class='ocr_carea' id='block_1_10' title="bbox 130 441 912 479">
    <p class='ocr_par' dir='ltr' id='par_1_10' title="bbox 130 441 912 479">
     <span class='ocr_line' id='line_1_10' title="bbox 130 441 912 479; baseline -0.012 -4"><span class='ocrx_word' id='word_1_65' title='bbox 130 448 207 475; x_wconf 76' lang='grc' dir='ltr'><strong>ἐστίν.</strong></span> <span class='ocrx_word' id='word_1_66' title='bbox 227 446 319 477; x_wconf 76' lang='grc' dir='ltr'><strong>Ἐντὸς</strong></span> <span class='ocrx_word' id='word_1_67' title='bbox 343 445 397 479; x_wconf 76' lang='grc' dir='ltr'><strong>γὰρ</strong></span> <span class='ocrx_word' id='word_1_68' title='bbox 415 444 462 470; x_wconf 82' lang='grc' dir='ltr'><strong>τοῦ</strong></span> <span class='ocrx_word' id='word_1_69' title='bbox 486 444 619 479; x_wconf 83' lang='grc' dir='ltr'><strong>στήθους,</strong></span> <span class='ocrx_word' id='word_1_70' title='bbox 639 441 805 468; x_wconf 76' lang='grc' dir='ltr'><strong>σιωπώντων</strong></span> <span class='ocrx_word' id='word_1_71' title='bbox 833 441 912 475; x_wconf 84' lang='grc' dir='ltr'>ἡμῶν</span> 
     </span>
    </p>
   </div>
   <div class='ocr_carea' id='block_1_11' title="bbox 130 486 914 528">
    <p class='ocr_par' dir='ltr' id='par_1_11' title="bbox 130 486 914 528">
     <span class='ocr_line' id='line_1_11' title="bbox 130 486 914 528; baseline -0.009 -8"><span class='ocrx_word' id='word_1_72' title='bbox 130 494 177 520; x_wconf 77' lang='grc' dir='ltr'><strong>τῶν</strong></span> <span class='ocrx_word' id='word_1_73' title='bbox 191 492 316 528; x_wconf 82' lang='grc' dir='ltr'><strong>χειλέων,</strong></span> <span class='ocrx_word' id='word_1_74' title='bbox 335 492 425 517; x_wconf 76' lang='grc' dir='ltr'>ἐκεῖσε</span> <span class='ocrx_word' id='word_1_75' title='bbox 437 489 585 524; x_wconf 80' lang='grc' dir='ltr'><strong>λαλοῦμεν,</strong></span> <span class='ocrx_word' id='word_1_76' title='bbox 598 489 645 515; x_wconf 70' lang='grc' dir='ltr'><strong>καὶ</strong></span> <span class='ocrx_word' id='word_1_77' title='bbox 661 487 855 523; x_wconf 81' lang='grc' dir='ltr'><strong>βουλευόμεθα,</strong></span> <span class='ocrx_word' id='word_1_78' title='bbox 866 486 914 513; x_wconf 66' lang='grc' dir='ltr'><strong>καὶ</strong></span> 
     </span>
    </p>
   </div>
   <div class='ocr_carea' id='block_1_12' title="bbox 130 532 915 574">
    <p class='ocr_par' dir='ltr' id='par_1_12' title="bbox 130 532 915 574">
     <span class='ocr_line' id='line_1_12' title="bbox 130 532 915 574; baseline -0.011 -7"><span class='ocrx_word' id='word_1_79' title='bbox 130 540 207 574; x_wconf 79' lang='grc' dir='ltr'>εὐχὰς</span> <span class='ocrx_word' id='word_1_80' title='bbox 223 538 439 571; x_wconf 78' lang='grc' dir='ltr'>κατατάττομεν,</span> <span class='ocrx_word' id='word_1_81' title='bbox 468 537 515 562; x_wconf 72' lang='grc' dir='ltr'><strong>καὶ</strong></span> <span class='ocrx_word' id='word_1_82' title='bbox 536 535 672 570; x_wconf 77' lang='grc' dir='ltr'><strong>ψαλμοὺς,</strong></span> <span class='ocrx_word' id='word_1_83' title='bbox 700 534 748 560; x_wconf 83' lang='grc' dir='ltr'>καὶ</span> <span class='ocrx_word' id='word_1_84' title='bbox 763 533 830 560; x_wconf 77' lang='grc' dir='ltr'>ἄλλα</span> <span class='ocrx_word' id='word_1_85' title='bbox 843 532 915 558; x_wconf 80' lang='grc' dir='ltr'><strong>τινὰ.</strong></span> 
     </span>
    </p>
   </div>
   <div class='ocr_carea' id='block_1_13' title="bbox 130 577 916 620">
    <p class='ocr_par' dir='ltr' id='par_1_13' title="bbox 130 577 916 620">
     <span class='ocr_line' id='line_1_13' title="bbox 130 577 916 620; baseline -0.011 -9"><span class='ocrx_word' id='word_1_86' title='bbox 130 585 219 620; x_wconf 82' lang='grc' dir='ltr'><strong>Τούτῳ</strong></span> <span class='ocrx_word' id='word_1_87' title='bbox 233 583 279 610; x_wconf 84' lang='grc' dir='ltr'><strong>οὖν</strong></span> <span class='ocrx_word' id='word_1_88' title='bbox 294 583 333 618; x_wconf 80' lang='grc' dir='ltr'><strong>τῷ</strong></span> <span class='ocrx_word' id='word_1_89' title='bbox 356 581 513 616; x_wconf 69' lang='grc' dir='ltr'>λογιστικῷ,</span> <span class='ocrx_word' id='word_1_90' title='bbox 532 580 622 607; x_wconf 78' lang='grc' dir='ltr'>πάντα</span> <span class='ocrx_word' id='word_1_91' title='bbox 647 578 776 614; x_wconf 79' lang='grc' dir='ltr'>λογισμὸν</span> <span class='ocrx_word' id='word_1_92' title='bbox 790 578 819 610; x_wconf 77' lang='grc' dir='ltr'><strong>ἐξ</strong></span> <span class='ocrx_word' id='word_1_93' title='bbox 833 577 916 604; x_wconf 82' lang='grc' dir='ltr'>αὑτοῦ</span> 
     </span>
    </p>
   </div>
   <div class='ocr_carea' id='block_1_14' title="bbox 131 623 917 666">
    <p class='ocr_par' dir='ltr' id='par_1_14' title="bbox 131 623 917 666">
     <span class='ocr_line' id='line_1_14' title="bbox 131 623 917 666; baseline -0.011 -8"><span class='ocrx_word' id='word_1_94' title='bbox 131 631 262 666; x_wconf 82' lang='grc' dir='ltr'>περιάρας</span> <span class='ocrx_word' id='word_1_95' title='bbox 279 629 405 662; x_wconf 84' lang='grc' dir='ltr'><strong>(δύνασαι</strong></span> <span class='ocrx_word' id='word_1_96' title='bbox 420 627 486 663; x_wconf 88' lang='grc' dir='ltr'>γὰρ,</span> <span class='ocrx_word' id='word_1_97' title='bbox 505 627 552 653; x_wconf 74' lang='grc' dir='ltr'><strong>ἐὰν</strong></span> <span class='ocrx_word' id='word_1_98' title='bbox 580 625 683 662; x_wconf 53' lang='lat' dir='ltr'><strong>eam),</strong></span> <span class='ocrx_word' id='word_1_99' title='bbox 708 625 751 656; x_wconf 82' lang='grc' dir='ltr'><strong>δὸς</strong></span> <span class='ocrx_word' id='word_1_100' title='bbox 773 624 849 658; x_wconf 76' lang='grc' dir='ltr'><strong>αὐτῷ</strong></span> <span class='ocrx_word' id='word_1_101' title='bbox 874 623 917 656; x_wconf 78' lang='grc' dir='ltr'><strong>τὸ,</strong></span> 
     </span>
    </p>
   </div>
   <div class='ocr_carea' id='block_1_15' title="bbox 131 670 918 712">
    <p class='ocr_par' dir='ltr' id='par_1_15' title="bbox 131 670 918 712">
     <span class='ocr_line' id='line_1_15' title="bbox 131 670 918 712; baseline -0.009 -9"><span class='ocrx_word' id='word_1_102' title='bbox 131 678 211 712; x_wconf 83' lang='grc' dir='ltr'>Κύριε</span> <span class='ocrx_word' id='word_1_103' title='bbox 228 674 314 710; x_wconf 85' lang='grc' dir='ltr'><strong>Ἰησοῦ</strong></span> <span class='ocrx_word' id='word_1_104' title='bbox 330 673 441 709; x_wconf 79' lang='grc' dir='ltr'><strong>Χριστὲ,</strong></span> <span class='ocrx_word' id='word_1_105' title='bbox 453 674 500 700; x_wconf 72' lang='grc' dir='ltr'><strong>Υἱὲ</strong></span> <span class='ocrx_word' id='word_1_106' title='bbox 519 673 567 700; x_wconf 76' lang='grc' dir='ltr'>τοῦ</span> <span class='ocrx_word' id='word_1_107' title='bbox 581 673 660 705; x_wconf 84' lang='grc' dir='ltr'>Θεοῦ,</span> <span class='ocrx_word' id='word_1_108' title='bbox 677 671 787 708; x_wconf 75' lang='grc' dir='ltr'><strong>ἐλέησόν</strong></span> <span class='ocrx_word' id='word_1_109' title='bbox 802 678 853 706; x_wconf 83' lang='grc' dir='ltr'><strong>με·</strong></span> <span class='ocrx_word' id='word_1_110' title='bbox 871 670 918 696; x_wconf 79' lang='grc' dir='ltr'><strong>καὶ</strong></span> 
     </span>
    </p>
   </div>
   <div class='ocr_carea' id='block_1_16' title="bbox 131 791 909 826">
    <p class='ocr_par' dir='ltr' id='par_1_16' title="bbox 131 791 909 826">
     <span class='ocr_line' id='line_1_16' title="bbox 131 791 909 826; baseline -0.005 -4"><span class='ocrx_word' id='word_1_111' title='bbox 131 795 216 822; x_wconf 82' lang='lat' dir='ltr'><strong>anima</strong></span> <span class='ocrx_word' id='word_1_112' title='bbox 234 793 322 821; x_wconf 69' lang='lat' dir='ltr'><strong>ftedus</strong></span> <span class='ocrx_word' id='word_1_113' title='bbox 338 793 445 819; x_wconf 77' lang='lat' dir='ltr'><strong>firmum</strong></span> <span class='ocrx_word' id='word_1_114' title='bbox 476 799 540 819; x_wconf 91' lang='lat' dir='ltr'><strong>cum</strong></span> <span class='ocrx_word' id='word_1_115' title='bbox 568 799 627 826; x_wconf 85' lang='lat' dir='ltr'><strong>tpsa</strong></span> <span class='ocrx_word' id='word_1_116' title='bbox 653 791 725 824; x_wconf 87' lang='lat' dir='ltr'><strong>iniit,</strong></span> <span class='ocrx_word' id='word_1_117' title='bbox 743 791 909 819; x_wconf 75' lang='lat' dir='ltr'><strong>ineﬂabilem</strong></span> 
     </span>
    </p>
   </div>
   <div class='ocr_carea' id='block_1_17' title="bbox 131 838 612 876">
    <p class='ocr_par' dir='ltr' id='par_1_17' title="bbox 131 838 612 876">
     <span class='ocr_line' id='line_1_17' title="bbox 131 838 612 876; baseline -0.008 -7"><span class='ocrx_word' id='word_1_118' title='bbox 131 842 292 876; x_wconf 84' lang='lat' dir='ltr'><strong>voluptatem</strong></span> <span class='ocrx_word' id='word_1_119' title='bbox 309 844 336 867; x_wconf 87' lang='lat' dir='ltr'><strong>et</strong></span> <span class='ocrx_word' id='word_1_120' title='bbox 347 839 468 867; x_wconf 72' lang='lat' dir='ltr'><strong>laetitiam</strong></span> <span class='ocrx_word' id='word_1_121' title='bbox 483 838 612 873; x_wconf 90' lang='lat' dir='ltr'><strong>percipit.</strong></span> 
     </span>
    </p>
   </div>
   <div class='ocr_carea' id='block_1_18' title="bbox 162 883 911 922">
    <p class='ocr_par' dir='ltr' id='par_1_18' title="bbox 162 883 911 922">
     <span class='ocr_line' id='line_1_18' title="bbox 162 883 911 922; baseline -0.001 -9"><span class='ocrx_word' id='word_1_122' title='bbox 162 887 258 922; x_wconf 69' lang='lat' dir='ltr'><strong>Igitur,</strong></span> <span class='ocrx_word' id='word_1_123' title='bbox 273 894 321 913; x_wconf 86' lang='lat' dir='ltr'><strong>orn</strong></span> <span class='ocrx_word' id='word_1_124' title='bbox 341 890 378 918; x_wconf 88' lang='lat' dir='ltr'><strong>te,</strong></span> <span class='ocrx_word' id='word_1_125' title='bbox 408 886 492 912; x_wconf 84' lang='lat' dir='ltr'><strong>frater</strong></span> <span class='ocrx_word' id='word_1_126' title='bbox 501 884 548 917; x_wconf 86' lang='lat' dir='ltr'><strong>mi,</strong></span> <span class='ocrx_word' id='word_1_127' title='bbox 561 883 686 912; x_wconf 78' lang='lat' dir='ltr'><strong>assuefac</strong></span> <span class='ocrx_word' id='word_1_128' title='bbox 701 889 820 912; x_wconf 84' lang='lat' dir='ltr'><strong>mentem</strong></span> <span class='ocrx_word' id='word_1_129' title='bbox 838 889 911 913; x_wconf 86' lang='lat' dir='ltr'><strong>tuam</strong></span> 
     </span>
    </p>
   </div>
   <div class='ocr_carea' id='block_1_19' title="bbox 129 930 911 967">
    <p class='ocr_par' dir='ltr' id='par_1_19' title="bbox 129 930 911 967">
     <span class='ocr_line' id='line_1_19' title="bbox 129 930 911 967; baseline -0.003 -7"><span class='ocrx_word' id='word_1_130' title='bbox 129 933 161 960; x_wconf 80' lang='lat' dir='ltr'><strong>ad</strong></span> <span class='ocrx_word' id='word_1_131' title='bbox 187 931 418 967; x_wconf 79' lang='lat' dir='ltr'><strong>perseverandum</strong></span> <span class='ocrx_word' id='word_1_132' title='bbox 432 931 460 957; x_wconf 91' lang='lat' dir='ltr'><strong>in</strong></span> <span class='ocrx_word' id='word_1_133' title='bbox 486 931 538 957; x_wconf 86' lang='lat' dir='ltr'><strong>isto</strong></span> <span class='ocrx_word' id='word_1_134' title='bbox 554 934 609 957; x_wconf 85' lang='lat' dir='ltr'><strong>tam</strong></span> <span class='ocrx_word' id='word_1_135' title='bbox 625 930 684 958; x_wconf 86' lang='lat' dir='ltr'><strong>utili</strong></span> <span class='ocrx_word' id='word_1_136' title='bbox 711 938 842 964; x_wconf 77' lang='lat' dir='ltr'><strong>secessu;</strong></span> <span class='ocrx_word' id='word_1_137' title='bbox 860 939 911 959; x_wconf 88' lang='lat' dir='ltr'><strong>nec</strong></span> 
     </span>
    </p>
   </div>
   <div class='ocr_carea' id='block_1_20' title="bbox 130 969 910 1015">
    <p class='ocr_par' dir='ltr' id='par_1_20' title="bbox 130 969 910 1015">
     <span class='ocr_line' id='line_1_20' title="bbox 130 969 910 1015; baseline -0.001 -9"><span class='ocrx_word' id='word_1_138' title='bbox 130 969 271 1015; x_wconf 81' lang='lat' dir='ltr'><strong>quantavis</strong></span> <span class='ocrx_word' id='word_1_139' title='bbox 294 977 452 1005; x_wconf 85' lang='lat' dir='ltr'><strong>conditione</strong></span> <span class='ocrx_word' id='word_1_140' title='bbox 486 977 686 1011; x_wconf 80' lang='lat' dir='ltr'><strong>acquiescendo</strong></span> <span class='ocrx_word' id='word_1_141' title='bbox 713 977 739 1003; x_wconf 91' lang='lat' dir='ltr'><strong>in</strong></span> <span class='ocrx_word' id='word_1_142' title='bbox 771 985 910 1005; x_wconf 72' lang='lat' dir='ltr'><strong>necessum</strong></span> 
     </span>
    </p>
   </div>
   <div class='ocr_carea' id='block_1_21' title="bbox 129 1023 911 1058">
    <p class='ocr_par' dir='ltr' id='par_1_21' title="bbox 129 1023 911 1058">
     <span class='ocr_line' id='line_1_21' title="bbox 129 1023 911 1058; baseline -0.008 -5"><span class='ocrx_word' id='word_1_143' title='bbox 129 1026 198 1053; x_wconf 87' lang='lat' dir='ltr'><strong>inde.</strong></span> <span class='ocrx_word' id='word_1_144' title='bbox 216 1024 351 1052; x_wconf 84' lang='lat' dir='ltr'><strong>Novitatis</strong></span> <span class='ocrx_word' id='word_1_145' title='bbox 374 1023 529 1058; x_wconf 76' lang='lat' dir='ltr'><strong>periculum</strong></span> <span class='ocrx_word' id='word_1_146' title='bbox 554 1024 597 1050; x_wconf 84' lang='lat' dir='ltr'><strong>Iac</strong></span> <span class='ocrx_word' id='word_1_147' title='bbox 621 1024 716 1050; x_wconf 91' lang='lat' dir='ltr'><strong>vincas</strong></span> <span class='ocrx_word' id='word_1_148' title='bbox 731 1023 832 1056; x_wconf 89' lang='lat' dir='ltr'><strong>impetu</strong></span> <span class='ocrx_word' id='word_1_149' title='bbox 866 1029 911 1056; x_wconf 79' lang='lat' dir='ltr'><strong>ge-</strong></span> 
     </span>
    </p>
   </div>
   <div class='ocr_carea' id='block_1_22' title="bbox 130 1066 912 1102">
    <p class='ocr_par' dir='ltr' id='par_1_22' title="bbox 130 1066 912 1102">
     <span class='ocr_line' id='line_1_22' title="bbox 130 1066 912 1102; baseline -0.009 -4"><span class='ocrx_word' id='word_1_150' title='bbox 130 1078 226 1098; x_wconf 84' lang='lat' dir='ltr'><strong>neroso</strong></span> <span class='ocrx_word' id='word_1_151' title='bbox 240 1069 334 1097; x_wconf 88' lang='lat' dir='ltr'><strong>animi.</strong></span> <span class='ocrx_word' id='word_1_152' title='bbox 353 1068 407 1096; x_wconf 88' lang='lat' dir='ltr'><strong>Ubi</strong></span> <span class='ocrx_word' id='word_1_153' title='bbox 416 1068 520 1102; x_wconf 88' lang='lat' dir='ltr'><strong>primas</strong></span> <span class='ocrx_word' id='word_1_154' title='bbox 532 1066 644 1094; x_wconf 68' lang='lat' dir='ltr'><strong>desidia:</strong></span> <span class='ocrx_word' id='word_1_155' title='bbox 659 1074 690 1093; x_wconf 85' lang='lat' dir='ltr'><strong>ae</strong></span> <span class='ocrx_word' id='word_1_156' title='bbox 708 1066 791 1098; x_wconf 68' lang='lat' dir='ltr'><strong>taedii,</strong></span> <span class='ocrx_word' id='word_1_157' title='bbox 801 1066 835 1092; x_wconf 91' lang='lat' dir='ltr'><strong>de</strong></span> <span class='ocrx_word' id='word_1_158' title='bbox 845 1072 912 1091; x_wconf 84' lang='lat' dir='ltr'><strong>con-</strong></span> 
     </span>
    </p>
   </div>
   <div class='ocr_carea' id='block_1_23' title="bbox 130 1111 910 1148">
    <p class='ocr_par' dir='ltr' id='par_1_23' title="bbox 130 1111 910 1148">
     <span class='ocr_line' id='line_1_23' title="bbox 130 1111 910 1148; baseline -0.008 -5"><span class='ocrx_word' id='word_1_159' title='bbox 130 1116 250 1144; x_wconf 81' lang='lat' dir='ltr'><strong>clusione</strong></span> <span class='ocrx_word' id='word_1_160' title='bbox 266 1115 338 1141; x_wconf 87' lang='lat' dir='ltr'><strong>intra</strong></span> <span class='ocrx_word' id='word_1_161' title='bbox 355 1112 488 1148; x_wconf 85' lang='lat' dir='ltr'><strong>quasdam</strong></span> <span class='ocrx_word' id='word_1_162' title='bbox 499 1113 566 1139; x_wconf 83' lang='lat' dir='ltr'><strong>istas</strong></span> <span class='ocrx_word' id='word_1_163' title='bbox 584 1112 733 1146; x_wconf 68' lang='lat' dir='ltr'><strong>angustias,</strong></span> <span class='ocrx_word' id='word_1_164' title='bbox 744 1111 910 1138; x_wconf 86' lang='lat' dir='ltr'><strong>tentationes</strong></span> 
     </span>
    </p>
   </div>
   <div class='ocr_carea' id='block_1_24' title="bbox 130 1156 912 1192">
    <p class='ocr_par' dir='ltr' id='par_1_24' title="bbox 130 1156 912 1192">
     <span class='ocr_line' id='line_1_24' title="bbox 130 1156 912 1192; baseline -0.006 -4"><span class='ocrx_word' id='word_1_165' title='bbox 130 1162 236 1188; x_wconf 83' lang='lat' dir='ltr'><strong>hernica</strong></span> <span class='ocrx_word' id='word_1_166' title='bbox 249 1160 350 1186; x_wconf 73' lang='lat' dir='ltr'><strong>virtute</strong></span> <span class='ocrx_word' id='word_1_167' title='bbox 362 1158 537 1192; x_wconf 79' lang='lat' dir='ltr'><strong>superaveris</strong></span> <span class='ocrx_word' id='word_1_168' title='bbox 553 1166 559 1183; x_wconf 92' lang='lat'><strong>:</strong></span> <span class='ocrx_word' id='word_1_169' title='bbox 580 1164 666 1191; x_wconf 83' lang='lat' dir='ltr'><strong>prona</strong></span> <span class='ocrx_word' id='word_1_170' title='bbox 680 1156 809 1190; x_wconf 83' lang='lat' dir='ltr'><strong>deinceps</strong></span> <span class='ocrx_word' id='word_1_171' title='bbox 820 1156 912 1190; x_wconf 81' lang='lat' dir='ltr'><strong>plana-</strong></span> 
     </span>
    </p>
   </div>
   <div class='ocr_carea' id='block_1_25' title="bbox 127 1201 911 1241">
    <p class='ocr_par' dir='ltr' id='par_1_25' title="bbox 127 1201 911 1241">
     <span class='ocr_line' id='line_1_25' title="bbox 127 1201 911 1241; baseline -0.006 -8"><span class='ocrx_word' id='word_1_172' title='bbox 127 1215 178 1241; x_wconf 88' lang='lat' dir='ltr'><strong>qtte</strong></span> <span class='ocrx_word' id='word_1_173' title='bbox 194 1213 222 1233; x_wconf 89' lang='lat' dir='ltr'><strong>se</strong></span> <span class='ocrx_word' id='word_1_174' title='bbox 237 1205 327 1232; x_wconf 86' lang='lat' dir='ltr'><strong>omnia</strong></span> <span class='ocrx_word' id='word_1_175' title='bbox 339 1203 510 1238; x_wconf 59' lang='lat' dir='ltr'><strong>praebebunt.</strong></span> <span class='ocrx_word' id='word_1_176' title='bbox 523 1202 680 1229; x_wconf 83' lang='lat' dir='ltr'><strong>Assuetudo</strong></span> <span class='ocrx_word' id='word_1_177' title='bbox 695 1203 822 1229; x_wconf 86' lang='lat' dir='ltr'><strong>succedet</strong></span> <span class='ocrx_word' id='word_1_178' title='bbox 835 1201 911 1228; x_wconf 64' lang='lat' dir='ltr'><strong>laevi-</strong></span> 
     </span>
    </p>
   </div>
   <div class='ocr_carea' id='block_1_26' title="bbox 127 1248 911 1288">
    <p class='ocr_par' dir='ltr' id='par_1_26' title="bbox 127 1248 911 1288">
     <span class='ocr_line' id='line_1_26' title="bbox 127 1248 911 1288; baseline -0.006 -9"><span class='ocrx_word' id='word_1_179' title='bbox 127 1260 192 1288; x_wconf 78' lang='lat' dir='ltr'><strong>gans</strong></span> <span class='ocrx_word' id='word_1_180' title='bbox 209 1250 299 1279; x_wconf 83' lang='lat' dir='ltr'><strong>omnia</strong></span> <span class='ocrx_word' id='word_1_181' title='bbox 316 1258 323 1284; x_wconf 84' lang='lat'><strong>;</strong></span> <span class='ocrx_word' id='word_1_182' title='bbox 337 1257 388 1276; x_wconf 89' lang='lat' dir='ltr'><strong>nec</strong></span> <span class='ocrx_word' id='word_1_183' title='bbox 403 1249 487 1276; x_wconf 91' lang='lat' dir='ltr'><strong>ullmn</strong></span> <span class='ocrx_word' id='word_1_184' title='bbox 501 1253 526 1276; x_wconf 86' lang='lat' dir='ltr'><strong>te</strong></span> <span class='ocrx_word' id='word_1_185' title='bbox 537 1248 701 1275; x_wconf 81' lang='lat' dir='ltr'><strong>desiderium</strong></span> <span class='ocrx_word' id='word_1_186' title='bbox 723 1248 812 1282; x_wconf 88' lang='lat' dir='ltr'><strong>capiet</strong></span> <span class='ocrx_word' id='word_1_187' title='bbox 826 1255 911 1274; x_wconf 84' lang='lat' dir='ltr'><strong>vana-</strong></span> 
     </span>
    </p>
   </div>
   <div class='ocr_carea' id='block_1_27' title="bbox 129 1293 910 1329">
    <p class='ocr_par' dir='ltr' id='par_1_27' title="bbox 129 1293 910 1329">
     <span class='ocr_line' id='line_1_27' title="bbox 129 1293 910 1329; baseline -0.008 -4"><span class='ocrx_word' id='word_1_188' title='bbox 129 1303 185 1325; x_wconf 79' lang='lat' dir='ltr'><strong>rnm</strong></span> <span class='ocrx_word' id='word_1_189' title='bbox 199 1299 225 1324; x_wconf 93' lang='lat' dir='ltr'><strong>in</strong></span> <span class='ocrx_word' id='word_1_190' title='bbox 235 1299 369 1323; x_wconf 69' lang='lat' dir='ltr'><strong>exteriora</strong></span> <span class='ocrx_word' id='word_1_191' title='bbox 380 1295 586 1329; x_wconf 79' lang='lat' dir='ltr'><strong>evagationnm,</strong></span> <span class='ocrx_word' id='word_1_192' title='bbox 612 1301 673 1321; x_wconf 90' lang='lat' dir='ltr'><strong>cmn</strong></span> <span class='ocrx_word' id='word_1_193' title='bbox 687 1293 783 1327; x_wconf 90' lang='lat' dir='ltr'><strong>utique</strong></span> <span class='ocrx_word' id='word_1_194' title='bbox 800 1300 910 1327; x_wconf 76' lang='lat' dir='ltr'><strong>regnum</strong></span> 
     </span>
    </p>
   </div>
   <div class='ocr_carea' id='block_1_28' title="bbox 129 1340 911 1373">
    <p class='ocr_par' dir='ltr' id='par_1_28' title="bbox 129 1340 911 1373">
     <span class='ocr_line' id='line_1_28' title="bbox 129 1340 911 1373; baseline -0.01 0"><span class='ocrx_word' id='word_1_195' title='bbox 129 1345 258 1373; x_wconf 67' lang='lat' dir='ltr'><strong>cnalnrnm</strong></span> <span class='ocrx_word' id='word_1_196' title='bbox 273 1343 344 1369; x_wconf 86' lang='lat' dir='ltr'><strong>intra</strong></span> <span class='ocrx_word' id='word_1_197' title='bbox 366 1349 416 1369; x_wconf 83' lang='lat' dir='ltr'><strong>nos</strong></span> <span class='ocrx_word' id='word_1_198' title='bbox 428 1342 473 1368; x_wconf 87' lang='lat' dir='ltr'><strong>sit.</strong></span> <span class='ocrx_word' id='word_1_199' title='bbox 491 1340 567 1373; x_wconf 87' lang='lat' dir='ltr'><strong>Quod</strong></span> <span class='ocrx_word' id='word_1_200' title='bbox 585 1340 611 1366; x_wconf 96' lang='lat' dir='ltr'><strong>in</strong></span> <span class='ocrx_word' id='word_1_201' title='bbox 629 1340 674 1366; x_wconf 91' lang='lat' dir='ltr'><strong>illo</strong></span> <span class='ocrx_word' id='word_1_202' title='bbox 689 1344 772 1371; x_wconf 86' lang='lat' dir='ltr'><strong>statu,</strong></span> <span class='ocrx_word' id='word_1_203' title='bbox 792 1340 911 1373; x_wconf 88' lang='lat' dir='ltr'><strong>posituttt</strong></span> 
     </span>
    </p>
   </div>
   <div class='ocr_carea' id='block_1_29' title="bbox 128 1385 911 1422">
    <p class='ocr_par' dir='ltr' id='par_1_29' title="bbox 128 1385 911 1422">
     <span class='ocr_line' id='line_1_29' title="bbox 128 1385 911 1422; baseline -0.009 -4"><span class='ocrx_word' id='word_1_204' title='bbox 128 1392 153 1418; x_wconf 94' lang='lat' dir='ltr'><strong>in</strong></span> <span class='ocrx_word' id='word_1_205' title='bbox 185 1392 246 1417; x_wconf 81' lang='lat' dir='ltr'><strong>sinu</strong></span> <span class='ocrx_word' id='word_1_206' title='bbox 271 1395 318 1416; x_wconf 90' lang='lat' dir='ltr'><strong>tuo</strong></span> <span class='ocrx_word' id='word_1_207' title='bbox 339 1388 459 1422; x_wconf 82' lang='lat' dir='ltr'><strong>undique</strong></span> <span class='ocrx_word' id='word_1_208' title='bbox 489 1387 609 1418; x_wconf 88' lang='lat' dir='ltr'><strong>intuens,</strong></span> <span class='ocrx_word' id='word_1_209' title='bbox 624 1391 695 1412; x_wconf 88' lang='lat' dir='ltr'><strong>etut</strong></span> <span class='ocrx_word' id='word_1_210' title='bbox 729 1386 868 1420; x_wconf 88' lang='lat' dir='ltr'><strong>propriqu</strong></span> <span class='ocrx_word' id='word_1_211' title='bbox 885 1385 911 1412; x_wconf 88' lang='lat' dir='ltr'><strong>id</strong></span> 
     </span>
    </p>
   </div>
   <div class='ocr_carea' id='block_1_30' title="bbox 128 1431 910 1472">
    <p class='ocr_par' dir='ltr' id='par_1_30' title="bbox 128 1431 910 1472">
     <span class='ocr_line' id='line_1_30' title="bbox 128 1431 910 1472; baseline -0.009 -8"><span class='ocrx_word' id='word_1_212' title='bbox 128 1442 342 1472; x_wconf 83' lang='lat' dir='ltr'><strong>perpetuumque</strong></span> <span class='ocrx_word' id='word_1_213' title='bbox 369 1435 416 1461; x_wconf 91' lang='lat' dir='ltr'><strong>tibi</strong></span> <span class='ocrx_word' id='word_1_214' title='bbox 441 1435 487 1466; x_wconf 91' lang='lat' dir='ltr'><strong>sit,</strong></span> <span class='ocrx_word' id='word_1_215' title='bbox 518 1441 586 1468; x_wconf 85' lang='lat' dir='ltr'><strong>pura</strong></span> <span class='ocrx_word' id='word_1_216' title='bbox 607 1433 732 1459; x_wconf 78' lang='lat' dir='ltr'><strong>oratione</strong></span> <span class='ocrx_word' id='word_1_217' title='bbox 758 1431 910 1466; x_wconf 80' lang='lat' dir='ltr'><strong>postulans,</strong></span> 
     </span>
    </p>
   </div>
   <div class='ocr_carea' id='block_1_31' title="bbox 127 1478 912 1511">
    <p class='ocr_par' dir='ltr' id='par_1_31' title="bbox 127 1478 912 1511">
     <span class='ocr_line' id='line_1_31' title="bbox 127 1478 912 1511; baseline -0.008 0"><span class='ocrx_word' id='word_1_218' title='bbox 127 1484 247 1511; x_wconf 75' lang='lat' dir='ltr'><strong>exterius</strong></span> <span class='ocrx_word' id='word_1_219' title='bbox 276 1482 418 1509; x_wconf 81' lang='lat' dir='ltr'><strong>arncantia</strong></span> <span class='ocrx_word' id='word_1_220' title='bbox 445 1484 557 1509; x_wconf 88' lang='lat' dir='ltr'><strong>cuncta,</strong></span> <span class='ocrx_word' id='word_1_221' title='bbox 586 1478 767 1505; x_wconf 78' lang='lat' dir='ltr'><strong>abominanda</strong></span> <span class='ocrx_word' id='word_1_222' title='bbox 796 1483 823 1504; x_wconf 87' lang='lat' dir='ltr'><strong>et</strong></span> <span class='ocrx_word' id='word_1_223' title='bbox 848 1479 912 1505; x_wconf 90' lang='lat' dir='ltr'><strong>odio</strong></span> 
     </span>
    </p>
   </div>
   <div class='ocr_carea' id='block_1_32' title="bbox 951 209 1741 247">
    <p class='ocr_par' dir='ltr' id='par_1_32' title="bbox 951 209 1741 247">
     <span class='ocr_line' id='line_1_32' title="bbox 951 209 1741 247; baseline 0.006 -13"><span class='ocrx_word' id='word_1_224' title='bbox 951 209 1038 235; x_wconf 73' lang='grc' dir='ltr'>Τοῦτο</span> <span class='ocrx_word' id='word_1_225' title='bbox 1063 209 1092 235; x_wconf 78' lang='grc' dir='ltr'><strong>δὲ</strong></span> <span class='ocrx_word' id='word_1_226' title='bbox 1120 210 1166 234; x_wconf 72' lang='grc' dir='ltr'><strong>ἐπὶ</strong></span> <span class='ocrx_word' id='word_1_227' title='bbox 1194 209 1290 244; x_wconf 75' lang='grc' dir='ltr'>καιρὸν</span> <span class='ocrx_word' id='word_1_228' title='bbox 1305 212 1457 245; x_wconf 77' lang='grc' dir='ltr'><strong>κρατήσας,</strong></span> <span class='ocrx_word' id='word_1_229' title='bbox 1480 212 1669 247; x_wconf 75' lang='grc' dir='ltr'><strong>ἀνοιχοήσεταί</strong></span> <span class='ocrx_word' id='word_1_230' title='bbox 1700 222 1741 239; x_wconf 81' lang='grc' dir='ltr'>σοι</span> 
     </span>
    </p>
   </div>
   <div class='ocr_carea' id='block_1_33' title="bbox 951 255 1742 292">
    <p class='ocr_par' dir='ltr' id='par_1_33' title="bbox 951 255 1742 292">
     <span class='ocr_line' id='line_1_33' title="bbox 951 255 1742 292; baseline 0.005 -12"><span class='ocrx_word' id='word_1_231' title='bbox 951 255 994 280; x_wconf 77' lang='grc' dir='ltr'><strong>διὰ</strong></span> <span class='ocrx_word' id='word_1_232' title='bbox 1009 255 1088 281; x_wconf 82' lang='grc' dir='ltr'>τοῦτο</span> <span class='ocrx_word' id='word_1_233' title='bbox 1101 255 1148 281; x_wconf 63' lang='grc' dir='ltr'>καὶ</span> <span class='ocrx_word' id='word_1_234' title='bbox 1160 255 1176 288; x_wconf 82' lang='grc' dir='ltr'>ἡ</span> <span class='ocrx_word' id='word_1_235' title='bbox 1193 256 1328 290; x_wconf 80' lang='grc' dir='ltr'>καρδιακὴ</span> <span class='ocrx_word' id='word_1_236' title='bbox 1347 257 1462 288; x_wconf 78' lang='grc' dir='ltr'><strong>εἴσοδος,</strong></span> <span class='ocrx_word' id='word_1_237' title='bbox 1477 257 1569 288; x_wconf 80' lang='grc' dir='ltr'>καθώς</span> <span class='ocrx_word' id='word_1_238' title='bbox 1583 267 1623 284; x_wconf 85' lang='grc' dir='ltr'>σοι</span> <span class='ocrx_word' id='word_1_239' title='bbox 1641 259 1742 292; x_wconf 75' lang='grc' dir='ltr'>γεγρά-</span> 
     </span>
    </p>
   </div>
   <div class='ocr_carea' id='block_1_34' title="bbox 952 301 1742 338">
    <p class='ocr_par' dir='ltr' id='par_1_34' title="bbox 952 301 1742 338">
     <span class='ocr_line' id='line_1_34' title="bbox 952 301 1742 338; baseline 0.005 -12"><span class='ocrx_word' id='word_1_240' title='bbox 952 309 1053 334; x_wconf 77' lang='grc' dir='ltr'>φαμεν,</span> <span class='ocrx_word' id='word_1_241' title='bbox 1076 301 1155 331; x_wconf 77' lang='grc' dir='ltr'>ἐκτὸς</span> <span class='ocrx_word' id='word_1_242' title='bbox 1182 302 1272 336; x_wconf 79' lang='grc' dir='ltr'>πάσης</span> <span class='ocrx_word' id='word_1_243' title='bbox 1289 302 1455 335; x_wconf 79' lang='grc' dir='ltr'>ἀμφιὸολὶας</span> <span class='ocrx_word' id='word_1_244' title='bbox 1468 311 1475 318; x_wconf 88' lang='grc'><strong>·</strong></span> <span class='ocrx_word' id='word_1_245' title='bbox 1493 303 1584 335; x_wconf 71' lang='grc' dir='ltr'>καθὼς</span> <span class='ocrx_word' id='word_1_246' title='bbox 1600 305 1647 330; x_wconf 78' lang='grc' dir='ltr'>καὶ</span> <span class='ocrx_word' id='word_1_247' title='bbox 1661 306 1742 338; x_wconf 82' lang='grc' dir='ltr'><strong>ἡμεῖς</strong></span> 
     </span>
    </p>
   </div>
   <div class='ocr_carea' id='block_1_35' title="bbox 955 344 1741 383">
    <p class='ocr_par' dir='ltr' id='par_1_35' title="bbox 955 344 1741 383">
     <span class='ocr_line' id='line_1_35' title="bbox 955 344 1741 383; baseline 0.006 -14"><span class='ocrx_word' id='word_1_248' title='bbox 955 344 1037 379; x_wconf 80' lang='grc' dir='ltr'>πείρᾳ</span> <span class='ocrx_word' id='word_1_249' title='bbox 1066 345 1238 379; x_wconf 75' lang='grc' dir='ltr'><strong>ἐγνώκαμεν.</strong></span> <span class='ocrx_word' id='word_1_250' title='bbox 1260 345 1414 372; x_wconf 77' lang='grc' dir='ltr'><strong>Ἐλεύσεται</strong></span> <span class='ocrx_word' id='word_1_251' title='bbox 1424 347 1451 372; x_wconf 83' lang='grc' dir='ltr'><strong>δέ</strong></span> <span class='ocrx_word' id='word_1_252' title='bbox 1465 356 1516 378; x_wconf 84' lang='grc' dir='ltr'>σοι,</span> <span class='ocrx_word' id='word_1_253' title='bbox 1531 349 1578 374; x_wconf 77' lang='grc' dir='ltr'><strong>σὺν</strong></span> <span class='ocrx_word' id='word_1_254' title='bbox 1599 350 1630 383; x_wconf 81' lang='grc' dir='ltr'>τῇ</span> <span class='ocrx_word' id='word_1_255' title='bbox 1657 348 1741 374; x_wconf 75' lang='grc' dir='ltr'>πολυ-</span> 
     </span>
    </p>
   </div>
   <div class='ocr_carea' id='block_1_36' title="bbox 953 390 1742 428">
    <p class='ocr_par' dir='ltr' id='par_1_36' title="bbox 953 390 1742 428">
     <span class='ocr_line' id='line_1_36' title="bbox 953 390 1742 428; baseline 0.006 -13"><span class='ocrx_word' id='word_1_256' title='bbox 953 390 1064 424; x_wconf 76' lang='grc' dir='ltr'><strong>ποοήτῳ</strong></span> <span class='ocrx_word' id='word_1_257' title='bbox 1080 390 1127 416; x_wconf 80' lang='grc' dir='ltr'>καὶ</span> <span class='ocrx_word' id='word_1_258' title='bbox 1145 392 1247 426; x_wconf 82' lang='grc' dir='ltr'>τερπνῇ</span> <span class='ocrx_word' id='word_1_259' title='bbox 1264 394 1394 427; x_wconf 74' lang='grc' dir='ltr'>προσοχῇ,</span> <span class='ocrx_word' id='word_1_260' title='bbox 1407 393 1453 419; x_wconf 82' lang='grc' dir='ltr'><strong>καὶ</strong></span> <span class='ocrx_word' id='word_1_261' title='bbox 1472 394 1524 424; x_wconf 77' lang='grc' dir='ltr'><strong>πᾶς</strong></span> <span class='ocrx_word' id='word_1_262' title='bbox 1538 395 1551 420; x_wconf 83' lang='grc' dir='ltr'><strong>ὁ</strong></span> <span class='ocrx_word' id='word_1_263' title='bbox 1562 394 1616 419; x_wconf 78' lang='grc' dir='ltr'><strong>τῶν</strong></span> <span class='ocrx_word' id='word_1_264' title='bbox 1635 395 1742 428; x_wconf 77' lang='grc' dir='ltr'><strong>ἀρετῶν</strong></span> 
     </span>
    </p>
   </div>
   <div class='ocr_carea' id='block_1_37' title="bbox 954 436 1741 474">
    <p class='ocr_par' dir='ltr' id='par_1_37' title="bbox 954 436 1741 474">
     <span class='ocr_line' id='line_1_37' title="bbox 954 436 1741 474; baseline 0.008 -13"><span class='ocrx_word' id='word_1_265' title='bbox 954 436 1043 470; x_wconf 78' lang='grc' dir='ltr'>χορὸς,</span> <span class='ocrx_word' id='word_1_266' title='bbox 1059 436 1163 472; x_wconf 80' lang='grc' dir='ltr'>ἀγάπη,</span> <span class='ocrx_word' id='word_1_267' title='bbox 1177 437 1259 472; x_wconf 78' lang='grc' dir='ltr'>χαρὰ,</span> <span class='ocrx_word' id='word_1_268' title='bbox 1270 438 1376 472; x_wconf 72' lang='grc' dir='ltr'><strong>εἰρήνη,</strong></span> <span class='ocrx_word' id='word_1_269' title='bbox 1387 439 1433 464; x_wconf 79' lang='grc' dir='ltr'><strong>καὶ</strong></span> <span class='ocrx_word' id='word_1_270' title='bbox 1447 439 1480 465; x_wconf 75' lang='grc' dir='ltr'><strong>τὰ</strong></span> <span class='ocrx_word' id='word_1_271' title='bbox 1497 439 1612 474; x_wconf 76' lang='grc' dir='ltr'><strong>ἐξῆς·δι’</strong></span> <span class='ocrx_word' id='word_1_272' title='bbox 1624 437 1660 466; x_wconf 86' lang='grc' dir='ltr'><strong>ὦν</strong></span> <span class='ocrx_word' id='word_1_273' title='bbox 1671 440 1741 467; x_wconf 86' lang='grc' dir='ltr'><strong>πάν-</strong></span> 
     </span>
    </p>
   </div>
   <div class='ocr_carea' id='block_1_38' title="bbox 955 482 1742 521">
    <p class='ocr_par' dir='ltr' id='par_1_38' title="bbox 955 482 1742 521">
     <span class='ocr_line' id='line_1_38' title="bbox 955 482 1742 521; baseline 0.006 -14"><span class='ocrx_word' id='word_1_274' title='bbox 955 491 988 508; x_wconf 79' lang='grc' dir='ltr'>τα</span> <span class='ocrx_word' id='word_1_275' title='bbox 999 490 1045 507; x_wconf 82' lang='grc' dir='ltr'><strong>σου</strong></span> <span class='ocrx_word' id='word_1_276' title='bbox 1058 482 1091 508; x_wconf 86' lang='grc' dir='ltr'><strong>τὰ</strong></span> <span class='ocrx_word' id='word_1_277' title='bbox 1107 483 1245 517; x_wconf 81' lang='grc' dir='ltr'><strong>αἰτήματα</strong></span> <span class='ocrx_word' id='word_1_278' title='bbox 1260 485 1352 517; x_wconf 79' lang='grc' dir='ltr'>κομιεῖ</span> <span class='ocrx_word' id='word_1_279' title='bbox 1364 485 1391 510; x_wconf 83' lang='grc' dir='ltr'><strong>ὲν</strong></span> <span class='ocrx_word' id='word_1_280' title='bbox 1407 485 1517 520; x_wconf 81' lang='grc' dir='ltr'><strong>Χριστῷ</strong></span> <span class='ocrx_word' id='word_1_281' title='bbox 1528 486 1614 521; x_wconf 83' lang='grc' dir='ltr'><strong>Ἰησοῦ</strong></span> <span class='ocrx_word' id='word_1_282' title='bbox 1632 486 1670 520; x_wconf 77' lang='grc' dir='ltr'><strong>τῷ</strong></span> <span class='ocrx_word' id='word_1_283' title='bbox 1686 487 1742 512; x_wconf 86' lang='grc' dir='ltr'><strong>Κυ-</strong></span> 
     </span>
    </p>
   </div>
   <div class='ocr_carea' id='block_1_39' title="bbox 955 525 1742 566">
    <p class='ocr_par' dir='ltr' id='par_1_39' title="bbox 955 525 1742 566">
     <span class='ocr_line' id='line_1_39' title="bbox 955 525 1742 566; baseline 0.008 -14"><span class='ocrx_word' id='word_1_284' title='bbox 955 529 1006 563; x_wconf 85' lang='grc' dir='ltr'><strong>ρίῳ</strong></span> <span class='ocrx_word' id='word_1_285' title='bbox 1025 528 1119 563; x_wconf 83' lang='grc' dir='ltr'><strong>ἡμῶν·</strong></span> <span class='ocrx_word' id='word_1_286' title='bbox 1144 528 1202 562; x_wconf 82' lang='grc' dir='ltr'>μεθ’</span> <span class='ocrx_word' id='word_1_287' title='bbox 1218 525 1249 554; x_wconf 73' lang='grc' dir='ltr'><strong>οὗ</strong></span> <span class='ocrx_word' id='word_1_288' title='bbox 1263 529 1300 564; x_wconf 87' lang='grc' dir='ltr'><strong>τῷ</strong></span> <span class='ocrx_word' id='word_1_289' title='bbox 1325 530 1413 564; x_wconf 73' lang='grc' dir='ltr'><strong>Πατρὶ</strong></span> <span class='ocrx_word' id='word_1_290' title='bbox 1435 531 1492 565; x_wconf 75' lang='grc' dir='ltr'>ἅμα</span> <span class='ocrx_word' id='word_1_291' title='bbox 1507 532 1545 566; x_wconf 88' lang='grc' dir='ltr'>τῷ</span> <span class='ocrx_word' id='word_1_292' title='bbox 1568 532 1638 566; x_wconf 80' lang='grc' dir='ltr'><strong>ἁγίῳ</strong></span> <span class='ocrx_word' id='word_1_293' title='bbox 1657 531 1742 558; x_wconf 79' lang='grc' dir='ltr'><strong>[1νεὺ-</strong></span> 
     </span>
    </p>
   </div>
   <div class='ocr_carea' id='block_1_40' title="bbox 956 573 1741 612">
    <p class='ocr_par' dir='ltr' id='par_1_40' title="bbox 956 573 1741 612">
     <span class='ocr_line' id='line_1_40' title="bbox 956 573 1741 612; baseline 0.005 -13"><span class='ocrx_word' id='word_1_294' title='bbox 956 582 1032 607; x_wconf 82' lang='grc' dir='ltr'>ματι,</span> <span class='ocrx_word' id='word_1_295' title='bbox 1049 573 1124 606; x_wconf 80' lang='grc' dir='ltr'>δόξα,</span> <span class='ocrx_word' id='word_1_296' title='bbox 1141 574 1251 609; x_wconf 82' lang='grc' dir='ltr'>κράτος,</span> <span class='ocrx_word' id='word_1_297' title='bbox 1281 574 1357 609; x_wconf 81' lang='grc' dir='ltr'>τιμὴ,</span> <span class='ocrx_word' id='word_1_298' title='bbox 1384 577 1432 602; x_wconf 75' lang='grc' dir='ltr'><strong>καὶ</strong></span> <span class='ocrx_word' id='word_1_299' title='bbox 1461 577 1655 612; x_wconf 78' lang='grc' dir='ltr'><strong>προσκύνησις,</strong></span> <span class='ocrx_word' id='word_1_300' title='bbox 1681 577 1741 610; x_wconf 80' lang='grc' dir='ltr'>νῦν,</span> 
     </span>
    </p>
   </div>
   <div class='ocr_carea' id='block_1_41' title="bbox 954 620 1705 659">
    <p class='ocr_par' dir='ltr' id='par_1_41' title="bbox 954 620 1705 659">
     <span class='ocr_line' id='line_1_41' title="bbox 954 620 1705 659; baseline 0.007 -14"><span class='ocrx_word' id='word_1_301' title='bbox 954 621 1001 646; x_wconf 77' lang='grc' dir='ltr'><strong>καὶ</strong></span> <span class='ocrx_word' id='word_1_302' title='bbox 1017 620 1070 652; x_wconf 80' lang='grc' dir='ltr'><strong>ἀεὶ,</strong></span> <span class='ocrx_word' id='word_1_303' title='bbox 1083 620 1130 646; x_wconf 74' lang='grc' dir='ltr'><strong>καὶ</strong></span> <span class='ocrx_word' id='word_1_304' title='bbox 1144 620 1184 651; x_wconf 82' lang='grc' dir='ltr'><strong>εις</strong></span> <span class='ocrx_word' id='word_1_305' title='bbox 1200 621 1264 652; x_wconf 71' lang='grc' dir='ltr'><strong>τοὺς</strong></span> <span class='ocrx_word' id='word_1_306' title='bbox 1280 621 1382 652; x_wconf 69' lang='grc' dir='ltr'>αἰῶνας</span> <span class='ocrx_word' id='word_1_307' title='bbox 1397 622 1451 648; x_wconf 77' lang='grc' dir='ltr'><strong>τῶν</strong></span> <span class='ocrx_word' id='word_1_308' title='bbox 1467 623 1584 650; x_wconf 86' lang='grc' dir='ltr'>αἰώνων.</span> <span class='ocrx_word' id='word_1_309' title='bbox 1608 624 1705 659; x_wconf 79' lang='grc' dir='ltr'><strong>Ἀμήν.</strong></span> 
     </span>
    </p>
   </div>
   <div class='ocr_carea' id='block_1_42' title="bbox 965 792 1747 828">
    <p class='ocr_par' dir='ltr' id='par_1_42' title="bbox 965 792 1747 828">
     <span class='ocr_line' id='line_1_42' title="bbox 965 792 1747 828; baseline 0.006 -11"><span class='ocrx_word' id='word_1_310' title='bbox 965 796 1094 823; x_wconf 81' lang='lat' dir='ltr'><strong>mentem,</strong></span> <span class='ocrx_word' id='word_1_311' title='bbox 1108 799 1215 819; x_wconf 83' lang='lat' dir='ltr'><strong>onmem</strong></span> <span class='ocrx_word' id='word_1_312' title='bbox 1229 792 1264 819; x_wconf 89' lang='lat' dir='ltr'><strong>de</strong></span> <span class='ocrx_word' id='word_1_313' title='bbox 1278 797 1304 820; x_wconf 92' lang='lat' dir='ltr'><strong>te</strong></span> <span class='ocrx_word' id='word_1_314' title='bbox 1326 793 1447 820; x_wconf 63' lang='lat' dir='ltr'><strong>victoriae</strong></span> <span class='ocrx_word' id='word_1_315' title='bbox 1466 801 1540 828; x_wconf 82' lang='lat' dir='ltr'><strong>spem</strong></span> <span class='ocrx_word' id='word_1_316' title='bbox 1573 799 1626 821; x_wconf 80' lang='lat' dir='ltr'><strong>tuae</strong></span> <span class='ocrx_word' id='word_1_317' title='bbox 1650 795 1747 823; x_wconf 67' lang='lat' dir='ltr'><strong>salutis</strong></span> 
     </span>
    </p>
   </div>
   <div class='ocr_carea' id='block_1_43' title="bbox 929 837 1748 882">
    <p class='ocr_par' dir='ltr' id='par_1_43' title="bbox 929 837 1748 882">
     <span class='ocr_line' id='line_1_43' title="bbox 929 837 1748 882; baseline 0.005 -18"><span class='ocrx_word' id='word_1_318' title='bbox 929 855 950 882; x_wconf 73' lang='grc' dir='ltr'><strong>Β</strong></span> <span class='ocrx_word' id='word_1_319' title='bbox 965 837 1091 865; x_wconf 83' lang='lat' dir='ltr'><strong>hostibus</strong></span> <span class='ocrx_word' id='word_1_320' title='bbox 1108 838 1214 866; x_wconf 82' lang='lat' dir='ltr'><strong>auferes</strong></span> <span class='ocrx_word' id='word_1_321' title='bbox 1228 849 1234 865; x_wconf 83' lang='lat'><strong>:</strong></span> <span class='ocrx_word' id='word_1_322' title='bbox 1253 839 1409 874; x_wconf 77' lang='lat' dir='ltr'><strong>elﬁciesque</strong></span> <span class='ocrx_word' id='word_1_323' title='bbox 1426 845 1455 867; x_wconf 88' lang='lat' dir='ltr'><strong>ut</strong></span> <span class='ocrx_word' id='word_1_324' title='bbox 1478 841 1511 867; x_wconf 90' lang='lat' dir='ltr'><strong>de</strong></span> <span class='ocrx_word' id='word_1_325' title='bbox 1524 846 1623 867; x_wconf 67' lang='lat' dir='ltr'><strong>caetero</strong></span> <span class='ocrx_word' id='word_1_326' title='bbox 1646 847 1748 876; x_wconf 76' lang='lat' dir='ltr'><strong>tempe-</strong></span> 
     </span>
    </p>
   </div>
   <div class='ocr_carea' id='block_1_44' title="bbox 964 885 1748 923">
    <p class='ocr_par' dir='ltr' id='par_1_44' title="bbox 964 885 1748 923">
     <span class='ocr_line' id='line_1_44' title="bbox 964 885 1748 923; baseline 0.005 -13"><span class='ocrx_word' id='word_1_327' title='bbox 964 885 1156 912; x_wconf 84' lang='lat' dir='ltr'><strong>rantibusiisa</strong></span> <span class='ocrx_word' id='word_1_328' title='bbox 1172 890 1198 912; x_wconf 88' lang='lat' dir='ltr'><strong>te</strong></span> <span class='ocrx_word' id='word_1_329' title='bbox 1224 885 1397 917; x_wconf 81' lang='lat' dir='ltr'><strong>lacessendo,</strong></span> <span class='ocrx_word' id='word_1_330' title='bbox 1415 887 1518 914; x_wconf 76' lang='lat' dir='ltr'><strong>intacta</strong></span> <span class='ocrx_word' id='word_1_331' title='bbox 1546 888 1692 923; x_wconf 82' lang='lat' dir='ltr'><strong>quietaque</strong></span> <span class='ocrx_word' id='word_1_332' title='bbox 1712 889 1748 915; x_wconf 86' lang='lat' dir='ltr'><strong>ab</strong></span> 
     </span>
    </p>
   </div>
   <div class='ocr_carea' id='block_1_45' title="bbox 962 931 1743 969">
    <p class='ocr_par' dir='ltr' id='par_1_45' title="bbox 962 931 1743 969">
     <span class='ocr_line' id='line_1_45' title="bbox 962 931 1743 969; baseline 0.005 -11"><span class='ocrx_word' id='word_1_333' title='bbox 962 931 1059 958; x_wconf 78' lang='lat' dir='ltr'><strong>lterum</strong></span> <span class='ocrx_word' id='word_1_334' title='bbox 1078 931 1229 959; x_wconf 75' lang='lat' dir='ltr'><strong>assultibus</strong></span> <span class='ocrx_word' id='word_1_335' title='bbox 1246 934 1335 960; x_wconf 86' lang='lat' dir='ltr'><strong>anima</strong></span> <span class='ocrx_word' id='word_1_336' title='bbox 1358 938 1402 960; x_wconf 86' lang='lat' dir='ltr'><strong>tua</strong></span> <span class='ocrx_word' id='word_1_337' title='bbox 1421 933 1491 960; x_wconf 73' lang='lat' dir='ltr'><strong>(elici</strong></span> <span class='ocrx_word' id='word_1_338' title='bbox 1523 934 1632 960; x_wconf 78' lang='lat' dir='ltr'><strong>fruatur</strong></span> <span class='ocrx_word' id='word_1_339' title='bbox 1665 943 1743 969; x_wconf 84' lang='lat' dir='ltr'><strong>pace.</strong></span> 
     </span>
    </p>
   </div>
   <div class='ocr_carea' id='block_1_46' title="bbox 962 976 1745 1014">
    <p class='ocr_par' dir='ltr' id='par_1_46' title="bbox 962 976 1745 1014">
     <span class='ocr_line' id='line_1_46' title="bbox 962 976 1745 1014; baseline 0.005 -12"><span class='ocrx_word' id='word_1_340' title='bbox 962 976 1039 1009; x_wconf 89' lang='lat' dir='ltr'><strong>Quod</strong></span> <span class='ocrx_word' id='word_1_341' title='bbox 1056 977 1088 1008; x_wconf 82' lang='lat' dir='ltr'><strong>si,</strong></span> <span class='ocrx_word' id='word_1_342' title='bbox 1117 978 1202 1004; x_wconf 90' lang='lat' dir='ltr'><strong>multo</strong></span> <span class='ocrx_word' id='word_1_343' title='bbox 1226 978 1252 1004; x_wconf 91' lang='lat' dir='ltr'><strong>id</strong></span> <span class='ocrx_word' id='word_1_344' title='bbox 1271 986 1419 1014; x_wconf 76' lang='lat' dir='ltr'><strong>aggressus</strong></span> <span class='ocrx_word' id='word_1_345' title='bbox 1441 984 1552 1009; x_wconf 82' lang='lat' dir='ltr'><strong>conatu.</strong></span> <span class='ocrx_word' id='word_1_346' title='bbox 1584 979 1668 1006; x_wconf 79' lang='lat' dir='ltr'><strong>frater</strong></span> <span class='ocrx_word' id='word_1_347' title='bbox 1697 981 1745 1009; x_wconf 87' lang='lat' dir='ltr'><strong>mi.</strong></span> 
     </span>
    </p>
   </div>
   <div class='ocr_carea' id='block_1_47' title="bbox 962 1022 1748 1058">
    <p class='ocr_par' dir='ltr' id='par_1_47' title="bbox 962 1022 1748 1058">
     <span class='ocr_line' id='line_1_47' title="bbox 962 1022 1748 1058; baseline 0.004 -10"><span class='ocrx_word' id='word_1_348' title='bbox 962 1022 1119 1056; x_wconf 78' lang='lat' dir='ltr'><strong>nequiveris</strong></span> <span class='ocrx_word' id='word_1_349' title='bbox 1135 1024 1290 1058; x_wconf 82' lang='lat' dir='ltr'><strong>pertingere</strong></span> <span class='ocrx_word' id='word_1_350' title='bbox 1321 1025 1363 1058; x_wconf 83' lang='lat' dir='ltr'><strong>(ut</strong></span> <span class='ocrx_word' id='word_1_351' title='bbox 1386 1024 1432 1050; x_wconf 93' lang='lat' dir='ltr'><strong>ubi</strong></span> <span class='ocrx_word' id='word_1_352' title='bbox 1453 1024 1640 1058; x_wconf 50' lang='lat' dir='ltr'><strong>precepimus)</strong></span> <span class='ocrx_word' id='word_1_353' title='bbox 1661 1025 1687 1050; x_wconf 89' lang='lat' dir='ltr'><strong>in</strong></span> <span class='ocrx_word' id='word_1_354' title='bbox 1707 1026 1748 1051; x_wconf 70' lang='lat' dir='ltr'><strong>il-</strong></span> 
     </span>
    </p>
   </div>
   <div class='ocr_carea' id='block_1_48' title="bbox 962 1068 1746 1104">
    <p class='ocr_par' dir='ltr' id='par_1_48' title="bbox 962 1068 1746 1104">
     <span class='ocr_line' id='line_1_48' title="bbox 962 1068 1746 1104; baseline 0.003 -10"><span class='ocrx_word' id='word_1_355' title='bbox 962 1068 1045 1096; x_wconf 74' lang='lat' dir='ltr'><strong>tiunos</strong></span> <span class='ocrx_word' id='word_1_356' title='bbox 1059 1068 1095 1094; x_wconf 93' lang='lat' dir='ltr'><strong>tni</strong></span> <span class='ocrx_word' id='word_1_357' title='bbox 1122 1069 1214 1096; x_wconf 85' lang='lat' dir='ltr'><strong>cordis</strong></span> <span class='ocrx_word' id='word_1_358' title='bbox 1240 1069 1340 1103; x_wconf 87' lang='lat' dir='ltr'><strong>sinus;</strong></span> <span class='ocrx_word' id='word_1_359' title='bbox 1368 1070 1408 1096; x_wconf 83' lang='lat' dir='ltr'><strong>fac</strong></span> <span class='ocrx_word' id='word_1_360' title='bbox 1425 1070 1496 1104; x_wconf 90' lang='lat' dir='ltr'><strong>quod</strong></span> <span class='ocrx_word' id='word_1_361' title='bbox 1514 1078 1586 1097; x_wconf 89' lang='lat' dir='ltr'><strong>nunc</strong></span> <span class='ocrx_word' id='word_1_362' title='bbox 1606 1071 1667 1097; x_wconf 78' lang='lat' dir='ltr'><strong>diro</strong></span> <span class='ocrx_word' id='word_1_363' title='bbox 1685 1071 1746 1103; x_wconf 75' lang='lat' dir='ltr'><strong>tibi,</strong></span> 
     </span>
    </p>
   </div>
   <div class='ocr_carea' id='block_1_49' title="bbox 963 1113 1747 1150">
    <p class='ocr_par' dir='ltr' id='par_1_49' title="bbox 963 1113 1747 1150">
     <span class='ocr_line' id='line_1_49' title="bbox 963 1113 1747 1150; baseline 0.006 -11"><span class='ocrx_word' id='word_1_364' title='bbox 963 1118 989 1140; x_wconf 89' lang='lat' dir='ltr'><strong>et</strong></span> <span class='ocrx_word' id='word_1_365' title='bbox 1003 1113 1058 1140; x_wconf 84' lang='lat' dir='ltr'><strong>Deo</strong></span> <span class='ocrx_word' id='word_1_366' title='bbox 1073 1114 1225 1149; x_wconf 71' lang='lat' dir='ltr'><strong>adiuvante,</strong></span> <span class='ocrx_word' id='word_1_367' title='bbox 1241 1123 1289 1149; x_wconf 89' lang='lat' dir='ltr'><strong>per</strong></span> <span class='ocrx_word' id='word_1_368' title='bbox 1300 1115 1419 1149; x_wconf 80' lang='lat' dir='ltr'><strong>id.qnod</strong></span> <span class='ocrx_word' id='word_1_369' title='bbox 1431 1116 1531 1150; x_wconf 67' lang='lat' dir='ltr'><strong>qumris</strong></span> <span class='ocrx_word' id='word_1_370' title='bbox 1543 1116 1672 1143; x_wconf 79' lang='lat' dir='ltr'><strong>invenies.</strong></span> <span class='ocrx_word' id='word_1_371' title='bbox 1688 1116 1747 1144; x_wconf 83' lang='lat' dir='ltr'><strong>Scis</strong></span> 
     </span>
    </p>
   </div>
   <div class='ocr_carea' id='block_1_50' title="bbox 962 1160 1748 1196">
    <p class='ocr_par' dir='ltr' id='par_1_50' title="bbox 962 1160 1748 1196">
     <span class='ocr_line' id='line_1_50' title="bbox 962 1160 1748 1196; baseline 0.005 -11"><span class='ocrx_word' id='word_1_372' title='bbox 962 1160 1128 1186; x_wconf 75' lang='lat' dir='ltr'><strong>rationalem</strong></span> <span class='ocrx_word' id='word_1_373' title='bbox 1141 1161 1232 1188; x_wconf 87' lang='lat' dir='ltr'><strong>ontnis</strong></span> <span class='ocrx_word' id='word_1_374' title='bbox 1254 1161 1371 1188; x_wconf 84' lang='lat' dir='ltr'><strong>hominis</strong></span> <span class='ocrx_word' id='word_1_375' title='bbox 1388 1169 1491 1196; x_wconf 85' lang='lat' dir='ltr'><strong>partem</strong></span> <span class='ocrx_word' id='word_1_376' title='bbox 1506 1162 1532 1188; x_wconf 89' lang='lat' dir='ltr'><strong>in</strong></span> <span class='ocrx_word' id='word_1_377' title='bbox 1553 1167 1661 1196; x_wconf 83' lang='lat' dir='ltr'><strong>pectore</strong></span> <span class='ocrx_word' id='word_1_378' title='bbox 1678 1162 1748 1189; x_wconf 88' lang='lat' dir='ltr'><strong>resi-</strong></span> 
     </span>
    </p>
   </div>
   <div class='ocr_carea' id='block_1_51' title="bbox 963 1206 1746 1242">
    <p class='ocr_par' dir='ltr' id='par_1_51' title="bbox 963 1206 1746 1242">
     <span class='ocr_line' id='line_1_51' title="bbox 963 1206 1746 1242; baseline 0 -9"><span class='ocrx_word' id='word_1_379' title='bbox 963 1206 1036 1234; x_wconf 76' lang='lat' dir='ltr'><strong>dere.</strong></span> <span class='ocrx_word' id='word_1_380' title='bbox 1053 1206 1127 1233; x_wconf 89' lang='lat' dir='ltr'><strong>lntra</strong></span> <span class='ocrx_word' id='word_1_381' title='bbox 1143 1211 1236 1240; x_wconf 86' lang='lat' dir='ltr'><strong>pectus</strong></span> <span class='ocrx_word' id='word_1_382' title='bbox 1250 1208 1333 1238; x_wconf 89' lang='lat' dir='ltr'><strong>enim,</strong></span> <span class='ocrx_word' id='word_1_383' title='bbox 1343 1207 1488 1234; x_wconf 83' lang='lat' dir='ltr'><strong>silentibus</strong></span> <span class='ocrx_word' id='word_1_384' title='bbox 1502 1207 1590 1238; x_wconf 86' lang='lat' dir='ltr'><strong>labiis,</strong></span> <span class='ocrx_word' id='word_1_385' title='bbox 1601 1208 1746 1242; x_wconf 78' lang='lat' dir='ltr'><strong>loquimur,</strong></span> 
     </span>
    </p>
   </div>
   <div class='ocr_carea' id='block_1_52' title="bbox 963 1246 1746 1287">
    <p class='ocr_par' dir='ltr' id='par_1_52' title="bbox 963 1246 1746 1287">
     <span class='ocr_line' id='line_1_52' title="bbox 963 1246 1746 1287; baseline -0.001 -8"><span class='ocrx_word' id='word_1_386' title='bbox 963 1255 989 1279; x_wconf 88' lang='lat' dir='ltr'><strong>et</strong></span> <span class='ocrx_word' id='word_1_387' title='bbox 1004 1251 1200 1285; x_wconf 81' lang='lat' dir='ltr'><strong>consultatnus,</strong></span> <span class='ocrx_word' id='word_1_388' title='bbox 1220 1257 1248 1279; x_wconf 83' lang='lat' dir='ltr'><strong>ct</strong></span> <span class='ocrx_word' id='word_1_389' title='bbox 1273 1260 1367 1287; x_wconf 80' lang='lat' dir='ltr'><strong>preces</strong></span> <span class='ocrx_word' id='word_1_390' title='bbox 1384 1253 1543 1279; x_wconf 85' lang='lat' dir='ltr'><strong>ordinamus</strong></span> <span class='ocrx_word' id='word_1_391' title='bbox 1572 1258 1598 1280; x_wconf 84' lang='lat' dir='ltr'><strong>et</strong></span> <span class='ocrx_word' id='word_1_392' title='bbox 1615 1246 1746 1286; x_wconf 66' lang='lat' dir='ltr'><strong>psalmos,</strong></span> 
     </span>
    </p>
   </div>
   <div class='ocr_carea' id='block_1_53' title="bbox 963 1297 1747 1333">
    <p class='ocr_par' dir='ltr' id='par_1_53' title="bbox 963 1297 1747 1333">
     <span class='ocr_line' id='line_1_53' title="bbox 963 1297 1747 1333; baseline 0.003 -11"><span class='ocrx_word' id='word_1_393' title='bbox 963 1300 990 1323; x_wconf 89' lang='lat' dir='ltr'><strong>et</strong></span> <span class='ocrx_word' id='word_1_394' title='bbox 1000 1301 1098 1323; x_wconf 64' lang='lat' dir='ltr'><strong>caetera</strong></span> <span class='ocrx_word' id='word_1_395' title='bbox 1114 1297 1248 1331; x_wconf 74' lang='lat' dir='ltr'><strong>qumpiam</strong></span> <span class='ocrx_word' id='word_1_396' title='bbox 1275 1298 1335 1332; x_wconf 86' lang='lat' dir='ltr'><strong>ejus</strong></span> <span class='ocrx_word' id='word_1_397' title='bbox 1364 1298 1483 1333; x_wconf 76' lang='lat' dir='ltr'><strong>generis.</strong></span> <span class='ocrx_word' id='word_1_398' title='bbox 1512 1297 1541 1324; x_wconf 87' lang='lat' dir='ltr'><strong>Ei</strong></span> <span class='ocrx_word' id='word_1_399' title='bbox 1562 1306 1627 1333; x_wconf 73' lang='lat' dir='ltr'><strong>ergo</strong></span> <span class='ocrx_word' id='word_1_400' title='bbox 1650 1299 1747 1324; x_wconf 71' lang='lat' dir='ltr'><strong>anime</strong></span> 
     </span>
    </p>
   </div>
   <div class='ocr_carea' id='block_1_54' title="bbox 963 1343 1747 1378">
    <p class='ocr_par' dir='ltr' id='par_1_54' title="bbox 963 1343 1747 1378">
     <span class='ocr_line' id='line_1_54' title="bbox 963 1343 1747 1378; baseline 0.003 -10"><span class='ocrx_word' id='word_1_401' title='bbox 963 1344 1033 1376; x_wconf 87' lang='lat' dir='ltr'><strong>parti</strong></span> <span class='ocrx_word' id='word_1_402' title='bbox 1051 1350 1112 1376; x_wconf 64' lang='lat' dir='ltr'><strong>quae</strong></span> <span class='ocrx_word' id='word_1_403' title='bbox 1126 1343 1189 1370; x_wconf 85' lang='lat' dir='ltr'><strong>talia</strong></span> <span class='ocrx_word' id='word_1_404' title='bbox 1210 1343 1336 1377; x_wconf 75' lang='lat' dir='ltr'><strong>aperanti</strong></span> <span class='ocrx_word' id='word_1_405' title='bbox 1367 1349 1464 1378; x_wconf 69' lang='lat' dir='ltr'><strong>praeest</strong></span> <span class='ocrx_word' id='word_1_406' title='bbox 1491 1345 1604 1378; x_wconf 81' lang='lat' dir='ltr'><strong>pectori,</strong></span> <span class='ocrx_word' id='word_1_407' title='bbox 1635 1345 1747 1378; x_wconf 69' lang='lat' dir='ltr'><strong>reliquas</strong></span> 
     </span>
    </p>
   </div>
   <div class='ocr_carea' id='block_1_55' title="bbox 963 1389 1746 1424">
    <p class='ocr_par' dir='ltr' id='par_1_55' title="bbox 963 1389 1746 1424">
     <span class='ocr_line' id='line_1_55' title="bbox 963 1389 1746 1424; baseline 0.004 -11"><span class='ocrx_word' id='word_1_408' title='bbox 963 1396 1077 1422; x_wconf 86' lang='lat' dir='ltr'><strong>prorsus</strong></span> <span class='ocrx_word' id='word_1_409' title='bbox 1088 1389 1226 1423; x_wconf 75' lang='lat' dir='ltr'><strong>cogitandi</strong></span> <span class='ocrx_word' id='word_1_410' title='bbox 1239 1390 1407 1423; x_wconf 81' lang='lat' dir='ltr'><strong>argumentis</strong></span> <span class='ocrx_word' id='word_1_411' title='bbox 1419 1390 1564 1416; x_wconf 74' lang='lat' dir='ltr'><strong>abstractis</strong></span> <span class='ocrx_word' id='word_1_412' title='bbox 1577 1391 1665 1424; x_wconf 75' lang='lat' dir='ltr'><strong>(putes</strong></span> <span class='ocrx_word' id='word_1_413' title='bbox 1674 1391 1746 1417; x_wconf 83' lang='lat' dir='ltr'><strong>enim</strong></span> 
     </span>
    </p>
   </div>
   <div class='ocr_carea' id='block_1_56' title="bbox 963 1430 1748 1469">
    <p class='ocr_par' dir='ltr' id='par_1_56' title="bbox 963 1430 1748 1469">
     <span class='ocr_line' id='line_1_56' title="bbox 963 1430 1748 1469; baseline 0.001 -9"><span class='ocrx_word' id='word_1_414' title='bbox 963 1433 989 1460; x_wconf 90' lang='lat' dir='ltr'><strong>id</strong></span> <span class='ocrx_word' id='word_1_415' title='bbox 1003 1435 1025 1461; x_wconf 90' lang='lat' dir='ltr'><strong>si</strong></span> <span class='ocrx_word' id='word_1_416' title='bbox 1039 1430 1116 1467; x_wconf 76' lang='lat' dir='ltr'><strong>velis)</strong></span> <span class='ocrx_word' id='word_1_417' title='bbox 1133 1441 1214 1460; x_wconf 88' lang='lat' dir='ltr'><strong>unam</strong></span> <span class='ocrx_word' id='word_1_418' title='bbox 1240 1433 1309 1460; x_wconf 84' lang='lat' dir='ltr'><strong>hanc</strong></span> <span class='ocrx_word' id='word_1_419' title='bbox 1328 1435 1458 1468; x_wconf 79' lang='lat' dir='ltr'><strong>operandi</strong></span> <span class='ocrx_word' id='word_1_420' title='bbox 1488 1435 1633 1469; x_wconf 60' lang='lat' dir='ltr'><strong>praescribe</strong></span> <span class='ocrx_word' id='word_1_421' title='bbox 1663 1442 1748 1462; x_wconf 81' lang='lat' dir='ltr'><strong>malc-</strong></span> 
     </span>
    </p>
   </div>
   <div class='ocr_carea' id='block_1_57' title="bbox 965 1480 1746 1514">
    <p class='ocr_par' dir='ltr' id='par_1_57' title="bbox 965 1480 1746 1514">
     <span class='ocr_line' id='line_1_57' title="bbox 965 1480 1746 1514; baseline 0.003 -8"><span class='ocrx_word' id='word_1_422' title='bbox 965 1480 1031 1506; x_wconf 79' lang='lat' dir='ltr'><strong>riom</strong></span> <span class='ocrx_word' id='word_1_423' title='bbox 1050 1488 1057 1513; x_wconf 93' lang='lat'>;</span> <span class='ocrx_word' id='word_1_424' title='bbox 1075 1481 1219 1514; x_wconf 75' lang='lat' dir='ltr'><strong>injnngens</strong></span> <span class='ocrx_word' id='word_1_425' title='bbox 1232 1484 1262 1513; x_wconf 81' lang='lat' dir='ltr'><strong>ut</strong></span> <span class='ocrx_word' id='word_1_426' title='bbox 1277 1487 1383 1514; x_wconf 86' lang='lat' dir='ltr'><strong>semper</strong></span> <span class='ocrx_word' id='word_1_427' title='bbox 1408 1480 1482 1507; x_wconf 86' lang='lat' dir='ltr'><strong>dicat</strong></span> <span class='ocrx_word' id='word_1_428' title='bbox 1500 1490 1506 1507; x_wconf 91' lang='lat'><strong>:</strong></span> <span class='ocrx_word' id='word_1_429' title='bbox 1532 1481 1659 1507; x_wconf 64' lang='lat' dir='ltr'><strong>«nomine</strong></span> <span class='ocrx_word' id='word_1_430' title='bbox 1683 1481 1746 1508; x_wconf 70' lang='lat' dir='ltr'><strong>Jcsn</strong></span> 
     </span>
    </p>
   </div>
   <div class='ocr_carea' id='block_1_58' title="bbox 127 1518 1748 1563">
    <p class='ocr_par' dir='ltr' id='par_1_58' title="bbox 127 1518 1748 1563">
     <span class='ocr_line' id='line_1_58' title="bbox 127 1518 1748 1563; baseline -0.001 -6"><span class='ocrx_word' id='word_1_431' title='bbox 127 1531 205 1563; x_wconf 78' lang='lat' dir='ltr'><strong>digna</strong></span> <span class='ocrx_word' id='word_1_432' title='bbox 220 1535 326 1556; x_wconf 88' lang='lat' dir='ltr'><strong>summo</strong></span> <span class='ocrx_word' id='word_1_433' title='bbox 349 1527 501 1561; x_wconf 85' lang='lat' dir='ltr'><strong>reputabis.</strong></span> <span class='ocrx_word' id='word_1_434' title='bbox 536 1524 601 1551; x_wconf 86' lang='lat' dir='ltr'><strong>Vide</strong></span> <span class='ocrx_word' id='word_1_435' title='bbox 630 1525 717 1552; x_wconf 89' lang='lat' dir='ltr'><strong>solum</strong></span> <span class='ocrx_word' id='word_1_436' title='bbox 734 1528 764 1551; x_wconf 91' lang='lat' dir='ltr'><strong>ut</strong></span> <span class='ocrx_word' id='word_1_437' title='bbox 781 1532 796 1551; x_wconf 87' lang='lat' dir='ltr'><strong>e</strong></span> <span class='ocrx_word' id='word_1_438' title='bbox 811 1525 910 1558; x_wconf 84' lang='lat' dir='ltr'><strong>primo,</strong></span> <span class='ocrx_word' id='word_1_439' title='bbox 926 1518 946 1544; x_wconf 62' lang='grc' dir='ltr'><strong>(ἶ</strong></span> <span class='ocrx_word' id='word_1_440' title='bbox 965 1526 1083 1557; x_wconf 75' lang='lat' dir='ltr'><strong>Christe.</strong></span> <span class='ocrx_word' id='word_1_441' title='bbox 1099 1525 1150 1552; x_wconf 84' lang='lat' dir='ltr'><strong>Fili</strong></span> <span class='ocrx_word' id='word_1_442' title='bbox 1167 1525 1223 1557; x_wconf 81' lang='lat' dir='ltr'><strong>Dei,</strong></span> <span class='ocrx_word' id='word_1_443' title='bbox 1238 1525 1367 1553; x_wconf 88' lang='lat' dir='ltr'><strong>tuiserere</strong></span> <span class='ocrx_word' id='word_1_444' title='bbox 1401 1526 1482 1553; x_wconf 65' lang='lat' dir='ltr'><strong>mei.»</strong></span> <span class='ocrx_word' id='word_1_445' title='bbox 1507 1526 1698 1560; x_wconf 75' lang='lat' dir='ltr'><strong>Cumpellcqne</strong></span> <span class='ocrx_word' id='word_1_446' title='bbox 1715 1536 1748 1555; x_wconf 81' lang='lat' dir='ltr'><strong>ac</strong></span> 
     </span>
    </p>
   </div>
   <div class='ocr_carea' id='block_1_59' title="bbox 129 1570 912 1610">
    <p class='ocr_par' dir='ltr' id='par_1_59' title="bbox 129 1570 912 1610">
     <span class='ocr_line' id='line_1_59' title="bbox 129 1570 912 1610; baseline -0.009 -7"><span class='ocrx_word' id='word_1_447' title='bbox 129 1581 207 1610; x_wconf 88' lang='lat' dir='ltr'><strong>prout</strong></span> <span class='ocrx_word' id='word_1_448' title='bbox 225 1575 330 1602; x_wconf 89' lang='lat' dir='ltr'><strong>dictum</strong></span> <span class='ocrx_word' id='word_1_449' title='bbox 346 1577 399 1604; x_wconf 84' lang='lat' dir='ltr'><strong>est,</strong></span> <span class='ocrx_word' id='word_1_450' title='bbox 433 1572 559 1605; x_wconf 64' lang='lat' dir='ltr'><strong>ingressu</strong></span> <span class='ocrx_word' id='word_1_451' title='bbox 593 1576 737 1604; x_wconf 83' lang='lat' dir='ltr'><strong>penetrare</strong></span> <span class='ocrx_word' id='word_1_452' title='bbox 761 1578 794 1597; x_wconf 84' lang='lat' dir='ltr'><strong>ac</strong></span> <span class='ocrx_word' id='word_1_453' title='bbox 819 1570 912 1597; x_wconf 78' lang='lat' dir='ltr'><strong>subire</strong></span> 
     </span>
    </p>
   </div>
   <div class='ocr_carea' id='block_1_60' title="bbox 128 1616 912 1647">
    <p class='ocr_par' dir='ltr' id='par_1_60' title="bbox 128 1616 912 1647">
     <span class='ocr_line' id='line_1_60' title="bbox 128 1616 912 1647; baseline -0.006 0"><span class='ocrx_word' id='word_1_454' title='bbox 128 1620 277 1647; x_wconf 78' lang='lat' dir='ltr'><strong>contendas</strong></span> <span class='ocrx_word' id='word_1_455' title='bbox 289 1619 452 1646; x_wconf 90' lang='lat' dir='ltr'><strong>intraimnm</strong></span> <span class='ocrx_word' id='word_1_456' title='bbox 470 1625 502 1644; x_wconf 87' lang='lat' dir='ltr'><strong>ac</strong></span> <span class='ocrx_word' id='word_1_457' title='bbox 520 1617 736 1644; x_wconf 48' lang='lat' dir='ltr'><strong>secretissimum</strong></span> <span class='ocrx_word' id='word_1_458' title='bbox 765 1616 855 1644; x_wconf 79' lang='lat' dir='ltr'><strong>cordis</strong></span> <span class='ocrx_word' id='word_1_459' title='bbox 873 1616 912 1642; x_wconf 90' lang='lat' dir='ltr'><strong>tui</strong></span> 
     </span>
    </p>
   </div>
   <div class='ocr_carea' id='block_1_61' title="bbox 129 1662 912 1697">
    <p class='ocr_par' dir='ltr' id='par_1_61' title="bbox 129 1662 912 1697">
     <span class='ocr_line' id='line_1_61' title="bbox 129 1662 912 1697; baseline -0.006 -5"><span class='ocrx_word' id='word_1_460' title='bbox 129 1666 241 1692; x_wconf 84' lang='lat' dir='ltr'><strong>l&#39;ttmlntn</strong></span> <span class='ocrx_word' id='word_1_461' title='bbox 257 1674 264 1691; x_wconf 85' lang='lat'><strong>:</strong></span> <span class='ocrx_word' id='word_1_462' title='bbox 282 1672 360 1697; x_wconf 81' lang='lat' dir='ltr'><strong>quem</strong></span> <span class='ocrx_word' id='word_1_463' title='bbox 388 1664 446 1695; x_wconf 87' lang='lat' dir='ltr'><strong>tibi,</strong></span> <span class='ocrx_word' id='word_1_464' title='bbox 466 1663 520 1689; x_wconf 88' lang='lat' dir='ltr'><strong>Deo</strong></span> <span class='ocrx_word' id='word_1_465' title='bbox 549 1663 614 1689; x_wconf 86' lang='lat' dir='ltr'><strong>mihi</strong></span> <span class='ocrx_word' id='word_1_466' title='bbox 632 1662 811 1697; x_wconf 73' lang='lat' dir='ltr'><strong>gratillcantc.</strong></span> <span class='ocrx_word' id='word_1_467' title='bbox 835 1669 912 1688; x_wconf 89' lang='lat' dir='ltr'><strong>mon-</strong></span> 
     </span>
    </p>
   </div>
   <div class='ocr_carea' id='block_1_62' title="bbox 130 1707 913 1744">
    <p class='ocr_par' dir='ltr' id='par_1_62' title="bbox 130 1707 913 1744">
     <span class='ocr_line' id='line_1_62' title="bbox 130 1707 913 1744; baseline -0.009 -4"><span class='ocrx_word' id='word_1_468' title='bbox 130 1713 225 1740; x_wconf 83' lang='lat' dir='ltr'><strong>stravi.</strong></span> <span class='ocrx_word' id='word_1_469' title='bbox 238 1711 347 1738; x_wconf 57' lang='lat' dir='ltr'><strong>Exsulta</strong></span> <span class='ocrx_word' id='word_1_470' title='bbox 361 1709 488 1744; x_wconf 66' lang='lat' dir='ltr'><strong>deinceps</strong></span> <span class='ocrx_word' id='word_1_471' title='bbox 504 1709 551 1736; x_wconf 79' lang='lat' dir='ltr'><strong>tibi</strong></span> <span class='ocrx_word' id='word_1_472' title='bbox 564 1710 704 1743; x_wconf 79' lang='lat' dir='ltr'><strong>gratulans</strong></span> <span class='ocrx_word' id='word_1_473' title='bbox 715 1714 742 1734; x_wconf 87' lang='lat' dir='ltr'><strong>et</strong></span> <span class='ocrx_word' id='word_1_474' title='bbox 757 1707 839 1734; x_wconf 84' lang='lat' dir='ltr'><strong>Deum</strong></span> <span class='ocrx_word' id='word_1_475' title='bbox 857 1709 913 1733; x_wconf 83' lang='lat' dir='ltr'><strong>latt-</strong></span> 
     </span>
    </p>
   </div>
   <div class='ocr_carea' id='block_1_63' title="bbox 130 1754 911 1792">
    <p class='ocr_par' dir='ltr' id='par_1_63' title="bbox 130 1754 911 1792">
     <span class='ocr_line' id='line_1_63' title="bbox 130 1754 911 1792; baseline -0.008 -7"><span class='ocrx_word' id='word_1_476' title='bbox 130 1760 207 1788; x_wconf 76' lang='lat' dir='ltr'><strong>tlans,</strong></span> <span class='ocrx_word' id='word_1_477' title='bbox 221 1759 247 1785; x_wconf 92' lang='lat' dir='ltr'><strong>in</strong></span> <span class='ocrx_word' id='word_1_478' title='bbox 264 1765 351 1792; x_wconf 87' lang='lat' dir='ltr'><strong>caque</strong></span> <span class='ocrx_word' id='word_1_479' title='bbox 370 1755 569 1784; x_wconf 78' lang='lat' dir='ltr'><strong>exercitatione</strong></span> <span class='ocrx_word' id='word_1_480' title='bbox 594 1759 754 1781; x_wconf 86' lang='lat' dir='ltr'><strong>constanter</strong></span> <span class='ocrx_word' id='word_1_481' title='bbox 782 1754 911 1788; x_wconf 81' lang='lat' dir='ltr'><strong>perdura.</strong></span> 
     </span>
    </p>
   </div>
   <div class='ocr_carea' id='block_1_64' title="bbox 130 1799 912 1834">
    <p class='ocr_par' dir='ltr' id='par_1_64' title="bbox 130 1799 912 1834">
     <span class='ocr_line' id='line_1_64' title="bbox 130 1799 912 1834; baseline -0.008 -3"><span class='ocrx_word' id='word_1_482' title='bbox 130 1805 191 1832; x_wconf 86' lang='lat' dir='ltr'><strong>l|.cc</strong></span> <span class='ocrx_word' id='word_1_483' title='bbox 216 1805 287 1830; x_wconf 82' lang='lat' dir='ltr'><strong>cuitu</strong></span> <span class='ocrx_word' id='word_1_484' title='bbox 311 1810 336 1830; x_wconf 85' lang='lat' dir='ltr'><strong>te</strong></span> <span class='ocrx_word' id='word_1_485' title='bbox 351 1803 459 1829; x_wconf 78' lang='lat' dir='ltr'><strong>dm-ebit</strong></span> <span class='ocrx_word' id='word_1_486' title='bbox 488 1806 584 1827; x_wconf 60' lang='lat' dir='ltr'><strong>caetera</strong></span> <span class='ocrx_word' id='word_1_487' title='bbox 609 1808 668 1834; x_wconf 67' lang='lat' dir='ltr'><strong>qua-</strong></span> <span class='ocrx_word' id='word_1_488' title='bbox 692 1800 811 1826; x_wconf 89' lang='lat' dir='ltr'><strong>nnndmn</strong></span> <span class='ocrx_word' id='word_1_489' title='bbox 830 1799 912 1825; x_wconf 79' lang='lat' dir='ltr'><strong>nosti.</strong></span> 
     </span>
    </p>
   </div>
   <div class='ocr_carea' id='block_1_65' title="bbox 129 1845 914 1886">
    <p class='ocr_par' dir='ltr' id='par_1_65' title="bbox 129 1845 914 1886">
     <span class='ocr_line' id='line_1_65' title="bbox 129 1845 914 1886; baseline -0.01 -8"><span class='ocrx_word' id='word_1_490' title='bbox 129 1852 241 1886; x_wconf 87' lang='lat' dir='ltr'><strong>Oportet</strong></span> <span class='ocrx_word' id='word_1_491' title='bbox 256 1855 345 1877; x_wconf 82' lang='lat' dir='ltr'><strong>autem</strong></span> <span class='ocrx_word' id='word_1_492' title='bbox 368 1854 392 1875; x_wconf 90' lang='lat' dir='ltr'><strong>te</strong></span> <span class='ocrx_word' id='word_1_493' title='bbox 408 1853 436 1875; x_wconf 88' lang='lat' dir='ltr'><strong>et</strong></span> <span class='ocrx_word' id='word_1_494' title='bbox 452 1848 503 1874; x_wconf 90' lang='lat' dir='ltr'><strong>hoc</strong></span> <span class='ocrx_word' id='word_1_495' title='bbox 516 1847 629 1880; x_wconf 87' lang='lat' dir='ltr'><strong>insuper</strong></span> <span class='ocrx_word' id='word_1_496' title='bbox 645 1853 725 1873; x_wconf 87' lang='lat' dir='ltr'><strong>nosse</strong></span> <span class='ocrx_word' id='word_1_497' title='bbox 739 1854 745 1871; x_wconf 96' lang='lat'>:</span> <span class='ocrx_word' id='word_1_498' title='bbox 762 1845 834 1871; x_wconf 81' lang='lat' dir='ltr'><strong>haud</strong></span> <span class='ocrx_word' id='word_1_499' title='bbox 849 1851 914 1871; x_wconf 87' lang='lat' dir='ltr'><strong>con-</strong></span> 
     </span>
    </p>
   </div>
   <div class='ocr_carea' id='block_1_66' title="bbox 129 1890 912 1928">
    <p class='ocr_par' dir='ltr' id='par_1_66' title="bbox 129 1890 912 1928">
     <span class='ocr_line' id='line_1_66' title="bbox 129 1890 912 1928; baseline -0.013 -3"><span class='ocrx_word' id='word_1_500' title='bbox 129 1898 223 1925; x_wconf 75' lang='lat' dir='ltr'><strong>venire</strong></span> <span class='ocrx_word' id='word_1_501' title='bbox 242 1901 277 1928; x_wconf 82' lang='lat' dir='ltr'><strong>te,</strong></span> <span class='ocrx_word' id='word_1_502' title='bbox 292 1900 382 1922; x_wconf 81' lang='lat' dir='ltr'><strong>mente</strong></span> <span class='ocrx_word' id='word_1_503' title='bbox 395 1895 421 1921; x_wconf 91' lang='lat' dir='ltr'><strong>in</strong></span> <span class='ocrx_word' id='word_1_504' title='bbox 433 1902 494 1921; x_wconf 88' lang='lat' dir='ltr'><strong>eutn</strong></span> <span class='ocrx_word' id='word_1_505' title='bbox 511 1900 590 1927; x_wconf 87' lang='lat' dir='ltr'><strong>quem</strong></span> <span class='ocrx_word' id='word_1_506' title='bbox 604 1892 658 1918; x_wconf 85' lang='lat' dir='ltr'><strong>dixi</strong></span> <span class='ocrx_word' id='word_1_507' title='bbox 674 1890 787 1926; x_wconf 84' lang='lat' dir='ltr'><strong>gradum</strong></span> <span class='ocrx_word' id='word_1_508' title='bbox 805 1895 912 1921; x_wconf 79' lang='lat' dir='ltr'><strong>evecta,</strong></span> 
     </span>
    </p>
   </div>
   <div class='ocr_carea' id='block_1_67' title="bbox 126 1936 911 1975">
    <p class='ocr_par' dir='ltr' id='par_1_67' title="bbox 126 1936 911 1975">
     <span class='ocr_line' id='line_1_67' title="bbox 126 1936 911 1975; baseline -0.013 -5"><span class='ocrx_word' id='word_1_509' title='bbox 126 1944 211 1970; x_wconf 60' lang='lat' dir='ltr'><strong>silere</strong></span> <span class='ocrx_word' id='word_1_510' title='bbox 225 1942 354 1975; x_wconf 77' lang='lat' dir='ltr'><strong>deinceps</strong></span> <span class='ocrx_word' id='word_1_511' title='bbox 366 1947 398 1966; x_wconf 87' lang='lat' dir='ltr'><strong>ac</strong></span> <span class='ocrx_word' id='word_1_512' title='bbox 414 1939 539 1966; x_wconf 83' lang='lat' dir='ltr'><strong>desidere</strong></span> <span class='ocrx_word' id='word_1_513' title='bbox 563 1937 679 1964; x_wconf 87' lang='lat' dir='ltr'><strong>otiosum</strong></span> <span class='ocrx_word' id='word_1_514' title='bbox 707 1942 734 1963; x_wconf 90' lang='lat' dir='ltr'><strong>et</strong></span> <span class='ocrx_word' id='word_1_515' title='bbox 761 1936 911 1970; x_wconf 67' lang='lat' dir='ltr'><strong>elinguem.</strong></span> 
     </span>
    </p>
   </div>
   <div class='ocr_carea' id='block_1_68' title="bbox 127 1979 914 2016">
    <p class='ocr_par' dir='ltr' id='par_1_68' title="bbox 127 1979 914 2016">
     <span class='ocr_line' id='line_1_68' title="bbox 127 1979 914 2016; baseline -0.014 0"><span class='ocrx_word' id='word_1_516' title='bbox 127 1989 272 2016; x_wconf 69' lang='lat' dir='ltr'><strong>Ex-zlames</strong></span> <span class='ocrx_word' id='word_1_517' title='bbox 285 1986 362 2013; x_wconf 88' lang='lat' dir='ltr'><strong>decet</strong></span> <span class='ocrx_word' id='word_1_518' title='bbox 379 1985 406 2011; x_wconf 93' lang='lat' dir='ltr'><strong>in</strong></span> <span class='ocrx_word' id='word_1_519' title='bbox 423 1985 480 2011; x_wconf 69' lang='lat' dir='ltr'><strong>haec</strong></span> <span class='ocrx_word' id='word_1_520' title='bbox 494 1983 576 2010; x_wconf 83' lang='lat' dir='ltr'><strong>verba</strong></span> <span class='ocrx_word' id='word_1_521' title='bbox 591 1992 597 2010; x_wconf 88' lang='lat'><strong>:</strong></span> <span class='ocrx_word' id='word_1_522' title='bbox 617 1982 745 2009; x_wconf 74' lang='lat' dir='ltr'><strong>tDomine</strong></span> <span class='ocrx_word' id='word_1_523' title='bbox 758 1981 822 2008; x_wconf 80' lang='lat' dir='ltr'><strong>Jesn</strong></span> <span class='ocrx_word' id='word_1_524' title='bbox 836 1979 914 2007; x_wconf 84' lang='lat' dir='ltr'><strong>Chri-</strong></span> 
     </span>
    </p>
   </div>
   <div class='ocr_carea' id='block_1_69' title="bbox 126 2028 914 2064">
    <p class='ocr_par' dir='ltr' id='par_1_69' title="bbox 126 2028 914 2064">
     <span class='ocr_line' id='line_1_69' title="bbox 126 2028 914 2064; baseline -0.01 -3"><span class='ocrx_word' id='word_1_525' title='bbox 126 2041 170 2061; x_wconf 82' lang='lat' dir='ltr'><strong>ste</strong></span> <span class='ocrx_word' id='word_1_526' title='bbox 188 2033 237 2060; x_wconf 78' lang='lat' dir='ltr'><strong>Fili</strong></span> <span class='ocrx_word' id='word_1_527' title='bbox 254 2033 313 2064; x_wconf 82' lang='lat' dir='ltr'><strong>Dei,</strong></span> <span class='ocrx_word' id='word_1_528' title='bbox 330 2031 461 2058; x_wconf 85' lang='lat' dir='ltr'><strong>miserere</strong></span> <span class='ocrx_word' id='word_1_529' title='bbox 483 2029 561 2056; x_wconf 60' lang='lat' dir='ltr'><strong>uncia</strong></span> <span class='ocrx_word' id='word_1_530' title='bbox 592 2028 674 2062; x_wconf 89' lang='lat' dir='ltr'><strong>quue</strong></span> <span class='ocrx_word' id='word_1_531' title='bbox 697 2033 825 2061; x_wconf 82' lang='lat' dir='ltr'><strong>tanquam</strong></span> <span class='ocrx_word' id='word_1_532' title='bbox 843 2034 914 2060; x_wconf 86' lang='lat' dir='ltr'><strong>opus</strong></span> 
     </span>
    </p>
   </div>
   <div class='ocr_carea' id='block_1_70' title="bbox 128 2073 913 2109">
    <p class='ocr_par' dir='ltr' id='par_1_70' title="bbox 128 2073 913 2109">
     <span class='ocr_line' id='line_1_70' title="bbox 128 2073 913 2109; baseline -0.011 -3"><span class='ocrx_word' id='word_1_533' title='bbox 128 2079 336 2109; x_wconf 69' lang='lat' dir='ltr'><strong>dt&#39;nlzlltd‘dllull,</strong></span> <span class='ocrx_word' id='word_1_534' title='bbox 356 2077 496 2107; x_wconf 81' lang='lat' dir='ltr'><strong>contitme,</strong></span> <span class='ocrx_word' id='word_1_535' title='bbox 524 2083 574 2102; x_wconf 87' lang='lat' dir='ltr'><strong>usn</strong></span> <span class='ocrx_word' id='word_1_536' title='bbox 590 2081 728 2108; x_wconf 89' lang='lat' dir='ltr'><strong>nunquam</strong></span> <span class='ocrx_word' id='word_1_537' title='bbox 748 2073 913 2103; x_wconf 74' lang='lat' dir='ltr'><strong>intermisso,</strong></span> 
     </span>
    </p>
   </div>
   <div class='ocr_carea' id='block_1_71' title="bbox 130 2118 914 2159">
    <p class='ocr_par' dir='ltr' id='par_1_71' title="bbox 130 2118 914 2159">
     <span class='ocr_line' id='line_1_71' title="bbox 130 2118 914 2159; baseline -0.01 -8"><span class='ocrx_word' id='word_1_538' title='bbox 130 2132 214 2159; x_wconf 68' lang='lat' dir='ltr'><strong>.crge</strong></span> <span class='ocrx_word' id='word_1_539' title='bbox 224 2123 325 2154; x_wconf 73' lang='lat' dir='ltr'><strong>facere.</strong></span> <span class='ocrx_word' id='word_1_540' title='bbox 343 2129 392 2149; x_wconf 84' lang='lat' dir='ltr'><strong>nec</strong></span> <span class='ocrx_word' id='word_1_541' title='bbox 405 2121 506 2148; x_wconf 84' lang='lat' dir='ltr'><strong>desiste</strong></span> <span class='ocrx_word' id='word_1_542' title='bbox 528 2120 624 2154; x_wconf 78' lang='lat' dir='ltr'><strong>quavis</strong></span> <span class='ocrx_word' id='word_1_543' title='bbox 650 2127 743 2145; x_wconf 80' lang='lat' dir='ltr'><strong>causa.</strong></span> <span class='ocrx_word' id='word_1_544' title='bbox 771 2119 815 2145; x_wconf 83' lang='lat' dir='ltr'><strong>Sic</strong></span> <span class='ocrx_word' id='word_1_545' title='bbox 841 2118 914 2144; x_wconf 74' lang='lat' dir='ltr'><strong>enim</strong></span> 
     </span>
    </p>
   </div>
   <div class='ocr_carea' id='block_1_72' title="bbox 128 2163 915 2198">
    <p class='ocr_par' dir='ltr' id='par_1_72' title="bbox 128 2163 915 2198">
     <span class='ocr_line' id='line_1_72' title="bbox 128 2163 915 2198; baseline -0.013 0"><span class='ocrx_word' id='word_1_546' title='bbox 128 2170 267 2198; x_wconf 74' lang='lat' dir='ltr'><strong>indeﬂexe</strong></span> <span class='ocrx_word' id='word_1_547' title='bbox 294 2170 348 2196; x_wconf 83' lang='lat' dir='ltr'><strong>Deo</strong></span> <span class='ocrx_word' id='word_1_548' title='bbox 376 2167 480 2194; x_wconf 81' lang='lat' dir='ltr'><strong>allixam</strong></span> <span class='ocrx_word' id='word_1_549' title='bbox 512 2166 615 2193; x_wconf 82' lang='lat' dir='ltr'><strong>habens</strong></span> <span class='ocrx_word' id='word_1_550' title='bbox 644 2169 670 2190; x_wconf 82' lang='lat' dir='ltr'><strong>ct</strong></span> <span class='ocrx_word' id='word_1_551' title='bbox 696 2172 751 2198; x_wconf 75' lang='lat' dir='ltr'><strong>pra:</strong></span> <span class='ocrx_word' id='word_1_552' title='bbox 776 2169 801 2190; x_wconf 84' lang='lat' dir='ltr'><strong>te</strong></span> <span class='ocrx_word' id='word_1_553' title='bbox 825 2163 915 2189; x_wconf 72' lang='lat' dir='ltr'><strong>ferens</strong></span> 
     </span>
    </p>
   </div>
   <div class='ocr_carea' id='block_1_73' title="bbox 963 1571 1747 1607">
    <p class='ocr_par' dir='ltr' id='par_1_73' title="bbox 963 1571 1747 1607">
     <span class='ocr_line' id='line_1_73' title="bbox 963 1571 1747 1607; baseline 0.001 -10"><span class='ocrx_word' id='word_1_554' title='bbox 963 1579 1031 1604; x_wconf 79' lang='lat' dir='ltr'><strong>coge</strong></span> <span class='ocrx_word' id='word_1_555' title='bbox 1045 1575 1087 1604; x_wconf 89' lang='lat' dir='ltr'><strong>ut,</strong></span> <span class='ocrx_word' id='word_1_556' title='bbox 1106 1572 1180 1598; x_wconf 88' lang='lat' dir='ltr'><strong>omni</strong></span> <span class='ocrx_word' id='word_1_557' title='bbox 1197 1571 1248 1597; x_wconf 86' lang='lat' dir='ltr'><strong>alia</strong></span> <span class='ocrx_word' id='word_1_558' title='bbox 1264 1571 1353 1605; x_wconf 81' lang='lat' dir='ltr'><strong>specie</strong></span> <span class='ocrx_word' id='word_1_559' title='bbox 1364 1571 1474 1606; x_wconf 78' lang='lat' dir='ltr'><strong>reiecta,</strong></span> <span class='ocrx_word' id='word_1_560' title='bbox 1493 1572 1576 1598; x_wconf 84' lang='lat' dir='ltr'><strong>solam</strong></span> <span class='ocrx_word' id='word_1_561' title='bbox 1592 1573 1660 1600; x_wconf 87' lang='lat' dir='ltr'><strong>hanc</strong></span> <span class='ocrx_word' id='word_1_562' title='bbox 1684 1581 1747 1607; x_wconf 76' lang='lat' dir='ltr'><strong>spe—</strong></span> 
     </span>
    </p>
   </div>
   <div class='ocr_carea' id='block_1_74' title="bbox 964 1616 1643 1650">
    <p class='ocr_par' dir='ltr' id='par_1_74' title="bbox 964 1616 1643 1650">
     <span class='ocr_line' id='line_1_74' title="bbox 964 1616 1643 1650; baseline 0.001 -8"><span class='ocrx_word' id='word_1_563' title='bbox 964 1620 1019 1642; x_wconf 86' lang='lat' dir='ltr'><strong>ctct</strong></span> <span class='ocrx_word' id='word_1_564' title='bbox 1034 1616 1188 1650; x_wconf 79' lang='lat' dir='ltr'><strong>imaginem.</strong></span> <span class='ocrx_word' id='word_1_565' title='bbox 1201 1616 1327 1642; x_wconf 83' lang='lat' dir='ltr'><strong>continue</strong></span> <span class='ocrx_word' id='word_1_566' title='bbox 1341 1616 1410 1650; x_wconf 88' lang='lat' dir='ltr'><strong>quod</strong></span> <span class='ocrx_word' id='word_1_567' title='bbox 1425 1617 1477 1643; x_wconf 74' lang='lat' dir='ltr'><strong>dixi</strong></span> <span class='ocrx_word' id='word_1_568' title='bbox 1512 1617 1643 1645; x_wconf 71' lang='lat' dir='ltr'><strong>claritatis.</strong></span> 
     </span>
    </p>
   </div>
   <div class='ocr_carea' id='block_1_75' title="bbox 1001 1661 1746 1696">
    <p class='ocr_par' dir='ltr' id='par_1_75' title="bbox 1001 1661 1746 1696">
     <span class='ocr_line' id='line_1_75' title="bbox 1001 1661 1746 1696; baseline 0.003 -9"><span class='ocrx_word' id='word_1_569' title='bbox 1001 1661 1057 1688; x_wconf 89' lang='lat' dir='ltr'><strong>lloc</strong></span> <span class='ocrx_word' id='word_1_570' title='bbox 1071 1662 1093 1688; x_wconf 84' lang='lat' dir='ltr'><strong>si</strong></span> <span class='ocrx_word' id='word_1_571' title='bbox 1107 1662 1216 1693; x_wconf 78' lang='lat' dir='ltr'><strong>viceris,</strong></span> <span class='ocrx_word' id='word_1_572' title='bbox 1247 1663 1385 1696; x_wconf 82' lang='lat' dir='ltr'><strong>aperietur</strong></span> <span class='ocrx_word' id='word_1_573' title='bbox 1412 1662 1458 1688; x_wconf 86' lang='lat' dir='ltr'><strong>tibi</strong></span> <span class='ocrx_word' id='word_1_574' title='bbox 1489 1663 1581 1690; x_wconf 80' lang='lat' dir='ltr'><strong>cordis</strong></span> <span class='ocrx_word' id='word_1_575' title='bbox 1609 1664 1746 1694; x_wconf 75' lang='lat' dir='ltr'><strong>introitus,</strong></span> 
     </span>
    </p>
   </div>
   <div class='ocr_carea' id='block_1_76' title="bbox 965 1708 1747 1743">
    <p class='ocr_par' dir='ltr' id='par_1_76' title="bbox 965 1708 1747 1743">
     <span class='ocr_line' id='line_1_76' title="bbox 965 1708 1747 1743; baseline 0.003 -9"><span class='ocrx_word' id='word_1_576' title='bbox 965 1708 1060 1742; x_wconf 86' lang='lat' dir='ltr'><strong>quoin</strong></span> <span class='ocrx_word' id='word_1_577' title='bbox 1079 1708 1162 1735; x_wconf 82' lang='lat' dir='ltr'><strong>imum</strong></span> <span class='ocrx_word' id='word_1_578' title='bbox 1175 1709 1244 1743; x_wconf 78' lang='lat' dir='ltr'><strong>ejus,</strong></span> <span class='ocrx_word' id='word_1_579' title='bbox 1263 1708 1351 1735; x_wconf 79' lang='lat' dir='ltr'><strong>fructu</strong></span> <span class='ocrx_word' id='word_1_580' title='bbox 1377 1714 1422 1735; x_wconf 89' lang='lat' dir='ltr'><strong>tuo</strong></span> <span class='ocrx_word' id='word_1_581' title='bbox 1451 1710 1571 1735; x_wconf 82' lang='lat' dir='ltr'><strong>maximo</strong></span> <span class='ocrx_word' id='word_1_582' title='bbox 1586 1709 1747 1736; x_wconf 71' lang='lat' dir='ltr'><strong>descendas.</strong></span> 
     </span>
    </p>
   </div>
   <div class='ocr_carea' id='block_1_77' title="bbox 967 1754 1748 1789">
    <p class='ocr_par' dir='ltr' id='par_1_77' title="bbox 967 1754 1748 1789">
     <span class='ocr_line' id='line_1_77' title="bbox 967 1754 1748 1789; baseline 0.003 -9"><span class='ocrx_word' id='word_1_583' title='bbox 967 1754 1022 1781; x_wconf 88' lang='lat' dir='ltr'><strong>Hos</strong></span> <span class='ocrx_word' id='word_1_584' title='bbox 1038 1762 1088 1781; x_wconf 89' lang='lat' dir='ltr'><strong>nos</strong></span> <span class='ocrx_word' id='word_1_585' title='bbox 1103 1755 1261 1789; x_wconf 50' lang='lat' dir='ltr'><strong>cxpet’icnta</strong></span> <span class='ocrx_word' id='word_1_586' title='bbox 1277 1755 1423 1781; x_wconf 82' lang='lat' dir='ltr'><strong>didicimus</strong></span> <span class='ocrx_word' id='word_1_587' title='bbox 1439 1763 1445 1782; x_wconf 92' lang='lat'>:</span> <span class='ocrx_word' id='word_1_588' title='bbox 1461 1759 1487 1782; x_wconf 90' lang='lat' dir='ltr'><strong>et</strong></span> <span class='ocrx_word' id='word_1_589' title='bbox 1503 1755 1619 1782; x_wconf 86' lang='lat' dir='ltr'><strong>scientes</strong></span> <span class='ocrx_word' id='word_1_590' title='bbox 1649 1757 1748 1782; x_wconf 71' lang='lat' dir='ltr'><strong>Suade-</strong></span> 
     </span>
    </p>
   </div>
   <div class='ocr_carea' id='block_1_78' title="bbox 967 1800 1748 1834">
    <p class='ocr_par' dir='ltr' id='par_1_78' title="bbox 967 1800 1748 1834">
     <span class='ocr_line' id='line_1_78' title="bbox 967 1800 1748 1834; baseline 0.001 -8"><span class='ocrx_word' id='word_1_591' title='bbox 967 1808 1039 1826; x_wconf 79' lang='lat' dir='ltr'><strong>Inus.</strong></span> <span class='ocrx_word' id='word_1_592' title='bbox 1054 1800 1320 1834; x_wconf 78' lang='lat' dir='ltr'><strong>lngredielnrantem</strong></span> <span class='ocrx_word' id='word_1_593' title='bbox 1336 1800 1361 1826; x_wconf 93' lang='lat' dir='ltr'><strong>in</strong></span> <span class='ocrx_word' id='word_1_594' title='bbox 1383 1805 1408 1826; x_wconf 87' lang='lat' dir='ltr'><strong>te</strong></span> <span class='ocrx_word' id='word_1_595' title='bbox 1425 1801 1505 1827; x_wconf 83' lang='lat' dir='ltr'><strong>simul</strong></span> <span class='ocrx_word' id='word_1_596' title='bbox 1533 1809 1595 1827; x_wconf 81' lang='lat' dir='ltr'><strong>cum</strong></span> <span class='ocrx_word' id='word_1_597' title='bbox 1611 1801 1660 1827; x_wconf 89' lang='lat' dir='ltr'><strong>ista</strong></span> <span class='ocrx_word' id='word_1_598' title='bbox 1676 1801 1748 1827; x_wconf 71' lang='lat' dir='ltr'><strong>desi-</strong></span> 
     </span>
    </p>
   </div>
   <div class='ocr_carea' id='block_1_79' title="bbox 965 1845 1748 1880">
    <p class='ocr_par' dir='ltr' id='par_1_79' title="bbox 965 1845 1748 1880">
     <span class='ocr_line' id='line_1_79' title="bbox 965 1845 1748 1880; baseline 0.001 -9"><span class='ocrx_word' id='word_1_599' title='bbox 965 1845 1164 1872; x_wconf 83' lang='lat' dir='ltr'><strong>derabilissima</strong></span> <span class='ocrx_word' id='word_1_600' title='bbox 1188 1851 1214 1871; x_wconf 88' lang='lat' dir='ltr'><strong>et</strong></span> <span class='ocrx_word' id='word_1_601' title='bbox 1242 1845 1361 1879; x_wconf 82' lang='lat' dir='ltr'><strong>jucunda</strong></span> <span class='ocrx_word' id='word_1_602' title='bbox 1391 1847 1568 1880; x_wconf 67' lang='lat' dir='ltr'><strong>cprosocliei,</strong></span> <span class='ocrx_word' id='word_1_603' title='bbox 1603 1847 1748 1873; x_wconf 78' lang='lat' dir='ltr'><strong>universus</strong></span> 
     </span>
    </p>
   </div>
   <div class='ocr_carea' id='block_1_80' title="bbox 966 1891 1748 1926">
    <p class='ocr_par' dir='ltr' id='par_1_80' title="bbox 966 1891 1748 1926">
     <span class='ocr_line' id='line_1_80' title="bbox 966 1891 1748 1926; baseline 0.001 -9"><span class='ocrx_word' id='word_1_604' title='bbox 966 1892 1098 1917; x_wconf 79' lang='lat' dir='ltr'><strong>virtutum</strong></span> <span class='ocrx_word' id='word_1_605' title='bbox 1113 1891 1212 1917; x_wconf 85' lang='lat' dir='ltr'><strong>chorus</strong></span> <span class='ocrx_word' id='word_1_606' title='bbox 1229 1899 1236 1917; x_wconf 87' lang='lat'><strong>:</strong></span> <span class='ocrx_word' id='word_1_607' title='bbox 1258 1891 1388 1920; x_wconf 73' lang='lat' dir='ltr'><strong>rharitas,</strong></span> <span class='ocrx_word' id='word_1_608' title='bbox 1401 1892 1541 1925; x_wconf 78' lang='lat' dir='ltr'><strong>gaudium,</strong></span> <span class='ocrx_word' id='word_1_609' title='bbox 1572 1900 1634 1926; x_wconf 85' lang='lat' dir='ltr'><strong>pax,</strong></span> <span class='ocrx_word' id='word_1_610' title='bbox 1649 1896 1676 1918; x_wconf 74' lang='lat' dir='ltr'><strong>ct</strong></span> <span class='ocrx_word' id='word_1_611' title='bbox 1688 1900 1748 1926; x_wconf 64' lang='lat' dir='ltr'><strong>qum</strong></span> 
     </span>
    </p>
   </div>
   <div class='ocr_carea' id='block_1_81' title="bbox 965 1936 1746 1970">
    <p class='ocr_par' dir='ltr' id='par_1_81' title="bbox 965 1936 1746 1970">
     <span class='ocr_line' id='line_1_81' title="bbox 965 1936 1746 1970; baseline -0.003 -7"><span class='ocrx_word' id='word_1_612' title='bbox 965 1941 1128 1969; x_wconf 76' lang='lat' dir='ltr'><strong>sequuntur,</strong></span> <span class='ocrx_word' id='word_1_613' title='bbox 1143 1943 1190 1970; x_wconf 88' lang='lat' dir='ltr'><strong>per</strong></span> <span class='ocrx_word' id='word_1_614' title='bbox 1213 1944 1280 1969; x_wconf 89' lang='lat' dir='ltr'><strong>quas</strong></span> <span class='ocrx_word' id='word_1_615' title='bbox 1301 1936 1422 1962; x_wconf 82' lang='grc' dir='ltr'>οιιιιιίιιιιι</span> <span class='ocrx_word' id='word_1_616' title='bbox 1452 1943 1556 1962; x_wconf 79' lang='lat' dir='ltr'><strong>marum</strong></span> <span class='ocrx_word' id='word_1_617' title='bbox 1589 1937 1746 1970; x_wconf 75' lang='lat' dir='ltr'><strong>petitionum</strong></span> 
     </span>
    </p>
   </div>
   <div class='ocr_carea' id='block_1_82' title="bbox 966 1980 1746 2013">
    <p class='ocr_par' dir='ltr' id='par_1_82' title="bbox 966 1980 1746 2013">
     <span class='ocr_line' id='line_1_82' title="bbox 966 1980 1746 2013; baseline -0.003 -5"><span class='ocrx_word' id='word_1_618' title='bbox 966 1987 1066 2009; x_wconf 87' lang='lat' dir='ltr'><strong>eventu</strong></span> <span class='ocrx_word' id='word_1_619' title='bbox 1083 1981 1218 2013; x_wconf 84' lang='lat' dir='ltr'><strong>beaberis,</strong></span> <span class='ocrx_word' id='word_1_620' title='bbox 1232 1980 1258 2006; x_wconf 91' lang='lat' dir='ltr'><strong>in</strong></span> <span class='ocrx_word' id='word_1_621' title='bbox 1277 1981 1385 2007; x_wconf 84' lang='lat' dir='ltr'><strong>Christo</strong></span> <span class='ocrx_word' id='word_1_622' title='bbox 1413 1981 1477 2007; x_wconf 84' lang='lat' dir='ltr'><strong>Jesn</strong></span> <span class='ocrx_word' id='word_1_623' title='bbox 1505 1980 1619 2008; x_wconf 88' lang='lat' dir='ltr'><strong>Domino</strong></span> <span class='ocrx_word' id='word_1_624' title='bbox 1641 1986 1746 2012; x_wconf 79' lang='lat' dir='ltr'><strong>nastro,</strong></span> 
     </span>
    </p>
   </div>
   <div class='ocr_carea' id='block_1_83' title="bbox 966 2026 1747 2060">
    <p class='ocr_par' dir='ltr' id='par_1_83' title="bbox 966 2026 1747 2060">
     <span class='ocr_line' id='line_1_83' title="bbox 966 2026 1747 2060; baseline -0.001 -7"><span class='ocrx_word' id='word_1_625' title='bbox 966 2036 1027 2054; x_wconf 92' lang='lat' dir='ltr'><strong>cum</strong></span> <span class='ocrx_word' id='word_1_626' title='bbox 1039 2034 1092 2060; x_wconf 86' lang='lat' dir='ltr'><strong>quo</strong></span> <span class='ocrx_word' id='word_1_627' title='bbox 1103 2026 1174 2052; x_wconf 81' lang='lat' dir='ltr'><strong>Patri</strong></span> <span class='ocrx_word' id='word_1_628' title='bbox 1187 2026 1267 2053; x_wconf 90' lang='lat' dir='ltr'><strong>simul</strong></span> <span class='ocrx_word' id='word_1_629' title='bbox 1285 2031 1311 2052; x_wconf 89' lang='lat' dir='ltr'><strong>et</strong></span> <span class='ocrx_word' id='word_1_630' title='bbox 1325 2031 1419 2052; x_wconf 85' lang='lat' dir='ltr'><strong>sancto</strong></span> <span class='ocrx_word' id='word_1_631' title='bbox 1433 2026 1557 2060; x_wconf 87' lang='lat' dir='ltr'><strong>Spiritui,</strong></span> <span class='ocrx_word' id='word_1_632' title='bbox 1577 2026 1670 2060; x_wconf 73' lang='lat' dir='ltr'><strong>gloria,</strong></span> <span class='ocrx_word' id='word_1_633' title='bbox 1701 2033 1747 2060; x_wconf 83' lang='lat' dir='ltr'><strong>po-</strong></span> 
     </span>
    </p>
   </div>
   <div class='ocr_carea' id='block_1_84' title="bbox 967 2071 1748 2106">
    <p class='ocr_par' dir='ltr' id='par_1_84' title="bbox 967 2071 1748 2106">
     <span class='ocr_line' id='line_1_84' title="bbox 967 2071 1748 2106; baseline -0.001 -7"><span class='ocrx_word' id='word_1_634' title='bbox 967 2077 1062 2104; x_wconf 81' lang='lat' dir='ltr'><strong>testas,</strong></span> <span class='ocrx_word' id='word_1_635' title='bbox 1075 2072 1160 2099; x_wconf 88' lang='lat' dir='ltr'><strong>honor</strong></span> <span class='ocrx_word' id='word_1_636' title='bbox 1180 2076 1206 2098; x_wconf 90' lang='lat' dir='ltr'><strong>et</strong></span> <span class='ocrx_word' id='word_1_637' title='bbox 1219 2071 1345 2098; x_wconf 82' lang='lat' dir='ltr'><strong>adoratio</strong></span> <span class='ocrx_word' id='word_1_638' title='bbox 1374 2072 1419 2104; x_wconf 88' lang='lat' dir='ltr'><strong>sit,</strong></span> <span class='ocrx_word' id='word_1_639' title='bbox 1438 2079 1509 2098; x_wconf 83' lang='lat' dir='ltr'><strong>nunc</strong></span> <span class='ocrx_word' id='word_1_640' title='bbox 1536 2077 1562 2098; x_wconf 87' lang='lat' dir='ltr'><strong>et</strong></span> <span class='ocrx_word' id='word_1_641' title='bbox 1586 2079 1701 2106; x_wconf 86' lang='lat' dir='ltr'><strong>semper,</strong></span> <span class='ocrx_word' id='word_1_642' title='bbox 1719 2075 1748 2098; x_wconf 79' lang='lat' dir='ltr'><strong>et</strong></span> 
     </span>
    </p>
   </div>
   <div class='ocr_carea' id='block_1_85' title="bbox 967 2117 1379 2145">
    <p class='ocr_par' dir='ltr' id='par_1_85' title="bbox 967 2117 1379 2145">
     <span class='ocr_line' id='line_1_85' title="bbox 967 2117 1379 2145; baseline -0.007 0"><span class='ocrx_word' id='word_1_643' title='bbox 967 2121 993 2145; x_wconf 92' lang='lat' dir='ltr'><strong>in</strong></span> <span class='ocrx_word' id='word_1_644' title='bbox 1003 2118 1100 2145; x_wconf 64' lang='lat' dir='ltr'><strong>saecula</strong></span> <span class='ocrx_word' id='word_1_645' title='bbox 1111 2117 1283 2145; x_wconf 68' lang='lat' dir='ltr'><strong>sa‘culorum.</strong></span> <span class='ocrx_word' id='word_1_646' title='bbox 1295 2117 1379 2143; x_wconf 81' lang='lat' dir='ltr'><strong>Amen</strong></span> 
     </span>
    </p>
   </div>
  </div>
