1924 3092
149 138 198 170 957

762 139 808 170 DE
828 134 965 171 CORDIS
981 141 1141 172 CUSTODI
1148 142 1166 171 Α
1173 165 1181 172 .

1714 141 1767 175 958

149 198 227 232 τὲρες
239 197 329 232 ἡμῶν,
346 198 397 224 κᾶν
414 198 609 233 σπουδάσωμεν
625 199 738 233 ποιῆσαι
758 200 807 234 τὴν
822 199 936 232 δύναμιν
950 203 971 230 Α
984 203 1120 237 νωνοὺσης
1132 202 1171 236 τῷ
1187 202 1303 238 Σατανᾷ.
1320 203 1400 229 Δοκεῖ
1417 202 1466 237 μὲν
1484 202 1498 227 ὁ
1515 202 1600 237 μέγας
1615 201 1691 236 οὗτος
1711 205 1768 230 Πα-

149 242 237 277 ἡμῶν,
254 243 372 277 φυλάξαι
387 243 421 270 τὰ
441 244 555 279 σώματα
578 244 667 278 ἡμῶν,
685 244 721 275 ὡς
735 244 812 278 ζητεί
833 246 847 271 ὁ
858 245 936 277 Θεὸς,

149 287 343 322 ἀναμάρτητοι,
365 289 412 314 καὶ
432 289 596 324 πιστεύομεν
616 291 657 316 ὅτι
681 290 752 316 κατὰ
778 291 824 316 τὸν
842 290 937 324 καιρὸν

148 332 196 358 τοῦ
218 333 299 367 λιμοῦ
319 333 365 359 τὸν
385 334 574 361 καταλαῆόντα
595 336 678 370 ἡμᾶς,
699 337 771 361 ποιεῖ
788 335 846 370 μεθ’
859 335 938 370 ἡμῶν

148 378 232 411 ἔλεος,
249 379 286 410 ὡς
297 381 345 406 καὶ
363 381 432 415 μετὰ
447 381 501 407 τῶν
517 381 603 414 ἁγίων
618 381 712 407 αὑτοῦ.
730 381 937 416 Παραμυθεῖται

148 425 264 452 ἐνταῦθα
273 427 287 452 ὸ
298 427 384 461 μέγας
390 424 477 459 οὗτος,
488 429 544 458 τοῖς
555 423 614 454 λίὰν
623 428 829 463 ἀσθενεστέροις
838 428 935 462 λέγων·

149 472 204 499 Καὶ
224 473 247 498 si
277 473 328 498 οὐκ
352 473 526 507 ὲφυλάξαμεν
543 474 592 508 τὴν
612 474 727 509 καρδίαν
757 475 833 509 ἡμῶν
850 475 887 506 ὼς
912 476 937 502 οξ

148 517 267 556 πατέρες
291 518 382 552 ἡμῶν,
402 518 452 545 κᾶν
475 518 509 545 τὰ
539 519 653 554 σώματα
666 520 745 555 ἡμῶν
770 521 937 556 τηρήσωμεν

149 567 339 602 ἀναμάρτητα,
356 563 394 594 ὡς
409 563 485 597 ζητεῖ
503 564 517 589 ὁ
543 564 621 596 Θεὸς,
641 565 688 591 καὶ
704 567 778 591 ποιεῖ
801 566 850 592 καὶ
877 566 937 601 μεθ’

149 612 227 647 ήμῶν
243 612 327 643 ἕλεος.
344 609 432 646 Πολλὴ
447 610 463 646 ἡ
480 610 665 646 εὐσπλαγχνία
681 611 728 637 τοῦ
744 611 866 637 τοιούτω
882 612 937 637 llat-

149 657 212 692 τρὸς
224 657 270 684 καὶ
284 656 500 691 συγκατάϐασις.

355 775 508 808 Μακαρίου
526 774 579 801 τοῦ
596 774 740 809 μεγάλου.

983 248 1229 283 τὴρὰντιφέρεσθαι
1239 250 1294 279 τοῖς
1303 248 1390 282 λόγοις
1400 248 1445 275 τοῦ
1459 249 1650 284 προλεχθέντος
1663 251 1769 285 Πατρὸς

983 295 1055 320 ἁιιΰᾶ
1075 294 1203 319 Ἡσαΐου·
1219 294 1268 319 οὐκ
1293 294 1349 320 ἐστι
1365 294 1393 320 δέ
1408 303 1414 310 ι
1431 295 1564 326 Κάκεῖνος
1582 296 1647 331 γὰρ,
1665 297 1702 326 ὡς
1717 297 1768 330 ζη-

983 341 1024 366 τεῖ
1041 340 1055 365 ὁ
1070 340 1145 370 Θεὸς,
1171 340 1364 374 παρεγγυᾶται
1381 340 1449 374 ἡμῖν
1469 341 1585 373 φυλάξαι
1602 342 1636 368 τὰ
1655 342 1769 377 σώματα

985 385 1064 420 ἡμῶν
1077 393 1084 399 ·
1101 385 1179 419 ζητεῖ
1198 384 1225 410 δὲ
1245 385 1275 409 οὐ
1300 384 1353 410 τῶν
1372 385 1507 418 σωμάτων
1527 386 1606 420 μόνον
1626 387 1674 422 τὴν
1689 387 1770 414 καθα-

984 432 1095 465 ρότητα,
1116 431 1182 456 ἀλλὰ
1197 431 1244 456 καὶ
1265 430 1317 456 τῶν
1337 432 1517 464 πνευμάτων*
1535 432 1580 458 καὶ
1609 433 1698 464 οὕτως
1717 433 1770 459 ἀπὸ

983 478 1036 504 τῶν
1048 476 1232 511 εὖαγγελικῶν
1243 478 1473 512 προσταγμάτων,
1488 478 1522 505 τὰ
1537 479 1607 505 αὐτὰ
1619 481 1683 514 ἡμῖν
1701 480 1765 506 ὑπο-

983 524 1095 551 τίθεται.

1306 622 1324 647 Δ
1329 621 1460 656 ιαδόχου.

1031 722 1061 752 '0
1087 724 1210 759 ἐνδημῶν
1222 724 1264 750 ἀεὶ
1278 725 1311 759 τῇ
1327 724 1424 749 ἑαυτοῦ
1439 723 1547 758 καρδίᾳ,
1566 723 1681 759 ἑκδημεϊ
1702 725 1773 751 πάν-

991 779 1043 802 τως
1058 771 1112 796 τῶν
1130 771 1239 805 ὡραίων
1258 769 1305 796 τοῦ
1325 769 1399 803 βίου·
1418 769 1554 804 πνεύματι
1571 769 1625 804 γὰρ
1651 778 1772 805 περιπα-

990 815 1054 848 τῶν,
1070 816 1117 847 τὰς
1133 816 1182 850 τῆς
1197 816 1298 849 σαρκὸς
1313 814 1459 849 ἐπιθυμίας
1480 814 1579 841 εἰδέναι
1594 815 1624 840 οὐ
1649 814 1770 842 δύναται.

186 867 222 893 Τὸ
236 867 405 902 κυριώτατον
419 866 466 892 τοῦ
483 866 601 902 ἀθλητοῦ
616 866 695 893 τοῦτό
713 868 797 899 ἐστιν,
813 867 857 893 ἵνα
877 869 935 894 εἰσ-
956 868 975 895 li
996 862 1104 898 Ἐπειδὴ
1119 862 1211 889 λοιπδν
1225 864 1254 888 ὲν
1267 862 1305 897 τῷ
1313 861 1443 896 ’φρουρίῳ
1458 861 1512 887 τῶν
1531 861 1637 895 ἀρετῶν
1647 863 1710 893 τοὺς
1721 870 1772 887 πῖ·

151 913 236 939 ελθὼν
267 913 307 944 εἰς
333 912 383 947 τὴν
406 912 503 939 ἑαυτοῦ
527 912 650 945 καρδίαν,
679 913 779 948 ποιήσῃ
820 914 938 948 πόλεμον

152 959 219 994 πρὸς
236 959 281 984 τον
300 959 423 984 Σατανᾶν
441 959 487 984 καὶ
518 959 621 994 μισήσῃ
640 959 738 985 αὐτόν’
757 959 803 984 καὶ
820 959 936 986 ἀντιπα-

151 1005 246 1035 λαίσας
263 1005 319 1035 τοῖς
334 1004 521 1038 διαλογισμοῖς
539 1004 632 1034 αὑτοῦ,
660 1004 784 1039 μαχεσθῇ
804 1004 889 1039 αὐτῷ.
906 1005 937 1031 Εἰ

151 1051 179 1077 δὲ
205 1051 244 1081 εἰς
257 1051 288 1076 τὸ
301 1050 462 1084 φαινόμενον
486 1050 617 1084 φυλάπσει
640 1059 680 1081 τις
696 1051 726 1076 τὸ
752 1050 830 1084 σῶμα
856 1050 938 1076 αὑτοῦ

151 1097 204 1123 ἀπὸ
218 1096 321 1131 φθορᾶς
334 1096 381 1121 καί
398 1096 536 1130 πορνεῑας,
548 1096 649 1122 ἔσωθεν
670 1096 697 1122 δὲ
714 1097 840 1132 μοιχεύει*
861 1097 937 1131 παρὰ

150 1143 188 1177 τῷ
204 1142 273 1176 Θεῷ,
291 1141 338 1168 καὶ
356 1141 483 1176 πορνεύει
495 1143 550 1172 τοῖς
565 1141 760 1176 διαλογισμοῖς,
777 1142 852 1168 οὐδὲν
864 1142 935 1177 ὠφε-

151 1189 219 1224 λήθη
248 1189 317 1223 ἔχων
343 1188 373 1214 τὺ
406 1188 484 1222 σῶμα
510 1188 654 1222 παρθένον.
678 1188 834 1222 Γέγραπται
862 1190 936 1224 γάρ·

156 1245 165 1260 t
184 1235 240 1266 Πᾶς
259 1235 273 1260 ὁ
292 1234 397 1269 βλέπων
409 1235 524 1268 γυναῖκα
544 1235 611 1269 πρὸς
634 1234 665 1259 τὸ
683 1234 864 1269 ἐπιθυμῆσαι,
888 1235 937 1270 ἤδη

152 1278 310 1314 ἐμοίχευσεν
323 1279 351 1304 ὲν
367 1279 398 1313 τῇ
416 1278 523 1313 καρδίᾳ.
546 1288 554 1303 t
579 1279 657 1304 Ἔστι
669 1279 723 1313 γὰρ
756 1279 868 1312 πορνεία
896 1279 939 1306 διὰ

154 1326 278 1359 σώματος
292 1325 500 1358 ἐπιτελουμένη·
518 1325 564 1350 καὶ
578 1323 637 1350 ἐστι
652 1323 766 1356 πορνεία
776 1324 865 1359 ψυχῆς
885 1333 939 1351 κοι-

156 1491 215 1510 ram
244 1482 297 1510 Deo
321 1482 349 1509 in
375 1481 565 1509 recordatione
597 1480 718 1515 perversi
755 1481 856 1509 amoris
883 1488 938 1516 quo

987 912 1117 947 ριπάτους
1140 912 1153 937 ὁ
1177 910 1297 941 τοιοῦτος
1322 910 1459 940 ποιεῖται,
1486 908 1567 939 αὐτὸς
1601 907 1697 942 ὥσπερ
1723 906 1773 939 τὰς

985 958 1084 992 ἀρετὰς
1097 957 1240 990 πυλωροὺς
1256 956 1326 991 ἔχων
1336 962 1342 969 ·
1360 955 1398 981 διὸ
1413 955 1445 989 δὴ
1468 955 1515 981 καὶ
1529 954 1664 989 ἄπρακτοι
1678 953 1772 979 λοιπὸν

984 1005 1013 1030 αἱ
1028 1004 1082 1029 τῶν
1097 1003 1233 1038 δαιμόνων
1261 1003 1322 1028 τότε
1339 1002 1382 1027 ἐπ’
1395 1000 1468 1035 αὐτῷ
1496 1000 1617 1034 γίνονται
1633 1001 1752 1034 μηχαναὶ
1769 1009 1771 1012 ⁴

986 1048 1075 1079 καλῶς
1089 1046 1166 1074 εἶπεν
1189 1049 1203 1074 ὁ
1226 1046 1303 1080 ἆγιος
1318 1047 1358 1072 ὅτι
1372 1046 1510 1081 ἄπρακτοι
1530 1045 1657 1079 μένουσιν
1678 1045 1706 1070 αἱ
1719 1044 1774 1070 τῶν

985 1093 1090 1128 ἐχθρῶν
1107 1093 1243 1128 μηχαναί·
1260 1093 1304 1118 ὅτε
1319 1092 1441 1126 δηλονότι
1459 1092 1488 1117 ὲν
1508 1090 1548 1125 τῷ
1561 1090 1638 1126 βάθει
1653 1098 1705 1116 που
1725 1089 1774 1124 τῆς

986 1139 1100 1173 καρδίας
1130 1137 1211 1172 ἡμῶν
1242 1136 1429 1172 διατρίϐομεν.
1450 1137 1498 1162 καὶ
1527 1135 1654 1161 τοσοῦτον
1683 1135 1774 1165 πλέον,

986 1185 1049 1212 ὅσον
1062 1185 1121 1211 ἐκεῖ
1139 1183 1343 1218 ὲγχρονίζομεν.
1369 1182 1441 1209 Ἀλλ’
1456 1180 1514 1208 οἶδα
1533 1182 1574 1208 ὅτι
1591 1181 1724 1215 ὲπιλειψει
1742 1190 1775 1215 με

986 1231 1001 1256 ὁ
1027 1231 1133 1265 χρόνος,
1154 1229 1316 1264 βουλόμενον
1342 1228 1381 1262 τῷ
1407 1227 1521 1262 παρόντι
1547 1227 1698 1262 διηγήματι
1721 1226 1775 1252 τῶν

987 1275 1118 1310 Πατέρων
1132 1275 1241 1300 πάντων
1258 1273 1437 1300 κατατάττειν
1452 1273 1516 1303 τοὺς
1532 1271 1638 1305 λόγους.
1658 1272 1703 1297 Διὸ
1717 1271 1776 1302 ἐνὸς

988 1321 1004 1356 ἦ
1014 1329 1060 1348 και
1068 1321 1114 1347 δύο
1126 1320 1264 1355 μνησθεὶς,
1274 1320 1342 1355 πρὸς
1350 1318 1381 1345 τὸ
1389 1318 1465 1350 τέλος
1477 1318 1523 1344 τὸν
1535 1317 1614 1351 λόγον
1626 1316 1773 1351 τρέψομαι.

993 1481 1080 1508 Isaiae.
1099 1480 1156 1507 Non
1174 1484 1216 1508 est
1243 1483 1332 1508 tamen
1351 1481 1399 1514 ita,
1411 1481 1545 1516 siquidem
1565 1484 1592 1508 et
1611 1481 1668 1514 hic,
1683 1484 1713 1507 ut
1728 1485 1774 1515 ju-

156 1529 219 1556 vitia
247 1533 312 1556 sunt
338 1527 466 1562 amplexi.
495 1527 647 1556 Certemus.
678 1525 786 1558 fratres,
813 1535 845 1554 ex
864 1526 975 1566 Omnia
993 1526 1034 1553 bet
1066 1525 1150 1557 Deus.
1175 1526 1348 1553 commendat
1375 1526 1454 1553 nobis
1478 1531 1507 1552 ut
1537 1533 1736 1560 praeservemus
1759 1533 1774 1553 τι

156 1579 250 1601 nostra
269 1574 385 1605 virtute;
406 1577 434 1600 et
452 1573 644 1606 cooperabitur
661 1573 739 1600 nobis
756 1573 826 1600 Deus
843 1581 939 1600 secun-

155 1621 219 1648 dum
246 1619 445 1647 multitudinem
476 1619 672 1646 misericordia:
695 1627 760 1647 suae.
787 1619 819 1646 Et
847 1619 868 1647 si
887 1627 939 1646 non

156 1666 355 1693 custodivintus
366 1671 416 1692 cor
430 1669 568 1695 nostrum.
589 1669 618 1691 ιιι
635 1665 729 1692 Patres
746 1665 831 1691 nostri
847 1672 855 1696 ς
883 1665 941 1691 sal-

158 1717 210 1739 tem
228 1712 358 1738 faciamus
373 1714 505 1745 quantum
531 1718 677 1745 possumus
707 1711 828 1738 membra
846 1716 940 1738 nostra

157 1757 342 1791 impeccabilia
356 1765 363 1784 :
378 1762 404 1783 et
431 1757 594 1783 conﬁdimus
620 1758 755 1783 facturum
783 1757 869 1783 Dettm
889 1756 940 1783 mi-

156 1802 332 1830 scricordiam
349 1801 491 1829 nobiscum
504 1801 531 1827 itt
546 1805 668 1835 tempore
684 1800 765 1828 fatuis
791 1795 851 1836 qtue
867 1808 942 1828 com-

156 1848 296 1884 prehendit
317 1856 375 1880 nos,
389 1847 496 1874 sicutet
510 1846 572 1874 fecit
584 1847 610 1873 in
627 1847 729 1874 sanctis
744 1847 830 1874 suis.»

194 1893 356 1921 Consolatur
383 1894 425 1919 his
452 1900 566 1926 magnus
594 1892 638 1919 hic
663 1891 743 1919 Pater
763 1893 841 1919 valde
865 1893 941 1920 infir-

161 1940 273 1967 miores.
289 1939 371 1966 Multa
386 1943 429 1966 est
452 1937 651 1966 condescensio
665 1941 693 1965 et
717 1937 832 1973 benigna
855 1939 941 1973 pietas

158 1985 221 2013 talis
235 1985 334 2012 Patris.

433 2030 546 2058 Macarii
563 2030 664 2066 Magni.

195 2086 205 2103 t
221 2076 369 2110 Przec'aputn
385 2075 518 2102 intentum
537 2076 645 2102 athleta).
656 2075 806 2110 spiritualis
819 2075 870 2102 hoc
880 2079 941 2103 est:

157 2129 200 2156 ut,
222 2123 361 2158 ingressus
373 2123 399 2149 itt
414 2129 463 2149 cor
475 2130 566 2154 suum,
587 2123 686 2150 bellum
703 2123 805 2150 indicat
822 2122 942 2154 Satanae,

157 2175 305 2195 exsecraris
336 2167 445 2201 ipsum;
462 2171 501 2198 et,
519 2172 629 2194 strenue
654 2167 797 2194 obluctans
830 2175 943 2202 sugges-

158 2214 280 2240 ttunihus
302 2213 371 2247 ejus,
399 2217 492 2239 contra
515 2213 605 2247 ipsum
633 2218 745 2247 pugnet.
770 2212 799 2240 Si
831 2221 896 2240 vero
915 2214 940 2240 in

157 2259 275 2293 speciem
303 2259 424 2292 quidem,
445 2263 473 2286 et
501 2263 634 2292 quantum
655 2263 780 2293 apparet,
804 2259 942 2286 custodiat

157 2305 220 2339 quis
247 2312 346 2338 corpus
363 2312 378 2330 a
396 2304 573 2338 corruptione
592 2309 619 2331 et
643 2304 846 2336 fornicatione;
873 2306 942 2332 inte-

158 2350 216 2376 rius
229 2354 320 2376 autem
347 2349 481 2376 adulteret
498 2353 526 2376 et
541 2348 692 2376 fornicetur
714 2357 830 2377 assensu
843 2351 941 2377 volun-

157 2396 220 2422 tatis
249 2403 372 2422 arcano:
403 2395 470 2422 nihil
488 2395 534 2422 tali
559 2395 669 2429 prodest
697 2403 808 2422 carnetn
839 2395 941 2422 habere

157 2442 302 2475 virginem.
332 2440 473 2474 Scriptum
512 2440 585 2468 enim
624 2445 665 2467 est
704 2441 731 2467 in
760 2440 939 2475 Evangeliis:

159 2487 270 2514 «Omnis
298 2486 344 2520 qui
371 2487 444 2513 videt
475 2486 615 2513 mulierem
643 2486 676 2512 ad
692 2487 941 2520 concupiscendum

156 2541 227 2565 cam,
245 2533 300 2567 jam
325 2533 477 2559 tuaac-Italus
497 2537 612 2563 esteam
629 2532 654 2558 iu
671 2533 754 2559 corde
778 2532 877 2559 suo'J
893 2532 942 2559 Est

156 2579 229 2605 (sitim
246 2578 391 2604 fomicatio
407 2586 453 2611 per
471 2586 570 2612 corpus
601 2582 792 2605 consummata
808 2586 815 2611 ;
830 2582 871 2605 est
887 2577 941 2604 alia

157 2623 303 2650 fornicatio
316 2628 470 2658 perpetrata
486 2632 533 2657 per
546 2625 664 2650 animam
691 2623 873 2651 adhaerentem
891 2624 941 2650 Sa-

157 2675 255 2695 lilll;l‘..l

195 2715 305 2742 Videtur
338 2716 448 2750 quidem
482 2723 594 2750 magnus
620 2716 665 2743 hic
696 2716 776 2744 Pater
807 2716 942 2744 afﬁrmare

158 2762 296 2787 Contraria
324 2762 403 2789 dictis
437 2763 512 2797 prius
541 2771 658 2790 memora
711 2763 800 2790 Patria
834 2763 941 2790 abbatis

195 2851 310 2877 ⁷)1ςιιιΙι,
330 2861 352 2882 ν,
372 2852 418 2879 ³⁸⁸⁸.

991 1573 1167 1607 corruptione
1193 1580 1308 1606 corpora
1337 1577 1447 1599 nostra:
1472 1573 1570 1606 qua-rit
1585 1578 1676 1599 autem
1705 1580 1772 1607 pra:-

976 1622 1065 1660 .terea
1094 1619 1241 1652 puritatem
1275 1618 1388 1653 spiritus
1415 1622 1442 1645 et
1468 1618 1613 1645 atfectmnn
1646 1619 1775 1645 volunta-

992 1664 1038 1691 tis.
1057 1663 1090 1690 Et
1100 1664 1172 1698 quod
1189 1664 1215 1690 itt
1229 1664 1278 1691 hac
1297 1668 1373 1699 parte
1395 1664 1528 1698 praecipit,
1554 1671 1585 1691 ex
1612 1664 1774 1699 Evnngelica

992 1710 1074 1737 traltit
1084 1711 1152 1744 lege.

1311 1757 1450 1784 Iliados/ti.

1030 1802 1096 1836 «Qui
1116 1803 1221 1844 habitat
1247 1802 1273 1829 in
1291 1810 1341 1830 suo
1356 1803 1452 1835 cordo,
1478 1804 1549 1831 intra
1575 1805 1641 1831 illud
1667 1805 1776 1840 penitus

993 1848 1164 1882 immigrans,
1178 1848 1368 1883 peregrinatur
1381 1853 1407 1874 et
1432 1849 1513 1883 longe
1533 1849 1688 1885 disjunctus
1711 1851 1776 1876 vivit

993 1894 1165 1921 abomnibus
1194 1895 1220 1921 in
1238 1895 1291 1921 vita
1313 1894 1457 1929 speciosis.
1484 1895 1588 1929 Spiritu
1617 1896 1688 1922 enim
1720 1903 1776 1922 am—

993 1939 1102 1972 bulans,
1117 1939 1208 1967 carnis
1222 1939 1356 1966 desideria
1381 1947 1462 1967 nosse
1483 1948 1538 1967 non
1560 1945 1660 1974 potest.
1676 1942 1711 1968 De
1725 1949 1776 1968 αι·-

993 1990 1052 2013 tero
1079 1986 1180 2021 quippe
1210 1986 1282 2013 intra
1309 1985 1521 2012 munitissimam
1552 1987 1778 2020 inaeeessamque

993 2030 1079 2062 vitiis,
1095 2031 1225 2057 virtutum
1256 2037 1347 2057 arcent
1373 2030 1572 2057 ambulationes
1598 2038 1663 2057 suas
1685 2031 1750 2057 facit
1769 2038 1776 2057 :

992 2076 1108 2103 virtutes
1132 2077 1205 2110 ipsas
1232 2077 1349 2103 invictas
1377 2075 1505 2102 custodes
1536 2083 1591 2109 pra:
1615 2084 1644 2102 se
1675 2076 1778 2104 habens

994 2123 1072 2157 quasi
1088 2123 1161 2149 urbis
1184 2121 1326 2156 cujusdam
1353 2129 1410 2149 suae
1429 2121 1575 2154 pudicitiae.
1600 2122 1690 2154 Quare
1717 2131 1778 2149 mae

995 2169 1082 2196 china:
1097 2168 1251 2194 daemonum
1267 2168 1345 2194 istam
1363 2168 1458 2194 urbem
1484 2168 1709 2202 oppugnantium,
1729 2177 1776 2196 va-

957 2200 982 2229 D
996 2222 1036 2240 nte
1054 2213 1190 2248 irritat-que
1204 2213 1279 2239 iiunt.
1290 2221 1298 2237 ι

1029 2259 1111 2286 Recte
1127 2259 1194 2286 dicit
1208 2258 1251 2285 hic
1268 2261 1382 2285 sanctus
1412 2257 1509 2285 eﬂ‘cctu
1545 2265 1639 2285 eassas
1669 2267 1779 2286 ntanere

995 2305 1114 2331 hostium
1149 2312 1200 2333 nos
1227 2303 1445 2338 oppugnantium
1478 2304 1631 2334 machinas.
1670 2306 1779 2338 quando

994 2358 1044 2376 nos
1060 2350 1164 2377 scilicet
1190 2350 1216 2376 in
1244 2349 1377 2383 profundo
1390 2349 1492 2382 ‘cordis
1510 2350 1598 2376 nostri
1623 2350 1779 2376 habitamus

994 2396 1090 2423 attenti
1109 2403 1141 2422 ac
1157 2395 1250 2429 vigiles
1266 2396 1290 2422 ei
1307 2395 1478 2422 defendendo
1493 2404 1500 2422 :
1517 2396 1597 2429 idque
1622 2400 1696 2422 tanto
1718 2403 1780 2429 per-

994 2442 1093 2469 fectius
1110 2441 1290 2474 securiusque
1319 2442 1486 2475 perlieimus,
1507 2446 1609 2475 quanto
1634 2441 1737 2468 diutius
1753 2446 1780 2467 ιιι

993 2487 1214 2522 perseverantius
1227 2487 1253 2512 in
1270 2487 1316 2512 tali
1333 2487 1463 2519 statione,
1491 2495 1553 2513 cttm
1571 2494 1603 2514 ea
1630 2495 1692 2520 qua:
1706 2487 1778 2513 dicta

993 2538 1045 2565 est,
1057 2533 1163 2560 obnixae
1172 2532 1282 2559 virtutis
1293 2532 1456 2563 acrimonia,
1470 2534 1664 2566 perduratnus.
1679 2531 1777 2559 Verum

994 2585 1102 2614 tempus
1114 2587 1156 2606 me
1177 2578 1305 2605 deficeret
1322 2579 1344 2604 si
1362 2578 1456 2605 vellem
1474 2578 1526 2605 hac
1552 2579 1711 2605 narratione
1735 2586 1779 2605 re-

993 2633 1104 2654 censere
1119 2625 1151 2652 ad
1166 2625 1243 2651 fidem
1255 2624 1328 2651 dicto
1343 2631 1402 2650 meo
1412 2624 1587 2651 astruendatu
1599 2629 1697 2651 cuncta
1715 2632 1780 2651 san-

993 2678 1099 2700 ctorum
1109 2672 1286 2704 Patrumqua:
1297 2671 1350 2696 huc
1360 2670 1505 2704 pertint-nt,
1515 2670 1598 2697 dicta.
1610 2670 1713 2705 Itaque,
1724 2678 1779 2697 uno

995 2725 1099 2746 tantum
1124 2717 1212 2745 adhuc
1233 2722 1260 2744 et
1285 2717 1373 2744 altcro
1399 2722 1562 2750 memorato,
1580 2717 1661 2744 finem
1679 2716 1778 2745 faciam

994 2765 1121 2792 dicendi.
