1924 3092
119 110 172 143 -985

697 106 748 137 DE
769 106 905 136 CORDIS
921 105 1111 136 CUSTODXA

1688 104 1742 136 966

125 174 177 204 λαῖς
187 172 232 200 τοῦ
240 171 349 208 ἐχθροῦ,
357 171 403 198 καὶ
412 170 451 202 εις
459 168 568 204 ἀγάπην
577 167 624 195 καὶ
634 167 716 194 πόθον
727 167 796 193 θεῖον
806 166 836 193 τὺ
847 166 908 192 καθ’
917 165 937 190 Λ
950 164 1042 197 βίασαι
1066 163 1144 189 τοῖιτο
1162 163 1219 189 ἀντ’
1232 163 1314 198 ἄλλης
1326 164 1430 195 ἐννοῖας
1442 165 1556 192 πάντοτε
1571 165 1644 192 ἔνδον
1663 165 1738 200 βοᾷν.

126 219 225 255 ἡμέραν
253 218 361 251 ἀνάγει.
383 217 412 243 El
433 216 461 242 δὲ
476 215 561 242 πολλὰ
579 214 693 248 καμὼι,
707 209 729 238 ὦ
744 212 853 246 “sicut,
878 212 907 237 οὐ

126 265 231 292 δύνασαι
260 263 392 290 εἰσελθεῖν
409 263 448 293 εἰς
464 261 498 287 τὰ
517 260 586 296 μέρη
614 260 664 294 τῆς
678 259 802 294 καρδίας,
819 257 911 288 καθώς

127 320 163 337 σοι
176 308 370 342 διεταεάμεθα,
385 307 498 342 ποίησον
512 306 525 332 ὃ
542 306 614 339 λέγω
631 312 689 332 σοι·
717 304 764 331 καὶ
786 304 910 339 μέλλεις,

126 357 186 383 Θεοῦ
203 354 399 390 συνεργοῦντὸς
414 360 466 386 σοι,
485 353 575 387 εὑρεῖν
584 352 614 378 τὸ
625 350 802 385 ζητούμενον,
820 347 910 381 Οἶδας,

127 402 208 429 ὅτιτὸ
230 400 382 434 λογιστικὴν
410 399 508 430 παντὸς
525 396 671 433 ἀνθρώπου
699 397 727 423 ὲν
755 396 794 430 τῷ
819 395 912 430 στήθει

128 449 206 476 ἐστιν.
226 447 318 478 Ἐντὸς
342 446 396 480 γὰρ
414 445 461 472 τοῦ
485 444 618 480 στήθους,
638 442 804 469 σιωπώντων
832 441 911 476 ἡμῶν

128 495 176 521 τῶν
191 493 315 529 χειλέων,
334 493 424 518 ἐκεῖσε
436 490 584 524 λαλοῦμεν,
597 490 644 516 καὶ
661 487 854 524 βουλευόμεθα,
865 487 913 513 καὶ

129 541 206 576 εὐχὰς
223 539 438 572 κατατάττομεν,
467 537 514 563 καὶ
536 535 671 570 ψαλμοὺς,
699 535 746 561 καὶ
762 534 830 561 ἄλλα
842 533 914 559 τινὰ.

129 586 218 620 Τούτῳ
232 583 278 612 οὖν
293 584 332 619 τῷ
355 582 512 617 λογιστικῷ,
531 581 622 608 πάντα
646 579 776 614 λογισμὸν
789 579 818 612 ἐξ
832 577 915 605 αὑτοῦ

129 633 261 667 περιάρας
279 630 404 663 (δύνασαι
419 628 485 663 γὰρ,
504 627 551 655 ἐὰν
579 626 682 663 θέλῃς),
707 625 750 657 δὺς
772 624 849 659 αὐτῷ
874 624 916 656 τὸ,

129 679 209 713 Κύριε
227 675 313 711 Ἰησοῦ
329 674 440 710 Χριστὲ,
452 674 499 701 Υἱὲ
519 674 566 701 τοῦ
580 673 658 706 Θεοῦ,
675 672 786 708 ἐλέησόν
801 680 852 707 με·
871 670 918 697 καὶ

129 796 215 822 anima
233 794 321 822 rudus
337 793 445 820 firmum
475 800 539 820 cum
567 800 626 827 ipsa
652 792 725 825 iniit,
742 791 909 820 ineﬂabilem

129 843 291 877 voluptatem
308 845 335 868 et
347 840 467 868 la-titiam
483 839 611 874 percipit.

161 888 257 923 Igitur,
273 895 320 913 oro
341 891 377 919 te,
408 887 491 913 frater
500 885 548 917 nti,
560 884 685 913 assuefac
701 890 818 913 mentem
837 890 909 913 tuam

128 934 159 961 ad
186 931 417 968 perseverandum
432 932 459 958 in
485 931 537 958 isno
553 935 608 958 tam
625 931 683 958 utili
710 939 841 964 secessu;
859 939 911 960 nec

129 970 271 1016 quantavis
293 978 451 1006 conditione
485 978 685 1011 acquiescendo
712 977 738 1004 in
770 985 909 1006 recessum

128 1027 198 1054 inde.
216 1025 351 1053 Novitatis
373 1024 528 1059 periculum
553 1024 596 1050 [ac
621 1024 715 1050 vincas
730 1024 831 1057 impetu
865 1029 911 1056 ge-

129 1079 225 1099 neroso
240 1069 333 1098 animi.
353 1069 406 1097 Ubi
416 1069 519 1103 primas
532 1067 643 1094 desidia:
658 1074 689 1094 ac
708 1067 791 1099 taedii,
801 1066 834 1093 de
844 1073 912 1092 con-

129 1117 250 1145 clusione
266 1116 337 1142 intra
354 1113 565 1149 quasdamistas
583 1113 732 1147 angustias,
743 1112 910 1139 tentationes

130 1162 236 1189 hernica
249 1161 350 1187 virtute
361 1159 537 1193 superaveris
552 1166 559 1184 :
579 1165 664 1191 prona
679 1157 808 1190 deinceps
819 1157 911 1191 plana-

127 1215 177 1242 que
193 1214 222 1233 se
236 1206 327 1232 omnia
339 1204 509 1239 praebebunt.
522 1202 679 1230 Assuetudo
694 1203 821 1229 succedet
834 1202 911 1229 Levi-

126 1262 191 1289 gans
208 1252 299 1280 omnia
315 1259 323 1285 ;
337 1258 387 1277 nec
402 1250 486 1277 ullttttt
500 1254 526 1276 te
537 1249 701 1276 desiderium
722 1249 811 1282 capiet
825 1256 911 1275 vana-

129 1303 184 1326 t‘nm
198 1299 224 1325 in
235 1300 369 1324 exteriora
380 1296 585 1330 evagzitiontttn,
611 1302 672 1322 cum
687 1294 782 1327 utique
800 1301 909 1328 regnum

128 1346 258 1373 cmlorutn
272 1345 344 1371 intra
366 1350 416 1370 nos
427 1343 472 1369 sit.
490 1341 566 1374 Quod
584 1341 610 1367 itt
629 1341 673 1367 illo
688 1344 772 1372 statu,
791 1341 910 1373 positum

127 1393 152 1419 in
184 1393 246 1418 sinu
271 1395 318 1417 tuo
338 1389 458 1423 undique
488 1388 608 1418 itttuens,
623 1392 650 1413 ct
666 1392 694 1413 ut
728 1387 868 1421 proprium
885 1386 911 1413 id

128 1444 341 1474 pcrpetumnquc
368 1436 415 1462 tibi
440 1435 486 1467 sit,
517 1442 584 1468 pura
606 1434 731 1460 oratione
758 1432 910 1467 postulans,

126 1485 246 1512 exterius
276 1482 418 1509 avocantia
445 1485 556 1510 cuncta,
585 1479 766 1506 abominanda
795 1484 822 1505 ct
847 1479 911 1506 odio

950 210 1037 236 Τοῦτο
1062 210 1090 236 δὲ
1119 210 1165 235 ἐπὶ
1194 210 1289 244 καιρὸν
1304 213 1456 246 κρατήσας,
1479 212 1668 247 ἀνοιχοήσεταί
1698 222 1740 239 σοι

950 255 992 281 διὰ
1008 255 1086 282 τοῦτο
1100 256 1147 281 καὶ
1159 256 1175 289 ἡ
1192 257 1327 291 χαρδιακὴ
1346 257 1461 289 εἴσοδος,
1476 258 1567 289 καθώς
1581 267 1622 284 σοι
1639 259 1741 292 γεγρά-

951 309 1052 335 φαμεν,
1075 302 1154 332 ὲκτὸς
1180 303 1271 336 πάσης
1288 302 1454 336 ἁμφιῦολίας
1466 312 1473 319 “
1492 304 1583 335 καθὼς
1599 305 1645 330 καὶ
1659 306 1740 338 ἡμεῖς

954 345 1036 380 πείρᾳ
1065 346 1237 380 ἐγνώκαμεν.
1259 346 1413 373 Ἐλεὺσεται
1423 347 1450 373 δέ
1463 356 1515 378 σοι,
1530 350 1577 375 σὺν
1598 351 1629 384 τῇ
1657 349 1740 375 πολυ-

952 391 1063 425 ποϐήτῳ
1079 391 1126 416 καὶ
1144 393 1246 426 τερπνῇ
1263 394 1393 428 προσοχῇ,
1405 393 1452 419 καὶ
1471 394 1523 424 πᾶς
1537 396 1550 420 ὀ
1561 394 1615 420 τῶν
1633 395 1741 429 ἀρετῶν

953 437 1042 471 χορὸς,
1058 437 1162 472 ἀγάπη,
1176 437 1258 472 χαρὰ,
1269 439 1374 472 εἰρήνη,
1386 439 1432 465 καὶ
1445 440 1479 465 τὰ
1496 440 1610 474 ἑξῆς·δι¹
1623 437 1659 466 ὦν
1670 441 1740 467 πάν-

954 491 987 508 τα
998 491 1044 508 σου
1057 483 1090 509 τὰ
1106 484 1244 518 αἰτήματα
1259 485 1350 518 κομιεῖ
1362 486 1390 511 ἐν
1405 485 1516 521 Χριστῷ
1526 486 1613 521 Ἰησοῦ
1631 487 1668 521 τῷ
1684 487 1741 512 Ku-

954 529 1005 564 ρίῳ
1024 529 1118 563 ἡμῶν
1143 529 1202 563 μεθ’
1217 525 1247 555 οὗ
1261 529 1299 564 τῷ
1324 530 1411 565 “arpi
1433 531 1491 566 ἅμα
1505 532 1544 566 τῷ
1567 532 1637 566 ἁγίῳ
1656 531 1741 558 Πνεύ-

955 582 1030 608 ματι,
1049 574 1123 606 δόξα,
1140 574 1250 610 κράτος,
1280 575 1356 610 τιμὴ,
1382 577 1430 602 καὶ
1459 577 1654 612 προσχύνησις,
1680 577 1739 610 νῦν,

953 621 999 646 καὶ
1015 620 1069 653 ἀεὶ,
1083 621 1129 647 καὶ
1143 621 1182 652 εἰς
1199 622 1263 652 τοὺς
1278 621 1381 652 αἰῶνας
1396 622 1450 648 τῶν
1466 623 1583 650 αἰώνων.
1607 624 1703 659 Ἀμήν.

965 797 1093 824 tuentem,
1107 800 1214 820 omttem
1229 793 1263 820 de
1277 797 1303 821 te
1325 794 1446 821 victoria
1465 802 1539 828 spem
1571 800 1625 821 tum
1649 795 1746 823 salutis

929 855 949 882 Β
965 837 1090 865 hostibus
1107 838 1233 866 auferes:
1253 839 1408 874 eﬂiciesque
1426 845 1454 867 ttt
1477 840 1510 868 de
1523 846 1622 868 caetero
1645 847 1747 876 tempe-

963 885 1156 913 rantibusiisa
1172 890 1198 913 te
1223 886 1396 918 lacessendo,
1414 887 1517 914 intacta
1545 888 1691 923 quietaque
1711 889 1746 915 ab

962 932 1059 958 horutn
1078 931 1228 960 assultibus
1245 935 1335 960 anima
1357 938 1401 960 tua
1420 934 1490 961 (elici
1522 935 1631 961 fruatur
1664 943 1743 969 pace.

962 977 1039 1009 Quod
1055 978 1088 1008 si.
1116 978 1201 1005 multo
1225 979 1251 1005 id
1270 987 1419 1014 aggressus
1440 984 1551 1010 conatu.
1583 979 1668 1006 frater
1696 981 1744 1009 mi.

962 1022 1118 1056 nequiveris
1135 1024 1289 1058 pertingere
1320 1025 1362 1058 (ut
1385 1024 1431 1051 ubi
1452 1024 1640 1059 prmcepimus)
1660 1025 1687 1051 in
1706 1026 1747 1052 in-

962 1069 1044 1096 timos
1058 1069 1095 1094 ttti
1121 1069 1213 1096 cordis
1239 1070 1339 1103 sinus;
1367 1070 1407 1096 fac
1424 1071 1495 1104 qttod
1513 1079 1586 1097 nttttc
1606 1071 1666 1098 dico
1685 1072 1745 1103 tibi,

962 1119 988 1140 et
1003 1114 1057 1140 Deo
1073 1114 1225 1150 adiuvante,
1241 1123 1288 1149 per
1300 1116 1418 1150 id.quod
1430 1117 1530 1150 quaeris
1542 1116 1672 1143 invenies.
1688 1117 1747 1144 Scis

962 1160 1128 1187 rationalem
1141 1161 1231 1188 omnis
1253 1161 1370 1188 hominis
1387 1169 1490 1196 partem
1506 1163 1531 1188 in
1552 1167 1660 1196 pectore
1678 1163 1747 1189 resi-

962 1207 1036 1235 dere.
1052 1206 1126 1233 Intra
1142 1213 1236 1241 pectus
1249 1209 1333 1238 enini,
1343 1208 1488 1234 silentibus
1501 1208 1589 1239 labiis,
1600 1209 1745 1242 loquimur,

962 1256 989 1279 et
1004 1251 1199 1285 consultamus,
1220 1258 1247 1280 ct
1272 1260 1366 1287 preces
1384 1253 1542 1280 ordinamus
1571 1259 1598 1280 et
1615 1254 1746 1287 psalmos,

962 1301 989 1323 et
1000 1302 1097 1324 caetera
1114 1298 1248 1332 quaepiam
1275 1298 1335 1333 ejus
1363 1298 1482 1333 generis.
1511 1298 1540 1324 Ei
1561 1306 1626 1333 ergo
1649 1300 1747 1325 enim:

963 1344 1033 1376 parti
1050 1351 1111 1377 quae
1125 1344 1188 1370 talia
1210 1344 1336 1378 operanti
1366 1350 1463 1378 przeest
1491 1345 1604 1378 pectori,
1635 1345 1747 1379 reliquas

963 1396 1076 1423 prorsus
1088 1389 1225 1424 cogitandi
1238 1391 1407 1423 argumentis
1418 1391 1563 1417 abstractis
1577 1391 1665 1424 (potes
1674 1392 1745 1418 enim

963 1434 989 1461 id
1003 1435 1025 1461 si
1039 1431 1116 1467 velis)
1133 1442 1213 1461 unam
1240 1434 1309 1461 hanc
1327 1435 1457 1469 operandi
1487 1436 1632 1469 praescribe
1662 1443 1747 1463 matc—

964 1481 1031 1507 rietn
1049 1488 1056 1514 ;
1074 1481 1218 1514 injnngeus
1231 1484 1261 1513 ut
1276 1488 1383 1515 semper
1408 1481 1482 1508 dicat
1499 1491 1505 1508 :
1531 1481 1658 1508 «nomine
1683 1481 1746 1509 Jesn

126 1531 205 1564 digna
219 1536 326 1557 summo
349 1528 500 1562 reputabis.
536 1525 601 1552 Vide
629 1526 717 1552 solttnt
734 1529 763 1552 ut
781 1532 795 1551 e
810 1525 910 1558 primo,
926 1519 946 1545 ο
964 1526 1083 1558 Christe,
1099 1525 1149 1552 Fili
1166 1525 1222 1558 Dei,
1238 1526 1367 1553 miserere
1401 1526 1482 1553 mei.»
1506 1527 1698 1561 Cotnpellcque
1715 1536 1748 1554 at:

128 1582 206 1611 prout
225 1577 329 1603 dictum
346 1578 399 1605 est.
433 1574 559 1606 ingressu
593 1577 736 1606 penetrare
761 1579 793 1598 ac
818 1571 912 1598 subire

127 1621 276 1648 contendas
288 1619 451 1646 intraitnttm
470 1626 501 1645 at:
519 1617 735 1646 secretissimum
764 1617 855 1644 cordis
872 1617 911 1643 tui

128 1667 263 1694 fumium:
281 1659 359 1698 quem
387 1664 446 1696 tibi,
466 1663 520 1690 Deo
549 1664 613 1690 tnihi
631 1662 811 1698 gratiﬁcante.
835 1669 912 1689 mon-

130 1714 224 1741 stravi.
238 1713 346 1739 Ersulta
360 1711 488 1744 deinceps
503 1710 550 1737 tibi
564 1712 703 1744 gratulans
715 1714 741 1735 et
756 1708 838 1735 Deum
856 1709 912 1734 latt-

129 1762 206 1789 tlans.
221 1761 246 1786 in
264 1765 350 1792 eaque
370 1756 568 1785 exercitatione
593 1759 754 1782 constanter
782 1755 910 1788 pet-dura.

129 1806 191 1833 llzcc
215 1805 287 1832 cnim
310 1811 335 1830 te
351 1803 458 1830 docebit
487 1807 584 1828 czetet'a
608 1809 668 1835 qiur
691 1801 810 1826 nondum
830 1800 911 1826 ttnsti.

129 1853 241 1887 Oportet
255 1856 344 1878 autetn
367 1855 392 1876 te
408 1854 435 1876 et
452 1849 502 1875 hoc
516 1848 629 1881 insuper
645 1854 724 1873 ttosse
739 1855 744 1872 :
761 1846 833 1872 haud
849 1853 914 1872 con-

129 1899 222 1926 venire
241 1902 277 1929 to,
291 1901 381 1923 tuente
394 1895 420 1922 itt
432 1903 494 1922 eum
511 1901 589 1928 quem
603 1892 657 1919 dixi
674 1891 786 1927 gradum
805 1895 911 1921 evecta,

126 1945 210 1970 silere
224 1943 354 1976 deinceps
365 1947 397 1967 ac
413 1939 538 1966 desidere
562 1938 679 1965 otiosum
706 1943 734 1964 et
761 1937 911 1970 elinguem.

127 1989 271 2017 Exclamas
283 1987 361 2014 decet
378 1986 405 2012 in
422 1985 479 2012 hanc
493 1984 575 2011 verba
590 1993 597 2010 :
617 1983 744 2010 «Domine
758 1982 821 2009 Jesn
836 1980 914 2008 Chri-

126 2042 170 2062 ste
187 2034 236 2061 Fili
254 2033 312 2065 Dei,
330 2032 460 2059 tuiserere
482 2030 561 2057 mei.»
592 2029 674 2063 quue
697 2033 824 2062 tanquam
843 2034 913 2061 opus

128 2080 335 2110 demandatum,
356 2077 496 2107 continue,
524 2084 574 2102 usu
590 2082 728 2108 nunquam
747 2073 913 2103 intermisso,

130 2133 213 2160 .ct‘ge
223 2124 325 2155 facere,
342 2130 392 2150 nec
404 2122 505 2149 desiste
528 2120 623 2155 quavis
650 2128 742 2145 causa.
771 2120 815 2145 Sic
841 2119 914 2145 cnim

128 2171 266 2199 indeﬂexa
293 2170 348 2198 Deo
375 2168 479 2194 allixam
511 2167 615 2193 habens
643 2169 670 2191 ct
696 2172 751 2198 pra:
776 2169 801 2190 te
825 2164 914 2190 ferens

963 1579 1031 1605 coge
1045 1576 1086 1604 ut,
1106 1572 1179 1598 omni
1197 1572 1247 1597 alia
1264 1572 1352 1606 specie
1363 1572 1473 1606 reiecta.
1493 1573 1576 1599 solam
1592 1574 1659 1600 hanc
1684 1581 1746 1608 spe—

963 1620 1019 1642 ctet
1034 1616 1187 1650 imaginem.
1201 1617 1327 1643 continue
1340 1617 1410 1650 qttod
1424 1617 1477 1643 dixi
1511 1618 1643 1646 claritatis.

1001 1662 1056 1688 Hoc
1070 1663 1093 1689 si
1107 1663 1216 1694 viceris,
1247 1663 1385 1696 aperietur
1411 1663 1458 1689 tibi
1489 1664 1580 1690 cordis
1609 1665 1746 1695 introitus,

965 1716 1018 1743 qtto
1033 1709 1060 1735 in
1078 1709 1162 1736 itttttttt
1175 1710 1243 1744 ejus,
1263 1709 1351 1736 [ructu
1376 1715 1422 1735 tuo
1450 1710 1571 1736 maximo
1586 1710 1746 1737 descendas.

967 1755 1022 1782 Hos
1037 1763 1087 1782 nos
1103 1756 1260 1790 expet-iouia
1277 1755 1422 1782 didicimus
1438 1764 1445 1782 :
1461 1760 1486 1782 et
1502 1756 1619 1783 scientes
1648 1757 1747 1782 sumit“

966 1809 1038 1827 tuus.
1054 1801 1320 1834 lngredietttrautem
1335 1801 1361 1827 itt
1382 1806 1408 1827 te
1424 1802 1505 1828 simul
1533 1810 1594 1827 cum
1611 1802 1660 1828 ista
1675 1801 1747 1827 desi.

965 1846 1163 1872 derabilissitna
1188 1851 1214 1872 et
1241 1846 1360 1880 jucunda
1391 1847 1568 1880 (pl‘OSOCilel.
1602 1847 1748 1873 universus

966 1893 1097 1918 virtutum
1113 1891 1212 1918 chorus
1229 1900 1235 1917 ε
1257 1892 1388 1920 charitas,
1400 1893 1540 1926 gaudium,
1571 1900 1634 1926 pax,
1649 1897 1676 1918 «ιι
1687 1900 1747 1926 quae

965 1942 1127 1969 sequuntur,
1143 1943 1189 1970 per
1212 1944 1280 1970 quas
1301 1937 1422 1963 otuttiunt
1451 1944 1557 1962 tuarum
1589 1937 1745 1970 petitionum
1765 1927 1767 1929 1

966 1988 1066 2010 eventu
1082 1982 1218 2014 bcaberis,
1232 1981 1258 2007 in
1276 1981 1384 2007 Christo
1414 1981 1476 2008 Jcsu
1505 1981 1619 2008 Domino
1641 1986 1746 2012 n0stro,

965 2036 1027 2055 cum
1039 2035 1092 2061 quo
1103 2026 1174 2053 l‘alt'i
1186 2027 1267 2053 simul
1285 2032 1311 2053 et
1324 2032 1419 2053 sancto
1432 2027 1557 2062 Spiritui,
1576 2027 1670 2061 gloria,
1700 2033 1747 2060 po-

966 2078 1061 2105 testas,
1075 2073 1160 2099 hoaor
1180 2077 1205 2099 et
1220 2072 1345 2099 :tdoratio
1373 2073 1419 2104 sit,
1437 2080 1508 2099 mtnc
1535 2077 1562 2099 et
1586 2079 1701 2106 semper,
1719 2075 1748 2099 et

966 2121 992 2146 itt
1003 2118 1100 2146 saecula
1111 2118 1283 2145 saeculorum.
1294 2118 1379 2144 Amen
