1924 3092
183 151 237 184 9'33
826 153 942 182 ΜΑΧΙΝ

1044 153 1177 184 1ΝΠΠΕ
1751 153 1803 186 981

186 210 303 245 antiquo
318 208 428 237 cursiro
452 208 614 237 charactere
635 208 791 236 minusmlo
820 210 865 237 ille
885 211 1058 242 deduxisset,
1078 212 1125 246 qui
1143 210 1368 246 Longunardicus
1388 210 1471 245 vulgo
1493 210 1606 240 dicitur.
1624 209 1677 238 Sed
1694 211 1804 240 uberior

187 253 262 281 illius
277 253 438 288 quaetionis
457 253 633 287 investigatio
656 253 737 288 longe
761 254 838 281 abest
860 255 893 281 ab
911 256 1037 283 instituto
1053 262 1149 284 nostro
1167 267 1173 284 :
1191 261 1215 284 et
1233 260 1354 290 prastat,
1380 255 1514 290 quosdam
1534 256 1631 286 libros.
1655 263 1688 283 ex
1705 257 1804 291 quibus

185 297 305 331 cupidus
323 297 394 323 illius
414 297 452 324 rei
469 297 548 331 plura
577 297 688 324 haurire
706 297 803 331 possit,
827 302 933 325 tantum
960 301 1054 334 paucis
1073 307 1301 328 commemorare.
1321 300 1396 327 Ilaud
1419 300 1554 326 inutiliter
1578 300 1662 333 igitur
1685 299 1804 328 conferri

185 345 299 377 possunt
329 341 431 369 Christi
457 340 530 368 Guil.
558 341 692 374 Bitttncri,
716 341 786 376 prul'.
817 342 953 374 quondam
982 343 1182 379 Gottingensis,
1215 343 1532 378 Vergleidmngs-Tofeln
1559 344 1606 370 der
1627 342 1804 378 Scltriftarten

183 386 377 414 oerschiedener
394 385 497 419 Volker,
522 391 589 419 etc.,
611 390 682 422 part.
706 394 725 418 ι,
744 386 879 421 Gottingae
894 391 921 414 et
934 387 1029 415 Gothze
1045 388 1126 421 1771,
1144 389 1172 422 Δ,
1190 389 1245 415 tab.
1266 397 1294 420 ιι,
1319 388 1436 422 ejusque
1452 388 1542 415 Brevis
1561 389 1689 420 expositio
1711 388 1805 422 alpha-

182 430 299 458 betorum
317 431 434 458 omnium
451 431 609 466 populorum
627 436 650 458 et
667 431 841 465 afﬁnitatum,
855 432 949 466 quibus
959 431 1007 458 illo
1025 433 1093 459 inter
1110 441 1138 460 se
1155 433 1296 467 conjuncta
1311 437 1383 464 sunt,
1402 432 1426 468 ᾗ.
1437 432 1465 462 ‘2.
1482 433 1509 459 iu
1522 432 1593 460 Nov.
1613 432 1801 460 Commenlar.

183 475 332 502 Socielatis
356 476 446 510 Regia:
467 475 645 504 Scientiarum
675 475 875 510 Gottingeusis,
901 481 968 503 tom.
984 476 1041 506 ΥΠ,
1069 476 1206 511 Gottingm
1231 476 1311 507 i777,
1327 476 1354 508 4,
1375 483 1403 510 p.
1428 475 1496 507 109;
1517 479 1544 503 et
1571 475 1763 508 lleilbronncr,
1789 483 1803 501 a

185 517 310 546 Morcllio
329 519 386 553 jam
411 519 549 551 laudatus,
567 521 612 555 qui
636 528 663 554 p.
688 519 735 547 741
770 520 909 554 vulgarent
925 520 1103 552 sententiam,
1121 519 1269 555 Europaeos
1291 520 1433 554 accepisse
1453 519 1626 547 characteres
1645 519 1755 546 Indicos
1771 519 1804 544 ah

183 563 323 597 Hispanis.
342 564 393 590 hos
416 571 429 590 a
451 564 565 596 Mauris,
584 570 607 589 rt
628 564 678 590 bus
704 564 738 590 ab
760 563 910 595 Arabibus,
929 564 979 591 bos
998 569 1089 591 autem
1106 572 1161 592 non
1187 565 1273 599 ipsos,
1292 564 1339 592 sed
1364 563 1447 591 ludos
1472 563 1613 597 ﬁguratam
1642 571 1804 590 numeranm

182 607 318 633 rationem
333 607 515 642 excogitasse,
531 611 558 634 et
576 608 628 634 alia
648 615 661 632 a
681 606 808 634 Wallisio
829 607 945 641 prolata.
960 615 1010 635 nec
1030 616 1084 635 non
1111 609 1266 636 contrarias
1289 609 1446 636 sententias
1470 607 1588 635 Wallisii
1613 615 1644 634 ac
1665 607 1710 634 Jo.
1729 607 1803 634 Frid.

180 649 325 683 Weitllcri,
343 652 389 686 qui
413 652 440 678 iu
459 652 573 679 Dissert.
595 652 628 679 de
647 652 769 679 charact.
788 659 966 679 numerorum
985 653 1143 686 vulgaribus
1157 657 1292 680 eteorum
1308 652 1447 683 aetatibus,
1462 650 1604 686 Viteberg.
1629 651 1709 682 1727,
1732 650 1805 677 arbi-

178 696 269 723 tratur
284 697 460 724 characteres
476 704 666 729 numerorum,
683 697 810 725 Arabicis
823 696 939 727 similes.
960 696 1016 731 jam
1032 696 1156 729 Boethio,
1176 703 1201 723 a.
1217 696 1284 724 Chr.
1310 696 1363 723 521
1383 700 1489 723 mortuo
1507 695 1644 730 (adeoque
1664 699 1727 722 ante
1743 694 1805 721 Pla-

178 739 306 774 nudcm).
331 741 419 768 fuisse
434 741 572 775 cognitos,
591 741 765 775 aliorumque
781 740 896 768 uberius
912 740 1006 768 refert.
1029 741 1082 767 Sed
1104 741 1212 768 illorum
1238 740 1416 774 aliorumque
1439 739 1585 773 opiniones
1605 740 1716 774 copiose
1733 739 1787 766 reci

178 787 276 810 tantur
301 788 328 810 et
350 785 450 817 partim
479 789 675 819 oppugnantur
699 785 725 811 in
753 792 836 819 opere
863 784 995 819 inscripto
1019 793 1026 811 :
1048 783 1136 811 Neues
1163 784 1350 817 Lehrgebﬁude
1373 784 1422 810 der
1441 783 1616 817 Diptomatik,
1643 783 1750 810 welches
1777 783 1804 809 in

180 827 344 854 Frankrrirh
361 836 410 855 oon
432 829 534 863 einigen
555 828 759 855 Benettictinern
779 843 814 848 —
834 828 983 863 ver/ertiget
1006 829 1122 856 worden.
1139 829 1193 855 Ans
1218 829 1275 855 dem
1293 827 1502 854 Franzdsisrhen
1520 827 1660 859 iibersetzt,
1685 832 1750 853 10111.
1772 826 1803 853 γ.

179 871 274 900 Erfurt
299 872 379 904 i767,
398 873 422 903 ι,
439 873 488 901 lib.
513 882 543 904 ιι,
564 881 624 907 cap.
643 874 669 904 .t,
688 879 756 900 scrt.
775 873 802 904 9,
820 873 899 900 artic.
914 872 941 904 2,
960 880 988 907 p.
1004 871 1037 898 76
1054 880 1114 907 sqq.
1137 872 1207 900 ΑΜ.
1229 871 1271 899 Jo.
1289 871 1447 906 Christoph.
1466 870 1616 899 Gattcrer‘s
1643 871 1737 898 Abriss
1756 871 1804 896 drr

179 915 351 950 Diplomotik.
368 917 492 952 Gotting.
510 917 591 949 1798,
605 918 631 948 8,
654 926 715 953 pag.
734 917 769 944 29
787 926 847 952 sqq.
865 917 967 952 (lIarl.)

213 959 260 987 28.
277 960 476 988 Problematum
493 961 631 992 Volumen.
649 966 781 988 nwniorat
796 961 933 989 Gcsncrus
948 961 975 987 in
990 960 1057 988 bibl.
1077 968 1093 986 e
1108 960 1298 986 Volaterrano.

212 1004 258 1031 29.
275 1004 487 1033 Commentarios
502 1006 528 1032 in
545 1005 712 1032 Rlietoricom
732 1005 915 1040 Ilermugenis.
936 1005 976 1033 td.
993 1005 1120 1032 Plauudis
1144 1005 1176 1031 ait
1199 1003 1393 1036 llerinogenem
1420 1003 1453 1030 de
1470 1002 1587 1031 statibus
1603 1009 1671 1029 mss.
1691 1003 1717 1029 in
1735 1002 1806 1030 hihl.

177 1048 325 1080 Caesarea,
338 1051 371 1076 ad
387 1050 488 1076 calcem
505 1050 619 1077 Joannis
633 1049 717 1077 Siculi
744 1050 776 1076 ad
802 1051 996 1084 Hermogenem
1010 1049 1075 1082 περὶ
1096 1048 1182 1075 ἰδεῶν.
1196 1046 1304 1081 (Fatua)
1323 1046 1452 1074 Planudis
1477 1045 1580 1074 scholia
1606 1046 1633 1073 in
1651 1045 1805 1080 Hermoge-

177 1100 240 1119 nem
257 1112 264 1124 ,
288 1092 432 1121 Mediolani
462 1094 487 1120 in
510 1094 577 1122 hibl.
592 1094 720 1121 Ambros.
741 1093 769 1121 ν,
788 1094 936 1120 Montiauc.
957 1093 1024 1120 Bibl.
1043 1093 1135 1120 bliotlt.
1148 1101 1210 1119 nus.
1228 1100 1254 1126 p.
1268 1092 1314 1118 501
1334 1092 1364 1117 Β.
1383 1105 1416 1112 -—
1433 1091 1586 1118 Rhetorice
1607 1090 1807 1124 prolegomena

176 1136 290 1170 inedita,
307 1137 393 1166 Paris.
407 1137 434 1164 in
447 1138 513 1165 bibl.
528 1138 601 1173 publ.
625 1139 685 1165 eod.
703 1138 784 1170 ΞΜ),
803 1146 827 1164 n.
844 1138 856 1164 1
869 1147 876 1170 ;
895 1139 922 1164 in
935 1145 990 1171 quo
1006 1137 1088 1164 etiam
1101 1139 1175 1165 sunt.
1204 1144 1230 1163 u.
1244 1136 1271 1165 3.
1290 1134 1467 1169 Hermogenis
1480 1135 1530 1162 Ars
1541 1135 1683 1165 rhetorica,
1701 1134 1732 1160 de
1744 1142 1808 1168 par-

177 1181 271 1208 tilione
282 1186 400 1208 statuam
414 1186 439 1208 ct
450 1183 625 1216 qua-stionum
645 1182 836 1213 cratoriarum,
848 1181 984 1216 adiunctis
996 1180 1199 1215 prolegomenis
1220 1184 1303 1212 atque
1320 1179 1526 1206 commentariis
1545 1187 1553 1211 ;
1571 1186 1600 1206 n.
1617 1178 1644 1210 4,
1659 1177 1747 1212 ejusd.
1768 1178 1810 1205 De

179 1224 273 1259 formis
289 1226 413 1252 oratoriis
430 1226 489 1253 libri
508 1233 544 1259 tv,
570 1226 709 1260 adiunctis
725 1226 873 1259 prolcgom.
897 1229 925 1252 et
940 1224 1159 1251 commentariis.
1175 1238 1210 1242 —
1227 1222 1305 1249 Plan.
1322 1221 1481 1248 llbrtorices
1493 1221 1682 1256 prolegomena
1696 1225 1723 1247 et
1736 1219 1806 1246 [lcr-

177 1272 300 1304 mogcnis
321 1271 393 1302 libri,
413 1270 537 1302 Taurini,
554 1271 580 1297 in
594 1271 654 1299 ιιοτι.
675 1270 739 1305 Reg.
758 1271 802 1298 77.
821 1269 850 1296 ν.
867 1269 925 1298 Cat.
938 1268 1019 1297 codd.
1037 1267 1084 1294 Gr.
1107 1266 1190 1293 Taur.
1203 1274 1229 1300 p.
1248 1265 1309 1292 171.
1323 1280 1360 1286 -——
1372 1266 1414 1292 An
1431 1266 1485 1292 huc
1504 1266 1585 1292 etiam
1608 1264 1745 1299 pertinent
1757 1269 1808 1290 aut

176 1314 209 1340 ad
226 1314 329 1348 scripta
341 1314 509 1348 granunatic.
531 1314 607 1341 Plan.
628 1313 781 1341 Notatiolws
798 1314 901 1341 varia?
922 1313 986 1341 Mss.
1017 1317 1124 1340 exstant
1148 1311 1241 1339 Ronan
1267 1312 1292 1338 in
1311 1311 1379 1338 bibl.
1403 1310 1492 1338 Vatic.
1510 1309 1541 1337 V.
1566 1309 1717 1344 Montfauc.
1732 1309 1809 1337 Bibl.

176 1357 297 1384 biblioth.
312 1366 388 1385 mss.
407 1365 433 1392 ρ.
449 1358 499 1385 187
515 1357 544 1386 C.
564 1357 670 1392 (Πανί.)

212 1401 258 1428 '50.
274 1401 307 1428 In
325 1401 498 1436 Theophrasti
513 1401 607 1429 Charm
618 1407 684 1429 teres
712 1402 861 1429 Gosnertts.

214 1445 260 1472 51.
280 1444 418 1479 Eclogam,
437 1446 569 1480 quomodo
589 1445 756 1480 appellentur
777 1447 906 1474 animalia
919 1453 974 1475 tum
993 1449 1137 1481 terrestria,
1151 1454 1206 1476 tum
1223 1448 1363 1483 aquatilia.
1377 1447 1416 1475 ld.

213 1489 262 1516 52.
278 1489 394 1525 Figura:
408 1490 439 1517 de
452 1489 506 1517 sole
521 1494 545 1517 et
559 1489 633 1517 luna.
653 1489 693 1517 td.

215 1533 262 1561 55.
278 1534 431 1567 Διὰγνωσιν
447 1533 542 1560 iis).th
559 1534 607 1560 τοῦ
620 1533 714 1568 οὖρον.
730 1534 766 1561 De
782 1534 899 1562 colorum
921 1536 948 1563 in
973 1549 974 1552 π

1050 1547 1058 1565 ι
1072 1539 1231 1573 cognitione,
1243 1542 1266 1565 et
1282 1537 1314 1564 de
1328 1535 1455 1571 sanguine
1471 1533 1665 1570 phlebotomia,
1680 1533 1809 1562 carmine

179 1577 291 1612 politico
303 1585 336 1605 ex
352 1578 446 1605 codice
461 1577 544 1613 Regio
556 1577 618 1610 957,
629 1585 696 1605 usus
706 1583 747 1605 est
758 1577 876 1614 Cangius
886 1581 912 1606 in
927 1579 1061 1609 Gtossan‘o
1077 1581 1179 1609 Gra'co.
1192 1582 1286 1608 Exstat
1297 1580 1379 1608 etiam
1392 1580 1418 1606 in
1431 1579 1496 1606 bibl.
1513 1578 1659 1606 Caesarea.
1674 1576 1808 1604 Lambec.

177 1621 210 1655 V,
233 1630 293 1657 pag.
310 1622 372 1650 218.
395 1621 504 1657 (Fabr.)
530 1621 593 1649 Sive
618 1630 677 1657 pag.
697 1622 759 1655 450,
774 1623 875 1650 Kollar.
892 1631 920 1650 η.

1065 1625 1118 1653 269
1148 1625 1204 1652 lnr.
1219 1624 1279 1651 Τῶν
1294 1624 1415 1650 ἀσθενῶν
1430 1622 1505 1649 ὑέλια
1525 1621 1595 1657 μάθε
1616 1621 1806 1655 τρισκαίδεκα.

176 1666 234 1695 lloc
250 1672 341 1694 autem
359 1674 469 1694 carmen
494 1667 521 1694 iu
537 1667 617 1695 codd.
634 1667 737 1694 Cassar.
769 1668 815 1700 ΞΟ,
828 1677 855 1695 n.
873 1669 901 1700 2,
918 1669 934 1695 4

1068 1669 1148 1700 e140.
1166 1677 1193 1696 n.
1207 1669 1234 1699 5.
1250 1673 1278 1696 ct
1293 1667 1356 1695 alibi
1369 1667 1499 1695 tribuitur
1513 1665 1665 1700 Niorphoro
1678 1665 1808 1692 Blemmi-

175 1712 228 1738 die.
249 1710 280 1738 V.
298 1710 427 1738 Lambec.
443 1710 487 1742 Vl.
507 1715 576 1745 part.
594 1716 623 1741 ll,
639 1719 664 1745 p.
679 1711 743 1743 250,
769 1711 822 1738 555
849 1717 877 1738 et
903 1713 934 1739 55

1047 1712 1074 1740 2.
1092 1713 1162 1740 ΑὼΙ,
1180 1719 1264 1747 supra
1291 1712 1323 1738 ad
1344 1711 1397 1738 vol.
1414 1709 1470 1742 γη,
1486 1717 1549 1744 pag.
1567 1709 1621 1736 672
1645 1716 1702 1743 seq.
1735 1708 1806 1735 intra

177 1756 232 1783 vol.
249 1754 308 1786 XII,
324 1762 351 1782 n.
368 1753 430 1786 779;
443 1759 471 1782 ct
484 1755 570 1782 Indic.
581 1755 613 1781 ad
632 1760 753 1783 nostram
771 1756 837 1783 bibl.
853 1756 901 1784 Gr.
915 1765 976 1786 voc.
994 1758 1162 1794 Nicrphorns
1185 1758 1356 1786 Blemmidos.
1373 1772 1408 1777 —
1429 1757 1559 1783 Planudae
1579 1759 1670 1781 tamen
1689 1755 1810 1782 ascribi-

180 1800 255 1827 bitur
271 1800 347 1835 prius
363 1807 475 1827 carmen
489 1803 515 1827 et
530 1804 642 1828 vocatur
661 1799 698 1827 De
721 1800 811 1828 urinis
828 1801 950 1828 omnium
975 1803 1131 1829 morborum
1160 1802 1356 1834 humanorum,
1381 1800 1488 1827 Monac.
1504 1800 1530 1826 in
1546 1798 1625 1827 codd.
1645 1799 1742 1825 Bavar.
1759 1799 1808 1830 70,

180 1849 208 1871 et
223 1844 268 1874 7‘2.
282 1844 376 1871 addito
394 1843 428 1870 dc
445 1844 578 1878 sanguine
594 1843 795 1878 phlebotomia.
814 1845 898 1872 Inscr.
915 1845 953 1873 De
966 1847 1097 1873 coloribus
1117 1848 1200 1874 urina:
1216 1847 1243 1873 in
1258 1846 1377 1872 omnibus
1388 1844 1522 1870 hominum
1536 1843 1647 1869 morbis.
1666 1841 1694 1868 V.
1707 1841 1807 1876 llardt,

179 1889 206 1916 in
219 1888 322 1915 Aretini
345 1887 504 1922 Beylrdgen,
523 1892 589 1919 etc.,
602 1896 665 1915 ann.
685 1889 764 1920 1801,
782 1894 853 1924 part.
869 1898 905 1923 tv,
923 1899 938 1924 p

1049 1895 1074 1917 ct
1090 1891 1137 1918 55.
1154 1906 1188 1911 -
1206 1890 1294 1918 Lt'itltl!
1316 1891 1342 1915 in
1360 1889 1427 1916 bibl.
1454 1888 1529 1922 publ.
1547 1887 1617 1913 inter
1641 1886 1720 1913 codd.
1739 1886 1808 1914 Vos-

179 1934 250 1960 sian.
269 1932 399 1959 Planudis
429 1932 532 1967 aliquid
557 1932 592 1958 de
613 1933 708 1960 uriuis.
734 1933 763 1960 V.
793 1934 854 1960 Cal.
885 1935 951 1962 bibl.
979 1935 1057 1962 Leid.
1083 1944 1108 1969 ν.
1139 1935 1202 1967 402,
1228 1935 1320 1965 n.l8;
1347 1933 1374 1960 in
1399 1932 1458 1959 Cat.
1487 1936 1577 1958 autem
1598 1937 1666 1958 mss.
1679 1930 1758 1965 Angl.
1773 1930 1808 1962 ll.

179 1977 301 2010 11.2501,
316 1977 388 2004 inter
400 1976 481 2004 codd.
501 1976 626 2003 Vossian.
648 1977 807 2005 inscribitur
824 1987 831 2006 :
846 1978 922 2006 Max.
941 1979 1020 2006 Plan.
1045 1979 1214 2013 prognostica
1237 1979 1268 2004 de
1290 1978 1383 2004 urinis.
1406 1989 1440 1994 -——
1453 1974 1628 2009 Dijuducatio
1657 1973 1808 2000 vitrearum

180 2022 322 2048 uriuarum
338 2025 365 2048 et
378 2020 412 2048 de
427 2020 566 2047 coloribus
581 2028 612 2048 ac
626 2021 786 2048 sedimentis
802 2023 973 2054 earumdem,
994 2023 1022 2050 in
1037 2023 1120 2049 catal.
1137 2031 1202 2049 mss.
1223 2021 1341 2048 Zmouis
1353 2019 1513 2047 Pistoricus.
1537 2017 1566 2044 V.
1584 2017 1670 2044 Lamii
1693 2017 1810 2044 Delicias

179 2065 278 2092 erudit.
292 2072 357 2091 ann.
373 2063 452 2096 1745,
468 2071 494 2097 p.
510 2063 573 2091 107.
589 2079 622 2084 --
645 2064 763 2100 blosquze
781 2065 808 2092 in
820 2066 882 2093 eod.
913 2074 938 2102 sy

1049 2067 1096 2096 ψει,
1115 2074 1143 2094 n.
1164 2066 1206 2093 57.
1235 2065 1310 2091 Plan.
1331 2064 1398 2099 Περὶ
1418 2063 1527 2090 πάντων
1542 2062 1596 2088 τῶν
1611 2061 1738 2096 αἱμάτων
1757 2062 1808 2096 τῆς

178 2110 371 2147 φῖεϐοτομίας,
399 2108 462 2135 luit.
477 2109 554 2136 Μάθε
566 2109 613 2136 καὶ
629 2109 662 2135 τὰ
674 2110 789 2144 αἵματα.
805 2111 835 2138 ν.
859 2111 937 2138 Μυιιις

595 2109 613 2135 tt
629 2109 662 2135 τὰ
674 2110 789 2144 αἵματα.
805 2111 835 2138 ν.
859 2111 976 2138 Matthmi
994 2117 1052 2139 not.
1071 2112 1118 2139 cit.
1136 2120 1161 2145 ρ.
1178 2112 1241 2139 259.
1256 2112 1354 2146 (tlarl.)

215 2155 260 2182 51.
276 2153 440 2182 Aristotelem
453 2156 485 2183 de
502 2156 608 2184 Plantis
625 2164 657 2184 ex
674 2156 765 2192 lingua
785 2155 886 2183 Punica
909 2155 975 2188 (imo
990 2163 1023 2183 ex
1039 2156 1144 2188 Latino,
1162 2158 1311 2192 interprete
1324 2154 1360 2192 (b)
1385 2155 1467 2189 Galli,
1490 2152 1584 2182 nescio
1598 2152 1691 2187 cujus,
1709 2153 1755 2188 qui
1772 2161 1806 2180 ex

177 2200 293 2227 Arabico
316 2200 446 2235 verterat)
466 2201 492 2228 in
508 2202 630 2229 Graecam
646 2201 795 2228 retraxisse
807 2199 969 2233 Planudem,
982 2204 1060 2227 notat
1075 2199 1220 2227 Sinilcrus.

213 2253 258 2280 55.
273 2253 400 2288 zEnigma
413 2261 465 2280 ms.
481 2254 508 2280 in
527 2253 592 2280 bibl.
606 2252 739 2283 Caesarea,
755 2251 837 2286 incip.
855 2252 963 2287 ἐρήμην

1061 2253 1211 2287 δικασθείς,
1224 2253 1332 2289 (Fabr.)
1348 2255 1374 2280 in
1387 2253 1449 2281 cod.
1459 2252 1524 2283 296.
1539 2260 1569 2280 ιι.
1585 2251 1613 2279 5.
1632 2250 1663 2278 V.
1676 2250 1804 2278 Lambcc.

179 2297 212 2330 v,
230 2305 255 2331 p.
272 2297 336 2327 544.
352 2296 427 2323 Koll.
445 2296 508 2323 add.
525 2297 557 2323 ad
575 2305 601 2324 η.
616 2295 779 2331 21.(tlort.)

213 2341 258 2369 36.
274 2341 579 2376 AdogiorumCenturite
593 2346 657 2373 tres,
673 2349 744 2375 sa'pe
759 2349 774 2367 a
792 2340 852 2368 Nic.
866 2340 1007 2368 Comnrno
1020 2342 1152 2369 citantur.

164 2414 167 2420 ,
214 2386 259 2414 57.
275 2385 431 2412 Additiones
447 2385 481 2424 ad
498 2384 684 2411 bibliothecam
696 2385 805 2417 Pliotii;
818 2385 854 2412 id.
873 2393 899 2419 p.
919 2389 923 2400 λ

329 2386 431 2412 titiones
447 2385 481 2424 a_d
498 2384 684 2411 bibliothecam
696 2385 805 2417 Plion‘i;
818 2385 854 2412 id.
873 2393 899 2419 p.
919 2385 962 2416 16,
978 2385 1023 2417 21,
1034 2390 1088 2413 Nc.

163 2426 167 2432 ’
214 2432 260 2458 58.
278 2430 427 2465 P/titologia
440 2430 472 2456 de
484 2429 596 2456 historia
615 2429 722 2464 Dictyos
738 2435 762 2457 et
780 2430 872 2457 Troico
892 2430 976 2461 bello;
991 2431 1026 2456 id.
1045 2437 1072 2463 p.
1089 2430 1152 2460 387.
1168 2435 1279 2463 prmnot.
1294 2435 1442 2466 mystagog.

216 2475 384 2512 βασιλικὸς,
398 2474 425 2501 in
436 2473 500 2501 cod.
511 2473 668 2508 Mosqucnsi
681 2474 777 2509 synod.
790 2474 858 2507 502,
872 2483 900 2501 n.
914 2473 975 2501 81.1

1045 2475 1179 2506 Πολλάκις
1192 2485 1237 2510 μοι
1253 2475 1424 2509 λογίσασθαι.
1443 2474 1505 2503 Viti.
1521 2475 1637 2502 Mattluzi
1652 2473 1737 2501 Notit.
1755 2473 1802 2500 rit.

180 2529 207 2553 p.
227 2519 335 2547 409.—-
352 2518 422 2546 Ibid.
439 2525 466 2553 p.
481 2517 545 2551 9.52,
568 2519 596 2545 in
612 2517 674 2545 cod.
699 2518 770 2551 591,
788 2527 816 2545 n.
839 2519 882 2551 H,
906 2519 939 2544 ini

1042 2527 1110 2545 msc.
1137 2519 1274 2554 quoddam
1301 2520 1440 2552 Planudaa,
1467 2518 1635 2554 Ἑρωτητέον
1659 2517 1801 2553 πρότερον.

179 2562 294 2600 (tlarl.)]

217 2606 407 2643 [Τεχνολογίαι
427 2607 474 2633 καὶ
490 2606 633 2642 μερισμοί.
652 2620 683 2626 —-
696 2605 878 2641 Technologite
899 2612 922 2633 et
938 2616 976 2639 pa:

1044 2608 1060 2633 Ι(
1072 2616 1111 2634 res
1120 2608 1242 2642 qna-dam
1257 2607 1430 2640 expositiones
1448 2607 1475 2634 in
1494 2606 1649 2634 Philostrati
1661 2605 1799 2640 imagines.

179 2653 268 2688 incip.
284 2652 321 2678 Τὸ
335 2651 509 2683 ἀσπάζεσθαι
526 2650 614 2677 καὶτὸ
632 2650 729 2684 φιλεῖν,
746 2654 800 2677 ctr.
816 2649 937 2677 Floreat.

1040 2653 1056 2679 |.
1071 2652 1201 2678 Laurent.
1218 2652 1233 2678 7
1243 2671 1251 2683 ,
1266 2661 1293 2679 u.
1306 2651 1334 2683 6,
1350 2651 1419 2686 plut,
1437 2651 1481 2682 55,
1495 2651 1554 2677 sine
1568 2650 1676 2676 nomine
1691 2648 1799 2683 quidem

179 2696 320 2730 auctoris;
338 2694 410 2730 quod
435 2700 525 2722 tamen
541 2694 689 2722 adnotaute
706 2693 823 2722 Bandin.
837 2695 863 2721 in
879 2694 938 2722 Cat.
951 2696 996 2723 cit.
1014 2695 1044 2724 ΙΙ,
1062 2704 1087 2731 p.
1102 2697 1166 2729 “uti,
1184 2695 1290 2722 Fabric.
1303 2696 1408 2730 (supra,
1420 2695 1475 2722 vol.
1489 2694 1510 2721 V
1521 2715 1529 2727 ,
1544 2702 1571 2729 p.
1587 2693 1674 2727 550,§
1689 2693 1716 2726 5)
1729 2692 1799 2719 Ma!-

183 2741 313 2769 Ptanudae
323 2739 475 2767 attribuere
489 2739 647 2767 vidctur.-—
663 2739 731 2766 lhid.
752 2739 778 2766 in
793 2739 855 2765 cod.
867 2740 929 2766 cod.
947 2746 977 2765 n.
989 2739 1016 2772 8,
1034 2739 1192 2768 Philostrati
1207 2739 1333 2773 lleroica,
1345 2739 1477 2766 translata
1493 2738 1527 2766 ab
1542 2738 1668 2765 Italorum
1685 2736 1800 2764 dialecto

217 2818 255 2852 (η)
275 2817 356 2852 Atqui
378 2816 623 2852 Ursinusividetur
640 2814 825 2852 authologiam
840 2813 963 2852 Cephalus
1015 2815 1134 2852 Collotii.

181 2843 430 2886 respicereTet'exV
446 2843 494 2878 bis
505 2850 597 2887 Ursini
625 2850 715 2887 verbis
734 2843 861 2883 colligere
873 2843 961 2887 ilicet,
1016 2851 1089 2887 _”(b)
1108 2850 1185 2887 itide,
1197 2859 1258 2887 qua;
1271 2851 1365 2881 notavi
1379 2850 1428 2878 lib.
1443 2857 1485 2883 ul,
1502 2856 1564 2884 cap.
1577 2848 1604 2882 5,
1621 2847 1636 2883 θ
1667 2846 1701 2874 19
1733 2843 1799 2883 [τοι.

183 2885 272 2922 ipsum
289 2887 365 2914 illum
375 2887 496 2914 codicem
509 2885 661 2921 Palatinum
679 2885 762 2912 fusse
777 2889 854 2913 antea
866 2885 962 2920 Angcli
1016 2885 1060 2919 lll,
1073 2894 1098 2920 p.
1111 2886 1145 2914 91
1153 2885 1186 2920 l].
