1924 3092
208 163 278 195 1003

849 154 990 184 ΜᾹΧΙΜΙ
1006 154 1192 184 PLANUDE

1759 152 1769 184 1
1775 151 1827 183 θοι

209 225 281 244 sime
298 215 335 245 ad
356 215 504 242 simulacra
520 211 757 244 concurrentium,
773 211 887 246 impetu,
905 211 993 238 edica-

1053 210 1089 237 τοῦ
1111 210 1318 244 φιλανθρωπίαν
1334 210 1348 235 ὁ
1363 208 1478 244 ποιητὴς
1491 207 1702 242 ἀντιπαραθεὶς,
1716 208 1747 234 τδ
1759 208 1826 235 πλά-

211 263 314 289 CiOI‘CIIi
327 268 408 288 suunt
423 267 487 294 erga
507 259 653 286 huntanutn
671 265 756 292 genus
771 264 892 284 amorem
911 265 995 292 oppo-

210 316 279 334 nens
292 307 447 342 figmentum
462 313 544 332 suum
563 303 766 338 redintegravit,
777 307 804 330 et
816 303 849 330 ad
874 303 993 338 priorem

211 359 291 379 nsunt
322 350 438 378 reduxit.
456 349 505 376 Hic
535 349 578 376 ille
610 352 650 376 est
677 348 790 383 ﬁgulus,
812 356 890 382 quem
920 348 994 375 Iere-

213 398 282 425 mias
297 397 374 423 vidit.
389 395 450 422 Htcc
462 395 577 429 collapsi
592 394 698 421 vasculi
717 401 763 428 per
780 401 878 421 manus
909 394 996 428 ipsius

213 443 376 474 sublevatio,
393 447 419 469 et
433 442 503 469 umle
518 442 549 469 ad
577 440 708 467 artiﬁcn-m
732 441 817 474 gloria
836 440 925 473 rediit,
946 441 995 467 luti

211 490 316 516 retietio
331 489 557 522 rel'ortnatioque.

248 537 306 566 Ast,
323 540 339 561 o’
352 534 513 561 admirabile
530 542 599 569 optts
619 535 625 561 !
643 533 802 561 admiranda
829 533 880 560 fuit
910 534 995 567 prima

211 582 298 609 nostri
311 581 392 613 ﬁctio,
412 582 492 616 digna
519 581 612 607 habita
644 580 771 607 manibus
803 585 830 607 et
863 580 995 614 inspiratu

211 628 258 655 Dei
272 628 344 662 (qua:
358 627 487 653 nimirum
517 634 614 653 manus
625 631 652 653 et
672 626 824 660 inspiratus
836 625 883 652 Dei
897 625 997 652 intelli-

210 673 281 708 git);
300 673 459 700 admiranda
470 672 555 707 magis
572 672 673 699 relictio
692 673 784 707 (idque
798 676 885 703 tanto,
896 677 997 706 quanto

211 720 309 747 melius
319 723 346 746 et
359 718 497 753 acceptius
509 724 560 750 cst,
571 718 638 745 bene
649 717 729 750 aliici,
745 725 825 752 quam
840 717 997 751 quempiam

174 773 179 777 '
212 765 302 800 aliqua
316 772 344 792 re
355 764 474 797 allicere)
492 765 618 798 adeoque
641 763 744 790 ﬁrmior
759 769 785 790 et
801 763 935 790 stabilior.
950 762 998 789 Vi-

213 812 310 838 demus
325 811 396 838 enim
418 809 554 842 homines,
568 810 663 836 saltem
681 810 740 836 illos
755 810 801 844 qui
820 815 936 837 mrntent
952 811 1000 838 ha-

215 858 291 888 bent,
307 857 329 884 si
344 856 456 884 domum
473 856 621 891 collapsam
639 855 813 883 instauraturi
838 856 903 889 sint,
917 855 998 884 robu-
1017 876 1037 905 8

212 904 295 931 stiora
310 902 464 937 tutioraque
479 902 617 937 prioribus
640 901 782 929 elaborare
815 901 930 928 aedilicia
958 901 998 928 al-

213 954 284 981 tera,
302 956 335 975 ne
369 947 439 974 idem
470 947 557 974 ruinae
586 951 673 973 metus
702 947 857 981 impendeat
886 947 997 975 iterum.

212 994 288 1028 Quod
298 999 388 1021 autent
399 993 481 1020 homo
497 993 586 1020 facere
602 993 754 1024 consuevit,
771 992 816 1026 qui
834 1000 886 1019 nou
913 993 998 1020 mttlto

212 1042 299 1074 magis
315 1041 366 1068 hoc
379 1040 433 1067 Deo
450 1040 511 1074 quis
525 1039 738 1067 tribuat?Certe
748 1040 818 1066 bona
836 1039 920 1066 Deum
935 1047 998 1073 sup-

212 1087 334 1122 peditare
367 1087 532 1119 hominibus,
564 1086 714 1121 pritttordio
740 1091 847 1112 natura:
872 1085 999 1113 humana:

213 1133 263 1160 fuit
278 1133 428 1166 adnatum;
447 1135 513 1160 adeo
534 1137 563 1160 ttt
585 1133 631 1167 qui
651 1133 734 1164 vivat,
757 1140 810 1159 non
827 1135 881 1158 tam
909 1139 998 1159 aerem

212 1179 342 1214 spirattdo
357 1180 484 1211 addurat,
501 1187 580 1214 quam
597 1178 645 1207 Dei
657 1183 749 1206 utatur
777 1178 920 1206 benelicio.
946 1179 998 1204 Stt-

213 1232 322 1260 pererat
333 1231 422 1253 autem
439 1230 469 1253 ut
482 1225 718 1259 bouisimponeret
727 1224 880 1260 fastigium,
897 1224 924 1252 id
940 1229 999 1252 erat

213 1274 303 1308 ipsum
315 1280 344 1300 se
360 1272 451 1304 nobis,
473 1275 499 1299 et
528 1279 578 1300 nos
602 1272 653 1300 sibi
678 1272 871 1299 communione
894 1276 1000 1298 natura:

213 1319 378 1352 assintilare,
391 1324 419 1345 et
434 1326 449 1346 e
465 1323 553 1346 morte
583 1318 724 1350 reducere,
744 1323 826 1352 atque
840 1318 999 1345 haereditate

213 1364 314 1391 donare
327 1365 402 1399 regni
420 1363 562 1391 caelorum.
575 1363 642 1396 Quis
662 1364 747 1398 enim,
764 1363 809 1391 ubi
842 1371 872 1392 se
906 1365 996 1399 ipsum

212 1411 278 1438 dare
295 1410 429 1445 oportuit,
446 1411 672 1445 promptissimus
688 1410 739 1438 fuit
759 1419 766 1438 :
785 1410 829 1438 cui
847 1411 885 1438 rei
910 1411 994 1438 etiam

212 1458 236 1484 si
252 1458 368 1484 maxima
380 1457 426 1488 sit,
439 1456 484 1484 ille
502 1460 665 1492 pepercerit.

1047 267 1102 292 σμα
1116 266 1145 284 τε
1160 257 1341 292 ἀνεκτήσατο,
1360 257 1407 282 xui.
1419 255 1487 290 πρὸς
1503 255 1552 290 τὴν
1568 254 1707 289 προτέραν
1726 255 1828 289 ἐπανή-

1046 313 1116 338 γαγε
1129 304 1298 339 οἰκειότητα.
1312 302 1398 329 Τοῦτο
1414 303 1427 328 ὁ
1444 301 1583 337 κεραμεὺς
1605 301 1634 327 ὃν
1650 299 1721 327 εἶδεν
1746 301 1831 336 Ἰερε-

1048 350 1114 384 μίας
1124 357 1131 365 ·
1146 349 1309 383 τοῦτοὴτοῦ
1331 347 1509 378 διαπεσόντας
1525 346 1637 380 ἀγγείου
1656 345 1711 372 τῶν
1722 345 1828 372 ἐκείνου

1048 396 1148 431 χειρῶν
1170 394 1315 429 ἀνάληψις.
1342 394 1389 420 καὶ
1412 392 1480 427 πρὸς
1506 393 1574 426 ὅπερ
1600 392 1614 417 ὁ
1636 391 1764 426 τεχνίτης
1779 392 1830 425 ηὑ-

1047 442 1139 472 δύκει,
1162 440 1210 467 τοῦ
1245 440 1330 476 πηλοῦ
1361 438 1532 469 κατάπλασίς
1565 446 1595 464 τε
1627 438 1674 464 καὶ
1712 436 1830 472 μετατύ-

1047 496 1144 517 πωσις.

1089 533 1173 565 Ἀλλ’,
1185 532 1207 558 ὣ
1221 532 1267 558 τοῦ
1281 531 1419 565 θαύματος
1431 531 1437 557 l
1449 529 1594 565 θαυμαστὴ
1611 529 1660 564 μὲν
1668 530 1716 555 xui.
1727 530 1744 563 ἡ
1762 537 1830 563 προ-

1048 580 1115 614 τέρα
1131 579 1231 610 πλάσις
1252 578 1342 612 ἡμῶν,
1360 577 1462 612 χειρῶν
1474 576 1523 603 καὶ
1540 576 1740 610 ὲμφυσήματος
1752 575 1832 607 ἀξιω-

1049 626 1128 652 θεῖσα
1142 625 1210 651 Θεοῦ
1223 633 1230 637 ’
1246 624 1326 651 ἅτινά
1339 633 1404 651 ποτε
1431 623 1490 658 χεὶρ
1517 623 1564 648 καὶ
1589 622 1742 656 ἐμφύσημα
1763 621 1833 647 νοεῖ-

1049 680 1094 698 ται
1125 670 1212 697 Θεοῦ’
1241 669 1457 704 θαυμασιωτέρα
1483 668 1511 694 δὲ
1549 669 1566 702 ἠ
1590 667 1753 697 ἀνάπλασις,
1785 666 1833 692 καὶ

1049 716 1188 747 τοσοῦτον,
1202 717 1265 743 ὅσον
1283 715 1344 748 τοῦ,
1359 716 1385 741 τὶ
1410 716 1523 750 ποιῆσαι
1539 715 1611 748 ὑπὲρ
1633 722 1716 744 τινος,
1732 713 1762 739 τδ
1779 721 1833 738 πα·
1847 734 1850 735 ν

1051 762 1109 788 θεῖν
1127 761 1295 797 ὑψηλότερον
1313 761 1361 788 καὶ
1373 760 1642 796 φιλανθρωπότερον.
1662 760 1717 786 Καὶ
1735 759 1769 794 δὴ
1787 759 1834 786 καὶ

1050 808 1218 844 ἐδραιοτέρα.
1232 808 1301 842 Ἤδη
1317 809 1371 842 γάρ
1386 816 1436 834 που
1449 807 1496 833 καὶ
1513 806 1666 841 ἀνθρώπων
1688 805 1752 836 τοὺς
1770 805 1834 831 νοῦν

1051 855 1161 892 ἔχοντας
1177 855 1315 882 πεσοῦσαν
1328 854 1417 881 οἰκίαν
1444 853 1695 884 ἀνασκευάζοντας,
1712 851 1837 886 ἀσφαλέ-

1053 910 1137 936 στερα
1156 901 1209 928 τῶν
1224 900 1365 936 προτέρων
1379 899 1563 930 ἐκπονοῦντας
1574 897 1642 924 εἶδον
1657 898 1689 924 τὰ
1706 897 1835 931 δεύτερα,

1052 948 1098 975 τοῦ
1118 949 1155 982 μὴ
1176 948 1257 974 πάλιν
1271 947 1316 974 τὸν
1328 947 1386 973 ῐσον
1405 946 1487 981 φόϐον
1502 945 1552 979 τῆς
1564 944 1693 976 πτώσεως
1711 945 1838 978 ἐπηρτῆ-

1053 995 1125 1021 σθαι.
1150 995 1183 1020 Ὃ
1203 994 1226 1021 δ’
1245 994 1387 1030 ἄνθρωπος
1416 994 1450 1021 ἂν
1471 993 1603 1027 ποιήσειε,
1629 990 1718 1026 πολλῷ
1736 990 1838 1024 μᾶλλον

1051 1039 1123 1066 τοῦτ’
1140 1039 1172 1066 ἄν
1197 1047 1239 1071 τις
1267 1039 1326 1074 δοίη
1341 1039 1412 1074 Θεῷ.
1430 1039 1485 1066 Καὶ
1513 1038 1566 1074 μὴν
1581 1037 1629 1064 καὶ
1651 1037 1681 1064 τδ
1703 1036 1754 1071 μὲν
1780 1036 1850 1068 ’τοῖςΔ

1052 1087 1216 1126 ἀνθρώποις,
1223 1087 1290 1113 Θεὸν
1302 1087 1336 1113 τὰ
1349 1086 1457 1121 χρηστὰ
1474 1088 1616 1121 παρέχειν,
1638 1083 1790 1118 σύγχρονον
1804 1083 1837 1117 τῇ

1052 1135 1107 1161 τῶν
1122 1134 1277 1169 ἀνθρώπων
1292 1133 1411 1168 γενέσει,
1430 1133 1477 1159 καὶ
1499 1132 1529 1159 οὺ
1558 1131 1660 1166 μᾶλλον
1680 1130 1768 1165 ζήσας
1796 1137 1838 1160 τις

1053 1179 1132 1214 ἀέρος
1155 1178 1305 1213 ἔσπασενῆ
1330 1178 1456 1209 εὐποιίας
1483 1177 1600 1212 μετέσχε
1619 1175 1697 1203 Θεοῦ.
1716 1175 1796 1201 Ἔδει
1811 1175 1840 1201 δὲ

1052 1226 1082 1253 τὸ
1095 1226 1244 1261 κεφάλαιον
1260 1225 1421 1260 ἐπιτεθῆναι
1435 1224 1489 1251 τῶν
1498 1222 1695 1258 ἀγαθῶν.Τὸδε
1709 1219 1756 1256 ἦν,
1771 1222 1840 1248 ἑαυ-

1052 1273 1097 1299 τόν
1111 1280 1140 1298 τε
1154 1273 1231 1306 ἡμῖν,
1248 1271 1296 1298 καὶ
1312 1271 1386 1306 ἡμᾶς
1404 1270 1492 1305 ἑαυτῷ
1506 1271 1539 1305 τῇ
1571 1268 1700 1304 κοινωνίᾳ
1720 1269 1770 1303 τῆς
1785 1267 1836 1301 φύ-

1054 1327 1122 1349 σεως
1150 1317 1304 1350 οἰκειῶσαι,
1334 1318 1381 1344 καὶ
1400 1317 1432 1343 ὲκ
1457 1317 1574 1343 θανάτου
1601 1315 1762 1349 ἀναγαγεῖν,
1789 1314 1842 1340 καὶ

1052 1365 1153 1399 κλῆρον
1168 1363 1261 1391 δοῦναι
1281 1363 1330 1399 τὴν
1354 1363 1478 1398 οὐρανῶν
1496 1361 1646 1397 βασιλείαν.
1667 1361 1697 1387 '0
1720 1361 1789 1395 γὰρ,
1807 1357 1841 1386 οὗ

1051 1411 1099 1438 καὶ
1111 1410 1192 1436 αὐτὸν
1205 1409 1290 1445 ἑχρῆν
1309 1409 1461 1442 ἐπιδοῦναι,
1482 1409 1555 1444 μέγα
1568 1407 1598 1434 τὸ
1618 1407 1761 1442 πρόθυμον
1779 1415 1838 1433 πα..

1054 1456 1235 1494 ρασχὸμενος,
1251 1456 1324 1488 τίνος
1343 1455 1376 1483 ἂν
1396 1455 1488 1486 ἄλλου,
1515 1453 1566 1480 κᾶν
1583 1454 1712 1487 μέγιστον
1728 1450 1756 1488 ᾖ,
1775 1453 1840 1486 φεί-

1055 1514 1087 1532 σα
1092 1512 1132 1532 ιτο
1144 1514 1151 1539 ς

249 1547 345 1582 Magna
361 1548 444 1584 igitur
459 1548 516 1576 haec.
528 1554 603 1580 sunt,
616 1548 663 1576 sed
681 1556 769 1583 neque
794 1549 896 1582 aliena,
910 1556 998 1583 neque

1085 1553 1166 1585 Μέγα
1185 1551 1234 1586 μὲν
1252 1548 1308 1583 οὖν,
1325 1549 1400 1576 οὐδὲν
1419 1548 1448 1575 δὲ
1477 1549 1579 1576 ἄτοπον
1596 1548 1611 1583 ἣ
1629 1547 1774 1579 ἀδύνατον,
1792 1548 1840 1572 καὶ

213 1601 244 1621 ex
262 1601 356 1621 eorum
376 1602 500 1625 numero.
517 1603 577 1630 qua:
588 1595 645 1622 fieri
662 1602 716 1622 non
747 1598 873 1630 possunt,
914 1595 1000 1622 Deuttt

214 1647 264 1675 pro
279 1640 437 1668 hominibus
465 1641 523 1668 ﬁeri
552 1641 699 1673 hominem,
716 1646 871 1668 manentem
893 1641 1001 1668 interim

216 1686 297 1713 Deum
314 1693 339 1714 et
355 1695 402 1720 per
419 1694 528 1714 carnem
552 1694 566 1714 a
582 1694 612 1714 se
643 1692 812 1721 assutnptam
845 1688 1000 1716 universam

214 1740 323 1759 carnem
336 1733 398 1759 vita:
413 1733 567 1760 restituere.
585 1731 652 1759 Tam
667 1733 806 1766 gloriosus
832 1737 928 1761 contra
947 1734 1002 1761 iui-

215 1779 314 1806 mieum
328 1779 483 1811 conﬂictus,
502 1783 527 1806 et
542 1783 596 1806 tam
624 1778 765 1814 splendida
783 1780 817 1807 ab
833 1780 928 1808 eodem
961 1788 1004 1808 re—

215 1829 319 1859 portata
337 1825 388 1852 l‘uit
402 1826 524 1853 victoria.
541 1825 610 1859 Quid
625 1826 721 1867 enim?
751 1826 864 1854 hoccine
885 1832 1002 1860 tantum,

216 1871 356 1899 hominem
373 1879 419 1907 per
432 1872 546 1900 insidias
566 1873 725 1908 impostoris
740 1873 859 1908 lapsum,
885 1879 912 1902 et
928 1875 1002 1902 lttuni

216 1918 314 1944 misere
325 1918 460 1953 iacentem
471 1937 478 1951 ,
494 1919 561 1947 adeo
589 1919 698 1952 elevari,
717 1924 848 1955 quantum
877 1921 1003 1948 excidere

215 1965 248 1991 al)
264 1972 296 1991 eo
309 1965 380 1998 quod
407 1965 439 1991 ab
455 1965 532 1992 initio
554 1966 680 1993 obtinere
714 1967 878 1994 videbatur!
907 1967 1002 2002 Itaque

217 2016 299 2042 quam
315 2014 426 2044 propter
441 2011 693 2045 praevaricationem
711 2011 781 2046 jussi
802 2019 897 2039 sumus
923 2013 1002 2040 habi-

219 2058 279 2080 tare
297 2059 406 2088 terram,
425 2062 479 2082 non
499 2059 552 2082 tam
566 2057 655 2083 exsilii
668 2056 756 2084 locum
771 2066 851 2092 quant
866 2059 1001 2086 coloniam

216 2098 248 2124 ad
267 2103 373 2132 tempus
389 2100 554 2135 assignatam
567 2108 628 2129 esse
644 2102 793 2129 credimus.
813 2103 879 2130 Nam
907 2104 1003 2131 incoli-

180 2144 185 2150 '
218 2152 276 2172 mus
302 2146 450 2174 etiamdum
484 2148 564 2175 hodie
589 2148 744 2183 paradisum
772 2157 830 2184 spe,
854 2155 882 2177 et
912 2150 1001 2183 bonis,

217 2192 315 2225 quibus
331 2192 376 2219 ille
392 2192 560 2227 abundabat,
575 2195 703 2227 fruimur,
719 2200 747 2222 et
766 2204 820 2230 quo
848 2197 916 2223 nihil
946 2205 1002 2224 nta-

216 2237 262 2268 jus
282 2241 334 2269 est,
353 2243 479 2265 naturam
499 2246 621 2268 nostram
642 2241 773 2269 habemus
795 2249 854 2276 quae
880 2243 999 2270 assideat

218 2281 273 2309 Deo
286 2287 313 2309 et
329 2282 413 2316 Patri,
432 2289 649 2320 potestatemque
669 2287 824 2320 accepimus
851 2292 880 2314 ut
905 2288 999 2315 linmus

218 2327 264 2354 Dei
278 2327 337 2360 lilii,
352 2329 474 2363 adeoque
490 2330 537 2358 dii.
554 2330 609 2365 Age
628 2339 701 2363 vero,
720 2337 847 2366 possetne
873 2334 934 2367 quis
958 2334 1000 2361 di—

217 2379 278 2399 cere
296 2378 386 2400 utrum
401 2373 507 2402 felicius
526 2375 615 2403 vivere
631 2377 710 2404 nobis
726 2377 761 2404 sit
776 2379 950 2413 permissum,
967 2387 1000 2406 an

218 2418 290 2446 Deus
305 2419 409 2455 majore
422 2427 473 2448 ttos
491 2428 584 2450 amore
600 2423 804 2457 prosequatur?
829 2424 925 2456 Nemo,
942 2427 1001 2460 opi-

218 2471 278 2491 nor.
300 2465 372 2498 Quid
390 2466 542 2494 reddemus
572 2467 688 2494 Dontiuo
720 2477 768 2504 pro
788 2470 916 2497 omttibus
938 2478 998 2505 quas

216 2511 290 2538 dedit
308 2511 404 2539 nobis?
421 2511 485 2540 Sive
498 2513 570 2540 enim
585 2514 684 2541 omium
697 2519 723 2541 et
741 2519 853 2546 terram.
867 2523 893 2543 et
909 2517 1000 2543 omnia

217 2564 278 2591 quae
291 2557 318 2584 in
330 2558 369 2585 eis
384 2563 459 2591 sunt,
474 2563 616 2593 proponat,
631 2560 717 2595 regias
731 2560 833 2588 homini
849 2567 1002 2590 exstructas

218 2602 310 2630 videre
326 2603 414 2637 licet;
434 2604 492 2631 sive
509 2604 645 2632 hominem
675 2606 768 2640 tingat,
788 2611 814 2633 et
844 2608 1003 2635 intmortali-

216 2652 272 2676 tate
284 2653 373 2682 ornet,
387 2654 415 2676 et
431 2650 593 2677 excellentia
611 2652 726 2686 proprize
753 2652 876 2688 imaginis
894 2655 1002 2688 vestiat,

215 2693 278 2726 quis
295 2702 350 2721 non
363 2695 436 2722 hunc
452 2696 528 2723 illum
560 2705 621 2724 esse
633 2697 745 2731 iudicet,
760 2699 806 2733 qui
839 2700 908 2727 bene
940 2701 1004 2728 velit

217 2739 340 2773 beneque
370 2741 451 2768 iaciat
486 2743 614 2769 homini?
636 2743 694 2771 sive
732 2745 812 2772 etiam
847 2747 1003 2780 paradisum

218 2786 320 2817 plantis
337 2793 474 2814 amantum
490 2788 572 2815 faciat
584 2794 611 2815 et
627 2789 762 2817 hominem
789 2792 816 2817 in
843 2799 875 2818 eo
891 2792 1004 2819 collucet

217 2831 296 2864 (euge
313 2831 455 2867 felicitas),
475 2835 532 2861 sive
544 2835 605 2861 inde
619 2835 708 2870 exigat
729 2840 756 2863 et
770 2841 857 2864 morte
883 2838 1002 2871 damnet,

215 2881 248 2901 ea
261 2875 293 2901 de
311 2882 405 2909 causa,
424 2886 457 2905 tte
471 2879 569 2906 malum
583 2880 689 2915 longius
710 2885 735 2908 et
761 2882 865 2917 l0ttgius
894 2889 999 2918 serpit,

1053 1599 1197 1633 ἄνθρωπον
1214 1597 1284 1631 ὑπὲρ
1304 1595 1457 1630 ἀνθρώπων
1473 1595 1602 1628 γενέσθαι
1617 1594 1663 1620 τὸν
1688 1593 1768 1624 Θεὸν,
1791 1595 1841 1627 μέ-

1053 1653 1132 1671 νοντα
1144 1643 1226 1671 πάλιν
1241 1642 1321 1676 Θεὸν,
1335 1642 1382 1668 καὶ
1397 1641 1441 1668 διὰ
1456 1641 1505 1676 τῆς
1518 1640 1594 1675 αὐτῷ
1616 1639 1840 1676 προσληφθείσης

1054 1689 1166 1725 σαρκὸς,
1183 1689 1274 1716 πᾶσαν
1300 1687 1508 1715 ἀνανεώσασθαι
1537 1686 1587 1721 τὴν
1613 1687 1667 1712 τῶν
1685 1686 1838 1720 ἀνθρώπων

1053 1735 1145 1770 φύσιν.
1159 1734 1240 1762 Οὕτω
1254 1735 1309 1769 γὰρ
1322 1733 1489 1769 εὐπρόσωπα
1506 1733 1596 1759 δοκεῖν
1609 1730 1665 1767 εἶχε
1680 1733 1727 1758 καὶ
1739 1733 1773 1758 τὰ
1791 1733 1839 1767 τῆς

1054 1782 1122 1818 πρὸς
1136 1781 1181 1809 τὸν
1199 1781 1297 1816 ἐχθρὸν
1312 1780 1473 1815 συμπλοκῆς
1491 1788 1520 1805 τε
1544 1780 1591 1806 καὶ
1611 1779 1700 1813 νίκης.
1727 1777 1760 1804 Τί
1784 1779 1837 1814 γὰρ

1052 1829 1180 1856 τοσοῦτον
1198 1829 1222 1855 ει
1235 1828 1380 1863 ἄνθρωπον
1398 1828 1493 1854 πεσεῖν
1506 1827 1551 1852 καὶ
1567 1825 1771 1860 ταπεινωθῆναι
1785 1833 1838 1852 κα-

1053 1875 1233 1910 κοτεχνήσας,
1252 1875 1304 1901 ὑπὸ
1317 1873 1386 1900 Θεοῦ
1403 1873 1582 1907 καθαιροῖτο;
1603 1872 1685 1898 Ὅσον
1707 1872 1732 1897 εἱ
1752 1868 1838 1906 οὗπερ

1053 1921 1142 1947 ἐδόκει
1161 1921 1274 1956 κρατεῐν
1287 1920 1444 1947 ὑπὸτούτου
1458 1922 1507 1955 τῆς
1521 1921 1607 1956 ἀρχῆς
1622 1919 1837 1946 ἀπαλλάττοιτο.

1060 1966 1203 1994 Ἐντιῦθιν
1221 1966 1266 1992 καὶ
1285 1966 1318 2002 ἢν
1344 1967 1376 1992 ἐκ
1399 1967 1586 2001 παρασάσιως
1601 1967 1687 1993 οἰκεῖν
1708 1966 1839 2001 κατεκρί-

1053 2012 1140 2047 θημεν
1157 2012 1218 2047 γῆν,
1234 2013 1283 2047 οὐχ
1298 2012 1334 2043 ὡς
1351 2013 1511 2047 καταδίκην,
1538 2012 1596 2039 ἀλλ’
1611 2012 1648 2044 ὡς
1667 2013 1838 2047 πρόσκαιρον

1054 2059 1200 2093 παροικίαν
1216 2058 1286 2085 εἶναι
1305 2060 1458 2095 πειθόμεθα
1472 2068 1478 2075 ·
1494 2061 1540 2087 καὶ
1554 2061 1604 2095 ἤδη
1620 2068 1654 2095 γε
1671 2061 1732 2091 ταῖς
1747 2061 1857 2087 ἐλπίσι-

1053 2106 1099 2132 τὸν
1121 2106 1292 2138 παράδεισον
1310 2106 1388 2137 αὖθις
1416 2106 1555 2141 οἰκοῦμεν,
1583 2108 1629 2134 καὶ
1645 2107 1700 2133 τῶν
1729 2108 1838 2141 ἀγαθῶν

1054 2152 1111 2178 ἐκεῖ
1124 2152 1357 2187 κατατρυφὼμεν,
1371 2153 1457 2178 καὶτὸ
1473 2153 1504 2186 δὴ
1523 2154 1620 2184 παντὸς
1645 2154 1738 2188 μεῖζον
1767 2155 1837 2180 οὗτι-

1054 2196 1214 2225 νοσοίν.ὂτι
1240 2198 1289 2233 τὴν
1304 2199 1447 2232 ἡμετέραν
1477 2198 1559 2232 φύσιν
1587 2199 1714 2234 σύνεδρον
1740 2199 1836 2235 ἔχομεν

1053 2242 1093 2276 τῷ
1113 2242 1173 2277 Θεῷ
1186 2243 1233 2270 καὶ
1249 2244 1347 2278 Πατρὶ.
1370 2246 1416 2270 καὶ
1445 2245 1529 2270 τέκνα
1549 2245 1677 2278 γενέσθαι
1695 2246 1743 2272 καὶ
1756 2247 1836 2280 ἡμεῖς

1052 2288 1120 2315 Θεοῦ
1147 2290 1192 2314 καὶ
1217 2288 1284 2321 θεοὶ,
1310 2289 1434 2321 ἐξουσίαν
1462 2290 1606 2325 ἐλάϐομεν.
1628 2289 1702 2326 Ἀρα
1736 2292 1837 2319 τούτων

1053 2335 1110 2370 ἔχοι
1125 2343 1166 2366 τις
1186 2337 1219 2362 ἂν
1234 2337 1322 2362 εἰπεῖν
1353 2336 1369 2371 ἦ
1387 2338 1459 2371 ἡμᾶς
1482 2339 1615 2373 ἐγχωρεῖν
1631 2339 1838 2373 εὐδαιμονέστε-

1054 2389 1099 2416 ρον
1113 2381 1227 2416 πρᾶξαι,
1242 2381 1258 2416 ἥ
1271 2382 1318 2409 τὸν
1335 2383 1402 2409 Θεὸν
1423 2383 1670 2419 φιλανθρωποτέρῳ
1680 2384 1836 2419 χρήσασθαι

1052 2427 1163 2462 τρόπῳ;
1185 2427 1290 2460 Οὐδεὶς,
1307 2426 1395 2463 οἴμαι,
1412 2429 1681 2464 Τίάνταποδὼσομεν
1692 2431 1730 2465 τῷ
1743 2431 1836 2466 Κυρίῳ

1054 2473 1119 2507 περὶ
1134 2474 1245 2499 πάντων
1264 2471 1301 2500 ὧν
1316 2474 1510 2501 ἀνταπέδωκεν
1530 2477 1617 2510 ήμῖνς
1644 2476 1698 2502 Καὶ
1725 2476 1779 2509 γὰρ
1804 2477 1836 2503 ἂν

1053 2519 1170 2552 οὐρανὸν
1183 2520 1292 2554 παράγῃ
1311 2520 1359 2546 καὶ
1373 2522 1423 2554 γῆν
1440 2522 1488 2547 καὶ
1511 2521 1561 2547 ὃσα
1579 2521 1608 2546 ἐν
1624 2521 1740 2553 τούτοις,
1757 2522 1836 2556 βασί-

1053 2564 1112 2590 λεια
1128 2565 1260 2600 πάρεστιν
1274 2567 1340 2600 ὸρᾷν
1355 2567 1569 2601 οἰκοδομούμενοι
1583 2567 1621 2601 τῷ
1641 2567 1779 2602 ἀνθρώπῳ
1789 2576 1795 2582 ·
1806 2568 1838 2594 ἂν

1054 2610 1101 2636 τὸν
1115 2610 1259 2645 ἄνθρωπον
1281 2611 1365 2638 αὐτὸν
1383 2612 1509 2638 πλάττων
1534 2613 1684 2639 ἀθανασίαν
1701 2621 1731 2638 τε
1755 2621 1837 2647 μετα-

1053 2657 1118 2690 διδῷ
1138 2658 1185 2683 καὶ
1202 2657 1310 2692 ἀξίωμα
1332 2658 1458 2693 περιτιθῇ
1484 2659 1535 2694 τὴν
1552 2659 1658 2685 οἰκεῖαν
1674 2660 1777 2688 είκόνα.
1796 2661 1837 2691 τίς

1055 2702 1086 2728 ἂν
1101 2703 1131 2728 οὐ
1147 2703 1191 2729 τὸν
1202 2704 1346 2738 ἄνθρωπον
1361 2703 1566 2737 εὐεργετοῦντος
1577 2703 1647 2731 εἶναι
1667 2705 1747 2732 τοῦτο
1764 2706 1837 2739 λογι-

1055 2755 1148 2780 σαιτος
1169 2748 1217 2774 Ἂν
1235 2747 1402 2781 παράδεισον
1419 2749 1521 2784 φυτεύῃ
1548 2749 1596 2775 καὶ
1621 2749 1668 2776 τὸν
1694 2750 1837 2785 ἄνθρωπον

1055 2793 1082 2818 ὲν
1100 2793 1173 2828 αὐτῷ
1190 2793 1344 2828 καθιδρύῃ;
1363 2794 1400 2820 Εὖ
1421 2803 1451 2826 γε
1483 2795 1530 2828 τῆς
1559 2796 1770 2830 μακαριότητο;.
1789 2798 1837 2823 Ἂν

1055 2840 1159 2864 ἐκεῖθεν
1178 2839 1261 2874 ἐξάγῃ
1278 2841 1326 2866 καὶ
1355 2841 1460 2874 θανάτῳ
1477 2841 1658 2876 καταδικάζῃ.
1681 2842 1764 2874 φειδὼ
1792 2841 1836 2866 τοῦ

1059 2886 1218 2919 προϐαίνειν
1243 2886 1319 2913 ἐσαεὶ
1334 2887 1363 2912 τὸ
1390 2889 1491 2918 κςκόνς
1514 2888 1561 2912 “Av
1580 2887 1607 2913 δὲ
1625 2890 1671 2913 καὶ
1695 2888 1760 2918 θεὸς
1788 2888 1835 2920 ων,
