1924 3092
97 127 162 161 100]

554 130 695 161 ORATIO
713 131 751 162 lN
770 129 1027 162 SEPULTURAM
1049 133 1081 163 D.
1102 135 1137 165 N.
1159 133 1188 167 Ι.
1210 133 1242 164 C.

1654 130 1729 162 ιοια

96 187 198 219 ὁλϐιος,
212 187 259 214 καὶ
272 187 374 219 παντὸς
390 187 558 219 οὑτινοσοῦν,
576 187 663 223 ἀρχὴν
676 188 724 214 καὶ
741 188 828 222 μέσην
837 187 885 213 καὶ

941 195 987 216 sua
1005 190 1030 216 vi
1048 199 1180 219 numerus
1195 196 1246 224 est,
1258 195 1284 219 et
1299 197 1346 226 per
1366 190 1454 225 ipsmn
1470 193 1577 222 tempus
1601 190 1644 215 est
1665 187 1724 214 dis-

96 234 173 265 τέλος
189 233 355 270 ὀρίζει,·και
373 234 469 270 πρώτη
487 235 675 268 συνεστήσατο
707 235 809 270 σχῆμα.
839 234 887 260 καὶ

96 281 147 307 ὅσα
177 281 223 307 τὸν
251 281 375 315 παρόντα
411 281 551 315 διαφεύγει
591 282 696 315 καιρόν.
721 281 769 308 Ἒν
801 281 829 307 δὲ
856 281 886 306 τὸ

97 328 254 363 κράτιστον,
275 327 316 354 δτι
345 328 393 354 καὶ
423 328 508 362 Tota;
536 329 549 354 ὑ
568 327 648 359 Θεὸς,
665 327 759 361 ὥσπερ
791 327 823 361 δὴ
838 328 886 353 καὶ

99 373 192 409 μονάς.
221 373 361 408 Τιμᾶσθαι
387 373 453 407 γοῦν
491 373 632 400 κάνταῦθα
673 373 809 400 διδάσκων
839 373 886 399 τὸν

97 421 127 447 ὲν
151 420 249 455 Τριάδι
273 420 351 452 Θεὸν,
367 419 384 454 ἢ
416 420 464 446 καὶ
496 420 592 446 ἑαυτὸν
617 420 666 446 ’ἐνα
692 420 741 453 τῆς
769 419 886 454 Τριάδος

96 466 204 497 δεικνὺς
223 465 355 501 ὀΣωτὴρ,
371 464 443 492 οὕτω
467 465 515 492 καὶ
532 466 566 492 τὰ
591 466 662 492 κατὰ
686 465 750 496 τοὺς
771 465 885 500 χρόνους

97 512 212 539 διέθετο.

131 642 225 670 Ταῦτα
237 642 270 677 δὴ
286 641 379 669 καὶτὰ
397 641 516 677 πρόσθεν
536 641 684 676 βλέποντες
699 641 724 667 οι
749 640 883 673 Ἰουδαῖοι,

99 689 136 725 μὴ
149 689 402 724 προσκοπτέτωσαν
416 689 448 723 τῇ
467 688 560 722 σαρκί.
577 687 644 719 Θεὸς
655 687 709 722 γὰρ
722 687 751 714 ὃν
766 688 885 723 γεννητὴ

98 736 180 771 φύσις
191 735 296 770 γυμνὸν
311 735 378 770 ὀρᾷν
396 732 445 761 οὐκ
460 734 492 761 ἃν
507 734 627 766 δύναιτο,
643 735 671 760 ἐν
688 734 757 769 αὐτῇ
772 733 885 768 διαφαί-

97 791 183 814 νεται,
201 783 247 809 καὶ
271 784 326 814 τοῖς
352 784 390 817 τῷ
416 782 573 816 φαινομένῳ
590 781 803 816 προσκρούουσι,
824 781 882 816 ἔχει

98 828 286 864 παραφαίνειν
300 828 350 863 τὴν
378 828 494 864 ἀόρατον
510 827 637 861 δύναμιν.
666 827 747 853 Ἀλλὰ
772 826 883 858 τούτους

98 875 149 909 μὲν
173 875 227 901 τῶν
257 875 346 902 ἄλλων
376 874 525 910 προφητῶν
551 875 600 901 οὐκ
624 873 700 900 ἔστιν
728 874 803 905 ὅστις
836 873 886 900 οὐκ

97 922 196 958 ἠλεγξε
211 922 348 957 πονηροὺς
372 921 464 953 ὄντας,
480 921 611 955 Ἰωάννης
627 921 656 947 δὲ
675 920 723 947 καὶ
741 920 885 955 γεννήμα-

99 977 142 995 σιν
156 969 267 995 εἴκασεν
281 968 402 1003 ἑχιδνῶν.
427 968 463 994 Τὸ
478 968 534 1003 γὰρ
551 966 625 998 ἔθνος
642 966 763 1001 ἀτεχνῶς
773 965 886 1001 ἐχιδνῶν

100 1013 238 1047 γέννημα,
255 1014 416 1049 ἀχάριστον,
432 1014 480 1040 καὶ
500 1013 621 1048 δήγμασι
647 1014 693 1039 τὸν
719 1015 749 1040 ἐν
773 1013 886 1044 κόλποις

99 1059 239 1094 emam
267 1060 436 1095 διαφθεῖρον.
461 1057 542 1087 Οὗτοι
567 1059 621 1093 γὰρ
638 1059 683 1086 καὶ
705 1059 805 1091 πολλὰς
830 1059 888 1085 ἐνέ-

98 1105 165 1139 δρας
187 1105 222 1132 δι’
246 1105 409 1141 ἐρωτήσεων
432 1105 471 1140 τῷ
491 1105 598 1140 Σωτῆρι
624 1105 764 1140 προσῆγον
779 1113 787 1120 ·
805 1105 819 1132 δ
844 1105 884 1137 δὲ,

98 1151 202 1183 ταύτας
216 1151 333 1178 διέλυεν.
349 1153 380 1178 Οἱ
397 1151 425 1178 δὲ
439 1151 489 1186 τὴν
503 1151 531 1177 ὲν
545 1153 601 1182 τοῖς
628 1151 724 1184 μύθοις
737 1151 823 1186 ὕδραν
840 1161 885 1186 μι-

101 1196 243 1232 μούμενοι,
271 1198 320 1232 τῆς
337 1197 450 1233 πρώτης
479 1198 601 1232 κεφαλῆς
618 1198 789 1233 τεμνομένης
800 1217 808 1230 ,
826 1198 884 1225 ὲτέ-

102 1252 151 1279 ριν
172 1244 296 1278 ἀνίσχειν
312 1245 446 1279 παρεῖχον
461 1244 586 1278 ἑτοίμως.
605 1245 659 1270 Καὶ
682 1244 787 1279 ταύτης
807 1245 888 1279 ἀφαι-

103 1290 250 1326 ρουμένης,
277 1291 337 1317 οὐδὲ
361 1291 458 1326 τρίτην
476 1291 643 1325 προῦέιλλειν
670 1291 803 1326 ήμὲλουν,
828 1290 887 1318 εἶτα

100 1337 185 1372 ἀλλην
201 1337 338 1372 ἐπ’ἆλλῃ,
367 1338 464 1372 μέχρις
477 1333 508 1364 οὗ
527 1337 629 1369 πολλὰς
652 1339 701 1371 μὲν
721 1338 888 1372 προϊσχόμε-

99 1391 151 1414 νοι.
173 1383 264 1416 πάσας
287 1383 310 1410 δ’
328 1383 525 1417 ἀποϐαλόντες,
549 1384 624 1415 τέλος
641 1385 681 1419 τῷ
706 1386 888 1418 συκοφαντεῖν

99 1430 215 1462 ἑαυτοὺς
241 1430 446 1462 καθοπλίζουσι.
461 1432 514 1458 Καὶ
527 1431 615 1463 οὕτως
640 1431 797 1466 ἐπιθέμενοι
815 1431 891 1458 ἑκόν-

937 238 1082 269 tributum,
1101 243 1127 265 et
1151 237 1340 265 excellentiam
1359 244 1406 270 per
1432 235 1506 262 hunc
1535 233 1724 261 deelavavitis
1757 250 1759 255 .

937 285 982 318 qtti
1001 290 1039 311 ter
1068 289 1219 318 quaterque
1232 285 1328 310 beatus
1347 285 1408 309 est:
1426 286 1453 308 et
1478 281 1517 308 rei
1546 278 1725 312 uniuscujus-

937 338 989 365 quc
1008 330 1183 364 principium,
1201 330 1319 357 medium
1349 336 1380 356 ac
1396 329 1476 355 linem
1506 325 1682 357 determinat,
1696 329 1723 351 et

937 377 1052 412 primam
1084 377 1195 410 figuram
1230 375 1396 406 constituit,
1424 379 1450 401 et
1478 379 1647 408 qttatcunque
1673 370 1724 397 hoc

937 427 1044 458 tempus
1061 422 1153 450 afferri
1174 429 1229 449 non
1248 421 1361 456 patitur.
1381 419 1470 447 Unum
1495 424 1585 446 autem
1610 421 1651 444 est
1678 424 1724 443 su-

935 477 1072 504 premum,
1089 468 1161 502 quod
1180 469 1258 497 Dens.
1276 467 1348 495 sicut
1363 467 1452 493 unitas
1466 469 1519 497 est,
1538 464 1575 491 ita
1589 467 1616 490 et
1635 463 1724 490 ternio

936 517 983 548 sit,
999 516 1040 543 vel
1053 516 1118 542 hinc
1138 523 1188 541 nos
1201 514 1302 541 docens
1317 513 1457 545 Servator,
1476 511 1600 539 venerari
1617 510 1644 537 in
1669 515 1725 537 ter-

936 561 1018 588 nione
1040 560 1136 591 Deum.
1165 565 1213 587 aut
1242 559 1392 586 ostendens
1425 566 1453 586 se
1468 565 1502 585 ex
1525 553 1650 584 terni'one
1663 563 1725 583 esse

936 615 1032 635 unum.
1042 607 1080 634 [ta
1089 614 1198 641 quoque
1206 613 1235 632 se
1245 606 1356 638 habent,
1365 612 1425 639 quae
1433 605 1465 630 ad
1478 608 1584 638 tempus
1597 602 1722 630 attinent.

972 653 1034 680 Haec
1050 653 1144 687 igitur,
1160 656 1187 679 et
1199 659 1229 678 ea
1250 659 1311 686 qua}
1333 654 1545 685 praecesserunt,
1573 647 1724 683 conspicati

935 700 1033 732 Judazi,
1051 699 1178 726 desinant
1193 705 1304 725 carnem
1330 696 1536 727 circumcidere.
1550 694 1621 722 Deus
1650 693 1723 721 enim

935 746 1045 781 (quem
1073 749 1170 771 natura
1198 743 1288 778 genita
1321 748 1433 769 cernere
1451 739 1593 775 nequeat)
1612 739 1638 766 in
1666 738 1724 773 ipsa

936 795 1102 826 conspectus
1117 794 1169 823 est,
1182 790 1222 817 sic
1243 795 1272 817 ut
1292 789 1335 817 bis
1361 789 1407 823 qui
1432 792 1608 821 conspectum
1636 787 1724 820 ipsum

937 837 1105 871 rejceerunt,
1121 836 1270 870 potentiam
1286 843 1346 870 qua}
1363 835 1424 863 visu
1440 833 1544 869 percipi
1559 832 1662 867 nequit,
1679 838 1727 858 os-

938 884 1049 911 tendere
1062 883 1160 918 possit.
1179 882 1230 909 Sed
1247 882 1296 909 hos
1309 889 1390 909 nemo
1406 881 1478 908 inter
1495 880 1564 907 alios
1578 878 1725 914 prophetas

939 930 1003 964 fuit,
1020 929 1066 964 qui
1079 937 1133 956 non
1148 928 1291 964 improbos
1305 935 1367 956 esse
1391 926 1587 963 pronuntiarit.
1606 924 1726 952 Joannes

937 982 1029 1004 autem
1049 975 1138 1004 soboli
1163 976 1318 1010 viperarum
1348 973 1520 1002 assimilavit.
1538 971 1605 998 Nam
1634 977 1726 998 revera

936 1031 1003 1059 gens
1016 1023 1073 1050 haec
1087 1029 1208 1057 propago
1222 1025 1264 1049 est
1287 1022 1453 1055 viperarum,
1470 1023 1500 1047 ut
1525 1017 1572 1054 qui
1593 1017 1726 1044 virulcnto

937 1076 1031 1095 morsu
1047 1067 1123 1095 illum
1141 1069 1355 1099 interemerant,
1373 1066 1401 1093 in
1414 1065 1492 1099 cuius
1507 1066 1568 1092 sinu
1597 1063 1727 1091 foveban-

940 1118 994 1141 tur.
1007 1113 1039 1140 ill
1054 1117 1130 1146 sunt,
1142 1113 1190 1147 qui
1206 1119 1253 1146 per
1267 1111 1368 1138 multas
1386 1109 1611 1145 percontationes
1628 1106 1725 1134 Serva-

942 1160 993 1187 tori
1010 1161 1123 1193 laqueos
1140 1162 1314 1190 struxerunt,
1328 1157 1355 1184 hi
1370 1156 1416 1192 qui
1428 1156 1541 1191 hydram
1564 1154 1638 1181 illam
1667 1159 1725 1187 quae

941 1206 969 1233 in
985 1205 1082 1233 fabulis
1095 1210 1150 1238 est,
1168 1205 1278 1236 imitati,
1295 1204 1378 1231 unius
1396 1202 1531 1238 amputati
1555 1200 1652 1236 capitis
1667 1199 1726 1226 loco

941 1261 956 1280 e
970 1253 1095 1287 vestigio.
1112 1253 1184 1287 quod
1198 1251 1384 1286 porrigerunt,
1413 1249 1568 1276 habuerunt
1600 1246 1727 1277 alterum,

939 1304 965 1326 ct
982 1300 1032 1326 hoc
1047 1298 1155 1325 sublato
1174 1305 1227 1324 non
1244 1296 1366 1323 cunctati
1383 1299 1449 1323 sunt
1468 1293 1588 1327 objicere
1605 1291 1727 1320 tertium.

940 1345 1003 1372 dein
1028 1344 1101 1372 aliud
1115 1348 1176 1378 post
1196 1342 1271 1370 aliud
1291 1341 1402 1369 :doncc
1429 1339 1520 1367 multis
1549 1336 1684 1373 porrectis
1702 1339 1727 1362 et

941 1391 1109 1418 detruncatis
1125 1389 1158 1417 ad
1177 1393 1331 1417 extremum
1348 1395 1377 1414 se
1397 1386 1542 1414 calumniis
1577 1387 1728 1414 armarunt,

942 1442 1024 1473 atque
1052 1436 1094 1464 his
1126 1440 1254 1471 urgentes
1278 1434 1414 1462 volentem
1442 1432 1564 1460 volentes
1590 1429 1728 1464 corripue-

99 1485 145 1509 τες
165 1477 264 1504 ἑκόντα
295 1477 416 1512 αἱροῦσι,
438 1478 486 1505 καὶ¹
506 1477 654 1512 ἀνάγουσιν
673 1479 723 1505 ἐπὶ
739 1478 785 1504 τὸν
804 1485 888 1505 σταυ-

941 1488 1006 1512 runt
1032 1487 1060 1511 et:
1084 1483 1117 1510 ad
1134 1490 1244 1511 crucem
1261 1481 1448 1508 abduxerunt.

101 1523 157 1559 ρον.

136 1570 173 1597 Τὸ
186 1570 241 1606 γὰρ
257 1571 304 1598 τδν
321 1571 438 1606 λεγεῶσι
455 1570 620 1605 πνευμάτων
635 1570 818 1606 ὶπιτιμῶντα,
841 1571 890 1597 καὶ

100 1617 220 1653 ἀνὲμους
247 1617 371 1650 ίστάντα,
402 1618 449 1644 καὶ
479 1618 526 1644 ἐπὶ
555 1617 703 1649 θαλάσσαις
732 1617 887 1652 βαδίζοντα,

101 1664 208 1700 θνητῶν
219 1664 383 1699 ἀνθρώπων,
401 1664 450 1691 καὶ
465 1665 525 1691 οὐδὲ
543 1665 672 1691 πλείστου
685 1664 771 1697 ἀξίων
787 1664 890 1699 ἥττονα

100 1713 259 1747 φαίνεσθαι,
271 1712 406 1748 οὖμενουν
423 1713 474 1748 τῆς
497 1713 612 1740 ἐκείνων
627 1713 770 1748 δυνάμεως
786 1712 889 1747 γνώρι-

102 1768 172 1794 σμα,
184 1759 234 1794 τῆς
247 1759 276 1786 δὲ
293 1759 389 1786 τούτου
398 1759 599 1795 μακροθυμίας
623 1760 722 1794 δεῖγμα
741 1760 789 1786 καὶ
807 1758 889 1794 βαθυ-

100 1807 185 1842 clpa;
198 1806 368 1841 οἰκονομίας.
389 1806 467 1833 Ἐπεὶ
486 1807 532 1833 καὶ
549 1806 626 1838 Θεὸς,
640 1806 678 1836 ὼς
693 1806 726 1832 ἂν
745 1806 792 1832 καὶ
808 1814 890 1832 σταυ-

103 1852 215 1889 ροῦντες
244 1854 432 1888 συμφήσαιεν,
459 1853 523 1884 τοὺς
545 1852 596 1886 τὴν
625 1852 729 1878 ἐκείνου
756 1851 840 1886 τιμὴν
861 1851 890 1883 ἐξ

99 1899 186 1925 αὐτοῦ
210 1899 382 1931 καθελόντες,
408 1900 455 1925 καὶ
468 1900 526 1929 τοῖς
546 1899 654 1932 νεκροῖς
680 1897 890 1929 ἀνατεθεικότες

99 1943 235 1978 εἰδώλοις,
251 1947 288 1980 μὴ
305 1946 395 1979 ῥίζαις
408 1945 506 1976 αὑταῖς
522 1943 640 1978 ἐξαίρων
665 1944 714 1970 καὶ
736 1942 889 1977 ἀφανίζων,

101 1991 286 2027 ἐκδηλότατον
319 1992 433 2026 ἐκφέρει
458 1992 546 2025 δήπου
574 1990 626 2024 τῆς
653 1989 759 2021 οἰκείας
788 1991 890 2028 ἀνοχῆς

102 2038 251 2072 σύμϐολον.
271 2037 375 2072 Ἔγωγ’
392 2038 439 2064 οὖν
454 2035 525 2069 οἶδα,
536 2036 688 2071 δυνάμενον
703 2036 752 2071 μὲν
771 2036 807 2071 μὴ
835 2036 889 2063 πά-

101 2093 189 2119 σχειν,
205 2083 367 2119 βουλόμενον
380 2084 419 2110 δέ.
441 2083 516 2118 Πλὴν
530 2083 584 2109 ἔδει
610 2082 640 2108 τὺ
660 2082 759 2117 μέτρον
777 2082 890 2114 τούτους

99 2130 155 2157 τῶν
171 2131 281 2157 οἰκείων
301 2133 428 2166 πατέρων
452 2127 595 2165 πληροῦν·
619 2129 753 2155 κάκείνων
780 2129 828 2155 ἐπὶ
843 2129 888 2155 τὸν

99 2178 155 2204 τῶν
172 2178 320 2213 προφητῶν
338 2178 418 2211 φόνον
430 2177 512 2212 ὁμόσε
533 2177 744 2211 κεχωρηκότων,
768 2177 815 2202 ἐπὶ
842 2176 890 2204 τὸν

100 2225 218 2255 ἐκείνοις
249 2223 450 2258 προλεγὸμενον
479 2221 566 2257 ἥξειν,
591 2222 663 2257 ὅπερ
694 2222 786 2249 ἱκανὸν
812 2222 890 2248 ἔσται

100 2270 205 2305 πολλὴν
219 2272 276 2301 τοῖς
300 2270 356 2296 τῶν
377 2269 505 2303 πατέρων
535 2270 737 2303 ἁμαρτήμασιν
769 2270 890 2303 ἐνεγκεῖν

99 2317 151 2353 τὴν
165 2317 324 2350 ἀπολογίαν.
343 2317 374 2343 Εἰ
385 2315 414 2342 δὲ
428 2316 508 2342 τοῦτό
525 2323 554 2342 τε
570 2316 666 2350 γέγονε
697 2316 745 2342 καὶ
771 2315 805 2342 τὰ
835 2324 890 2342 πα-

99 2364 167 2391 λαιᾶ
183 2363 222 2397 τῷ
240 2363 292 2397 νέῳ
315 2362 474 2397 τολμήματι
501 2362 720 2398 συνεισφέρεται,
735 2361 823 2389 ἄθλιοι
840 2362 890 2396 μὲν

97 2411 124 2437 οι
140 2410 338 2444 γεννήσαντες,
355 2408 403 2435 τοῦ
421 2408 476 2434 τῶν
494 2407 644 2442 προφητῶν
671 2407 752 2441 φόνου
765 2415 773 2423 ·
792 2406 892 2433 ἀθλιώ-

97 2455 217 2492 τεροιδὲ
241 2455 292 2487 τῆς
309 2454 515 2490 χριστοκτονίας
543 2454 568 2480 οί
585 2445 893 2488 γεννηθέντες.Πονηρὰ

101 2503 153 2538 μὲν
169 2502 251 2536 γάρὴ
267 2500 363 2535 γνώμη
379 2499 420 2534 τῷ
447 2499 530 2530 ἔθνει,
550 2499 597 2525 καὶ
625 2499 744 2533 μάλιστα
765 2499 823 2529 τοῖς
845 2498 891 2524 τοῦ

100 2549 188 2583 νόμου
205 2547 389 2582 προίστασθαι
407 2542 766 2580 ἐπαγγελλομένοις.⁷ίὶγχε
784 2545 811 2570 δὲ
825 2544 893 2579 μᾶλ-

98 2596 147 2622 λον
161 2595 274 2627 αὑτοὺς,
300 2594 342 2620 ὃτι
362 2593 410 2620 τὸν
441 2593 557 2627 Σωτῆρα
573 2591 624 2627 μὲν
641 2591 717 2623 ἄξιον
734 2590 829 2617 ἑαυτὸν
855 2590 892 2617 ὧν

97 2643 226 2670 ἐδίδασκε
245 2641 402 2676 παρέχοντα
421 2640 465 2666 διὰ
481 2641 592 2666 πάντων
608 2638 703 2673 ἑώρων
717 2646 724 2653 ο
743 2638 850 2669 ἑαυτοῖς
865 2637 893 2663 δὲ

99 2689 268 2724 συνείδησαν
296 2689 337 2715 ὅτι
363 2688 458 2722 ττόρρω
487 2686 675 2720 πλανωμένοις
691 2685 746 2711 τῶν
773 2684 892 2718 νομικῶν

98 2736 313 2770 διαταγμάτων.
332 2734 387 2760 Καὶ
407 2734 462 2768 γὰρ
476 2733 579 2764 αὐτοῖς,
596 2731 627 2757 τὸ
643 2731 691 2766 μὲν
710 2731 760 2766 βίῳ
775 2731 821 2757 καὶ
833 2730 892 2765 τρό-

98 2791 164 2814 ποις
185 2781 342 2815 εὐδοκιμεῖν
371 2779 498 2815 (καὶγὰρ
514 2779 560 2805 καὶ
576 2778 664 2808 ἄλλως
683 2777 825 2810 ἐπίπονον)
838 2776 893 2802 ὀλι-

99 2829 207 2864 γωρίας
224 2827 263 2858 ὡς
280 2827 417 2862 ἄχρηστον
429 2824 550 2860 ἠξιοῦτο.
571 2823 667 2850 Πολλοὶ
681 2823 709 2850 δὲ
725 2823 781 2853 τοῖς
799 2822 890 2855 λόγοις

101 2877 151 2903 καὶ
167 2876 228 2906 ταῖς
256 2873 441 2904 διδασκαλίαις
466 2872 574 2907 ῥέοντες
601 2869 688 2906 ἦσαν·
712 2870 759 2897 καὶ
776 2869 829 2904 γὰρ
845 2868 892 2894 καὶ

977 1575 1044 1603 Eum
1071 1581 1191 1609 namque
1206 1573 1251 1608 qui
1273 1571 1418 1607 spirituum
1435 1568 1588 1605 legionibus
1604 1567 1729 1601 imperat,

940 1628 967 1651 et
981 1627 1077 1650 ventos
1093 1621 1181 1653 sedat,
1199 1624 1226 1648 et
1241 1627 1289 1655 per
1314 1626 1390 1646 mare
1423 1615 1590 1647 ambulabat,
1620 1613 1732 1640 infcrio-

941 1679 998 1699 rem
1010 1668 1097 1696 videri
1113 1666 1271 1695 hominibus
1297 1663 1470 1694 mortalibus,
1503 1668 1535 1688 ac
1564 1667 1616 1686 non
1644 1657 1730 1684 multo

942 1715 1190 1753 prwstantioribus,
1209 1712 1280 1740 haud
1313 1711 1393 1738 dubie
1421 1707 1551 1736 indicium
1582 1705 1646 1732 facit
1672 1711 1731 1737 qua:

943 1763 1015 1790 vires
1037 1766 1101 1789 sunt
1116 1762 1225 1792 horum,
1239 1762 1266 1785 et
1293 1759 1485 1790 argumentum
1505 1753 1602 1788 probet
1630 1753 1731 1785 quanta

941 1808 978 1836 sit
1005 1806 1149 1834 tolerantia
1172 1810 1199 1832 et
1216 1811 1297 1838 quam
1325 1803 1459 1829 immensa
1475 1797 1619 1834 prudentia
1640 1796 1729 1830 illius:

943 1858 1123 1889 posteaquam
1142 1851 1215 1878 Deus
1237 1857 1299 1876 cum
1328 1849 1364 1876 sit
1379 1848 1389 1882 (
1404 1852 1432 1874 ιιι
1447 1846 1499 1880 ipsi
1516 1845 1561 1880 qui
1578 1852 1639 1871 eum
1656 1841 1732 1870 cruci

941 1900 1099 1930 affixeruut,
1119 1898 1198 1924 fateri
1211 1895 1365 1930 coguntur)
1382 1894 1444 1931 illos
1455 1892 1501 1927 qui
1514 1891 1627 1926 gloriam
1645 1889 1732 1923 ipsius

940 1945 965 1972 ei
987 1945 1174 1975 detraxerant,
1203 1946 1230 1968 et
1257 1939 1412 1968 simulacris
1432 1936 1550 1964 mortuis
1577 1935 1732 1962 tribuerunt

942 1991 1076 2018 radicitus
1106 1997 1160 2015 non
1185 1987 1395 2021 exstirpavcrit,
1414 1982 1651 2011 evidentissimum
1685 1987 1732 2013 pa-

943 2037 1044 2066 ticntite
1058 2037 1081 2064 ei
1100 2035 1216 2070 propriae
1226 2034 1334 2067 signum
1347 2032 1530 2059 demonstrat.
1552 2030 1606 2062 Ego
1621 2027 1731 2061 quidem

942 2086 999 2112 scio
1014 2083 1136 2118 potuisse
1152 2088 1215 2108 cum
1246 2086 1301 2106 non
1326 2078 1399 2113 pati;
1416 2077 1462 2103 scd
1491 2074 1622 2106 volnissv,
1647 2072 1733 2106 siqui-

943 2131 1004 2158 dem
1025 2136 1134 2156 necessc
1149 2132 1210 2154 erat
1222 2126 1356 2158 majorum
1370 2132 1481 2151 suorum
1503 2123 1538 2148 illi
1555 2120 1732 2148 absolverunt

945 2181 1064 2211 ceptum.
1098 2179 1128 2201 ut
1157 2171 1386 2208 quemadmodum
1422 2170 1450 2196 bi
1479 2170 1505 2195 in
1539 2167 1731 2202 prophetarum

943 2223 1139 2257 conspirarunt
1157 2226 1262 2252 necent,
1276 2218 1312 2244 ita
1327 2217 1377 2252 ipsi
1395 2223 1450 2242 uno
1470 2221 1605 2242 consensu
1622 2219 1733 2247 progre-

942 2269 1074 2297 deremur
1103 2267 1137 2294 ad
1161 2274 1223 2293 cum
1253 2264 1298 2299 qui
1312 2264 1346 2290 ab
1375 2263 1430 2289 illis
1457 2261 1603 2295 pra-dictus
1631 2258 1731 2289 fuerat,

942 2316 1014 2351 quod
1031 2314 1155 2349 profecto
1171 2317 1278 2347 patrum
1309 2309 1472 2338 criminibus
1488 2306 1625 2342 egregium
1651 2308 1733 2339 queat

946 2361 1047 2389 ati‘erre
1066 2359 1263 2395 patrocinium.
1280 2355 1357 2389 Quod
1370 2356 1392 2382 si
1406 2355 1432 2382 id
1448 2359 1489 2381 est
1506 2354 1619 2382 factum,
1639 2355 1665 2377 ct
1690 2357 1733 2376 ve-

943 2413 1000 2435 tera
1012 2407 1115 2434 scelera
1136 2413 1208 2432 novo
1227 2404 1404 2431 cumulentur
1416 2409 1496 2431 ausu,
1513 2398 1638 2426 infelices
1657 2400 1732 2426 sunt.

943 2455 990 2489 qui
1001 2457 1156 2488 genuerunt
1169 2451 1201 2477 ad
1225 2450 1420 2484 prophetarum
1442 2447 1553 2475 nudent,
1568 2443 1733 2469 infeliciorrs

944 2488 990 2535 qui
1008 2500 1092 2535 geniti
1105 2502 1170 2526 sunt
1183 2499 1216 2524 ad
1235 2496 1337 2523 Christi
1370 2494 1573 2520 tuaclationem.
1597 2489 1665 2515 Mala
1694 2488 1731 2515 illi

944 2545 1049 2574 nationi
1075 2552 1151 2571 mens
1176 2547 1218 2571 est
1255 2551 1286 2569 ac
1319 2541 1453 2575 praecipue
1486 2539 1518 2564 iis
1552 2537 1598 2571 qui
1628 2535 1732 2569 lt'gibus

945 2599 1062 2628 pra-esse
1080 2590 1221 2617 dicuntur.
1235 2588 1291 2614 lloc
1307 2592 1396 2613 autem
1420 2583 1537 2610 maxime
1558 2582 1619 2608 illos
1636 2580 1733 2607 hatmit

945 2637 1110 2672 tnale,quod
1129 2635 1249 2662 viderent
1276 2633 1448 2659 Servalorcm
1472 2637 1501 2657 se
1525 2629 1636 2663 dignum
1662 2635 1732 2661 prm-

945 2685 1010 2711 bere
1029 2684 1070 2710 bis
1084 2690 1144 2717 quze
1159 2681 1274 2707 dorebat
1288 2688 1295 2705 :
1312 2686 1373 2704 sese
1387 2684 1451 2703 vero
1466 2676 1516 2703 sibi
1531 2675 1658 2701 conscios
1671 2681 1731 2699 esse

945 2729 1017 2765 quod
1042 2729 1120 2762 longe
1142 2735 1155 2753 a
1185 2725 1329 2761 prmceptis
1353 2725 1441 2756 legum
1468 2723 1637 2748 aberrarrnt.
1667 2719 1731 2744 Νιιιι

946 2762 1001 2803 vita
1017 2780 1045 2802 et
1060 2775 1184 2801 moribus
1202 2772 1312 2807 probari
1331 2769 1422 2803 (quod
1438 2768 1537 2801 aiinqtti
1556 2766 1664 2792 ditlicilc
1677 2762 1730 2797 ρει)

945 2822 1132 2856 ncg‘tgcndum
1147 2841 1154 2852 ,
1174 2824 1305 2854 tanquam
1334 2816 1446 2848 inutile,
1480 2812 1637 2845 censebant,
1654 2811 1739 2838 multi.

946 2869 1035 2894 autent
1062 2869 1089 2894 ct
1113 2871 1238 2893 sermone
1263 2867 1292 2890 et
1317 2860 1441 2890 doctrina
1471 2858 1623 2893 locupletes
1653 2860 1738 2884 erant
