1924 3092
109 140 176 174 1013

563 141 704 172 ORATIO
721 141 760 171 ΙΝ
773 142 1032 172 SEPULTURAM
1055 142 1090 172 D.
1109 143 1145 172 N.
1162 142 1189 174 .Ῐ.
1209 142 1242 173 C.

1652 143 1719 176 1‘11

105 192 232 236 κέστερον
259 197 293 236 ἦν
321 199 358 234 μὴ
387 198 504 233 φανῆναι
527 198 573 225 τὸν
597 199 673 234 ἥλιον
696 199 766 235 ὑπὲρ
792 200 885 234 γῆν,ἢ

942 200 1016 231 verit,
1036 200 1082 227 sed
1108 205 1205 227 exortu
1235 207 1284 227 suo
1308 199 1378 227 diem
1407 199 1514 228 efficiat.
1533 200 1612 235 Atqui
1635 202 1720 228 multo

105 247 198 274 τοῦτον
215 247 281 274 Θεὸν
297 246 360 274 οντα
378 246 424 272 ἐπί
437 255 468 280 γε
487 245 584 281 μικρδν
602 245 698 272 ἑαυτὸν
720 246 843 281 ἐπισχεῖν
858 246 887 272 εὖ

106 293 244 320 ποιοῦντα.

95 384 104 389 “
140 381 206 410 Εἶτα
222 383 278 413 πῶς
303 382 333 409 οὐ
350 383 400 416 τῆς
423 382 539 416 ἐσχάτης
562 383 676 412 ἀτοπίας
692 390 700 415 ;
719 382 743 408 εξ
765 381 811 408 τὸν
838 382 889 417 μὲν

106 430 181 464 ἥλιον
206 429 291 463 ἡδέως
314 429 395 462 ὁρᾶτε
418 428 469 454 κᾶν
490 428 587 463 σχολὴν
603 428 704 461 ᾶγητε·
723 427 769 454 τον
793 428 821 454 δὲ
841 428 888 454 τοῦ

106 476 180 510 ὴλιου
205 475 339 508 δεσπίτην
365 474 457 500 ἐκεῖνα
480 473 631 508 τηλικαῦτα
644 474 792 500 τελοῦντα·
817 473 888 509 ἅπερ

105 521 247 557 ἥλιοςνμὲν
273 521 323 547 οὐκ
348 521 381 547 ἂν
402 520 520 553 δύναιτο,
545 520 695 554 δυναμένου
722 519 750 546 δὲ
775 520 889 554 ἄσμενοι

105 569 153 603 τὴν
168 568 260 603 ὄνησιν
285 567 318 593 ἂν
335 566 497 601 ὑποδέχεσθε
511 574 517 581 ·
534 566 618 601 μηδὲν
645 565 801 600 ἀνδριάντος
817 566 888 600 ἀψύ-

106 623 153 649 χου
167 614 307 647 διαφέρειν
327 611 452 639 κελεύετε
466 620 473 645 ;
489 612 538 645 ἆγε
550 610 598 637 νῦν
612 612 662 645 δρα
675 611 781 645 τοῦτον,
794 613 818 638 εἰ
836 621 889 647 μηι

106 660 133 687 δὲ
147 659 193 686 τοῦ
207 659 341 694 παρόντος
361 658 497 685 σαϐϐάτου
512 651 626 692 ἡσυχίαν
643 657 713 691 ἔγνω
724 658 820 692 τιμᾷν.
833 657 889 684 Κα)⁸

107 707 160 742 μὴν
177 706 208 732 τδ
235 706 314 740 σῶμα
337 705 387 739 μὲν
413 705 544 739 ἀτρεμεῖν
567 704 643 738 νόμῳ
667 703 774 738 φύσεως
797 702 889 730 εἴχον-

105 753 157 779 tas
181 753 222 779 σοὶ
242 752 280 787 μὴ
305 752 471 787 βλεπόμενος
487 751 565 783 Θεὸς,
581 751 614 778 τὰ
642 751 756 786 μέγιστα
781 751 890 777 πάντων

939 245 1024 280 magis
1056 245 1155 272 rationi
1188 250 1401 273 consentaneum
1432 251 1505 273 esset
1527 247 1612 274 solem
1638 255 1720 282 super

939 298 1039 318 terrain
1057 299 1110 318 non
1125 299 1267 326 apparere,
1285 299 1366 326 quam
1381 292 1463 324 hunc,
1477 300 1536 319 cum
1551 293 1621 320 Deus
1632 294 1676 325 sit,
1692 302 1720 321 se

940 347 953 366 a
972 340 1041 367 bene
1055 340 1179 367 faciendo
1195 341 1346 367 continere.
1377 331 1379 333 1

974 385 1058 412 Porro
1087 393 1178 412 annon
1204 390 1332 413 extremae
1360 389 1402 413 est
1429 386 1562 417 vesaniae.
1586 388 1608 414 si
1636 387 1720 414 solem

939 431 1064 465 quamvis
1093 432 1179 458 otium
1201 432 1279 466 agitis
1308 438 1369 458 cum
1395 432 1529 466 voluptate
1558 432 1720 465 intuemini,

940 476 1011 510 quod
1027 476 1094 504 solis
1109 476 1254 504 Dominum
1268 477 1312 504 illa
1328 482 1382 504 tam
1400 478 1498 504 eximia
1523 477 1593 505 facta
1610 484 1722 512 patian-

940 525 1006 552 tem,
1022 522 1110 556 qualia
1143 522 1183 549 sol
1210 530 1262 549 non
1290 528 1388 557 potest,
1414 530 1440 550 ct
1453 524 1475 551 si
1493 528 1586 558 posset
1607 524 1721 551 libenter

941 568 1114 594 commodum
1128 568 1191 594 illud
1202 571 1394 604 acceptaretis,
1407 569 1474 596 nihil
1488 570 1522 596 ab
1538 570 1649 596 inanimi
1668 575 1721 597 sta-

942 617 987 639 tua
1012 613 1262 648 dill‘urrejubeatis.
1287 615 1365 650 Agilo
1392 623 1476 648 nunc,
1497 621 1618 651 spectate
1638 617 1721 648 hunc,

941 659 1083 692 numquid,
1099 666 1159 686 cum
1171 659 1317 687 Sabbatum
1334 665 1386 692 est.
1401 662 1519 696 quietem
1537 662 1628 689 colere
1644 662 1721 689 sciat.

941 705 1072 739 Equidem
1105 713 1205 741 corpus
1235 711 1340 734 natura;
1375 707 1432 742 lege
1460 707 1601 742 quiescere
1632 707 1721 735 debet.

944 751 969 778 Is
1003 751 1048 785 qui
1076 759 1089 778 a
1118 757 1143 779 te
1174 758 1338 788 conspectus
1368 761 1420 780 non
1449 758 1509 786 est,
1538 754 1610 781 Deus
1642 761 1722 787 opera

106 802 220 836 ἐνεργεῖ,
236 800 281 826 τὸν
302 799 369 835 ᾅδην
396 798 510 832 νεκρῶν,
539 799 585 825 τὸν
614 798 728 826 θάνατον
759 797 889 829 ἀπολλὺς,

943 797 1066 824 omnium
1080 799 1198 826 maxima
1216 798 1291 832 facit,
1305 799 1443 827 infernum
1459 799 1493 827 ad
1521 800 1662 827 interitqu
1679 808 1723 827 re-

105 846 153 878 τὰς
178 846 208 878 ἐξ
232 845 331 876 αἰῶνος
355 846 414 872 ἐκεῖ
438 844 701 879 ταλαιπωρουμένας
719 844 808 879 ψυχὰς
833 844 888 870 τῶν

106 892 235 926 ἀφύκτων
260 891 370 925 δεσμῶν
394 891 496 926 ἀφιείς.
517 890 584 917 Θεοῦ
613 890 666 925 γὰρ
694 891 768 921 ὅστις
795 890 888 924 ἀφεῖλε

106 939 136 964 τὸ
151 938 282 972 ἐνεργεῖν,
302 937 462 970 συναφεῖλεν
477 936 560 963 αὐτοῦ
585 937 632 962 καὶ
650 936 679 961 τι
699 933 779 962 εἶναι.
794 935 888 962 Βούλει

108 983 202 1018 μαθεῖν
215 984 256 1010 ὃτι
275 982 391 1016 Χριστὸς
406 983 446 1013 εὶς
463 981 528 1017 ᾅδου
544 981 678 1012 καταὸὰς,
697 981 743 1007 τόν
758 989 787 1007 τε
814 982 889 1016 ισχυ-

109 1031 152 1065 ρδν
172 1029 268 1065 ἔδησεν
284 1029 331 1056 καὶ
354 1029 389 1055 τὰ
406 1029 489 1063 σκεύη
507 1028 604 1054 τούτου
628 1027 793 1062 διήρπασεν;
810 1027 888 1061 ἄθρει

108 1076 152 1111 μοὶ
175 1075 222 1101 τὸν
242 1074 364 1109 σεισμὸν,
378 1074 440 1105 τοὺς
456 1073 628 1108 στρατιώτας
650 1072 800 1104 ὑπνοῦντας
822 1072 889 1099 ὡσεὶ

105 1123 232 1157 νεκροὺς,
249 1121 399 1156 σφραγῖδας
419 1119 666 1151 ἀνεπιδουλεύτους
682 1118 827 1153 μενούσας,
843 1119 890 1146 καὶ

105 1167 151 1194 τδν
174 1166 379 1202 φρουρούμενον
406 1165 553 1191 ἐκλιπόντα
579 1164 625 1191 τοῦ
652 1164 738 1199 τάφου
761 1164 792 1191 τὺ
808 1164 891 1199 φρού-

109 1221 173 1248 ριον,
191 1213 238 1239 καὶ
258 1212 305 1238 ἐπὶ
320 1212 425 1242 τούτοις
450 1210 573 1244 ἀγγέλων
595 1210 757 1245 παρουσίαν,
772 1211 820 1237 καὶ
843 1211 890 1237 τὸν

106 1259 180 1286 λίϐον
203 1258 249 1284 ὑπ’
266 1257 355 1284 αὐτῶν
373 1257 543 1284 κυλισθέντα.
562 1256 655 1283 Ταῦτά
675 1265 716 1283 σοι
745 1257 798 1283 τῶν
821 1257 890 1291 ἀφα-

106 1305 158 1332 νῶν
186 1304 257 1332 ἔστω
280 1304 431 1340 τεκμήρια,
445 1303 480 1330 τὰ
507 1303 664 1338 βλεπόμενα
680 1303 733 1330 τῶν
763 1304 800 1339 μὴ
822 1304 891 1337 ὁρω-

107 1353 196 1387 μένων
211 1351 376 1378 διδάσκαλοι.
393 1350 431 1377 Οὐ
447 1350 502 1385 γὰρ
518 1349 624 1384 σώματί
638 1358 680 1376 σοι
695 1349 767 1385 μόνῳ
782 1350 812 1376 τὸ
828 1349 889 1384 ζῇν,

106 1398 174 1424 ἀλλὰ
188 1399 235 1424 καὶ
255 1398 338 1432 ψυχῇ.
355 1394 394 1423 ἿΙ
416 1396 485 1431 τάχα
500 1396 547 1422 καὶ
556 1395 646 1430 ψυχὴν
661 1395 744 1427 αὐτὸς
767 1395 840 1430 ἔχειν
857 1396 888 1422 οὺ

106 1439 255 1479 παραδέξῃ,
275 1443 315 1469 ὅτι
337 1442 399 1473 τοὺς
425 1441 596 1476 σωματικοὺς
625 1441 764 1474 πέφευγεν
788 1440 889 1474 ὀφθαλ-

106 1490 173 1525 μούς
186 1499 193 1524 ;
208 1489 294 1516 ταῦτά
309 1497 349 1515 σοι
366 1489 415 1522 τῆς
431 1488 507 1522 νίκης
523 1487 592 1513 ἔστω
605 1486 639 1513 τὰ
652 1486 785 1521 σύμϐολα.
798 1487 890 1513 Πάντα

108 1537 226 1572 μεγάλα,
246 1535 334 1562 πάντα
353 1533 478 1569 λαμπρὰ,
499 1533 654 1567 πανταχόσε
670 1533 721 1567 γῆς
735 1532 890 1559 διαδοθέντα

105 1584 153 1610 καὶ
178 1582 367 1615 πιστευθέντα,
386 1580 436 1607 κᾶν
462 1578 593 1614 μυριάκις
615 1578 695 1609 αὐτὸς
711 1579 826 1613 ἀπιστῇς
838 1587 845 1594 ο
859 1579 890 1605 οὖ

106 1637 148 1656 σοι
162 1627 248 1655 ταῦτα
261 1627 344 1654 πάλαι
362 1624 516 1661 προτυποῦν
533 1624 606 1650 δοκεῖ
622 1623 668 1650 τὸν
685 1624 788 1659 Μωσῆν
801 1633 808 1657 ;
833 1624 889 1650 ἀλλ’

105 1675 168 1709 ἐμοὶ
188 1674 272 1701 δοκεῖ.
292 1673 324 1699 Τί
348 1673 403 1707 γὰρ
428 1672 458 1698 οὺ
488 1670 602 1706 pellat;
618 1670 735 1705 κατῆλθε
761 1671 889 1702 κάκεῖνος

104 1723 145 1753 εἰς
172 1720 221 1751 τὴν
245 1721 294 1754 τῆς
320 1719 459 1754 Αἰγύπτου
487 1718 608 1749 σκοτίαν,
626 1717 738 1749 πολλαῖς
767 1718 814 1744 καὶ
840 1716 889 1752 βα-

106 1764 193 1799 ρείαις
208 1759 245 1798 τῷ
261 1763 378 1798 δυνάστῃ
392 1761 493 1797 Φαραὼ
516 1762 634 1796 πληγαῖς
657 1762 888 1796 ἐπεστράτευσεν,

106 1808 251 1844 ὑπερέσχε,
272 1808 317 1835 τὸν
337 1808 399 1834 λαὸν
424 1807 513 1841 ἀφῆκε
533 1807 581 1841 τῆς
598 1806 767 1841 τυραννίδος,
781 1807 888 1844 ῥινήγα-

105 1863 153 1889 γεν
168 1855 283 1888 ἐκεῖθεν,
300 1854 345 1880 τὸν
360 1853 459 1888 Φαραὼ
472 1853 644 1886 πανστρατιᾷ
658 1851 732 1886 βυθῷ
750 1851 889 1886 θαλάσσης

105 1901 250 1935 παρέθετο.
270 1901 328 1926 Οὐχ
359 1899 457 1934 ἄδηλον
481 1899 517 1930 ὡς
540 1897 627 1924 ταῦτα
655 1897 710 1924 τῶν
738 1897 888 1931 μελλόντων

105 1947 246 1981 ἡγήσαντο
257 1946 348 1973 τύποι.

940 844 1047 879 digens,
1064 849 1178 872 mortem
1193 846 1323 879 perdens,
1339 846 1444 874 animas
1460 846 1516 874 illic
1531 853 1546 873 a
1562 847 1662 873 saeculo
1675 847 1726 874 mi.

940 899 1000 918 scre
1014 891 1137 924 aﬂlictas,
1151 899 1183 918 ex
1200 892 1234 919 iis
1246 912 1254 925 ,
1270 899 1285 919 e
1300 893 1398 926 quibus
1413 892 1532 927 effugere
1550 901 1603 920 non
1615 893 1723 926 licebat,

940 938 1056 965 vinculis
1073 938 1354 973 emittens.Quisquis
1368 940 1439 966 enim
1469 939 1523 967 Deo
1549 940 1600 968 hoc
1632 940 1723 967 detra-

941 983 990 1014 liil,
1010 991 1043 1010 ne
1061 984 1131 1011 bene
1158 984 1260 1016 faciat,
1280 993 1332 1012 una
1346 985 1476 1019 detrahit,
1494 993 1528 1013 ne
1538 986 1577 1014 sit
1597 986 1723 1014 omnino.

943 1028 990 1056 Vis
1006 1029 1169 1064 intelligere,
1185 1031 1258 1065 quod
1277 1031 1405 1058 Christus
1420 1036 1597 1067 posteaquam
1609 1032 1724 1060 descen-

941 1074 981 1101 dit
993 1075 1024 1101 ad
1041 1075 1153 1108 inferos,
1170 1076 1267 1104 fortem
1277 1077 1405 1110 vinxerit,
1419 1082 1444 1105 et
1457 1081 1625 1106 armamenta
1639 1078 1726 1113 ipsius

941 1120 1102 1153 expilarerit
1122 1130 1128 1148 :
1148 1129 1246 1149 revoca
1262 1122 1289 1149 in
1305 1127 1422 1151 mentem
1440 1127 1520 1150 terra:
1537 1128 1652 1156 motum,
1673 1123 1724 1150 mi-

942 1165 1002 1193 lites
1029 1173 1125 1194 somno
1148 1168 1260 1195 ohrutos
1291 1168 1362 1196 haud
1377 1169 1456 1196 aliter
1479 1177 1560 1204 quam
1590 1175 1724 1199 mortuos.

942 1208 1037 1245 sigitla‘
1050 1211 1106 1246 (Η)
1136 1212 1171 1239 ab
1191 1212 1300 1240 insidiis
1328 1213 1414 1240 libera
1428 1218 1455 1241 et
1468 1214 1580 1246 intacta,
1594 1221 1656 1241 cum
1678 1215 1725 1249 qui

941 1257 1095 1285 custodiam
1110 1258 1304 1292 observabant,
1319 1259 1528 1295 excubiasrpost
1549 1267 1578 1287 se
1596 1260 1725 1295 reliquis-

941 1308 1022 1330 sent:
1038 1304 1070 1330 ad
1083 1304 1321 1339 haec,augelorum
1335 1305 1556 1339 praesentiam,et
1569 1305 1725 1332 devolutum

944 1349 978 1375 ab
995 1349 1062 1384 ipsis
1092 1349 1217 1384 lapidem.
1234 1349 1296 1378 Hace
1311 1351 1371 1383 tibi,
1388 1357 1484 1378 eorum
1500 1358 1561 1385 quae
1579 1350 1629 1377 sub
1644 1358 1726 1385 aspe-

943 1399 986 1422 ctu
1001 1402 1055 1422 non
1072 1396 1185 1428 cadunt,
1195 1397 1296 1431 judicia
1316 1401 1413 1430 sunto,
1422 1396 1479 1424 visa
1491 1396 1641 1424 invisorum
1655 1397 1727 1424 velut

943 1441 1078 1476 magistri.
1106 1442 1166 1470 Non
1193 1443 1265 1469 enim
1293 1447 1322 1470 ut
1342 1450 1459 1477 corpore
1485 1442 1591 1475 solum,
1623 1443 1671 1470 sed
1700 1447 1727 1471 et

946 1493 1038 1516 mente
1053 1489 1139 1521 vivas,
1160 1489 1207 1516 tibi
1229 1490 1322 1517 datum
1342 1492 1395 1523 est,
1405 1489 1457 1517 nisi
1483 1488 1553 1517 forte
1569 1494 1686 1516 mentem
1699 1493 1726 1517 te

943 1533 1043 1561 habere
1079 1541 1131 1561 non
1170 1535 1314 1567 admittas,
1340 1535 1412 1570 quod
1443 1542 1480 1562 eat
1509 1535 1603 1563 oculos
1630 1535 1726 1569 fugiat.

942 1578 1006 1606 Haec
1033 1580 1081 1607 tibi
1111 1580 1167 1608 sint
1193 1580 1316 1608 victoriae
1345 1581 1444 1616 signa,
1470 1580 1560 1608 omnia
1587 1586 1651 1608 sunt
1670 1588 1728 1608 ma-

941 1626 1062 1661 gnilica.
1091 1627 1184 1654 omnia
1219 1627 1372 1662 praeclara,
1403 1626 1503 1662 ubique
1529 1630 1662 1654 terrarum
1701 1631 1727 1654 et

942 1672 1042 1700 tradita
1071 1678 1098 1700 et
1131 1673 1251 1706 credita,
1283 1673 1484 1709 quantumlibet
1513 1674 1663 1701 sexcenties
1698 1677 1725 1699 tu

945 1718 1024 1746 ﬁdem
1055 1718 1178 1753 deroges.
1206 1716 1301 1745 Nonne
1331 1718 1388 1745 hac
1414 1717 1462 1745 tibi
1495 1718 1602 1746 videtur
1631 1717 1726 1753 figuris

942 1765 1006 1791 olim
1035 1765 1203 1799 expressisse
1234 1764 1340 1799 Moyses
1357 1764 1368 1791 1
1384 1764 1448 1792 Mihi
1479 1765 1574 1800 procul
1590 1764 1671 1791 dubio
1686 1763 1726 1790 vi-

942 1811 1032 1837 detur.
1056 1810 1127 1841 Quid
1150 1811 1221 1837 enim
1243 1817 1297 1837 non
1321 1810 1386 1845 egit.
1405 1810 1547 1837 Descendit
1579 1816 1605 1837 et
1623 1810 1680 1844 ipse
1698 1809 1724 1835 in

942 1853 1049 1888 [Egypti
1062 1854 1218 1888 caliginem,
1231 1853 1322 1881 multis
1339 1858 1365 1880 et
1380 1854 1509 1888 gravibus
1526 1857 1625 1880 contra
1650 1853 1726 1887 prin-

941 1899 1028 1932 cipem
1041 1897 1210 1925 Pharaonem
1225 1898 1355 1925 militavit
1366 1898 1502 1930 cladibus,
1518 1899 1667 1933 superarit,
1678 1905 1727 1932 po-

942 1942 1036 1977 pulum
1054 1949 1068 1969 e
1082 1941 1223 1976 tyrannide
1237 1943 1385 1975 exemit,et
1400 1942 1475 1969 illinc
1488 1942 1592 1970 eduxit.
1609 1942 1727 1969 Pharao-

106 2005 169 2024 nem
196 1994 279 2021 simul
318 2001 378 2020 cum
404 1993 533 2020 universo
557 1990 680 2019 exercitu
706 1990 790 2017 maris
815 1989 915 2025 gurgiti
944 1989 1089 2016 immersit.
1122 1988 1180 2016 Non
1210 1988 1442 2032 obscurum_est,
1466 1989 1523 2016 haec
1545 1989 1630 2016 fuisse
1657 1997 1726 2024 prte-

105 2042 234 2070 cedentes
248 2047 342 2068 eorum
359 2046 419 2074 qme
435 2042 562 2066 secutura
579 2041 665 2068 erant,
684 2035 795 2071 ﬁguras.

147 2102 225 2129 Ἐπεὶ
244 2101 286 2132 τίς
309 2101 323 2126 ὁ
349 2098 450 2125 πείθων
466 2097 496 2123 σὲ
511 2096 647 2131 τοσαύτην
660 2096 754 2126 ἁπλῶς
778 2095 843 2130 περὶ
857 2093 887 2120 σὲ

976 2092 1075 2120 Verum
1110 2091 1172 2126 quis
1209 2096 1252 2118 est
1282 2091 1328 2126 qui
1367 2091 1417 2119 tibi
1466 2092 1602 2126 persuasit
1641 2092 1725 2120 Deum

104 2143 151 2176 ’τδν
168 2147 235 2174 Θεὸν
251 2144 413 2179 ἐνδεδεῖχθαι
427 2142 546 2176 σπουδήν
555 2149 564 2175 ;
589 2140 635 2167 τὸν
656 2141 824 2174 γογγυστὴν,
844 2139 890 2165 τὸν

105 2195 265 2230 ἀχάριστον,
281 2192 310 2218 ὃν
333 2191 392 2226 ᾔδει
411 2189 503 2223 σαφῶς
517 2185 598 2214 αὑτοῦ
625 2186 675 2221 μὲν
694 2186 755 2212 καθ’
771 2186 891 2220 ἑκάστην

104 2239 357 2274 ἀποσκιρτήσαντα,
372 2234 606 2270 προσχωρήσαντα
625 2231 653 2258 δὲ
670 2232 725 2262 τοῖς
741 2230 892 2265 βδελύγμα-

106 2296 161 2314 σιν.
186 2285 258 2318 Ἐγὼ
277 2281 445 2316 πολλαχόθεν
466 2278 601 2311 ἐξετάζων
628 2278 674 2303 καὶ
697 2275 891 2310 πολυπραγμο-

106 2334 171 2362 νῶν,
185 2331 211 2357 τι
237 2330 287 2364 τῆς
310 2328 360 2362 σῆς
384 2326 509 2359 ἀγεννίαε
530 2326 576 2351 καὶ
602 2321 777 2357 μικρολογίας
792 2322 890 2360 χεῖρον

105 2376 140 2403 ἂν
165 2375 285 2410 εὕροιμι,
303 2372 470 2406 πανταχόθεν
495 2370 596 2404 ἄπορος
620 2369 741 2402 γίνομαι.
768 2368 805 2394 To
824 2367 890 2402 γὰρ,

104 2422 123 2449 ἃ
150 2422 184 2449 ἄν
211 2429 252 2451 τις
279 2418 381 2454 ηὗξατο
409 2417 546 2451 γενέσθαι,
569 2415 675 2445 τούτοις
706 2414 824 2448 παροῦσι
853 2414 890 2448 μὴ

105 2468 305 2504 προσδραμεῖν,
326 2465 372 2492 καὶ
384 2465 500 2500 ἡσθῆναι
526 2461 718 2496 περιχυθέντα,
731 2461 779 2487 καὶ
802 2459 890 2486 ταῦτα

105 2515 177 2550 μήτε
192 2514 273 2540 πόνου
290 2512 357 2548 μήτε
373 2510 495 2544 δαπάνης
511 2508 636 2543 ἐμποδὼν
652 2507 812 2540 ἱσταμένης,
826 2505 890 2539 λέγε

106 2562 154 2596 μοὶ
180 2560 212 2586 σὺ
237 2559 309 2589 τίνος
335 2557 365 2583 οὐ
388 2552 524 2592 χεῖρον,ὥ
542 2554 622 2588 μέχρι
648 2552 749 2583 παντὸς
775 2551 886 2585 ἐπέχειν

104 2595 155 2634 iul.
173 2605 211 2640 μὴ
233 2603 373 2631 πιστεύειν
397 2603 430 2637 τῇ
449 2601 563 2635 ἀληθείᾳ
587 2597 749 2633 βουλόμενε;
768 2596 794 2622 τί
816 2595 839 2622 δ’
856 2596 891 2622 ἂν

105 2653 212 2688 βέλτιον
239 2650 331 2683 εὔξαιο
361 2648 456 2675 τούτου
481 2655 522 2672 σοι
546 2644 673 2678 γενέσθαι
699 2643 783 2676 ποτέ;
810 2642 826 2676 ἢ
848 2643 890 2672 τις

103 2687 301 2732 ὲπαγγελεῖται
318 2695 360 2721 σοὶ
379 2693 511 2729 μείζονα;
526 2690 608 2717 πόθεν
626 2689 720 2723 ἑτέρου
740 2697 782 2714 σοι
799 2687 890 2722 κρείτ-

103 2752 183 2775 τονος
209 2742 325 2776 εὐπορία
340 2739 419 2772 Θεοῦ,
438 2736 475 2774 μὴ
491 2737 585 2764 τούτου
601 2736 732 2770 τυχόντις
755 2734 783 2760 τι
798 2734 889 2768 χεῖρον

942 2143 1046 2166 tantum
1078 2138 1194 2177 subiisse
1210 2137 1329 2164 studium
1355 2141 1463 2172 propter
1490 2143 1517 2166 te
1543 2138 1724 2173 solummodo,

942 2190 1169 2213 murmuratorem
1192 2188 1228 2217 te,
1254 2184 1401 2218 ingratum,
1420 2192 1499 2219 quem
1513 2189 1605 2220 aperte
1620 2186 1684 2212 vidit
1699 2186 1725 2213 in

942 2231 999 2258 dies
1025 2238 1039 2257 a
1057 2238 1086 2257 se
1106 2230 1270 2260 desciscere.
1286 2233 1312 2256 et
1338 2229 1370 2256 ad
1388 2230 1536 2264 nequitiam
1558 2231 1727 2265 procedere?

942 2277 1000 2312 Ego
1025 2276 1146 2311 profecto
1172 2277 1201 2303 in
1217 2275 1310 2303 multis
1326 2275 1408 2303 rebus
1422 2276 1558 2310 vestigans
1570 2280 1596 2303 et
1611 2284 1654 2304 me
1664 2284 1727 2303 con-

943 2321 1048 2354 ﬁciens,
1076 2322 1148 2357 quod
1180 2325 1226 2348 tua
1265 2321 1398 2356 degenere
1435 2321 1594 2357 indignitate
1624 2323 1725 2357 possim

944 2368 1066 2395 invenire
1107 2368 1227 2395 deterius
1258 2367 1380 2402 undique
1411 2368 1552 2395 destituor.
1578 2367 1626 2395 llis
1655 2369 1725 2395 enim

942 2420 1002 2447 quae
1030 2413 1167 2440 obvenire‘
1182 2413 1235 2440 sibi
1265 2414 1447 2448 quisoptarit,
1464 2414 1644 2447 praesentibus
1669 2414 1727 2439 aui-

943 2467 1016 2485 mum
1053 2460 1259 2486 accommodare
1280 2465 1308 2486 et
1326 2459 1420 2487 iisdem
1448 2460 1500 2486 frui
1523 2459 1625 2486 aliatiin
1655 2460 1727 2486 nolle

944 2504 1098 2540 (praecipue
1132 2513 1193 2532 cum
1222 2506 1325 2540 absque
1356 2505 1449 2532 labore
1472 2510 1498 2532 et
1528 2505 1587 2532 sine
1616 2509 1725 2539 sumptu

942 2552 998 2578 tlcri
1023 2551 1140 2586 possit),
1156 2559 1208 2586 qua
1235 2552 1441 2586 pravitate(dic
1468 2555 1496 2578 tu
1529 2551 1725 2585 mihi,qu:eso,

942 2598 988 2632 qui
1001 2603 1129 2632 perpetuo
1150 2599 1296 2629 detrectas,
1312 2603 1339 2624 et
1353 2597 1473 2631 proliteri
1493 2596 1632 2624 veritatem
1649 2603 1726 2623 recu-

943 2645 1006 2677 sas)
1025 2651 1078 2670 non
1111 2645 1164 2672 erit
1198 2644 1322 2679 pravius?
1350 2642 1421 2675 Quid
1449 2649 1538 2670 autem
1559 2643 1727 2670 desiderave-

942 2688 980 2715 ris
996 2689 1047 2716 liac
1059 2697 1088 2716 re
1107 2689 1156 2716 tibi
1173 2690 1282 2716 evenire
1299 2688 1405 2721 melius,
1425 2693 1471 2715 aut
1483 2688 1544 2724 quis
1561 2689 1607 2715 tibi
1625 2689 1725 2724 majora

943 2734 1104 2762 annuntiarc
1126 2739 1229 2769 posset,
1250 2734 1292 2762 vel
1315 2733 1386 2761 unde
1411 2734 1461 2761 tibi
1487 2734 1654 2762 commodior
1680 2734 1725 2761 [rei

145 2825 199 2857 (ιι)
216 2822 411 2857 “isobsignari
426 2823 567 2848 curaverat
579 2814 877 2852 sepulcrumllerodes,
898 2819 932 2841 ne
967 2813 1091 2849 disciputi
1121 2814 1162 2848 (ut
1193 2814 1251 2849 ipse
1284 2812 1457 2848 opinabatur)
1476 2820 1576 2848 corpus
1603 2812 1723 2841 sulfura-

107 2865 216 2889 rentur.
