1924 3092
134 73 203 111 tul'l

639 77 846 109 ENCOMIUM
865 78 917 108 SS.
935 76 1052 108 PETRI
1067 76 1115 108 ΕΤ
1130 77 1258 109 PAULI.

1682 70 1772 114 ‘mm

133 148 1768 174 Mm

377 251 785 324 ΜΑΞΙΜΟΥ
823 257 1000 324 ΤΟΥ
1038 257 1518 327 ΠΛΑΝΟΥΔΗ

806 378 1104 424 ΕΓΚΩΜΙΟΝ

273 470 330 498 ΕΙΣ
344 469 436 497 ΤΟΥΣ
448 470 582 504 ΔΙῚΟΥΣ,
598 471 790 506 ΕΝΔΟΞΟΥΣ,
808 472 1070 507 ΠΑΝΕΥΦΗΜῷΥΣ
1086 473 1146 499 ΚΑΙ
1164 473 1386 502 ΚϋΡΥΦΔΙΟΥΣ
1398 476 1630 505 ΑΠΟΣΤΟΛΟΥΣ

523 558 836 617 ΠΕΤΡΟΝ
865 559 1008 616 ΚΑΙ
1037 557 1379 622 ΠΑΥΛΟΝ.

450 771 846 850 ΜΑΧΙΜΙ
921 771 1454 853 ΡιΑΝΠΙΠΕ

780 929 1115 976 ENCOMIUM

213 1025 256 1058 ΙΝ
293 1024 460 1057 SANCTOS
477 1025 528 1058 ET
545 1026 644 1058 OMNI
661 1024 799 1058 lLAUDE
826 1027 1135 1064 PROSEQUENDOS
1159 1029 1444 1063 APOSTOLORUM
1462 1031 1700 1078 ΟΟΒΥΡῌΙΕΟΞ

557 1126 853 1184 PETRUM
893 1126 985 1183 ET
1032 1127 1343 1186 PAULUM.

135 1237 223 1274 (lianc
238 1237 458 1278 prolixissimarn
478 1237 634 1278 hom_ili:_tm,
649 1243 760 1278 propter
780 1237 1037 1278 codicishdefcctum
1061 1238 1176 1266 dimidio
1197 1239 1378 1278 decurtatam
1402 1242 1525 1278 ediderat
1542 1243 1698 1278 (Ereti-erus,
1722 1245 1774 1273 sub

171 1273 281 1310 nomine
294 1272 417 1310 Gregorii
433 1271 561 1308 Nysseni,
580 1271 739 1310 lngolstailii
750 1281 827 1310 anno
846 1272 933 1300 1620.
948 1273 1060 1310 integra
1078 1282 1150 1310 nunc
1163 1275 1257 1310 prodit
1281 1283 1312 1302 ex
1329 1276 1423 1304 codice
1437 1277 1606 1307 Coisliniano
1622 1271 1702 1310 “87'.
1723 1271 1773 1308 ad;

172 1307 228 1334 dita
246 1307 471 1342 interpretatione
486 1313 581 1336 nostra
598 1315 685 1343 usque
699 1309 733 1336 ad
750 1309 841 1336 locum
859 1309 930 1335 unde
946 1307 1044 1336 incinit
1058 1309 1142 1337 editio
1156 1309 1290 1338 Gretseri.
1307 1310 1389 1339 EDlT.
1408 1312 1493 1342 Pun.

176 1468 281 1496 Ἐδόκει
293 1476 338 1504 μοι
351 1468 442 1503 λέγειν
454 1477 483 1496 τι
495 1468 630 1505 περὶτῶν
645 1470 805 1498 ἀποστόλων
818 1469 923 1505 προθυ-
938 1490 942 1500 ι

1013 1470 1162 1499 Videbatur
1181 1471 1266 1507 mihi,
1285 1473 1388 1509 aliquid
1406 1475 1439 1503 de
1462 1475 1593 1511 apostolis
1608 1476 1700 1504 dicere
1724 1484 1774 1513 ag-

134 1509 262 1551 μουμένῳ
288 1515 372 1550 μηδὲν
385 1513 457 1542 εἶναι
482 1515 565 1542 πόνου
592 1516 693 1542 πολλοῦ
723 1517 840 1552 πρᾶγμα
859 1516 927 1552 μηδὲ

134 1561 253 1597 χαλεπὸν
275 1561 448 1596 ἐγχειρῆσαι,
475 1561 521 1588 καί
543 1561 578 1596 μέ
599 1571 641 1594 τις
658 1562 738 1596 λόγος
761 1562 842 1589 τοῦτο
860 1564 928 1594 τέως

122 1610 280 1637 --ἀνέπειθεν
302 1609 340 1641 ὡς
365 1609 416 1636 οὐκ
438 1609 513 1637 ἐστιν
538 1610 654 1645 artoper
678 1611 744 1646 περὶ
757 1611 819 1638 ὅτου
835 1619 878 1642 τις
895 1611 928 1638 ἂν

133 1656 189 1684 τῶν
204 1656 392 1683 ἀποστολικῶν
412 1656 489 1691 λέγοι
508 1657 735 1692 κατορθωμάτων
747 1658 795 1684 καὶ
810 1658 876 1693 περὶ
894 1654 928 1693 ἦς

133 1702 225 1729 αὐτῶν
239 1702 364 1738 χάριτος,
376 1701 472 1738 ὥσπερ
484 1703 545 1729 οὐδὲ
560 1703 657 1735 νυκτὸς
672 1703 792 1737 φέγγους
803 1704 868 1730 ἁστέ
874 1711 928 1739 ρων

134 1749 313 1784 διαμαρτεῖν·
341 1749 390 1775 καὶ
412 1748 494 1776 τοῦτο
511 1749 568 1784 γὰρ
583 1749 795 1784 ὑπεμίμνησκεν
811 1750 872 1776 ὅποι
886 1758 929 1781 τις

136 1794 230 1822 ἀπίδοι
245 1794 292 1821 τοῦ
305 1794 435 1828 οὐρανοῦ,
452 1794 500 1821 καὶ
520 1795 666 1828 προσεῖχον
685 1794 772 1829 ἡδέως
790 1793 829 1829 τῷ
843 1794 927 1828 λόγῳ,

134 1841 184 1876 τὴν
215 1841 376 1876 ἐγχείρησιν
407 1841 440 1867 ἐκ
463 1840 510 1867 τοῦ
536 1840 638 1875 ῥᾴστου
665 1849 711 1874 μοι
736 1840 928 1875 προχωρήσειν

135 1888 271 1923 οἰόμενος,
284 1888 326 1914 ὅτι
340 1887 407 1922 μηδὲ
418 1887 502 1922 χείρω
513 1886 579 1918 ἴσως
591 1888 620 1912 ὲν
631 1887 688 1918 τοῖς
699 1886 831 1917 τοιούτοις
843 1894 929 1920 προσ-

135 1934 218 1970 δοκᾷν
242 1935 298 1961 αἰεὶ
319 1934 354 1961 τὰ
376 1933 480 1968 ¹βελτίω
499 1934 547 1960 καὶ
564 1934 595 1960 τὸ
612 1933 681 1959 πολὺ
697 1933 747 1968 τῆς
772 1933 869 1967 ῥοπῆς,
893 1934 927 1968 τῇ

135 1980 210 2016 ψυχῇ
224 1980 317 2016 νέμειν
328 1980 464 2011 ἐντεῦθεν,
476 1979 492 2015 ἢ
505 1979 535 2006 τό
549 1987 581 2014 γε
593 1979 692 2014 ἀληθὲς
703 1979 792 2005 εἰπεῖν
805 1979 927 2014 σύμπαν,

137 2026 232 2061 ιπειδὴ
261 2026 380 2061 ιμιιυτὸν
417 2025 581 2060 προσάγειν,
615 2026 674 2058 τοῖς
712 2025 768 2051 τῶν
799 2022 927 2060 μεγάλων

136 2072 258 2104 ἐπαίνοις
286 2073 302 2098 ὁ
330 2072 479 2106 προσήκων
508 2071 604 2104 καιρὸς
637 2071 871 2105 ἐνέστη,καὶ’τά
894 2078 927 2104 γε

137 2117 235 2152 πρῶτα
256 2118 306 2152 τῆς
330 2117 422 2144 αὐτῶν
447 2117 587 2152 εὐφημίας
606 2115 641 2150 ἦν
660 2118 690 2143 ἐν
710 2117 817 2152 χερσὶν,
842 2117 856 2144 ὁ
878 2117 928 2150 μὲν

135 2163 240 2191 πείθων
261 2163 340 2198 λόγος
358 2163 433 2198 ἡμᾶς
462 2164 567 2194 ἐκεῖνος
593 2162 705 2198 ἀληθὴς,
723 2163 803 2198 εἴπερ
828 2163 924 2190 ἄλλοτε

135 2210 184 2237 καὶ
199 2209 282 2237 πάλιν
298 2210 415 2245 προσῄει
427 2210 475 2236 καὶ
491 2210 607 2243 ἀφθονία
622 2209 706 2244 πολλὴ
727 2209 793 2244 περὶ
803 2210 865 2236 ὅτου
884 2217 927 2241 τις

134 2255 170 2283 ἂν
183 2256 278 2289 διεξίοι
303 2255 331 2282 τι
352 2255 406 2291 μὴν
430 2255 536 2282 τούτων
556 2255 632 2288 ἄξιον
660 2255 763 2286 λέγειν,
778 2255 826 2281 καὶ
853 2255 928 2286 ὅπως

134 2302 192 2333 τοῖς
209 2302 333 2333 ἐπαίνοις
358 2302 503 2337 χρηστέον.
522 2301 608 2328 Τοῦτο
624 2301 652 2327 δὲ
675 2300 753 2327 obitu)
770 2300 825 2326 τῶν
842 2300 925 2326 εὐπό-

135 2356 191 2384 ρων
203 2347 339 2382 ἐφαίνετο,
358 2347 416 2374 ἀλλ’
437 2345 554 2374 ἐνταῦθα
571 2348 618 2374 καὶ
636 2346 738 2382 μᾶλλον
760 2347 814 2373 τῶν
839 2353 922 2380 προσ-

134 2395 258 2431 ηκόντων
277 2394 374 2429 λόγων,
394 2394 542 2426 ἔπεκράτει
565 2394 597 2429 δὴ
624 2393 733 2426 σπάνις,
754 2392 818 2419 ἔνθα
841 2393 927 2428 συκνὰ

134 2441 283 2477 προῦχεπο
307 2441 343 2468 τὰ
374 2440 444 2476 πρὸς
472 2441 584 2472 τούτους
615 2439 847 2476 παρακαλοῦντα,
880 2439 926 2466 καὶ

132 2487 214 2514 τοῦτό
233 2496 278 2523 μοι
299 2487 371 2514 δοκῶ
394 2487 560 2514 πεπονθέναι
578 2486 698 2521 ἀνάγκη.
716 2486 754 2512 Οὐ
779 2485 833 2521 γὰρ
850 2485 922 2518 long,

133 2533 185 2560 οὐκ
212 2533 275 2568 ίσης
300 2532 371 2567 πρὸς
389 2533 474 2567 ἄμφω
502 2533 543 2559 δεῖ
567 2534 616 2568 τῆς
643 2532 799 2567 δυνάμεως,
814 2532 926 2558 ἐπειδὰν

133 2579 242 2606 πολλῶν
263 2579 358 2611 ἁπλῶς
383 2579 488 2611 ἕνεκεν,
505 2580 552 2606 καὶ
572 2576 653 2611 αὖθις
678 2577 787 2605 πολλῶν
804 2578 852 2605 καὶ
877 2585 927 2613 με·

133 2626 227 2660 γάλων
241 2625 308 2662 ἐπίῃ
321 2625 376 2652 τινὶ
395 2626 428 2660 τῇ
444 2624 500 2658 ἕξει
517 2624 638 2661 χρῆσθαι
652 2624 707 2652 τῶν
720 2624 820 2658 λόγων,
832 2622 927 2659 ὥσπερ

133 2671 197 2698 οὐδὲ
228 2671 278 2707 τὴν
304 2671 391 2705 αὐτὴν
410 2671 499 2702 είποις
526 2670 560 2697 ἂν
582 2670 734 2706 ὲμπειρίαν
758 2670 806 2697 καὶ
832 2669 930 2704 ῥώμην

133 2716 251 2752 ὀφείλειν
265 2717 298 2744 ὲκ
320 2717 377 2744 τῶν
403 2716 565 2750 ἀναγκαίων
585 2717 731 2751 προσεῖναι
745 2715 784 2750 τῷ
805 2723 836 2741 τε
859 2714 929 2749 πρὸς

134 2763 251 2794 πολλοὺς
274 2764 367 2797 ἁπλῶς
389 2763 567 2800 ἀποδυομένῳ
584 2765 631 2791 καὶ
660 2763 689 2795 ὃς
717 2762 825 2794 πολλοῖς
853 2760 923 2796 ὁμοῦ
945 2761 992 2789 καὶ
1017 2760 1153 2796 γενναίοις

135 2820 223 2846 χετιι.

981 1518 1127 1552 gredienti,
1148 1526 1204 1546 non
1225 1520 1315 1554 magni
1331 1520 1358 1547 id
1382 1529 1444 1549 esse
1465 1522 1577 1556 laboris,
1595 1530 1684 1558 neque
1701 1523 1774 1552 difﬁ-

980 1565 1033 1592 cile
1055 1571 1208 1598 conamen;
1231 1570 1257 1593 et
1285 1567 1351 1594 nrihi
1368 1568 1439 1595 ratio
1465 1569 1593 1603 quaedam
1612 1570 1700 1597 suasit
1715 1578 1772 1597 non

980 1610 1037 1636 ﬁcri
1067 1617 1147 1645 posse
1172 1615 1203 1638 ut
1224 1612 1288 1646 quis
1311 1612 1433 1648 indigeat
1460 1615 1575 1642 materia
1596 1615 1721 1650 loquendi
1739 1615 1774 1644 de

979 1656 1172 1690 apostolorum
1192 1658 1324 1691 prmclare
1339 1658 1422 1686 lactis
1435 1665 1481 1686 aut.
1494 1660 1529 1687 de
1544 1661 1654 1689 illorum
1669 1663 1774 1697 gratia,

980 1702 1052 1729 sicut
1072 1710 1161 1737 neque
1189 1703 1224 1730 de
1252 1710 1456 1732 nocturnorum
1473 1706 1594 1734 siderum
1619 1707 1770 1742 splendore

980 1747 1088 1775 dicendi
1105 1749 1215 1776 occasio
1228 1749 1322 1783 deest;
1346 1759 1409 1777 nam
1424 1751 1460 1778 ob
1471 1752 1568 1779 oculos
1581 1757 1622 1780 est
1636 1753 1662 1780 in
1673 1761 1772 1789 quam-

980 1800 1090 1827 cunque
1117 1795 1180 1821 cwli
1214 1800 1321 1829 partem
1354 1797 1512 1831 suspicias;
1543 1798 1625 1833 igitur
1654 1799 1772 1828 libenter

980 1846 1135 1866 sermonem
1153 1840 1293 1873 inchoavi,
1314 1842 1456 1870 conlidens
1481 1843 1547 1879 milii
1577 1845 1770 1873 tractationem

980 1884 1110 1912 facillime
1138 1893 1343 1919 successuram,
1368 1888 1433 1922 quia
1456 1896 1597 1924 nunquam
1614 1889 1691 1924 pejus
1716 1889 1772 1916 lor<

980 1931 1062 1958 lassis
1079 1931 1107 1958 in
1122 1931 1259 1961 similibus
1278 1933 1371 1966 rebus,
1389 1935 1436 1961 sed
1453 1942 1562 1969 semper
1578 1936 1690 1962 meliora
1706 1944 1771 1970 spe-

980 1985 1042 2004 rare
1055 1981 1082 2004 et
1102 1978 1253 2005 maximum
1267 1978 1332 2006 hinc
1347 1980 1440 2006 animo
1461 1980 1606 2015 impulsum
1622 1981 1769 2016 impertiri,

979 2022 1013 2049 ad
1031 2029 1126 2049 verum
1143 2031 1225 2050 omne
1241 2024 1402 2053 dicendum.
1431 2025 1501 2053 Cum
1526 2027 1618 2061 itaque
1649 2035 1771 2062 praesens

979 2069 1092 2096 occasio
1106 2069 1181 2096 venit
1195 2077 1249 2104 qua
1270 2072 1303 2097 ad
1315 2071 1499 2098 laudationem
1519 2080 1682 2106 magnorum
1698 2074 1772 2100 viro-

982 2122 1041 2142 rum
1069 2115 1232 2149 adducercr,
1253 2121 1280 2144 et
1304 2117 1360 2151 jam
1388 2118 1415 2144 in
1445 2122 1478 2145 eo
1506 2125 1595 2145 essem
1627 2124 1656 2146 ut
1674 2119 1770 2147 laudes

979 2167 1075 2188 eorum
1093 2162 1255 2196 inciperem,
1274 2162 1344 2189 ratio
1361 2163 1406 2189 illa
1427 2171 1505 2195 vera,
1523 2163 1546 2191 si
1561 2171 1685 2198 unquam
1700 2165 1770 2192 alias

979 2206 1079 2240 adfuit,
1095 2211 1123 2234 et
1153 2215 1251 2243 magna
1277 2208 1446 2236 abundantia
1478 2209 1714 2244 disserendorum,
1743 2216 1771 2238 ct

977 2254 1117 2288 quomodo
1145 2253 1273 2281 laudibus
1302 2255 1340 2281 uti
1368 2259 1493 2290 oporteat
1510 2255 1666 2283 admonuit.
1700 2256 1771 2284 illud

977 2306 1042 2326 vero
1058 2307 1112 2326 non
1133 2299 1215 2327 facile
1242 2300 1403 2334 videbatur;
1431 2302 1479 2329 scd
1497 2301 1544 2328 hic
1573 2303 1666 2336 potius
1686 2310 1769 2337 quant

984 2346 1176 2373 convenientia
1194 2347 1277 2374 verba
1297 2346 1422 2381 deerant,
1439 2347 1484 2375 tibi
1502 2348 1655 2383 l'rcquentia
1681 2353 1770 2376 malev

980 2391 1083 2418 riarum
1107 2391 1303 2419 dominabatur
1325 2402 1332 2420 :
1351 2397 1378 2420 et
1407 2393 1474 2420 illud
1502 2393 1569 2420 mibi
1596 2401 1628 2421 ex
1648 2393 1768 2428 quadam

980 2436 1145 2464 necessitate
1166 2438 1301 2466 accidisse
1323 2439 1442 2466 videtur.
1459 2439 1519 2466 Non
1544 2439 1616 2466 enim
1644 2440 1769 2466 eamdem

980 2483 1036 2510 vim
1060 2482 1095 2510 de
1122 2483 1229 2511 duobus
1255 2484 1358 2511 dicenti
1383 2485 1481 2512 adesse
1500 2488 1621 2520 oportet,
1647 2493 1709 2512 cum
1737 2484 1771 2511 de

981 2528 1078 2556 multis
1093 2529 1256 2564 simpliciter
1268 2535 1296 2557 et
1309 2530 1342 2558 de
1353 2531 1446 2557 multis
1459 2531 1580 2566 pleniore
1593 2539 1641 2558 ore
1654 2530 1772 2566 loquen-

979 2575 1044 2603 dum
1058 2578 1110 2603 est.
1129 2573 1216 2602 Sicuti
1231 2583 1285 2603 non
1312 2576 1436 2604 eamdem
1462 2577 1564 2605 dixeris
1592 2578 1719 2612 peritiam
1738 2582 1766 2604 et

980 2621 1035 2650 vim
1063 2625 1191 2656 oportere
1216 2622 1309 2649 inesse
1339 2621 1378 2648 illi
1406 2622 1453 2657 qui
1474 2621 1639 2657 simpliciter
1666 2623 1774 2650 multos

980 2665 1131 2700 alloquitur
1147 2670 1175 2694 et
1191 2667 1230 2694 illi
1256 2666 1304 2702 qui
1327 2667 1362 2695 ad
1379 2667 1480 2695 multos
1499 2667 1583 2695 simul
1601 2672 1629 2695 ct
1648 2667 1773 2696 illustres

981 2712 1064 2740 verba
1083 2712 1160 2740 facit.

1195 2761 1249 2788 τῶν
1276 2760 1431 2788 ἀντιπάλων
1456 2761 1496 2792 εἰς
1523 2760 1683 2796 συμπλοκὰς
1724 2760 1773 2791 ξρι-
