1924 3092
173 108 241 142 1ὓ⁵9

790 107 933 138 ΜΛΧΙΜΙ
953 107 1140 138 PLANUDJE

1720 109 1785 140 illi’ﬂ

208 166 329 200 ξιτψ)
348 167 456 197 oportet
489 163 594 189 veniam
625 162 729 196 pici-ari
756 166 783 188 ct
810 162 949 196 propriam

1039 161 1069 187 Et
1086 161 1174 187 τοίνυν
1188 161 1228 187 δεῖ
1242 162 1436 195 παραιτεῖσθαι
1451 163 1498 188 καὶ
1521 163 1725 197 μνημονεύοντα
1738 173 1785 198 της

175 210 362 237 infirmitatem
376 213 550 236 aee-ligantem
577 210 658 235 vcrha
674 209 773 239 facere,
792 216 879 242 neque
902 215 953 242 ego

177 257 255 282 aliter
278 256 378 289 cogito,
408 263 494 289 neque
512 255 577 281 mihi
598 254 700 280 suadeo
732 255 837 288 majora
871 261 952 288 quam

174 301 264 328 caeteri
281 309 377 328 omnes
393 302 485 328 conari
502 301 595 327 hecre.
609 300 660 327 Sed
679 301 756 326 video
765 299 953 327 .suflicientem

176 347 242 374 1111111
261 348 464 374 θχειιειιῑὶοιηίη
480 354 511 373 ex
529 346 582 372 illis
599 347 643 380 qui
669 347 745 379 prius
762 346 863 372 similia
879 354 954 373 cont-

175 393 308 419 miserunt
328 397 425 426 prmsto
439 399 498 419 esse
516 393 595 426 plane
608 399 767 426 congruam.
783 391 849 424 Quae
868 392 953 426 igitur

175 438 287 464 cuilibet
306 439 413 464 illortttn
433 438 479 472 qui
508 438 576 465 alios
601 437 710 464 [amiare
740 442 827 463 ratum
851 437 956 464 habue-

177 488 241 510 rttnt
257 484 347 511 dicere
359 484 468 516 accidit,
485 483 594 518 quando
609 491 658 518 pro
669 484 768 518 seipsis
779 484 804 509 111
819 490 956 510 certamen

177 529 391 561 descenderunt,
416 534 443 556 et
460 538 490 556 ca
509 530 543 556 ab
559 529 611 556 illis
632 537 682 563 pro
711 538 752 555 me
779 529 850 555 dicta
876 529 955 555 velim

175 576 265 600 omnia
277 574 361 601 fuisse
378 575 442 601 1111111
461 575 568 601 videtur
580 583 587 600 :
601 579 627 601 et
641 575 711 601 idem
729 575 836 601 ueteris
846 582 957 609 quoque

176 620 313 646 videatur.
327 620 354 646 Si
366 621 429 654 quis
444 620 516 646 enim
531 620 647 654 aliquem
669 619 834 646 laudandum
847 626 957 651 assum-

178 666 275 699 pscrit,
293 674 346 692 non
379 666 530 692 absurdum
550 670 626 700 putat
656 666 678 692 si
704 665 792 699 majus
820 673 868 698 pro
899 665 957 692 suis

177 712 280 738 viribus
295 719 363 745 opus
381 719 538 746 aggressum
557 719 586 738 se
605 711 732 742 fateatur,
747 711 885 744 quomodo
901 718 956 737 non

177 757 368 791 opportunitas
396 764 468 784 nunc
500 756 578 783 nobis
600 762 675 784 esset
704 756 755 783 hoc
780 763 889 790 quoque
916 757 958 782 di-

178 802 268 835 cendi,
287 807 314 829 et
340 803 426 836 magis
454 810 535 836 quam
559 802 684 830 caeteris?
711 801 768 829 Duo
792 802 863 828 enim
886 802 958 828 inter

1005 208 1109 238 οἰκείας
1132 207 1274 238 ἀσθενείας
1292 208 1434 242 προσιέναι
1448 209 1502 239 τοῖς
1522 208 1623 242 λόγοις,
1641 209 1694 235 οὐδ’
1708 210 1788 241 αὐτὸς

1005 253 1091 282 ἄλλως
1106 253 1122 286 ἢ
1138 252 1208 278 κατὰ
1216 252 1302 278 ταῦτα
1317 252 1458 287 λογίζομαι
1471 253 1526 280 οὐδ’
1540 253 1634 288 ἕτερόν
1648 263 1674 280 τι
1690 255 1789 289 χρῆναι

1005 298 1232 333 προχειρίσασθαι
1247 299 1300 333 πρὸ
1312 299 1421 326 πάντων
1430 300 1548 334 ἐμαυτὸν
1564 300 1661 327 πείθω.
1682 300 1754 336 ’0ρῶ
1767 300 1792 327 δ’

1007 345 1102 378 ἱκανήν
1114 353 1158 378 μοι
1169 345 1244 378 παρὰ
1254 345 1308 371 τῶν
1319 344 1436 378 πρόσθεν
1447 345 1487 376 εἰς
1495 345 1529 372 τὰ
1540 345 1651 372 τοιαῦτα
1665 346 1791 372 καθεικό-

1006 397 1059 415 των
1070 389 1182 420 ἐαυτοὺς
1199 390 1248 423 τὴν
1264 390 1429 424 παραίτησιν
1444 392 1586 424 γεγονυῖαν
1604 391 1650 417 καὶ
1663 392 1791 426 ἀποχρῶν

1007 432 1076 460 εἶναι
1093 443 1138 468 μοι
1154 435 1228 461 δοκεῖ
1243 435 1273 460 τὺ
1288 436 1316 467 ἐξ
1337 435 1458 462 ἐκείνων.
1485 436 1518 461 Ἃ
1534 436 1598 470 γοῦν
1613 437 1720 472 ἐκὰστῳ
1735 437 1790 463 τῶν

1008 481 1128 507 ἐπαινεῖν
1144 481 1241 513 ἄλλους
1256 482 1465 516 ἑνστησαμένων
1480 482 1549 517 ὑπὲρ
1566 483 1670 509 ἑαυτῶν
1686 484 1726 514 εἰς
1741 482 1787 508 τὸν

1009 526 1101 559 ἀγῶνα
1111 527 1325 553 καταὸαινόντων
1336 528 1423 553 εἰπεῖν
1435 526 1572 559 ἐξεγένετο
1581 529 1627 554 καὶ
1641 528 1711 562 ὑπὲρ
1722 528 1789 563 suo;

1007 571 1114 601 τούτιις
1138 571 1262 604 εἰρῆσθαι
1287 571 1376 597 πάντα
1397 571 1483 604 δοκῶ,
1506 573 1626 603 καὶτοῖς
1651 572 1739 603 ἄλλοις
1757 573 1789 607 δὴ

1009 614 1178 642 συνδοκείτω.
1195 615 1224 641 Et
1238 616 1291 650 γὰρ
1305 616 1433 643 ἑκάστοτέ
1446 626 1487 648 τις
1504 616 1569 652 ὓλην
1584 618 1729 652 ἐγκωμίων
1740 618 1789 644 ἕνα

1009 661 1182 695 ποιούμενος,
1204 661 1299 688 ἔπειτα
1312 663 1362 688 οὐκ
1385 663 1485 689 ἄτοπον
1504 664 1610 698 ἡγεῖται
1630 664 1753 698 μείζονος
1772 665 1789 699 ἢ

1009 706 1069 732 καθ’
1093 707 1174 733 αὐτὸν
1200 707 1356 740 ὑποθέσεως
1377 709 1517 743 ὁμολογεῖν
1541 709 1684 742 ἅπτεσθαι,
1711 711 1794 737 πόθεν

1009 752 1060 778 οὐκ
1076 753 1108 778 ἂν
1135 752 1213 778 τοῦτο
1240 754 1335 788 καιρὸς
1353 754 1398 789 εἴη
1417 755 1464 780 καὶ
1486 755 1569 781 τανῦν
1586 755 1724 789 λέγεσθαι,
1747 757 1794 782 καὶ

1013 797 1112 831 μᾶὶλον
1134 798 1189 824 τῶν
1213 799 1320 832 mm;
1349 800 1420 831 Δυὰς
1445 800 1499 836 γὰρ
1526 801 1542 836 ὴ
1574 802 1624 835 τῆς
1643 801 1795 833 δωδεκάδος

179 848 323 875 duodecim
341 847 442 875 Christi
464 847 612 882 discipulos
627 848 720 875 selecti
734 851 818 879 sunt;
843 851 870 874 et
885 854 960 881 qure-

1014 843 1221 877 προκεκριμένη
1252 843 1306 870 τῶν
1333 843 1464 879 Χριστοῦ⁸
1480 846 1609 880 μαθητῶν
1635 846 1715 880 ἔργον
1747 849 1796 873 καὶ

179 895 248 922 ritur
277 900 367 922 tttrum
390 903 483 922 eorum
516 895 653 930 prati-ipim
676 895 860 922 laudabimus.
891 894 957 922 Cre-

179 942 214 967 tlo
239 946 339 972 tamen,
368 941 390 968 si
418 945 536 968 nostram
559 948 668 976 quoque
695 941 817 975 ipsorum
848 944 958 967 senten-

181 987 246 1012 tiam
274 986 365 1013 dicere
394 990 523 1020 oportet,
551 987 656 1013 nnllttm
679 993 742 1013 esse
766 986 837 1012 inter
863 992 959 1012 otnnes

179 1032 238 1065 qui,
267 1039 329 1058 cum
346 1031 462 1058 audierit
488 1030 545 1058 fore
567 1035 596 1058 ut
612 1031 709 1058 Petrus
729 1035 757 1058 et
779 1030 882 1057 Paulus
903 1030 960 1056 lau-

179 1078 288 1109 dentur,
321 1085 373 1102 non
406 1077 487 1110 plane
512 1076 603 1102 videat
638 1076 807 1104 laudatorem
841 1075 959 1102 maximo

179 1122 254 1154 operi
274 1129 334 1147 sese
359 1121 524 1148 accinxisse.
553 1121 678 1147 Attamen
706 1125 732 1146 et
754 1119 869 1147 fortasse
889 1118 960 1146 dicet

181 1167 335 1200 inspirasse
348 1166 428 1193 alicui
447 1166 480 1192 de
496 1174 546 1192 suo
559 1173 653 1191 amore
671 1166 823 1199 apostolos,
844 1170 872 1192 ut
887 1164 960 1200 quod

182 1213 236 1239 illis
255 1220 362 1246 semper
380 1211 509 1247 Magister
526 1211 728 1244 celebrabatur,
759 1219 788 1238 se
801 1211 877 1245 ipsos
894 1219 963 1237 con-

181 1262 272 1284 sortes
294 1258 373 1292 quasi
403 1257 460 1284 fore
479 1258 585 1284 illorum
601 1258 645 1291 qui
659 1257 738 1283 verba
760 1257 889 1283 facerent.
907 1255 962 1283 Sed

182 1304 236 1330 nisi
262 1304 353 1338 plures
369 1304 484 1338 apostoli
505 1303 707 1337 suppetiissent
730 1302 819 1329 fontes
835 1301 960 1335 laudum,

184 1349 240 1376 lieri
258 1355 332 1375 certe
361 1353 468 1383 poterat
495 1354 526 1375 ιιι
551 1348 596 1375 ille
627 1349 674 1382 qui
702 1347 818 1375 dicendo
844 1347 961 1374 multum

182 1395 308 1429 polleret.
325 1387 425 1421 dicere.
442 1399 470 1421 ut
489 1393 602 1428 gloriam
619 1394 776 1428 acquireret
798 1392 937 1420 videretur
953 1401 961 1424 ;

185 1449 258 1468 nunc
274 1448 336 1468 vero
367 1445 422 1467 tam
449 1447 613 1467 numerosas
640 1445 667 1466 et
693 1439 761 1467 alias
787 1440 870 1474 super
895 1439 963 1466 alias

184 1488 280 1519 habes,
295 1492 325 1513 ut
336 1487 485 1514 timendum
500 1487 546 1517 sit,
566 1494 598 1512 ne
612 1485 794 1520 quodcunque
807 1486 868 1519 quis
879 1485 961 1517 dicat,

1011 888 1139 921 ὁπότερον
1152 889 1285 923 πρότερον
1298 889 1401 916 τούτων
1411 890 1534 917 ἐπαινεῖν
1545 891 1715 918 ἁπολαὸὸντα
1726 892 1797 926 πρὸς

1012 933 1149 967 εὐφημίαν
1166 934 1213 960 νῦν
1229 935 1384 968 πρόκειται.
1401 934 1484 970 οἶμαι
1497 935 1547 970 μὲν
1560 936 1605 962 οὖν
1621 937 1644 963 εί
1659 936 1689 971 δή
1705 946 1729 963 τι
1741 937 1797 972 χρὴ

1013 979 1059 1005 καὶ
1081 979 1111 1005 τὺ
1129 979 1263 1015 ἡμέτερον
1289 981 1379 1008 αὐτῶν
1399 982 1489 1016 λέγειν
1517 982 1581 1017 μηδ’
1604 982 1638 1009 ἂν
1662 982 1710 1009 ἕνα
1736 984 1794 1009 τῶν

1014 1025 1151 1052 ἁπάντων
1170 1024 1249 1060 εἶναι,
1265 1026 1294 1057 ὃς
1308 1027 1412 1061 Πέτρον
1431 1028 1478 1054 καὶ
1495 1028 1596 1054 Παῦλον
1612 1029 1793 1065 ἐπαινεθησο-

1015 1072 1110 1106 μένους
1125 1072 1246 1104 ἀκούσας
1268 1072 1304 1107 μὴ
1321 1073 1360 1108 τῷ
1380 1073 1503 1108 μεγίστῳ
1517 1074 1571 1101 τῶν
1583 1076 1795 1110 ἐγχειρημάτων

1014 1117 1109 1144 ἐαυτον
1133 1117 1327 1146 ἐπιδεδωκέναι
1355 1119 1401 1145 τὸν
1430 1119 1577 1154 ἐπαινέτην
1603 1121 1795 1154 ἁποφανεῖται,

1014 1163 1102 1189 καίτοι
1128 1163 1174 1189 καὶ
1192 1163 1313 1190 τοιοῦτον
1331 1164 1393 1198 ἐρεῖ
1411 1164 1449 1195 ὡς
1470 1165 1524 1200 ἄρα
1546 1166 1600 1192 τινὶ
1619 1166 1668 1201 τῆς
1688 1167 1795 1194 ἑαυτῶν

1015 1208 1125 1243 ἀγάπης
1141 1209 1308 1236 ἐνέπνευσαν
1331 1211 1379 1236 καὶ
1394 1210 1441 1236 νῦν
1461 1211 1485 1237 οῖ
1505 1211 1659 1243 ἀπόστολοι,
1673 1212 1712 1244 ὡς
1724 1214 1797 1249 ὅπερ

1013 1251 1048 1289 ἦν
1073 1254 1167 1286 αὐτοῖς
1194 1255 1343 1286 διαπαντὸς
1363 1257 1377 1282 ὀ
1397 1256 1562 1289 Διδάσκαλος
1576 1257 1798 1293 εὐφημούμενος,

1015 1299 1095 1326 τοῦτο
1112 1301 1159 1327 καὶ
1172 1299 1284 1331 τούτους
1299 1301 1357 1327 νυνὶ
1376 1301 1420 1328 διὰ
1437 1302 1467 1328 τὸ
1487 1303 1568 1329 αὑτὸν
1583 1303 1621 1339 τῷ
1641 1303 1697 1330 τῶν
1710 1305 1801 1339 λόγων

1016 1345 1160 1379 ἁπτομένῳ
1173 1345 1309 1379 γενέσθαι.
1332 1347 1402 1373 Ἀλλ’
1429 1348 1453 1374 εί
1470 1348 1520 1383 μὲν
1549 1348 1587 1384 μὴ
1617 1349 1745 1381 πλείστας
1770 1352 1799 1377 οἱ

1016 1391 1160 1417 ἀπόστολοι
1172 1393 1301 1426 παρεῖχον
1318 1393 1445 1428 ἀφορμὰς
1460 1395 1607 1429 ἐγκωμίων
1621 1395 1684 1428 ἐνῆν
1696 1396 1803 1430 δήπου-

1017 1435 1061 1463 θεν
1078 1437 1123 1462 τδν
1139 1438 1168 1462 ἐν
1189 1436 1278 1470 λόγοις
1295 1437 1377 1464 πολλὰ
1401 1438 1540 1472 δυνηθέντ’
1560 1439 1593 1465 ἂν
1606 1439 1703 1466 εἰπεῖν
1721 1441 1802 1467 εὐδο-

1017 1482 1110 1516 κιμεῖν
1124 1481 1216 1513 δόξαι*
1239 1483 1299 1508 νυνὶ
1322 1482 1345 1508 δ’
1367 1482 1438 1509 οὕτω
1451 1483 1562 1514 πολλαῖς
1579 1485 1626 1510 καὶ
1646 1480 1739 1516 ἄλλαις
1755 1486 1802 1512 ἐπ’

185 1533 253 1560 1111111
271 1517 363 1567 tamen
377 1532 480 1559 dixisse
495 1517 632 1564 videatur,
650 1535 698 1558 aut
727 1517 792 1558 illud
814 1517 884 1558 idem
903 1537 962 1565 pas-

1016 1527 1107 1559 ἄλλαις
1131 1527 1305 1562 ἐντυγχάνειν
1329 1528 1419 1554 ἐστιν·
1436 1528 1506 1554 ὥστε
1533 1529 1592 1561 δέος
1614 1531 1666 1557 κᾶν
1688 1532 1802 1558 ὁσονοῦν

185 1587 245 1606 sum
277 1579 374 1612 fuisse,
397 1579 468 1614 quod
489 1583 516 1606 et
536 1579 607 1613 ignis
635 1579 761 1613 exiguus.
783 1577 842 1611 qui,
872 1577 958 1604 multo

185 1624 260 1658 ligno
280 1624 418 1658 imposito,
430 1623 625 1658 exstinguitur.
637 1622 708 1657 Ergo
724 1630 776 1649 non
792 1621 964 1649 solummodo

185 1671 249 1704 quia
269 1669 351 1696 multa
373 1670 408 1696 de
435 1669 527 1696 multis
553 1669 644 1695 dicere
667 1668 817 1702 oportebit,
832 1675 960 1702 magnum

185 1719 360 1749 comparatur
375 1719 525 1745 certamen,
535 1717 561 1740 et
577 1714 707 1745 arduutn,
723 1713 770 1740 sed
784 1713 847 1747 quia
865 1720 965 1747 magna

186 1767 344 1794 magnorum
361 1766 460 1791 causa;
482 1766 569 1793 neque
583 1759 627 1785 ille
642 1758 687 1793 qui
715 1758 816 1791 multis,
834 1765 887 1784 non
902 1765 965 1785 vero

186 1805 292 1840 magnis
308 1805 353 1832 hic
369 1804 459 1831 verbis
474 1809 598 1831 uteretur
627 1811 714 1838 neque
733 1804 775 1831 his
803 1804 963 1838 contrariis,

186 1850 271 1877 videri
286 1853 377 1884 posset
395 1849 574 1884 apostolicam
604 1848 774 1883 majestatem
793 1856 826 1876 ex
855 1849 889 1877 iis
906 1858 966 1884 qua:

187 1895 254 1931 liqut
270 1894 296 1920 in
312 1894 400 1920 lucem
424 1893 553 1920 edidisse.
581 1892 656 1919 Multi
684 1898 757 1919 certe
786 1893 893 1920 illorum
920 1894 966 1927 qui

187 1939 295 1974 aliquos
310 1939 421 1966 laudare
435 1943 522 1964 ratum
543 1938 709 1969 habuerunt,
725 1938 780 1964 sive
795 1937 898 1972 aliquid
913 1938 965 1966 illis

187 1985 237 2019 qui
267 1984 414 2011 laudantur
431 1983 543 2018 dignum
581 1983 725 2016 habentes,
755 1991 810 2010 non
835 1983 966 2010 desinunt

187 2032 221 2057 de
235 2029 329 2056 eodem
347 2029 427 2063 longa
447 2035 518 2062 saepe
539 2031 714 2058 connectere.
730 2027 788 2054 sive
810 2028 879 2054 nihil
907 2028 967 2055 lau-

188 2075 277 2102 dabile
294 2074 407 2107 vident;
424 2078 513 2100 tamen
540 2079 567 2099 et
593 2073 665 2106 quod
689 2078 786 2107 praeter
810 2073 965 2107 opinionem

189 2120 307 2151 dicatur,
336 2119 450 2145 nihilum
481 2117 593 2144 laudare
616 2124 669 2144 non
697 2117 874 2149 erubescunt,
894 2116 985 2144 idetu'

190 2170 301 2198 prorsus
320 2162 451 2189 facientes
472 2167 503 2187 ac
528 2161 550 2187 si
580 2161 652 2194 quis,
678 2160 744 2186 nihil
771 2160 874 2186 habens
893 2161 963 2194 quod

189 2208 324 2237 ostendat.
342 2207 418 2234 diviti
444 2210 630 2241 paupertatem
650 2206 738 2239 ipsam
767 2206 792 2231 in
809 2206 965 2232 divitiarum

189 2252 446 2281 demonstrationem
472 2255 554 2285 ponat
576 2250 602 2276 iu
621 2249 751 2281 medium,
768 2254 795 2276 et
809 2250 910 2283 aliquid
928 2250 968 2277 fa—

190 2307 253 2326 ecre
281 2298 441 2324 arbitretur.
470 2295 535 2322 Mihi
557 2301 645 2322 autem
664 2299 736 2322 tanta
753 2303 784 2321 ac
814 2296 878 2322 talia
904 2301 968 2323 sunt

191 2353 252 2380 qua:
269 2344 302 2371 de
323 2342 455 2377 apostolis
482 2341 629 2373 celebrem,
651 2346 680 2367 ut
698 2346 723 2368 et
740 2341 873 2376 vertigine
891 2341 965 2368 labo-

190 2398 246 2418 rem
271 2396 332 2416 cum
361 2395 453 2415 earum
477 2387 587 2414 laudum
613 2387 812 2414 multitudinem
841 2388 966 2422 inspicio.

191 2437 224 2464 Et
245 2436 279 2468 si,
304 2443 365 2463 cum
390 2440 526 2469 praesumo
553 2434 681 2460 virtutem
707 2441 800 2460 eorum
816 2434 966 2466 celebrare.

190 2483 364 2518 perlustrem,
381 2479 446 2506 illud
463 2478 586 2506 sullicere
602 2484 629 2504 ut
644 2478 790 2505 laudentur
807 2486 856 2512 pro
875 2479 968 2507 multis

190 2527 339 2558 videbitur,
354 2525 464 2552 laudare
481 2531 649 2550 summorum
676 2527 763 2555 acttts,
788 2528 816 2550 et
845 2529 968 2558 superest

190 2570 508 2604 desiderium,exiguus,
526 2569 619 2600 credo,
641 2570 729 2595 onmis
755 2574 902 2602 praetextas
928 2570 968 2596 vi-

192 2618 311 2648 debitur,
342 2623 393 2642 non
423 2614 508 2640 venia:
536 2613 648 2648 dignum
686 2613 776 2640 statim
803 2614 966 2646 existimari,

192 2664 215 2691 si
236 2663 300 2698 quid
324 2669 376 2688 non
406 2661 477 2694 quod
502 2664 626 2693 oporteat
665 2665 840 2691 consecutus,
867 2660 967 2686 audere

191 2708 279 2742 magis
290 2714 370 2741 quam
389 2713 481 2731 amare
501 2705 591 2731 videar
619 2703 749 2738 Equidem
767 2712 810 2731 me
830 2703 887 2738 ipse
908 2713 968 2739 pro-

193 2753 317 2780 bibebam
334 2751 375 2778 his
394 2750 425 2777 de
436 2750 528 2777 causis
539 2750 604 2784 quin
628 2750 757 2782 dicerem,
775 2754 801 2776 et
816 2750 898 2777 silere
914 2758 968 2777 tue-

193 2799 247 2825 lius
275 2801 331 2824 erat
346 2804 353 2823 :
371 2796 416 2822 sed
449 2795 593 2823 videbatur
617 2795 748 2830 injustunt
778 2795 799 2822 si
819 2795 880 2830 quis
897 2796 964 2823 nihil

1017 1574 1081 1608 εῖπῃ
1093 1582 1134 1604 τις
1151 1574 1232 1608 μηδὲν
1246 1573 1388 1609 εἰρηκέναι
1405 1573 1494 1602 δοκεῖν
1509 1575 1525 1610 ἢ
1542 1576 1652 1602 κάκεῖνο
1665 1577 1774 1610 παθεῖν,
1788 1579 1803 1605 δ

1016 1620 1063 1644 καὶ
1077 1619 1131 1654 πῦρ
1147 1619 1248 1652 ὀλίγον,
1263 1619 1277 1646 ὃ
1291 1620 1390 1655 πολλῆς
1403 1620 1469 1655 ὕλης
1486 1621 1656 1657 ἐπιτεθείσης
1670 1623 1800 1659 ἐσσέσθη.

1016 1664 1070 1690 Καὶ
1085 1664 1150 1698 γοῦν
1175 1665 1204 1690 οὺ
1233 1665 1312 1698 μόνον
1328 1666 1368 1691 ὅτι
1392 1665 1477 1691 πολλὰ
1496 1667 1558 1699 περὶ
1578 1666 1684 1693 πολλῶν
1704 1667 1800 1702 δεήσει

1017 1707 1115 1741 λέγειν,
1131 1709 1202 1742 μέγα
1217 1709 1375 1735 συνίσταται
1388 1709 1418 1735 τὸ
1432 1710 1585 1745 ἀγώνισμα,
1600 1712 1646 1737 καὶ
1657 1712 1707 1738 οὐκ
1717 1713 1802 1739 εὐπε-

1016 1753 1061 1784 τὲς
1088 1753 1195 1785 ἀνῦσαι,
1213 1755 1270 1781 ἀλλ’
1292 1756 1333 1781 ὃτι
1357 1755 1405 1781 καὶ
1425 1756 1533 1790 μεγάλα
1554 1757 1680 1791 μεγάλων
1695 1759 1801 1792 ἕνεκεν,

1017 1799 1053 1830 ὡς
1071 1797 1133 1825 οὔτε
1147 1799 1193 1826 τδν
1207 1800 1314 1831 πολλοῖς
1330 1801 1378 1835 μὲν
1390 1801 1428 1837 μὴ
1443 1802 1572 1836 μεγάλοις
1584 1802 1612 1828 δὲ
1627 1805 1802 1839 κεχρημένον

1017 1844 1142 1870 ἐνταυθοῖ
1166 1845 1254 1878 λόγοις
1271 1844 1333 1872 οὔτε
1359 1847 1491 1873 τάναντία
1509 1847 1613 1875 τούτων
1627 1849 1741 1877 δυνατὸν
1764 1850 1797 1877 δν

1016 1889 1065 1925 τὴν
1089 1891 1272 1925 ἀποστολικὴν
1297 1892 1483 1927 ἐνδειξάμενον
1511 1893 1544 1919 ἐκ
1564 1893 1619 1920 τῶν
1646 1896 1803 1930 γινομένων

1017 1936 1094 1968 ἀξίαν
1115 1937 1243 1971 φανῆναι.
1262 1937 1356 1964 Πολλοί
1379 1947 1411 1972 γε
1438 1939 1492 1974 μὴν
1508 1939 1562 1965 τῶν
1574 1940 1696 1966 ἐπαινεῖν
1722 1949 1803 1973 τινας

1017 1981 1054 2012 ὼς
1067 1981 1100 2008 τὰ
1112 1981 1197 2008 πολλὰ
1216 1983 1392 2017 προθεμένων
1409 1983 1464 2010 εἴτε
1477 1992 1504 2010 τι
1516 1986 1571 2015 τοῖς
1583 1985 1804 2019 εὐφημουμένοις

1018 2026 1046 2053 ἐν
1064 2026 1128 2060 γοῦν
1146 2027 1221 2060 ἄξιον
1245 2028 1333 2054 εἰπεῖν
1358 2029 1405 2055 καὶ
1430 2028 1569 2062 θαυμάσαι
1587 2030 1737 2064 συνίσασιν,
1751 2032 1803 2058 οὐκ

1017 2073 1181 2106 ἀφίστανται
1198 2074 1264 2108 περὶ
1277 2073 1325 2100 τοῦ
1350 2073 1432 2101 αὐτοῦ
1449 2075 1544 2110 μακρὰ
1567 2075 1697 2108 πολλάκις
1714 2079 1804 2104 συνεί-

1020 2125 1120 2151 ροντες,
1135 2118 1189 2144 εἴτε
1209 2117 1292 2153 μηδὲν
1313 2118 1368 2144 τῶν
1382 2119 1533 2146 ἐπαινετῶν
1548 2121 1707 2156 βλέπουσιν,
1727 2123 1802 2156 ὅμως

1020 2163 1043 2188 εί
1058 2163 1104 2188 καὶ
1118 2164 1270 2198 παράδοξον
1291 2165 1389 2197 ειπείν,
1404 2166 1589 2200 ἐγκωμιάζειν
1607 2167 1636 2193 τὸ
1652 2168 1737 2202 μηδὲν
1751 2170 1802 2196 οὐκ

1019 2207 1127 2234 ὀκνοῦσι
1143 2210 1335 2245 παραπλήσιόν
1350 2220 1376 2238 τι
1394 2211 1544 2245 ποιοῦντες,
1560 2211 1655 2247 ὥσπερ
1670 2213 1704 2239 ἂν
1718 2214 1744 2240 ετ
1756 2223 1799 2246 τις

1018 2253 1130 2288 ἀπορῶν
1145 2254 1349 2283 ἐπιδείκνυσθαι
1360 2257 1469 2292 πλούτῳ
1484 2257 1570 2292 αὐτὴν
1584 2258 1633 2292 τὴν
1649 2258 1747 2285 πενίαν
1762 2261 1802 2291 εις

1018 2299 1149 2332 ἐπίδειξιν
1163 2301 1279 2327 πλούτου
1295 2303 1380 2334 τιθεὶς
1393 2304 1433 2334 είς
1451 2304 1544 2338 μέσον,
1558 2303 1641 2330 οίοιτό
1659 2312 1687 2330 τι
1701 2306 1799 2334 ποιεῖν.

1024 2343 1102 2377 Ἐμοὶ
1111 2341 1139 2370 δέ
1153 2345 1248 2371 τοσάδε
1256 2346 1304 2372 καὶ
1314 2347 1404 2373 τοιάδε
1414 2348 1569 2374 ἀποστόλων
1583 2349 1714 2383 πάρεστιν
1723 2350 1801 2376 ἐπαι-

1019 2390 1075 2415 νεῖν
1087 2388 1156 2416 ὦστε
1171 2391 1218 2416 καὶ
1236 2390 1354 2427 ἰλιγγιᾷν
1375 2393 1511 2428 ἐνορῶντα
1535 2394 1572 2428 τῷ
1589 2394 1687 2429 πλήθει
1703 2395 1755 2421 κᾶν
1773 2395 1801 2421 ἐν

1019 2433 1049 2466 γέ
1066 2442 1091 2459 τι
1109 2434 1209 2461 τούτων
1224 2435 1368 2463 ἀπολαὸὼν
1384 2437 1420 2468 ib;
1439 2438 1576 2473 ὑμνητέον
1596 2439 1653 2464 ἐστὶ
1671 2438 1800 2471 διεξέλθω

1019 2479 1090 2505 τοῦτ’
1106 2481 1200 2515 ἀρκεῖν
1216 2482 1256 2512 εἰς
1271 2483 1407 2517 εὐφημίαν
1429 2484 1490 2510 ἀντὶ
1512 2484 1617 2511 πολλῶν
1632 2484 1714 2518 δόξει,
1730 2486 1755 2511 εί
1769 2485 1801 2520 δὴ

1019 2524 1072 2550 τῶν
1087 2524 1216 2552 ἀνωτάτω
1230 2526 1260 2552 τὺ
1276 2527 1367 2561 ἔργον,
1393 2529 1438 2553 καὶ
1463 2528 1610 2562 πρόσεστιν
1625 2529 1639 2555 ὁ
1653 2529 1736 2559 πόθος
1757 2537 1803 2563 μι-

1020 2569 1088 2603 κρὰν
1100 2570 1132 2596 ἂν
1155 2567 1232 2604 οἶμαι
1258 2572 1347 2599 πᾶσαν
1372 2575 1453 2599 παντὶ
1469 2573 1587 2608 φανῆναι
1604 2574 1740 2608 πρόφασιν
1763 2575 1802 2609 μὴ

1019 2615 1078 2648 οὐχὶ
1092 2617 1257 2652 συγγνώμης
1277 2617 1356 2649 εὐθὺς
1374 2618 1477 2650 ἀξιοῦν,
1493 2619 1519 2644 εῐ
1532 2628 1557 2645 τι
1576 2619 1613 2654 μὴ
1625 2619 1672 2645 τοῦ
1696 2619 1802 2651 δέοντος

1019 2659 1212 2697 ἐφικνούμενος
1228 2663 1330 2698 τολμᾷν
1343 2663 1444 2698 μᾶλλον
1456 2664 1471 2700 ἢ
1489 2665 1574 2698 φιλεῖν
1585 2665 1663 2696 δόξω.
1685 2665 1795 2698 Ἔγωγε

1022 2707 1074 2741 μὴν
1094 2708 1236 2742 ἀπήγαγον
1265 2709 1384 2743 ἐμαυτὸν
1407 2709 1451 2737 διὰ
1470 2710 1556 2737 ταῦτα
1580 2710 1627 2737 τοῦ
1646 2710 1726 2744 λόγου
1743 2710 1797 2737 κᾶν

1020 2752 1130 2787 ειλὸμην
1147 2754 1237 2788 σιγᾷν,
1261 2754 1348 2780 ἐδόκει
1363 2754 1392 2781 δὲ
1416 2757 1483 2788 τέως
1499 2757 1590 2782 ἄδικον
1603 2756 1630 2782 εἴ
1656 2765 1698 2787 τις
1716 2755 1799 2790 μηδὲν

1020 2797 1083 2825 ἄλλο
1100 2797 1169 2832 πλὴν
1184 2799 1279 2833 λόγους
1294 2799 1376 2834 ἔχων,
1391 2801 1486 2828 ἔπειτα
1499 2801 1590 2836 λέγειν
1606 2801 1800 2836 βουλομένουςλ
