1924 3092
118 161 181 192 τοὺς
207 161 254 188 τοῦ
274 163 352 197 λόγου
379 164 501 199 μαῦηῖάς
520 174 548 191 τε
569 167 614 192 καὶ
643 168 782 201 ὑπηρέτας
815 177 902 202 παρα-

119 206 232 242 δραμὼν
261 209 324 235 ἄλλο
351 218 377 236 τι
395 211 449 245 πρὸ
466 212 569 237 τούτων
589 213 718 239 ὑπόθεσιν
734 213 818 248 διδοίη
843 216 898 245 τοῖς

119 251 219 286 λόγοις.
235 253 291 288 Τὴν
319 254 369 288 μὲν
383 255 429 282 οὖν
446 256 574 283 ὑπόθεσιν
592 258 663 284 οὕτω
681 259 802 294 μεγάλην
827 259 898 286 εἶναι

120 297 278 331 συμϐαίνει,
291 299 364 326 δοκεῖ
380 301 408 326 δέ
428 309 473 335 μοι
489 304 544 334 τοῖς
558 303 720 335 ἀποστόλοις
738 305 898 339 εὐξάμενον,

118 343 166 369 καὶ
182 344 323 378 νομίζεται
347 346 401 380 γὰρ
428 347 514 378 οὕτως
538 349 585 375 ἐπὶ
616 351 672 379 τοῖς
692 351 822 384 μεγάλοις
846 352 900 377 τῶν

118 388 219 423 ἔργων,
241 391 287 416 hri.
301 392 335 418 τὰ
354 393 449 427 πρόσω
464 394 511 420 τοῦ
540 395 621 428 λόγου
636 398 746 432 χωρεῖν.
762 398 843 432 Εἴητε
868 398 900 432 δὴ

117 435 174 467 οὖν,
193 434 215 463 ὦ
235 438 282 464 τοῦ
306 438 386 472 λόγου
413 441 491 474 σοφοὶ
521 443 653 476 μαθηταὶ.
680 446 712 478 τῇ
734 444 801 478 πρὸς
823 445 900 478 ὑμῶν

119 481 248 517 ἐπιπνοίᾳ
268 485 461 519 συναιρόμενοι
486 488 534 513 καὶ
556 488 779 522 συνδιεξάγοντές
796 498 841 524 μοι
855 490 901 517 τδν

118 526 207 561 λόγον,
224 528 262 558 ὡς
288 528 321 556 ἂν
347 530 384 565 μὴ
409 532 500 563 κακῶς
526 532 561 559 τὰ
587 534 676 565 καλῶς
695 535 759 568 ὑμῖν
777 544 902 570 πεπραγ‹

120 572 190 607 μένα
217 573 327 607 διέλθοι,
353 577 403 602 κᾶν
431 585 483 604 που
513 578 652 612 κάμνοντα
682 580 799 614 βλέπητε
823 583 902 617 χεῖρα

120 619 291 653 προτείνοιτε
329 625 377 647 καὶ
409 623 623 658 ὲπιῤῥωννῦοιτε
649 625 745 660 ὥσπερ
773 627 902 661 ἀλείπτης

119 664 261 699 κάμνοντα
278 667 442 701 παλαιστὴν.
462 669 533 703 Ἤδη
561 670 612 705 μὲν
630 669 677 698 οὖν
698 680 740 702 τις
756 672 903 707 ὲγκωμὶων

117 709 210 745 νᾴμοις
237 711 370 744 ἑπόμενος
395 713 442 738 καὶ
459 714 589 748 πατρίδος
616 715 670 741 τῶν
686 716 904 750 εὖφημουμένων

118 755 273 789 μεμνῆσθαι
288 757 335 783 καὶ
353 757 523 793 γένους-ἑγὼ
538 760 560 786 δ’
578 761 628 787 οὐκ
647 761 736 794 ἀγνοῶ
755 762 841 796 μικρὰ
861 763 903 789 δο-

117 798 217 827 κοῦντα
229 801 317 828 ταῦτα
329 803 385 834 τοῖς
396 803 565 837 ἀποστόλοις,
580 805 603 831 εί
615 806 660 831 καὶ
669 807 702 840 τῇ
717 806 784 840 πρὸς
794 806 826 832 τὰ
841 807 904 840 παρ’

117 843 271 879 ἀνθρώποις
282 846 396 882 λαμπρὰ
408 849 570 884 παραθέσει,
581 849 712 883 οὕμενουν
725 852 778 877 τῶν
788 852 904 878 εὐτελῶν

116 890 254 924 φαίνεται·
267 891 353 918 ταῦτα
367 892 422 928 γὰρ
431 894 479 929 τῆς
492 895 611 922 ἀτάκτου
627 896 674 922 καὶ
686 896 831 930 ἀνωμάλου
849 897 903 923 τῶν

115 935 146 960 ὲν
159 935 266 968 γενέσει
283 938 417 972 κινήσεως
433 938 508 974 δῶρα
521 946 528 954 ·
543 940 567 965 εί
587 940 677 966 καίτοι
693 940 807 976 λαμπρὰ
828 941 904 977 τύχοι

115 980 254 1014 προσόντα
274 978 314 1013 οἷς
338 983 363 1009 εί
380 983 429 1018 μέν
453 992 495 1015 τις
515 984 638 1018 βούλοιτο
663 985 780 1020 χρῆσῡαι
795 984 863 1012 εἶναί
877 995 904 1012 τι

115 1025 246 1053 δοκοῦντα
261 1023 312 1054 ὦδε
328 1028 432 1055 τούτων
448 1029 593 1065 ὀλιγωρία,
608 1031 696 1067 μάτην
708 1032 904 1067 λαμπρότητας

115 1071 332 1106 ἐπαγγέλλεσθαι
347 1075 502 1108 πεφυκότα,
519 1077 566 1102 καὶ
578 1076 658 1103 τοῦτο
677 1077 699 1103 δ’
724 1076 756 1104 αὖ
776 1078 857 1105 πάλιν
880 1080 903 1105 εί

119 1117 170 1150 μὲν
192 1118 367 1153 ἀναπληροῦν
393 1120 517 1155 βούλοιτο
534 1122 582 1156 τὴν
604 1122 654 1157 τῆς
673 1122 774 1158 ἀρετῆς
789 1124 902 1157 ἔνδειαν,

117 1160 190 1188 ἔστιν
205 1164 233 1189 ἑν
249 1162 290 1195 οἷς
317 1166 371 1191 τῶν
388 1168 603 1202 ἐπαινουμένων,
625 1169 738 1200 είκότως
764 1170 796 1196 ἂν
814 1179 904 1205 παρα-

117 1204 320 1243 λαμϐανόμενα,
346 1210 392 1242 οὒς
417 1211 445 1238 δὲ
466 1211 501 1238 τὰ
518 1212 548 1245 ὲξ
569 1213 673 1239 ἑαυτῶν
700 1214 768 1249 μόνα
790 1204 904 1250 κοσμεῖν

117 1251 241 1286 δύναται,
265 1254 371 1287 τούτοις
398 1256 413 1291 ἡ
437 1257 501 1292 περὶ
524 1257 610 1284 ταῦτα
633 1258 773 1294 φιλοτιμία
791 1263 903 1297 περιττὴ

118 1298 336 1336 προσληφοῆναι,
353 1301 446 1338 ὥσπερ
462 1302 495 1330 ἂν
518 1303 595 1335 εἴτις
615 1305 674 1337 ὲξλιν
688 1304 706 1332 ὃ.
720 1306 802 1333 πολλὰ
816 1307 904 1342 χρυῖὰ

118 1343 250 1379 κέκτηται
269 1346 352 1382 σκεύη
367 1347 589 1384 ἐπιδεικνύμενος
605 1350 702 1377 ἑαυτὸν
717 1351 802 1384 δεῖξαι
820 1353 902 1380 πλου-

117 1390 215 1417 τοῦντα
231 1393 277 1418 καὶ
291 1393 439 1430 ὀστράκινα
465 1395 607 1431 προτιθείη
631 1398 670 1428 είς
691 1398 784 1432 μέσον,
803 1400 849 1425 καὶ
865 1399 898 1435 δὴ

118 1436 165 1462 καὶ
180 1436 266 1468 ἄπλως
281 1441 438 1473 περιφανῶν
463 1441 512 1476 μὲν
538 1442 679 1476 προγόνων
704 1444 752 1470 καὶ
774 1445 903 1479 πατρίδος

117 1481 214 1515 ὁμοίας
241 1483 350 1516 πολλοῖς
376 1485 423 1512 καὶ
448 1486 502 1512 τῶν
528 1487 637 1521 φαύλων
665 1487 769 1523 ὑπῆρξε
791 1490 900 1523 τυχεῐνι

621 115 821 146 ΕΝΕΟΜΙΗΜ
844 116 894 149 SS.
919 116 1029 148 l’ETRl
1050 119 1096 148 ET
1117 121 1243 150 PAULI.

921 176 942 202 Α
959 171 1010 198 nisi
1041 171 1123 198 verba
1152 173 1269 204 habens,
1300 180 1330 199 ac
1352 173 1444 201 dicere
1471 174 1575 208 volens,
1599 180 1735 204 sermonis

951 217 1103 251 discipulos
1117 222 1143 244 et
1168 225 1263 244 servos
1289 224 1516 254 prmtercurrens,
1542 221 1615 248 aliud
1631 222 1733 257 aliquid

951 267 1014 289 ante
1043 270 1074 289 ea
1091 270 1249 291 sermonum
1271 264 1480 293 fttttdantentttm
1505 272 1598 301 ponat.
1620 267 1655 294 At
1669 275 1735 294 vero

952 313 1005 335 tam
1026 316 1155 344 magnum
1173 310 1365 344 suppeditatur
1381 311 1601 344 fundamentum,
1620 317 1647 340 et
1666 312 1734 340 mihi

951 353 1058 380 videtur
1073 361 1135 381 cum
1152 356 1294 389 apostolos
1317 356 1480 390 deprecatus
1503 357 1616 389 fuerim,
1640 362 1668 384 et
1691 364 1736 385 as-

952 403 1060 425 suetum
1082 399 1134 425 hoc
1151 403 1192 426 est
1210 400 1236 426 in
1250 400 1356 434 magnis
1372 400 1466 434 rebus,
1481 401 1508 428 in
1524 403 1653 429 ulteriora
1677 410 1736 430 ser-

953 444 1043 470 monis
1061 444 1220 478 procedere.
1249 445 1342 473 Estote
1359 454 1435 480 ergo,
1452 455 1468 474 ο
1484 447 1562 474 Verbi
1579 448 1732 482 sapientes,

951 488 1079 523 discipuli
1107 495 1201 517 vestro
1217 489 1310 517 afflatu
1333 492 1501 525 opitulanlt-s
1517 498 1543 519 ct
1556 498 1737 527 provocantes

953 543 1013 562 mea
1028 535 1121 568 verba,
1139 543 1172 562 tte
1189 537 1259 563 male
1270 545 1331 570 quae
1343 537 1411 564 bene
1424 539 1549 572 gessistis
1565 539 1734 572 perlustren-

953 585 1014 615 tur;
1025 587 1051 609 et
1066 583 1088 609 si
1099 590 1219 617 unquam
1233 591 1275 610 tne
1286 583 1454 610 laborantem
1468 584 1593 615 videatis,
1607 584 1733 611 dextram

955 626 1084 661 porrigite
1101 631 1127 653 et
1143 627 1314 660 conlirmate,
1332 631 1362 654 ut
1389 632 1487 655 unctor
1505 628 1667 654 luctatorem
1695 627 1735 654 la-

954 671 1109 699 borantem.
1134 671 1304 706 Jampridetn
1330 673 1392 707 quis
1417 673 1604 699 laudationum
1630 672 1736 707 legibus

955 724 1032 749 usus,
1062 718 1178 751 patriam
1203 718 1311 745 illorttm
1329 726 1398 753 quos
1429 719 1571 748 laudabat.
1601 725 1736 745 memora-

954 761 1001 789 bat
1017 766 1044 789 et
1072 770 1169 797 genus.
1193 763 1250 799 Ego
1277 763 1342 791 vero
1367 771 1420 791 non
1448 763 1545 798 ignoro
1575 771 1657 798 parva
1684 763 1736 790 ista

956 809 1087 842 apostolis
1105 809 1201 841 videri,
1219 810 1346 844 quamvis
1363 814 1522 844 comparata
1538 817 1600 837 cum
1620 809 1654 836 iis
1677 816 1737 843 qua:

922 859 940 884 Β
956 854 1027 888 apud
1043 855 1168 882 homines
1184 856 1325 890 splendida
1337 861 1410 883 sunt.
1427 856 1515 890 Igitur
1533 855 1627 882 vilium
1645 861 1736 882 rerum

955 899 1070 927 videtur.
1081 900 1135 928 Ista
1146 901 1217 928 enim
1232 901 1367 929 inconditi
1389 901 1586 936 inaequalisqu
1611 901 1637 927 in
1654 907 1734 934 gene-

955 946 1061 973 ratione
1084 950 1173 974 mutus
1196 955 1309 974 munera
1326 947 1452 982 quamvis
1480 946 1622 982 splendida
1651 945 1733 972 alicui

956 990 1025 1017 forte
1037 992 1258 1027 eoareniautqtti
1275 993 1313 1019 uti
1338 993 1373 1021 iis
1390 992 1456 1020 velit
1471 1000 1502 1019 ac
1514 993 1541 1018 in
1562 992 1652 1018 lucem
1672 998 1737 1025 pro-

956 1035 1045 1069 ferre;
1062 1042 1088 1064 et
1108 1045 1204 1064 rursus
1219 1038 1241 1065 si
1259 1038 1366 1065 virtutis
1387 1038 1517 1065 altsetttire
1538 1037 1638 1064 mederi
1659 1035 1738 1070 velit,

956 1082 1140 1115 laudationes,
1167 1087 1195 1110 ut
1215 1091 1263 1117 par
1279 1089 1332 1116 est,
1351 1087 1470 1118 acceptor.
1490 1088 1517 1110 ct
1536 1087 1620 1118 grata:
1637 1085 1736 1113 clunt;

955 1136 1025 1162 quos
1042 1136 1104 1155 vero
1118 1137 1166 1156 sua
1177 1133 1283 1156 tantum
1294 1137 1392 1156 ornare
1402 1134 1528 1164 possunt,
1543 1129 1576 1156 iis
1594 1127 1626 1155 de
1642 1127 1685 1154 his
1695 1134 1737 1154 re-

955 1175 1006 1202 bus
1015 1175 1127 1201 ambitio
1137 1175 1260 1207 inhaerct,
1272 1179 1302 1202 ut
1311 1175 1332 1202 si
1346 1175 1467 1209 quis,ubi
1481 1174 1543 1200 licet
1558 1173 1641 1200 ntulta
1652 1179 1736 1199 aurea

954 1228 1029 1251 vasa.
1046 1228 1107 1256 qua:
1124 1221 1255 1254 possidet,
1269 1220 1415 1248 ostendere
1445 1225 1474 1246 ut
1494 1219 1618 1252 divitem,
1650 1221 1738 1245 testa-

954 1273 1002 1293 cea
1024 1266 1050 1292 in
1072 1266 1187 1293 tnetliutn
1203 1267 1290 1300 ponit,
1310 1266 1372 1293 licet
1384 1270 1410 1293 et
1432 1265 1577 1292 illustrium
1591 1268 1736 1299 parentutn

955 1305 990 1339 sit
1015 1312 1086 1340 illius
1109 1317 1134 1339 et
1157 1313 1242 1347 patria
1265 1312 1401 1340 communi
1419 1312 1561 1343 oriunlus,
1586 1311 1634 1338 sed
1661 1317 1736 1344 prte-

954 1356 1028 1384 elare
1056 1357 1136 1385 factis
1166 1363 1258 1385 notus.
1285 1357 1419 1392 Equidem
1451 1357 1516 1384 nulli
1552 1356 1659 1383 illorunt
1690 1354 1736 1389 qtti

955 1410 984 1430 se
996 1402 1108 1430 istorum
1124 1411 1214 1430 rerum
1226 1408 1331 1431 actores
1343 1403 1463 1438 praebent
1477 1404 1503 1429 in
1517 1401 1590 1429 ontni
1603 1406 1735 1435 tempore,

955 1448 1093 1480 adh-aereo,
1113 1449 1160 1476 sed
1186 1450 1370 1483 apostolorum
1388 1456 1479 1476 mores
1500 1452 1600 1475 sector.
1625 1447 1653 1474 Si
1669 1453 1736 1473 vero

955 1492 1012 1520 ιι.ιό
1029 1494 1208 1529 negligentius
1217 1494 1296 1521 alicui
1312 1498 1370 1521 acta
1383 1494 1515 1526 videntur,
1525 1493 1626 1523 audiet.
1636 1499 1735 1527 quam.

117 1527 206 1562 ἔργων
221 1529 248 1555 δὲ
262 1530 350 1557 καλῶν
367 1532 416 1558 καὶ
429 1532 569 1565 γενναίων.
582 1532 720 1568 Οῦμενουν
740 1534 828 1560 οὐδενὶ
849 1535 903 1560 τῶν

957 1540 996 1567 vis
1023 1545 1050 1567 et
1072 1527 1135 1574 ipse
1155 1540 1313 1575 providerit,
1330 1540 1461 1568 ambobus
1480 1539 1550 1567 idem
1567 1539 1639 1573 quod
1649 1538 1736 1565 Abra-

120 1572 159 1607 μὴ
172 1574 275 1601 τούτων
288 1576 455 1612 αὐτουργοὺς
467 1578 580 1608 ἑαυτοὺς
591 1579 807 1613 παρασχομένων
821 1580 901 1614 μέχρι

119 1618 228 1651 παντὸς,
243 1620 300 1646 ἀλλ’
315 1621 385 1648 οὓτω
400 1623 447 1656 μὲν
460 1623 516 1657 ἐγὼ
530 1624 640 1658 τίθεμαι
655 1625 721 1659 περὶ
737 1624 843 1651 τούτων
854 1627 901 1652 καὶ

956 1583 1018 1610 itam
1044 1585 1206 1618 imputatum
1231 1589 1283 1618 est,
1316 1585 1390 1620 quod
1416 1585 1524 1620 quidem
1557 1592 1610 1612 non
1644 1590 1734 1610 coram

958 1629 1060 1663 ignaris
1071 1630 1256 1664 perlttstrabo.

117 1666 190 1690 κατᾷ
203 1666 264 1692 νοῦν
280 1665 357 1700 οἶμαι
371 1669 427 1700 τοῖς
444 1669 617 1702 ἀποστόλοις.
630 1671 662 1697 Εἰ
674 1672 701 1697 δέ
720 1679 759 1706 τῳ
775 1672 822 1697 καὶ
838 1672 924 1699 ταῦτα
945 1675 983 1710 μὴ
1002 1676 1177 1711 παροφθῆναι
1195 1678 1279 1710 δοκεῖ,
1298 1678 1459 1709 ακοὺσεται,
1481 1678 1570 1704 καίτοι
1589 1678 1636 1704 καὶ
1651 1677 1733 1708 αὑτθις

118 1712 251 1759 ’προειδὼς
273 1714 412 1747 γενόμενος
427 1715 475 1749 μὲν
502 1717 604 1752 ἀμφοῖν
618 1717 713 1744 tam)»:
730 1717 743 1743 δ
767 1717 811 1744 τὸν
838 1719 964 1755 ’Λὸραὰμ
994 1721 1176 1758 ἐπιγράφεται
1201 1723 1343 1759 πρόγονον,
1363 1723 1376 1749 ὃ
1398 1724 1446 1750 καὶ
1473 1723 1558 1750 ταῦτα
1589 1723 1611 1750 δ’
1630 1724 1677 1758 οὐχ
1699 1723 1737 1754 ὡς

116 1757 242 1790 ἀινοιῦσ.
255 1759 379 1794 διέξειμι.

153 1853 200 1883 El;
229 1853 370 1887 Αἴγυπτον
399 1855 464 1886 Θεδς
498 1855 627 1888 ἑπιδόξως
657 1856 707 1891 μὲν
733 1857 901 1890 κατήγαγεν,

118 1898 305 1934 ὲπιδοξότερον
320 1899 347 1926 δὲ
362 1900 410 1926 καὶ
423 1900 571 1935 ἀνήγαγεν,
629 1900 679 1935 τὴν
704 1900 843 1935 Αιγυπτον
857 1910 900 1927 το-

118 1945 198 1976 σᾶκις
221 1945 377 1979 ὲμάστιξεν,
397 1946 493 1977 ὁσάκις
525 1947 571 1972 καὶ
598 1946 697 1981 μικροῦ
716 1946 817 1978 τελέως
837 1947 903 1973 ὲπέ-

125 1991 198 2026 εριψε
210 1993 255 2018 καὶ
273 1991 368 2027 τελείῳ
392 1993 513 2027 παρέσχε
529 1991 685 2026 λογίζεσθαι
700 1992 748 2024 τὰς
767 1993 903 2027 μάστιγας

121 2037 239 2072 ἀριθμῷ,
252 2034 274 2071 ᾧ
290 2038 428 2064 θάλασσαν
443 2038 523 2064 διεῖλε
542 2039 588 2065 καὶ
607 2038 711 2073 τροφὴν
725 2039 829 2065 ἄνωθεν
845 2039 902 2072 ὗσε,

122 2083 167 2109 καὶ
193 2082 282 2114 νίκαις
301 2083 386 2109 ὲθνῶν
409 2084 455 2109 καὶ
477 2083 610 2118 βασιλέων
628 2085 742 2119 ἀνέδησε
769 2085 816 2111 κιὶ
828 2085 905 2120 ἥλιον

119 2127 228 2161 ἔστησε,
243 2129 289 2154 καὶ
301 2126 391 2159 πόλεις
405 2128 441 2159 ὡς
459 2129 508 2154 οὑκ
522 2130 553 2155 ἄν
568 2138 609 2160 τι;
623 2129 709 2164 ᾠήθη,
725 2130 847 2162 καθεῖλε,
859 2131 905 2157 καὶ

985 1859 1015 1887 In
1028 1859 1172 1895 Egyptum
1188 1859 1259 1887 Deus
1274 1861 1419 1895 insigniter
1433 1860 1575 1893 conduxit,
1591 1861 1655 1887 itetn
1671 1868 1735 1887 vero

950 1903 1045 1932 eduxit
1057 1913 1104 1939 per
1113 1913 1191 1939 quem
1201 1905 1346 1940 {Egypluttt
1361 1906 1440 1932 toties
1452 1905 1616 1938 verberavit,
1627 1905 1734 1939 quoties

951 1950 1134 1984 transgressio
1150 1955 1191 1977 est
1212 1950 1295 1983 farta,
1325 1955 1352 1977 et
1368 1950 1476 1977 demunt
1497 1951 1628 1977 rationettt
1656 1950 1732 1977 dedit

955 2002 1007 2030 qtta
1025 1995 1138 2022 verbera
1153 2002 1385 2028 numerarentur;
1411 2002 1465 2029 quo
1483 2002 1558 2021 mare
1585 1994 1682 2021 dividit
1709 1999 1737 2022 et

954 2041 1044 2069 cibum
1064 2041 1182 2076 desuper
1214 2040 1292 2074 pluit,
1320 2044 1346 2067 ct
1374 2041 1497 2067 victoriis
1524 2041 1685 2075 popttlorunt
1710 2044 1738 2067 et

954 2094 1049 2121 regum
1065 2086 1189 2121 religavit
1207 2087 1358 2116 vinculum.
1375 2091 1402 2113 et
1417 2086 1500 2112 solent
1517 2086 1597 2118 stitit,
1611 2090 1638 2112 et
1654 2086 1736 2112 urbes

955 2132 1115 2160 innumeras
1143 2133 1252 2165 evertit,
1268 2137 1294 2159 et
1321 2137 1422 2159 terram
1450 2139 1497 2166 per
1526 2136 1614 2159 sortes
1639 2131 1736 2158 dividit

121 2174 174 2208 γῆν
189 2175 429 2210 κατεκληρούχησε
453 2178 500 2212 τῆς
517 2177 682 2211 ἐπαγγελίας
695 2178 742 2204 καὶ
756 2177 903 2213 προφητῶν

959 2179 1160 2214 promissionis,
1178 2183 1204 2204 et
1218 2179 1411 2212 prophetarum
1437 2177 1591 2204 divinoruut
1620 2177 1734 2204 chorum

130 2221 200 2246 λείων
214 2221 298 2254 ἀνῆκε
314 2222 409 2257 χορόν·
426 2223 456 2248 τδ
471 2222 601 2257 μέγιστον
618 2223 680 2249 ὅθεν
693 2224 722 2249 ὲν
736 2224 802 2257 ἡμῖν
821 2224 904 2255 αὺτδς

139 2268 167 2293 xl.
183 2267 255 2293 τέλει
269 2268 302 2303 τῇ
316 2268 377 2294 καθ’
388 2269 462 2302 ἡμᾶς
477 2268 557 2303 φύσει
573 2269 804 2303 πολιτευσάμενος
813 2269 903 2304 ὤφθη,

133 2313 265 2339 ’κούτεται
296 2315 344 2340 καὶ
371 2314 504 2348 πατρίδας
528 2314 566 2349 τῷ
597 2315 655 2349 μὲν,
680 2314 729 2350 τὴν
759 2314 905 2344 Γαλιλαίας

130 2359 272 2392 -Σηθσιιδᾶ,
304 2359 400 2394 Παύλῳ
430 2359 457 2385 δὲ
485 2360 535 2395 τὴν
567 2360 691 2391 Κιλικίας
721 2359 843 2395 Ταρσόν·
868 2357 906 2387 ὧν

118 2403 256 2439 ’ἑκατέρας
286 2406 404 2440 ἑκατέρα
437 2405 539 2440 μᾶλλον
567 2407 762 2441 περιφανὴς,ή
794 2406 843 2440 μὲν
867 2406 906 2441 τῷ

120 2450 238 2485 Χριστὸν
268 2451 297 2477 ὲν
331 2451 398 2485 αὐτῇ
422 2451 551 2482 πολλάκις
575 2452 742 2486 ἐπιδημῆσαι
767 2453 812 2478 καί
839 2452 906 2478 θαυ-

123 2497 217 2531 μάτων
245 2495 390 2528 ἐπιδείξεσι
416 2497 580 2532 χρήσασθαι,
609 2498 624 2532 ή
645 2498 672 2524 δὲ
702 2497 742 2531 τῷ
767 2497 906 2532 προκαθῆ-

122 2541 186 2567 σθαι
204 2541 252 2567 τοῦ
281 2541 398 2576 θέματος
425 2543 472 2568 καὶ
497 2542 535 2576 τῷ
558 2542 704 2577 θαυμασίῳ
728 2543 783 2569 τῶν
809 2544 907 2578 τειχῶν

121 2587 259 2622 περιϐόλῳ
273 2588 319 2614 καὶ
338 2587 376 2623 τῷ
392 2589 485 2616 διειδεῖ
502 2590 599 2625 Κύδνῳ
616 2591 646 2616 δ’)
662 2591 758 2621 ὁσάκις
778 2590 811 2617 ἂν
827 2591 907 2623 αὐτὸς

121 2633 238 2665 ἐπαινῶ,
253 2634 366 2666 τοσάκις
391 2635 588 2663 ἀπολείπεσθαι
604 2637 654 2671 τῆς
675 2637 802 2672 ἀληθείας
826 2637 906 2664 δοκῶ.

121 2680 178 2706 Καὶ
204 2679 258 2715 γὰρ
285 2681 339 2707 οὐδ’
357 2681 466 2713 ἐξέσται
492 2683 618 2709 τοσοῦτον
641 2684 730 2710 εἰπεῖν
755 2684 797 2710 ἐπ’
822 2683 906 2718 αὐτῷ,

122 2725 185 2752 ὅσον
204 2725 378 2761 Ἀλέξανδρον
404 2727 572 2762 ἐργάσασθαι
590 2728 702 2763 φέρουσι
722 2729 818 2763 βίϐλοι,
838 2729 870 2755 Τί
886 2730 908 2755 δ’

123 2771 158 2797 ἂν
182 2771 230 2796 καὶ
251 2772 344 2806 μεῖζον
369 2773 407 2808 τῷ
435 2774 534 2809 ῥείθρῳ
561 2774 707 2810 κεχάρστο
734 2774 908 2810 ἢτηλικοῦδε

126 2816 258 2852 βασιλέως
277 2819 388 2854 λουτρὸν
404 2819 515 2853 lis’thu;
536 2821 565 2846 Ἀ
585 2821 633 2852 μὲν
649 2821 680 2851 δὴ
696 2820 792 2852 γένους
812 2830 840 2848 τε
863 2821 908 2848 καὶ

961 2223 1054 2257 misit;
1081 2228 1108 2250 at
1134 2223 1161 2250 itt
1187 2223 1285 2258 primis
1309 2225 1402 2249 cadent
1425 2222 1570 2249 nobiscum
1585 2221 1736 2248 secundum

957 2275 1084 2298 naturam
1110 2275 1232 2297 nostram
1256 2269 1467 2295 conversatione
1484 2276 1549 2295 usus
1567 2274 1619 2295 est.
1640 2267 1739 2294 Audiet

957 2314 1061 2349 patrias
1087 2322 1093 2339 :
1122 2313 1161 2340 illi
1190 2314 1298 2348 quidem
1328 2313 1475 2340 Betltsaida
1498 2312 1625 2345 Galilaate,
1654 2311 1738 2339 Paulo

956 2364 1053 2387 contra
1064 2360 1091 2387 in
1106 2360 1200 2387 Cilicia
1213 2360 1344 2392 Tarsum;
1357 2367 1472 2395 quarum
1489 2367 1542 2386 una
1554 2360 1639 2386 altera
1653 2359 1738 2392 magis

956 2408 1132 2441 conspicua:
1158 2407 1233 2442 prior
1247 2407 1311 2441 quia
1338 2407 1466 2434 Christus
1485 2406 1511 2432 itt
1540 2406 1613 2432 illam
1638 2404 1738 2438 saepius

957 2452 1068 2479 divertit
1088 2457 1116 2479 et
1132 2452 1263 2479 miracula
1277 2452 1362 2479 editlit
1376 2460 1383 2484 ;
1397 2452 1493 2484 altera,
1509 2451 1572 2485 quia
1587 2454 1668 2484 caput
1682 2454 1740 2476 erat
1779 2468 1781 2471 τ

958 2498 1117 2533 provinciae,
1134 2503 1161 2525 et
1179 2498 1248 2525 miro
1261 2499 1422 2525 tnoeniorttut
1436 2497 1538 2524 ambitu
1555 2495 1739 2531 praecellebat,

958 2549 985 2572 et
1009 2544 1084 2571 claro
1114 2548 1141 2570 et
1169 2544 1292 2579 inclyte,
1321 2551 1402 2578 quant
1431 2542 1649 2577 quotiescunque
1681 2541 1740 2576 ipse

957 2590 1050 2622 laudo,
1061 2590 1141 2617 toties
1157 2591 1296 2617 veritatem
1308 2597 1362 2617 non
1374 2593 1519 2616 assecutus
1532 2588 1616 2615 fuisse
1631 2587 1737 2614 videor.

958 2635 1016 2663 Non
1035 2636 1107 2664 enim
1139 2641 1244 2662 tantutn
1260 2635 1352 2662 dicere
1381 2635 1414 2661 de
1432 2641 1465 2660 eo
1483 2632 1577 2660 licebit
1608 2636 1737 2666 quantum

959 2681 1142 2708 Alexandrum
1161 2680 1260 2707 fecisse
1285 2679 1375 2706 ferttttt
1398 2679 1471 2705 libri.
1497 2677 1568 2711 Quid
1599 2684 1664 2704 vero
1688 2675 1740 2703 ﬂu~

947 2727 1025 2753 'ntini
1051 2726 1181 2761 majorem
1208 2725 1338 2752 ltonorent
1366 2725 1489 2751 conferat
1509 2731 1589 2758 quam
1615 2723 1685 2757 qtud
1713 2723 1739 2748 in

959 2773 1029 2799 tattti
1056 2772 1128 2807 regis
1152 2771 1279 2799 balneum
1305 2770 1456 2798 alltibitum
1486 2769 1561 2796 fuit?
1584 2769 1649 2801 Qua:
1675 2774 1740 2794 vero

960 2819 1074 2847 dicenda
1098 2818 1131 2846 de
1152 2826 1252 2848 uenere
1278 2821 1303 2845 et
1325 2816 1411 2845 oatria
1443 2815 1548 2846 habeo,
1569 2822 1599 2842 ea
1617 2818 1644 2842 ct
1662 2813 1738 2842 vlura
