1924 3092
119 143 183 178 1025

621 148 827 180 ENCOMIUM
849 151 903 180 SS.
923 150 1037 180 PETRI
1058 150 1105 180 ET
1118 150 1245 182 PAULI.

1676 151 1744 184 1026

120 204 165 231 καὶ
178 203 247 239 πρὸς
268 203 303 231 τὰ
320 204 383 240 ἑξῆς
405 205 474 232 ἰέναι
498 206 544 232 τοῦ
568 206 668 240 λόγου·
690 207 855 242 αἰσθάνομαι
884 208 902 233 δ¹

961 209 1023 240 rim,
1044 216 1197 236 sermonem
1210 209 1305 237 ordine
1318 209 1456 243 prosequi.
1473 208 1552 244 Atqui
1566 209 1655 236 sentio
1671 211 1745 244 apud

116 249 145 276 οὔ
167 249 298 276 τοσοῦτον
314 247 356 282 οἷς
380 250 522 286 διεξῆλθεν
544 252 710 287 κουφότερον
737 254 849 289 ἐμαυτῷ
872 255 902 281 τὸ

116 295 230 330 πρᾶγμα
243 296 391 331 προὸαἳνον
408 297 471 324 ὅσον
486 298 542 330 τοῖς
558 297 667 325 ἐπιοῦσι
681 298 840 333 βαρύτερον,
855 299 902 326 καί

117 350 161 376 μοι
184 341 256 368 δοκῶ
278 341 374 377 ὥσπερ
396 343 437 374 εις
458 343 622 379 λαϐύρινθον
646 344 776 371 εἰσελθὼν
791 346 854 372 ὅσον
868 345 902 373 ἂν

116 388 244 424 ἐνδοτέρω
263 388 310 416 τοῦ
337 390 537 424 μηχανήματος
560 391 690 426 γίνομαι,
712 391 839 418 τοσοῦτον
854 392 902 418 καὶ

115 434 329 468 δυσχερεστέραν
352 435 467 470 ἐμαυτῷ
487 436 709 469 κατασκευάζειν
735 437 785 473 τὴν
800 437 901 471 ἔξοδον.

115 481 167 508 Καὶ
187 481 243 515 γὰρ
260 480 295 508 αὖ
316 481 397 508 τοῦτο
413 482 512 517 διπλῆν
539 491 583 518 μοι
599 483 650 518 τὴν
674 485 792 518 ἀπορίαν
815 485 903 510 ἐπιτι-

115 526 230 562 θεμένην
244 527 309 563 όρῶ.
328 528 437 555 Πολλῶν
457 528 512 564 γὰρ
530 529 699 565 πολλαχόθεν
715 531 901 566 συρῤεόντων,

115 572 132 599 ἆ
153 582 194 604 τις
221 573 255 600 ἂν
275 574 419 602 ἐπαινέσαι
450 575 506 601 τῶν
535 575 694 602 ἀποστόλων
722 576 784 602 οὔτε
811 577 829 604 ἃ.
849 576 903 611 χρὴ

115 619 235 652 λέγοντα,
253 620 316 646 ἐπεὶ
335 621 426 647 πάντα
453 621 491 655 μὴ
506 621 620 648 δυνατὸν
646 622 700 647 τῶν
726 622 814 649 ἄλλων
834 623 902 648 ἀπο-

117 665 238 700 σχέσθαι,
255 666 347 701 εὕρεῖν
360 667 418 693 ἐστι
433 666 536 702 ῥᾴδιον,
548 665 606 693 οὗθ’
621 667 730 702 εὑρόντι
745 668 900 702 προσηκόν-

116 717 167 741 τως
181 709 290 745 ἑκάστῳ
301 710 442 745 διαιτῆσαι
456 712 505 738 καὶ
522 713 641 747 φανῆναι
654 713 711 744 τοῖς
729 712 850 747 πρώτοις
868 713 902 739 τὰ

116 756 210 791 πρῶτα
224 756 355 791 γέμοντα.
373 757 405 783 Τί
418 757 474 793 γὰρ
494 759 523 784 ὲν
543 759 650 790 τούτοις
665 758 794 794 δεύτερον
820 759 904 793 χαλε-

115 802 163 828 πὶν
191 802 284 836 ἔμοιγε
312 803 447 837 σννιδείν;
471 804 508 830 Οὒ
534 804 600 839 γὰρ,
618 804 729 830 πάντων
752 804 904 831 καλλίστων

113 847 207 881 ὄντων,
222 848 252 875 τὸ
279 848 389 876 κάλλιον
415 849 488 883 ἀξιοῖ
510 858 552 881 τις
578 850 684 884 ζητεῖν,
702 850 780 877 οὐδὲν
807 851 838 877 ὲκ
856 850 903 877 τοῦ

958 262 1000 282 me
1017 255 1161 289 negotium
1180 263 1233 282 non
1250 263 1330 289 atquo
1355 255 1424 290 pede
1448 255 1600 289 procedere
1616 262 1646 282 ut
1670 256 1744 289 apud

956 301 1099 333 asseclas;
1121 306 1148 328 et
1163 301 1228 328 mihi
1251 302 1346 328 videor
1366 302 1397 331 in
1425 301 1615 337 labyrinthum
1634 303 1744 329 venisse

956 353 1012 380 quo
1028 346 1114 377 magis
1129 346 1285 372 mat-ltitiam
1298 350 1424 380 penetro,
1437 354 1470 373 eo
1480 346 1664 373 difficiliorem
1677 347 1742 372 mihi

956 390 1058 417 exitum
1076 390 1176 424 parari.
1193 390 1300 417 Etenim
1316 390 1382 416 mihi
1399 389 1537 425 duplicem
1555 390 1743 417 difficultatem

956 436 1113 470 impositam
1131 436 1218 463 video.
1242 436 1309 462 Cum
1327 436 1401 463 enim
1421 437 1505 463 multa
1532 436 1654 470 titulique
1675 444 1744 463 con-

956 484 1041 509 lluant
1068 490 1130 517 qua)
1155 483 1218 516 quis
1244 482 1336 509 laudet
1359 483 1387 509 in
1412 482 1545 517 apostolis
1569 490 1658 517 neque
1680 490 1742 515 quae

954 528 1191 564 oporteatdicere,
1213 536 1275 556 cum
1294 536 1348 555 non
1370 529 1429 556 fieri
1451 529 1537 563 possit
1557 533 1616 556 uta
1637 529 1744 556 caeteris

954 575 1126 602 abstineatur
1139 594 1146 606 ,
1171 575 1285 601 inventu
1313 574 1402 601 facilis
1416 582 1471 607 res,
1489 575 1536 602 sed
1553 583 1615 601 cum
1632 575 1742 602 inventa

954 621 1018 652 erit,
1040 627 1221 655 congruenter
1243 620 1397 654 compositu
1416 620 1563 647 difﬁcilior.
1580 620 1650 653 Quid
1669 620 1742 647 enim

956 668 981 694 in
1004 667 1048 694 his
1070 666 1194 694 secundo
1214 667 1275 692 lot-o
1295 666 1409 693 difﬁcile
1435 670 1478 693 est
1502 666 1664 693 intellectu?
1683 665 1742 693 Non

955 713 1040 744 enini,
1070 720 1132 740 cum
1155 712 1246 738 omnia
1268 712 1451 747 pultherrima
1477 713 1544 745 sint,
1569 712 1669 747 aliquis
1684 713 1744 746 pul-

954 758 1048 786 chrius
1065 758 1207 793 requirere
1225 758 1406 791 dignaretur;
1436 759 1505 785 nihil
1531 766 1563 785 ex
1595 759 1645 785 hoc
1669 759 1742 792 quod

955 813 1061 839 aequum
1076 810 1128 837 est,
1149 809 1178 832 ut
1196 813 1247 839 ego
1265 810 1341 838 puto,
1356 805 1481 837 laborat;
1500 805 1548 832 sed
1575 805 1639 832 dico
1655 812 1744 838 neque

957 850 1011 877 illis
1023 857 1083 884 qua:
1091 850 1317 884 superpositiooc
1331 849 1462 876 dicuntur
1481 849 1538 876 fore
1559 854 1589 876 ut
1601 850 1664 884 jure
1677 849 1743 884 quid

114 894 184 921 κατά
209 894 298 928 λόγον,
318 894 356 926 ὡς
383 894 450 928 γοῦν
473 895 530 928 ἐγὼ
555 896 660 930 νομίζω
677 897 764 928 πονεῖ,
781 896 853 930 λέγω
876 896 902 922 δὲ

957 895 1104 923 sublimius
1123 895 1242 927 dicatur,
1273 900 1300 922 et
1335 903 1397 922 eum
1427 895 1520 922 omnia
1544 903 1599 922 non
1618 895 1746 929 pulcher-

116 941 181 974 μήτε
210 939 264 966 τῶν
285 941 352 968 καθ’
378 941 529 977 ὑπέρθεσιν
553 941 709 977 λεγομένων
729 942 902 974 δικαιως’ἃν

114 984 278 1020 ὑψηλότερον
307 995 334 1012 τι
355 986 452 1020 λεχθὲν
481 987 532 1014 καὶ
556 983 586 1013 οὗ
615 987 725 1014 πάντων
750 988 902 1014 καλλίστων

113 1029 196 1056 ὄντων
221 1030 259 1062 ὡς
282 1031 393 1066 εἴρηται
413 1031 444 1057 τὸ
465 1031 576 1058 κάλλιον
597 1031 722 1066 βούλεταί
743 1041 786 1064 τις
807 1032 900 1059 λαϐεῖν

113 1077 141 1103 ο)
160 1076 260 1111 μᾶλλον
272 1077 302 1104 ἓν
314 1078 456 1105 ὁποιονοῦν
469 1079 590 1113 τιμήσα;
609 1080 772 1114 φανήσεται,
784 1079 801 1115 ἢ
815 1079 902 1107 τᾶλλα

112 1123 159 1155 τῆς
180 1123 286 1156 οἰκείας
300 1125 482 1160 ὑποδεέστερα
498 1125 588 1157 δείξας
605 1125 753 1160 ὑπεροχῆς.
775 1126 821 1153 Ἐν
836 1125 899 1152 τού-

112 1177 166 1200 τοις
186 1169 277 1197 τοίνυν
305 1171 395 1203 καλῶς
416 1171 448 1197 ἂν
463 1171 536 1206 ἔχειν
553 1172 665 1206 ἐμαυτῷ
688 1172 794 1207 οἴομαι,
812 1174 843 1199 τὸ
863 1172 902 1207 τῷ

113 1215 200 1250 χρόνῳ
219 1216 294 1251 μόνῳ
318 1218 521 1253 προτάττεσθαι
537 1218 644 1245 δίκαιον
661 1218 740 1251 δόξιν
756 1220 803 1245 καὶ
827 1219 902 1252 πρῶ-

112 1269 156 1287 τον
171 1262 313 1297 ἐκθεμένῳ
330 1265 394 1299 περὶ
405 1265 460 1290 τῶν
475 1264 563 1291 ἄλλων
578 1264 615 1296 ὡς
631 1265 664 1291 ἂν
685 1263 802 1291 ἕκαστον
825 1265 898 1291 έπίοι

113 1306 249 1342 διεξιέναι,
268 1309 347 1336 τοῦτο
369 1309 398 1336 τέ
422 1319 466 1344 μοι
491 1310 564 1337 κατὰ
586 1311 696 1337 πάντων
711 1311 741 1337 ὲν
757 1311 898 1346 κεφαλαίῳ

955 943 1023 969 rima
1044 941 1112 974 sint,
1131 946 1162 968 ut
1177 942 1280 968 dictum
1301 946 1355 971 est.
1383 940 1456 975 quod
1471 946 1511 968 est
1529 941 1671 975 pulchrius
1686 940 1745 966 vult

955 988 1053 1022 aliquis
1076 988 1227 1022 obtingere.
1251 995 1305 1014 non
1336 987 1422 1022 magis
1446 995 1531 1014 unutn
1552 988 1746 1022 qualecunque

953 1038 995 1061 est
1011 1034 1186 1061 honoravisse
1202 1033 1349 1065 videbitur.
1367 1041 1450 1068 quam
1464 1040 1564 1061 cmtera
1585 1033 1656 1060 infra
1679 1040 1746 1068 pro-

954 1080 1040 1115 priam
1054 1080 1209 1107 facultatem
1228 1085 1410 1108 monstrasse.
1432 1080 1511 1107 Circa
1541 1081 1598 1107 haec
1618 1080 1745 1114 equidem

956 1127 1023 1152 liene
1055 1134 1098 1153 me
1126 1126 1228 1153 habere
1256 1127 1354 1158 credo;
1381 1133 1442 1152 nam
1475 1130 1584 1160 tempus
1607 1126 1745 1159 justitiam

955 1173 1117 1208 comprobat
1140 1173 1323 1208 singulorum.
1355 1173 1421 1200 Mihi
1445 1173 1554 1207 quidem
1587 1173 1614 1199 id
1637 1177 1744 1200 certum

956 1223 1015 1248 est.
1034 1221 1105 1253 quod
1126 1223 1287 1246 ceterorum
1312 1219 1380 1245 ordo
1408 1219 1529 1246 secundo
1553 1225 1662 1249 semper
1685 1219 1746 1246 loco

948 1271 1001 1299 est,
1020 1271 1046 1292 ιιι
1070 1267 1140 1298 quod
1153 1266 1245 1292 munia
1261 1266 1337 1300 signa
1356 1266 1382 1292 in
1396 1265 1564 1292 circulotum
1577 1265 1666 1300 prima
1683 1273 1745 1292 cum

949 1311 1072 1338 secunda
1085 1308 1228 1346 apparent.

113 1356 312 1391 προειρημένον
330 1357 411 1389 ἔστω,
427 1358 463 1389 ὡς
478 1359 512 1385 τὰ
534 1359 658 1385 ἑκέιστων
675 1359 718 1386 ἀεὶ
730 1359 847 1394 δεύτερα
861 1362 894 1395 τῇ
914 1360 990 1392 τάξει
1010 1360 1112 1394 ἥκιστα
1138 1361 1248 1386 πάντων
1271 1360 1318 1386 καὶ
1343 1360 1392 1395 τὴν
1418 1359 1498 1391 ἀξίαν
1528 1359 1653 1394 ἡγεῖσθαι
1685 1360 1745 1388 δεύ-

111 1413 177 1440 τερα
201 1406 265 1441 χρὴ,
281 1406 350 1434 ἀλλὰ
379 1407 469 1435 πάντα
493 1410 603 1436 πάντων
629 1410 725 1445 ὥσπερ
754 1412 783 1437 ἐν
803 1411 896 1447 κύκλῳ
915 1412 1017 1446 σημεῖα
1033 1413 1081 1438 καὶ
1093 1413 1199 1447 ’πρῶτα
1216 1413 1262 1439 καὶ
1277 1413 1402 1447 δεύτερα.

149 1456 261 1489 Πρῶτον
273 1455 364 1482 τοίνυν
381 1456 423 1483 ἵνα
437 1457 469 1493 δὴ
485 1459 593 1492 πρῶτον
606 1458 676 1485 εἴπω
687 1459 738 1494 (δεῖ
753 1460 807 1495 γὰρ
822 1461 903 1486 ποθὲν

112 1502 353 1543 ἁρξασθαι),ιτῖερὶ
371 1505 421 1537 τῆς
436 1506 490 1532 τῶν
508 1507 669 1533 ἀποστόλων
685 1507 732 1533 ἐπὶ
751 1507 801 1542 τὴν
822 1507 903 1542 χάριν

995 1461 1114 1489 Primum
1131 1461 1224 1495 igitur,
1254 1467 1282 1488 ut
1300 1463 1417 1496 primum
1437 1461 1521 1488 dicant
1538 1461 1657 1495 (oportet
1671 1460 1743 1486 enim

956 1507 1081 1535 alicunde
1108 1508 1251 1541 incipere),
1288 1508 1320 1534 de
1349 1507 1537 1541 apostolorum
1566 1506 1593 1533 in
1624 1505 1741 1541 gratiam

112 1550 235 1582 κλήσεως
257 1551 373 1582 εἰκότως
400 1551 433 1578 ἂν
457 1552 513 1586 ἔχοι
537 1553 587 1586 τὴν
616 1553 741 1587 γλῶτταν
762 1554 803 1589 τῷ
829 1553 902 1588 λόγῳ

956 1554 1099 1581 vocatione
1129 1554 1198 1580 bene
1224 1559 1298 1581 esset
1326 1553 1447 1588 linguam
1474 1557 1606 1581 Sermone
1634 1552 1689 1585 uti;
1717 1556 1745 1578 et

112 1595 241 1631 χρῆσθαι,
261 1597 309 1623 καὶ
323 1598 457 1631 πάρεστιν
472 1599 539 1634 ήςιίν
559 1600 572 1625 ὁ
592 1600 689 1635 Σωτὴρ
703 1600 772 1632 μετὰ
785 1599 835 1635 τὴν
851 1609 903 1626 σω-

113 1643 233 1677 ματικὴν
251 1643 290 1674 είς
307 1643 413 1680 ἀνδρῶν
425 1645 533 1678 ἡλικίαν
550 1645 641 1680 ἄφιξιν
655 1646 701 1672 καὶ
716 1646 746 1672 τὸ
759 1645 902 1681 βάπτισμα

111 1689 203 1715 οὲκέτι
214 1689 385 1724 συσκιάζειν,
396 1691 452 1717 ἀλλ’
464 1692 605 1726 ἐκφαίνειν
616 1692 778 1727 βουλόμενος
789 1692 901 1727 ἑαυτήν.

113 1735 169 1761 Καὶ
179 1734 234 1762 δεῖν
246 1735 375 1770 ἐγνωκὼς
388 1737 529 1772 μάρτυρας
539 1737 588 1772 τῆς
597 1737 680 1764 αὑτοῦ
694 1738 843 1769 πολιτείας,
855 1737 903 1764 καὶ

110 1780 162 1814 τῆς
190 1781 246 1807 τῶν
276 1781 426 1815 θαυμάτων
456 1783 613 1814 ἐπιδείξεως
643 1782 903 1817 προσλαμϐάνεσθαι

111 1827 337 1862 προσλαμϐάνων
354 1828 386 1864 δὴ
405 1829 512 1863 πρῶτον
530 1829 659 1855 ἁπάντων
677 1829 726 1854 σὺν
739 1828 778 1862 τῷ
797 1827 903 1862 ἀδῖλίρῷ

111 1873 209 1909 Πέτρῳ
221 1874 268 1901 καὶ
281 1875 298 1909 ἡ
311 1874 464 1910 πρόσληψις
477 1875 697 1909 παραμείϐοντος
707 1874 756 1909 τὴν
769 1874 903 1900 θάλατταν

109 1919 268 1952 Γαλιλαίας,
281 1920 331 1947 εἴτ’
340 1919 388 1947 οὖν
399 1920 497 1955 λίμνην
507 1919 664 1956 Τιϐεριάδα,
677 1922 723 1946 καὶ
736 1921 834 1951 ἰδόντος
846 1921 904 1946 ἐκεῖ

109 1967 158 1993 καὶ
177 1966 342 1997 καλέσαντος
357 1968 403 1993 καὶ
418 1967 505 1993 ὀπίσω
521 1967 603 1993 αὑτοῦ
625 1967 692 1993 ἱέναι
708 1967 902 2000 κελεύσαντος,

110 2013 157 2039 καὶ
184 2012 277 2039 ἁλείαν
292 2012 445 2048 ἀνθρώπων
469 2012 527 2039 ἀντ’
549 2013 648 2048 ἰχθύων
664 2014 902 2047 ἐπαγγειλαμένου

108 2059 227 2091 διδάξειν
248 2060 296 2086 καὶ
314 2059 344 2086 τὸ
364 2059 410 2086 τοῦ
435 2060 533 2091 ἁλιέως
555 2059 694 2093 εὐπειθὲς,
712 2060 750 2092 ὡς
771 2061 840 2095 ταχὺ
857 2060 904 2087 καὶ

109 2106 127 2139 ἡ
144 2105 200 2132 τῶν
217 2105 333 2133 δικτύων
357 2106 425 2138 μετὰ
448 2107 497 2137 τῆς
512 2106 609 2141 τέχνης
626 2107 778 2141 ἀπόκτησις
803 2107 850 2133 καὶ
874 2106 903 2133 τὸ

109 2151 226 2178 ἕπεσθαι
252 2151 291 2186 τῷ
314 2153 473 2184 καλέσαντι,
492 2152 577 2182 οὕτως
600 2153 614 2178 ὁ
637 2153 740 2187 Πέτρος
770 2152 902 2188 θᾶττονῆ

108 2197 156 2222 τὸν
175 2197 312 2232 ἡμέτερον
338 2197 418 2231 λόγον
435 2198 534 2229 είπεῖν,
551 2198 598 2224 καὶ
622 2199 762 2232 ὑπήκουσε
783 2199 830 2224 καὶ
848 2206 903 2233 μα.-

955 1601 1032 1628 adcst
1048 1601 1127 1628 uobis
1148 1601 1275 1627 Salvator
1293 1605 1356 1635 post
1385 1607 1548 1634 corporeum
1565 1599 1598 1626 ad
1617 1599 1745 1626 homines

954 1648 1112 1681 adventum,
1133 1652 1160 1674 et
1185 1647 1320 1683 baptisma
1350 1648 1471 1674 nondum
1492 1647 1669 1680 obumbrare,
1695 1647 1743 1674 sed

955 1694 1134 1722 manifestare
1152 1694 1248 1722 volens
1265 1703 1295 1722 se
1311 1695 1414 1729 ipsum,
1430 1699 1457 1722 et
1473 1694 1583 1729 cognito
1601 1701 1668 1728 opus
1682 1700 1745 1720 esse

955 1741 1069 1768 testibus
1104 1740 1222 1768 civitatis
1254 1741 1325 1776 ejus,
1353 1745 1380 1768 et
1409 1739 1547 1767 miraculis
1579 1738 1744 1774 prohativis,

954 1785 1079 1813 adhibuit
1111 1787 1230 1821 primum
1259 1793 1322 1813 cum
1359 1785 1443 1813 fratre
1470 1785 1591 1813 Petrum.
1626 1784 1657 1811 Et
1692 1791 1740 1811 as-

954 1833 1075 1866 sumptio
1088 1831 1161 1859 illius
1177 1839 1239 1858 cum
1256 1831 1504 1866 praeterveheretur
1524 1838 1598 1858 mare
1614 1829 1743 1862 Galilaxc,

954 1883 1000 1904 aut
1017 1877 1105 1904 lacum
1122 1877 1285 1908 Tiberiadis.
1302 1881 1329 1904 et
1348 1876 1462 1904 vidisset
1478 1876 1514 1904 ibi
1542 1880 1570 1904 et
1586 1876 1744 1903 vocavissct

954 1928 980 1949 et
993 1926 1143 1949 retrorsum
1161 1922 1200 1949 ire
1215 1922 1360 1956 iussisset.
1384 1927 1412 1949 et
1437 1923 1573 1956 piscatum
1598 1923 1741 1948 hemiuum

955 1976 1003 2002 pro
1022 1969 1135 2004 piscium
1151 1969 1254 2003 piscatu
1271 1969 1459 2003 praecepisset,
1472 1974 1498 1995 et
1511 1969 1658 2003 piscatoris
1675 1967 1743 1994 ohe-

953 2013 1068 2046 dientia,
1088 2021 1170 2048 quam
1182 2015 1287 2042 Velocis
1309 2015 1406 2042 retium
1435 2023 1496 2042 cum
1521 2019 1580 2042 arte
1609 2016 1743 2048 desertio,

954 2068 1037 2096 quam
1075 2060 1205 2087 velociter
1228 2060 1354 2094 sequitur
1380 2061 1541 2087 vet-autem!
1573 2061 1613 2087 sic
1644 2060 1744 2088 Petrus

955 2105 1029 2132 dioto
1050 2105 1132 2132 citius
1152 2105 1286 2138 obedivit,
1303 2108 1330 2132 et
1345 2105 1494 2140 discipulus
1518 2105 1606 2133 factus
1619 2106 1654 2132 iri
1681 2106 1744 2133 inde

955 2150 1083 2178 discessit
1101 2157 1108 2176 :
1124 2150 1164 2178 sic
1184 2157 1244 2176 cum
1265 2149 1582 2185 piscaretur,ignorahat
1593 2159 1621 2178 se
1638 2152 1742 2185 piscatu

956 2201 1068 2232 captum
1085 2197 1203 2224 multum
1223 2205 1275 2225 stto
1292 2198 1397 2232 piscatu
1418 2197 1536 2225 meliori.
1554 2197 1600 2225 Sic
1618 2197 1745 2225 Salvator

108 2243 198 2278 θητὴς
212 2243 319 2271 ἐκεῖθεν
333 2243 449 2279 μετέϐη,
465 2243 552 2275 οὕτως
567 2244 684 2270 ἁλιεύων
700 2243 796 2270 ἔλαθεν
810 2243 900 2269 ἁλιευ-

956 2251 1020 2271 eum
1032 2243 1078 2278 qui
1090 2243 1247 2278 piscaturus
1258 2247 1358 2270 terram
1377 2243 1532 2270 universam
1546 2247 1615 2275 erat,
1632 2243 1689 2278 ipse
1703 2244 1745 2278 pi-

108 2289 168 2321 θεὶς
184 2289 280 2316 ἁλείαν
303 2290 355 2324 τῆς
377 2290 480 2321 οἰκείας
502 2289 593 2324 πολλῷ
616 2289 771 2324 κρείττονα,
790 2288 876 2321 οὕτως
891 2290 905 2316 ό

107 2336 208 2372 Σωτὴρ
234 2335 280 2362 τὸν
304 2337 354 2371 τὴν
388 2336 555 2372 οἰκουμένην
583 2337 718 2371 μέλλοντα
744 2336 906 2370 σαγηνεύειν

106 2382 194 2413 αὐτὸς
221 2382 452 2418 ὲσαγήνευσςιν,ἥ
479 2382 580 2417 μᾶλλον
608 2381 715 2417 σαγήνη
741 2381 781 2416 τῷ
808 2381 904 2416 Πέτρῳ

107 2428 288 2463 χρησάμενος
314 2429 380 2455 εἴσω
405 2428 523 2455 δικτύων
552 2428 601 2463 τὴν
628 2427 795 2462 οἰκουμένην
826 2427 906 2453 συνέ-

108 2477 239 2503 κλεισεν·
253 2472 275 2510 ᾧ
298 2475 388 2502 τοίνυν
407 2475 454 2502 καὶ
483 2476 562 2508 λόγος
587 2475 666 2507 μόνος
690 2475 818 2509 ἤρκεσεν,
836 2473 906 2500 ὥστε

107 2523 167 2549 τῶν
183 2523 212 2548 ὲν
235 2521 330 2556 χερσὶν
345 2521 482 2555 ἀφέμενον
497 2520 655 2547 ἀκολουθεῖν
671 2520 710 2555 τῷ
725 2520 864 2552 καλοῦντι,
878 2519 905 2546 τί

107 2576 180 2594 π’,τε
195 2568 285 2594 δοκεῖν
300 2567 374 2598 εἰκός
390 2567 446 2594 ἐστι
467 2567 564 2594 παθεῖν
580 2566 613 2593 ἂν
629 2568 695 2602 περὶ
711 2566 757 2592 τὸν
772 2567 905 2594 διδάσκα-

107 2612 158 2639 λον
186 2612 282 2646 λόγους
309 2620 339 2638 τε
371 2611 493 2643 ἐκείνους
526 2606 642 2643 πολλοὺς
680 2613 728 2639 καὶ
763 2612 907 2646 γενναίους

108 2658 320 2692 είσδεδεγμένον
346 2658 394 2684 καὶ
425 2657 565 2692 τραπέζης
604 2657 652 2684 καὶ
680 2657 754 2684 ἁλῶν
786 2658 907 2693 συνεχῶς

108 2704 334 2739 κεκοινωνηκότα
357 2705 412 2736 τοῖς
439 2704 680 2738 πεπολιτευμένοις
704 2712 734 2730 τε
764 2704 834 2731 πᾶσι
859 2704 907 2730 καὶ

107 2749 439 2785 ⁸ςεθαυμσ--τουργηιιιένοις
465 2748 548 2784 μέχρι
579 2749 672 2781 τέλους
694 2749 906 2784 παρηκολουθη-

109 2797 185 2823 κότα
200 2796 378 2829 παντάπασις
391 2795 471 2830 δῆλόν
489 2796 547 2821 ἐστι
565 2796 656 2821 πᾶσαν
673 2795 820 2830 παρελθεῖν
837 2796 906 2829 ἀγά-

109 2852 172 2878 πης
188 2842 352 2878 ὑπερϐολὴν,
367 2843 415 2869 καὶ
431 2843 484 2878 μὴν
506 2843 552 2869 καὶ
573 2842 680 2869 τοσόνδε
698 2851 724 2869 τι
751 2842 907 2877 προθυμίας

109 2886 194 2924 οῐμαι
227 2889 364 2924 περιεῖναι
389 2888 428 2924 τῷ
459 2888 602 2923 enm/m9
634 2888 672 2920 ὡς
699 2888 780 2922 εἴπερ
806 2887 906 2922 ᾔσθετο

957 2294 1051 2318 scatus
1064 2295 1122 2324 est;
1140 2295 1187 2318 aut
1203 2290 1295 2325 potius
1310 2294 1440 2325 tauquam
1461 2297 1560 2325 sagena
1582 2289 1662 2317 Petro
1677 2297 1744 2318 usus

957 2336 1028 2363 intra
1042 2337 1111 2364 retia
1129 2341 1230 2364 terrain
1246 2336 1404 2364 universam
1435 2336 1569 2364 includit:
1587 2336 1631 2364 cui
1648 2344 1746 2370 nempe

956 2387 984 2410 et
999 2390 1083 2409 unum
1113 2381 1226 2410 verbum
1252 2382 1320 2410 satis
1347 2382 1398 2410 fuit
1416 2386 1457 2414 ut,
1479 2390 1540 2417 quae
1559 2383 1585 2408 in
1615 2382 1744 2409 manibus

957 2433 1038 2457 erant
1056 2429 1189 2461 dimissis,
1221 2433 1366 2456 vocantem
1383 2434 1557 2463 sequeretur.
1576 2428 1646 2460 Quid
1666 2433 1745 2462 putas

957 2483 1007 2510 pro
1023 2475 1153 2510 Magistro
1165 2475 1243 2501 illum
1256 2473 1396 2502 facturum
1415 2482 1476 2501 esse
1498 2479 1640 2509 postquam
1662 2473 1747 2500 verba

957 2522 1043 2550 multa
1055 2525 1082 2549 et
1099 2521 1203 2549 nobilia
1227 2521 1345 2556 accepit,
1364 2526 1391 2548 et
1415 2527 1517 2548 mensae
1537 2527 1569 2547 ac
1596 2519 1662 2547 salis
1676 2527 1748 2554 quo-

959 2568 1083 2596 tidianus
1103 2575 1218 2595 consors
1230 2567 1293 2600 fuit,
1320 2571 1348 2594 et
1369 2567 1498 2594 omnibus
1515 2569 1562 2593 aut
1588 2566 1748 2593 actionibus

957 2619 1004 2642 aut
1019 2613 1159 2642 miraculis
1174 2613 1208 2641 ad
1222 2613 1304 2640 finem
1324 2620 1412 2648 usque
1433 2611 1545 2639 adfuit?
1566 2609 1744 2639 Manifestum

958 2665 1001 2689 est
1027 2660 1104 2688 illum
1129 2667 1240 2687 omnem
1258 2659 1362 2687 amoris
1386 2657 1502 2692 gradum
1539 2662 1744 2692 transgressum

958 2713 1020 2734 esse
1035 2713 1043 2732 :
1067 2712 1094 2732 et
1113 2708 1190 2732 certe
1214 2707 1321 2730 tantum
1336 2703 1442 2730 ardoris
1459 2702 1485 2729 in
1503 2702 1629 2736 apostolo
1657 2701 1745 2730 fuisse

958 2752 1041 2778 credo
1063 2755 1104 2784 ut,
1125 2749 1149 2778 si
1177 2748 1348 2784 prtevidisset
1364 2747 1423 2774 fore
1448 2752 1478 2774 ut
1503 2755 1533 2774 se
1553 2746 1680 2782 Magister
1697 2755 1746 2774 vo-

958 2801 1044 2827 caret,
1056 2803 1151 2823 vocem
1164 2794 1285 2829 Magistri
1299 2793 1536 2828 praeeessissetEt
1546 2799 1612 2819 sane
1622 2790 1746 2827 quidem,

959 2843 1034 2870 nullo
1048 2842 1188 2876 iuterjecto
1203 2846 1335 2874 tempore,
1349 2844 1463 2867 vocatus
1480 2837 1616 2870 accurrit;
1631 2842 1658 2864 et
1672 2837 1747 2871 quod

959 2888 1076 2917 habebat
1098 2887 1227 2916 libentius
1241 2887 1322 2914 cessit
1340 2894 1421 2921 quam
1441 2889 1522 2913 autca
1544 2884 1743 2919 acquisiverat.
