  <div class='ocr_page' id='page_1' title='image "/cluster/home/n/w/nwhite01/storage/ocr_20150623/147/njp.32101010943429/574.png"; bbox 0 0 1924 3092; ppageno 0'>
   <div class='ocr_carea' id='block_1_1' title="bbox 130 141 199 174">
    <p class='ocr_par' dir='ltr' id='par_1_1' title="bbox 130 141 199 174">
     <span class='ocr_line' id='line_1_1' title="bbox 130 141 199 174; baseline -0.029 0"><span class='ocrx_word' id='word_1_1' title='bbox 130 141 199 174; x_wconf 76' lang='grc'><strong>1065</strong></span> 
     </span>
    </p>
   </div>
   <div class='ocr_carea' id='block_1_2' title="bbox 624 137 1257 170">
    <p class='ocr_par' dir='ltr' id='par_1_2' title="bbox 624 137 1257 170">
     <span class='ocr_line' id='line_1_2' title="bbox 624 137 1257 170; baseline -0.005 0"><span class='ocrx_word' id='word_1_2' title='bbox 624 139 825 170; x_wconf 74' lang='lat' dir='ltr'><strong>ENCOMIUM</strong></span> <span class='ocrx_word' id='word_1_3' title='bbox 844 139 898 168; x_wconf 82' lang='lat' dir='ltr'><strong>SS.</strong></span> <span class='ocrx_word' id='word_1_4' title='bbox 923 137 1040 168; x_wconf 75' lang='lat' dir='ltr'><strong>PETRI</strong></span> <span class='ocrx_word' id='word_1_5' title='bbox 1059 139 1107 168; x_wconf 82' lang='grc' dir='ltr'>ΕΤ</span> <span class='ocrx_word' id='word_1_6' title='bbox 1127 137 1257 167; x_wconf 80' lang='lat' dir='ltr'><strong>PAULI.</strong></span> 
     </span>
    </p>
   </div>
   <div class='ocr_carea' id='block_1_3' title="bbox 1690 132 1758 165">
    <p class='ocr_par' dir='ltr' id='par_1_3' title="bbox 1690 132 1758 165">
     <span class='ocr_line' id='line_1_3' title="bbox 1690 132 1758 165; baseline 0 -1"><span class='ocrx_word' id='word_1_7' title='bbox 1690 132 1758 165; x_wconf 82' lang='grc'><strong>1066</strong></span> 
     </span>
    </p>
   </div>
   <div class='ocr_carea' id='block_1_4' title="bbox 130 190 921 236">
    <p class='ocr_par' dir='ltr' id='par_1_4' title="bbox 130 198 918 236">
     <span class='ocr_line' id='line_1_4' title="bbox 130 198 918 236; baseline -0.004 -10"><span class='ocrx_word' id='word_1_8' title='bbox 130 202 250 236; x_wconf 84' lang='grc' dir='ltr'>θρωπον.</span> <span class='ocrx_word' id='word_1_9' title='bbox 265 200 372 227; x_wconf 79' lang='grc' dir='ltr'>Παύλου</span> <span class='ocrx_word' id='word_1_10' title='bbox 387 200 442 235; x_wconf 70' lang='grc' dir='ltr'><strong>γαρ</strong></span> <span class='ocrx_word' id='word_1_11' title='bbox 457 200 505 226; x_wconf 74' lang='grc' dir='ltr'>καὶ</span> <span class='ocrx_word' id='word_1_12' title='bbox 516 199 564 226; x_wconf 83' lang='grc' dir='ltr'><strong>νῦν</strong></span> <span class='ocrx_word' id='word_1_13' title='bbox 587 199 658 226; x_wconf 80' lang='grc' dir='ltr'>εἰσιν</span> <span class='ocrx_word' id='word_1_14' title='bbox 686 199 727 225; x_wconf 77' lang='grc' dir='ltr'>ἔτι</span> <span class='ocrx_word' id='word_1_15' title='bbox 744 199 799 224; x_wconf 82' lang='grc' dir='ltr'>τῶν</span> <span class='ocrx_word' id='word_1_16' title='bbox 827 198 918 232; x_wconf 86' lang='grc' dir='ltr'>νόμων</span> 
     </span>
    </p>
   </div>
   <div class='ocr_carea' id='block_1_5' title="bbox 976 190 1760 236">
    <p class='ocr_par' dir='ltr' id='par_1_5' title="bbox 976 190 1760 227">
     <span class='ocr_line' id='line_1_5' title="bbox 976 190 1760 227; baseline -0.006 -4"><span class='ocrx_word' id='word_1_17' title='bbox 976 201 1042 227; x_wconf 77' lang='lat' dir='ltr'><strong>erat.</strong></span> <span class='ocrx_word' id='word_1_18' title='bbox 1070 201 1097 223; x_wconf 89' lang='lat' dir='ltr'><strong>et</strong></span> <span class='ocrx_word' id='word_1_19' title='bbox 1123 196 1265 224; x_wconf 65' lang='lat' dir='ltr'><strong>caelestem</strong></span> <span class='ocrx_word' id='word_1_20' title='bbox 1297 194 1460 221; x_wconf 85' lang='lat' dir='ltr'><strong>hominem:</strong></span> <span class='ocrx_word' id='word_1_21' title='bbox 1485 199 1546 219; x_wconf 90' lang='lat' dir='ltr'><strong>nam</strong></span> <span class='ocrx_word' id='word_1_22' title='bbox 1579 190 1657 218; x_wconf 84' lang='lat' dir='ltr'><strong>Pauli</strong></span> <span class='ocrx_word' id='word_1_23' title='bbox 1687 191 1760 226; x_wconf 70' lang='lat' dir='ltr'><strong>leges</strong></span> 
     </span>
    </p>
   </div>
   <div class='ocr_carea' id='block_1_6' title="bbox 128 245 918 282">
    <p class='ocr_par' dir='ltr' id='par_1_6' title="bbox 128 245 918 282">
     <span class='ocr_line' id='line_1_6' title="bbox 128 245 918 282; baseline -0.006 -8"><span class='ocrx_word' id='word_1_24' title='bbox 128 247 304 282; x_wconf 74' lang='grc' dir='ltr'>ἀντεχόμενοί</span> <span class='ocrx_word' id='word_1_25' title='bbox 327 255 357 273; x_wconf 83' lang='grc' dir='ltr'><strong>τε</strong></span> <span class='ocrx_word' id='word_1_26' title='bbox 384 247 432 273; x_wconf 77' lang='grc' dir='ltr'>καὶ</span> <span class='ocrx_word' id='word_1_27' title='bbox 458 246 675 281; x_wconf 70' lang='grc' dir='ltr'>προμαχόμενοι.</span> <span class='ocrx_word' id='word_1_28' title='bbox 714 245 746 271; x_wconf 87' lang='lat'><strong>&#39;0</strong></span> <span class='ocrx_word' id='word_1_29' title='bbox 765 245 793 271; x_wconf 79' lang='grc' dir='ltr'><strong>δὲ</strong></span> <span class='ocrx_word' id='word_1_30' title='bbox 816 245 918 275; x_wconf 67' lang='grc' dir='ltr'>Σόλων,</span> 
     </span>
    </p>
   </div>
   <div class='ocr_carea' id='block_1_7' title="bbox 129 291 920 327">
    <p class='ocr_par' dir='ltr' id='par_1_7' title="bbox 129 291 920 327">
     <span class='ocr_line' id='line_1_7' title="bbox 129 291 920 327; baseline -0.003 -9"><span class='ocrx_word' id='word_1_31' title='bbox 129 292 182 318; x_wconf 87' lang='grc' dir='ltr'>οὐδ’</span> <span class='ocrx_word' id='word_1_32' title='bbox 195 292 225 325; x_wconf 75' lang='grc' dir='ltr'><strong>ἐξ</strong></span> <span class='ocrx_word' id='word_1_33' title='bbox 241 292 373 327; x_wconf 82' lang='grc' dir='ltr'>ὀνόματος</span> <span class='ocrx_word' id='word_1_34' title='bbox 388 293 480 324; x_wconf 85' lang='grc' dir='ltr'>αὐτοῖς</span> <span class='ocrx_word' id='word_1_35' title='bbox 497 293 537 318; x_wconf 80' lang='grc' dir='ltr'>ἐτι</span> <span class='ocrx_word' id='word_1_36' title='bbox 552 292 703 326; x_wconf 82' lang='grc' dir='ltr'>γνώριμος,</span> <span class='ocrx_word' id='word_1_37' title='bbox 721 292 769 318; x_wconf 74' lang='grc' dir='ltr'>καὶ</span> <span class='ocrx_word' id='word_1_38' title='bbox 779 292 828 326; x_wconf 60' lang='grc' dir='ltr'><strong>οὐχ</strong></span> <span class='ocrx_word' id='word_1_39' title='bbox 845 291 920 321; x_wconf 81' lang='grc' dir='ltr'>ὅπως</span> 
     </span>
    </p>
   </div>
   <div class='ocr_carea' id='block_1_8' title="bbox 129 335 919 372">
    <p class='ocr_par' dir='ltr' id='par_1_8' title="bbox 129 335 919 372">
     <span class='ocr_line' id='line_1_8' title="bbox 129 335 919 372; baseline 0 -10"><span class='ocrx_word' id='word_1_40' title='bbox 129 336 162 362; x_wconf 81' lang='grc' dir='ltr'>ἂν</span> <span class='ocrx_word' id='word_1_41' title='bbox 178 337 301 371; x_wconf 84' lang='grc' dir='ltr'>αὐτοῖςή</span> <span class='ocrx_word' id='word_1_42' title='bbox 324 337 399 368; x_wconf 83' lang='grc' dir='ltr'>πόλις</span> <span class='ocrx_word' id='word_1_43' title='bbox 423 335 454 364; x_wconf 80' lang='grc' dir='ltr'>εὖ</span> <span class='ocrx_word' id='word_1_44' title='bbox 469 338 570 364; x_wconf 80' lang='grc' dir='ltr'>οἰκοῖτο</span> <span class='ocrx_word' id='word_1_45' title='bbox 600 336 701 372; x_wconf 80' lang='grc' dir='ltr'>μᾶλλον</span> <span class='ocrx_word' id='word_1_46' title='bbox 730 336 919 371; x_wconf 53' lang='lat' dir='ltr'><strong>catamitum?)</strong></span> 
     </span>
    </p>
   </div>
   <div class='ocr_carea' id='block_1_9' title="bbox 129 381 920 418">
    <p class='ocr_par' dir='ltr' id='par_1_9' title="bbox 129 381 920 418">
     <span class='ocr_line' id='line_1_9' title="bbox 129 381 920 418; baseline -0.003 -9"><span class='ocrx_word' id='word_1_47' title='bbox 129 383 203 414; x_wconf 77' lang='grc' dir='ltr'>ὅπως</span> <span class='ocrx_word' id='word_1_48' title='bbox 218 383 318 414; x_wconf 78' lang='grc' dir='ltr'>αὐτοὺς</span> <span class='ocrx_word' id='word_1_49' title='bbox 334 384 350 418; x_wconf 78' lang='grc' dir='ltr'>ἠ</span> <span class='ocrx_word' id='word_1_50' title='bbox 367 383 424 410; x_wconf 78' lang='grc' dir='ltr'>ἀνω</span> <span class='ocrx_word' id='word_1_51' title='bbox 438 383 515 418; x_wconf 80' lang='grc' dir='ltr'>νέμοι</span> <span class='ocrx_word' id='word_1_52' title='bbox 536 384 553 418; x_wconf 85' lang='grc' dir='ltr'><strong>ὴ</strong></span> <span class='ocrx_word' id='word_1_53' title='bbox 569 382 648 414; x_wconf 84' lang='grc' dir='ltr'><strong>πόλις</strong></span> <span class='ocrx_word' id='word_1_54' title='bbox 675 382 832 417; x_wconf 83' lang='grc' dir='ltr'>οίκήτορας,</span> <span class='ocrx_word' id='word_1_55' title='bbox 864 381 920 407; x_wconf 75' lang='grc' dir='ltr'><strong>οὐδ’</strong></span> 
     </span>
    </p>
   </div>
   <div class='ocr_carea' id='block_1_10' title="bbox 129 425 922 463">
    <p class='ocr_par' dir='ltr' id='par_1_10' title="bbox 129 425 922 463">
     <span class='ocr_line' id='line_1_10' title="bbox 129 425 922 463; baseline -0.004 -9"><span class='ocrx_word' id='word_1_56' title='bbox 129 428 203 459; x_wconf 81' lang='grc' dir='ltr'>ὅπως</span> <span class='ocrx_word' id='word_1_57' title='bbox 219 428 442 463; x_wconf 85' lang='grc' dir='ltr'>Λακεδαιμονίων</span> <span class='ocrx_word' id='word_1_58' title='bbox 460 429 477 463; x_wconf 80' lang='grc' dir='ltr'>ἦ</span> <span class='ocrx_word' id='word_1_59' title='bbox 493 437 577 455; x_wconf 79' lang='grc' dir='ltr'>τινων</span> <span class='ocrx_word' id='word_1_60' title='bbox 591 427 680 455; x_wconf 81' lang='grc' dir='ltr'>ἄλλων</span> <span class='ocrx_word' id='word_1_61' title='bbox 692 426 799 461; x_wconf 69' lang='grc' dir='ltr'>ἐχυρῶν</span> <span class='ocrx_word' id='word_1_62' title='bbox 814 425 922 461; x_wconf 78' lang='grc' dir='ltr'>περιγί-</span> 
     </span>
    </p>
   </div>
   <div class='ocr_carea' id='block_1_11' title="bbox 130 473 920 510">
    <p class='ocr_par' dir='ltr' id='par_1_11' title="bbox 130 473 920 510">
     <span class='ocr_line' id='line_1_11' title="bbox 130 473 920 510; baseline -0.001 -11"><span class='ocrx_word' id='word_1_63' title='bbox 130 482 230 506; x_wconf 84' lang='grc' dir='ltr'>νοιντο,</span> <span class='ocrx_word' id='word_1_64' title='bbox 257 474 274 509; x_wconf 82' lang='grc' dir='ltr'>ἢ</span> <span class='ocrx_word' id='word_1_65' title='bbox 292 475 367 505; x_wconf 73' lang='grc' dir='ltr'>ὅπως</span> <span class='ocrx_word' id='word_1_66' title='bbox 394 475 454 506; x_wconf 86' lang='grc' dir='ltr'>ταῖς</span> <span class='ocrx_word' id='word_1_67' title='bbox 479 474 587 510; x_wconf 81' lang='grc' dir='ltr'>ἀερίαις</span> <span class='ocrx_word' id='word_1_68' title='bbox 609 475 706 509; x_wconf 76' lang='grc' dir='ltr'>ἀρχαῖς</span> <span class='ocrx_word' id='word_1_69' title='bbox 740 473 920 506; x_wconf 81' lang='grc' dir='ltr'>ὑποκύψαιεν.</span> 
     </span>
    </p>
   </div>
   <div class='ocr_carea' id='block_1_12' title="bbox 133 518 921 556">
    <p class='ocr_par' dir='ltr' id='par_1_12' title="bbox 133 518 921 556">
     <span class='ocr_line' id='line_1_12' title="bbox 133 518 921 556; baseline -0.003 -10"><span class='ocrx_word' id='word_1_70' title='bbox 133 520 186 547; x_wconf 78' lang='grc' dir='ltr'><strong>Καὶ</strong></span> <span class='ocrx_word' id='word_1_71' title='bbox 202 518 236 556; x_wconf 84' lang='grc' dir='ltr'>ἦν</span> <span class='ocrx_word' id='word_1_72' title='bbox 250 521 306 555; x_wconf 78' lang='grc' dir='ltr'><strong>γὰρ</strong></span> <span class='ocrx_word' id='word_1_73' title='bbox 319 520 374 547; x_wconf 78' lang='grc' dir='ltr'><strong>τῶν</strong></span> <span class='ocrx_word' id='word_1_74' title='bbox 388 520 508 555; x_wconf 74' lang='grc' dir='ltr'>εὐλόγων</span> <span class='ocrx_word' id='word_1_75' title='bbox 538 521 593 556; x_wconf 80' lang='grc' dir='ltr'><strong>ὅσῳ</strong></span> <span class='ocrx_word' id='word_1_76' title='bbox 607 520 663 547; x_wconf 86' lang='grc' dir='ltr'><strong>τῶν</strong></span> <span class='ocrx_word' id='word_1_77' title='bbox 692 519 848 554; x_wconf 76' lang='grc' dir='ltr'><strong>νομοθετῶν</strong></span> <span class='ocrx_word' id='word_1_78' title='bbox 874 518 921 545; x_wconf 72' lang='grc' dir='ltr'>τὸν</span> 
     </span>
    </p>
   </div>
   <div class='ocr_carea' id='block_1_13' title="bbox 132 565 921 602">
    <p class='ocr_par' dir='ltr' id='par_1_13' title="bbox 132 565 921 602">
     <span class='ocr_line' id='line_1_13' title="bbox 132 565 921 602; baseline -0.001 -9"><span class='ocrx_word' id='word_1_79' title='bbox 132 565 247 602; x_wconf 78' lang='grc' dir='ltr'>ὕστερον</span> <span class='ocrx_word' id='word_1_80' title='bbox 276 566 401 600; x_wconf 76' lang='grc' dir='ltr'>ἔγνωσαν</span> <span class='ocrx_word' id='word_1_81' title='bbox 429 567 610 601; x_wconf 78' lang='grc' dir='ltr'>ὑπερέχοντα,</span> <span class='ocrx_word' id='word_1_82' title='bbox 639 566 761 600; x_wconf 83' lang='grc' dir='ltr'>τοσούτῳ</span> <span class='ocrx_word' id='word_1_83' title='bbox 784 565 921 600; x_wconf 74' lang='grc' dir='ltr'>καὶπρὸς</span> 
     </span>
    </p>
   </div>
   <div class='ocr_carea' id='block_1_14' title="bbox 131 612 921 648">
    <p class='ocr_par' dir='ltr' id='par_1_14' title="bbox 131 612 921 648">
     <span class='ocr_line' id='line_1_14' title="bbox 131 612 921 648; baseline 0 -10"><span class='ocrx_word' id='word_1_84' title='bbox 131 613 299 648; x_wconf 70' lang='grc' dir='ltr'><strong>ὑψηλοτέραν</strong></span> <span class='ocrx_word' id='word_1_85' title='bbox 316 612 518 647; x_wconf 70' lang='grc' dir='ltr'><strong>μετατάξασθαι</strong></span> <span class='ocrx_word' id='word_1_86' title='bbox 532 613 681 644; x_wconf 80' lang='grc' dir='ltr'><strong>πολιτείαν,</strong></span> <span class='ocrx_word' id='word_1_87' title='bbox 699 613 751 640; x_wconf 79' lang='grc' dir='ltr'>κᾶν</span> <span class='ocrx_word' id='word_1_88' title='bbox 768 621 811 644; x_wconf 88' lang='grc' dir='ltr'><strong>τις</strong></span> <span class='ocrx_word' id='word_1_89' title='bbox 822 612 921 644; x_wconf 75' lang='grc' dir='ltr'>αὐτοὺς</span> 
     </span>
    </p>
   </div>
   <div class='ocr_carea' id='block_1_15' title="bbox 130 658 921 694">
    <p class='ocr_par' dir='ltr' id='par_1_15' title="bbox 130 658 921 694">
     <span class='ocr_line' id='line_1_15' title="bbox 130 658 921 694; baseline -0.001 -9"><span class='ocrx_word' id='word_1_90' title='bbox 130 659 257 693; x_wconf 72' lang='grc' dir='ltr'><strong>ἐξετάζῃ,</strong></span> <span class='ocrx_word' id='word_1_91' title='bbox 275 658 352 694; x_wconf 82' lang='grc' dir='ltr'>γνοίη</span> <span class='ocrx_word' id='word_1_92' title='bbox 367 659 399 685; x_wconf 80' lang='grc' dir='ltr'>ἂν</span> <span class='ocrx_word' id='word_1_93' title='bbox 414 659 444 684; x_wconf 71' lang='grc' dir='ltr'>τὸ</span> <span class='ocrx_word' id='word_1_94' title='bbox 462 658 512 693; x_wconf 78' lang='grc' dir='ltr'>μὲν</span> <span class='ocrx_word' id='word_1_95' title='bbox 527 659 629 693; x_wconf 78' lang='grc' dir='ltr'>ἑτέρων</span> <span class='ocrx_word' id='word_1_96' title='bbox 643 658 751 693; x_wconf 76' lang='grc' dir='ltr'>ἄρχειν,</span> <span class='ocrx_word' id='word_1_97' title='bbox 764 658 795 684; x_wconf 83' lang='grc' dir='ltr'><strong>ού</strong></span> <span class='ocrx_word' id='word_1_98' title='bbox 812 659 883 692; x_wconf 83' lang='grc' dir='ltr'>μέγα</span> <span class='ocrx_word' id='word_1_99' title='bbox 894 667 921 684; x_wconf 88' lang='grc' dir='ltr'><strong>τι</strong></span> 
     </span>
    </p>
   </div>
   <div class='ocr_carea' id='block_1_16' title="bbox 130 701 922 738">
    <p class='ocr_par' dir='ltr' id='par_1_16' title="bbox 130 701 922 738">
     <span class='ocr_line' id='line_1_16' title="bbox 130 701 922 738; baseline -0.004 -8"><span class='ocrx_word' id='word_1_100' title='bbox 130 704 301 738; x_wconf 75' lang='grc' dir='ltr'><strong>νομίζοντας,</strong></span> <span class='ocrx_word' id='word_1_101' title='bbox 314 703 344 728; x_wconf 84' lang='grc' dir='ltr'>τὸ</span> <span class='ocrx_word' id='word_1_102' title='bbox 355 703 377 728; x_wconf 82' lang='grc' dir='ltr'><strong>δ’</strong></span> <span class='ocrx_word' id='word_1_103' title='bbox 392 702 506 734; x_wconf 84' lang='grc' dir='ltr'>ἑαυτοὺς</span> <span class='ocrx_word' id='word_1_104' title='bbox 521 702 637 729; x_wconf 71' lang='grc' dir='ltr'>ἕκαστον</span> <span class='ocrx_word' id='word_1_105' title='bbox 653 701 759 734; x_wconf 76' lang='grc' dir='ltr'>σώζειν,</span> <span class='ocrx_word' id='word_1_106' title='bbox 776 702 806 728; x_wconf 72' lang='grc' dir='ltr'>οὐ</span> <span class='ocrx_word' id='word_1_107' title='bbox 823 701 922 736; x_wconf 77' lang='grc' dir='ltr'>μικρὸν</span> 
     </span>
    </p>
   </div>
   <div class='ocr_carea' id='block_1_17' title="bbox 130 744 923 784">
    <p class='ocr_par' dir='ltr' id='par_1_17' title="bbox 130 744 923 784">
     <span class='ocr_line' id='line_1_17' title="bbox 130 744 923 784; baseline -0.003 -9"><span class='ocrx_word' id='word_1_108' title='bbox 130 750 249 782; x_wconf 81' lang='grc' dir='ltr'>πάντως.</span> <span class='ocrx_word' id='word_1_109' title='bbox 269 748 351 775; x_wconf 83' lang='grc' dir='ltr'>Ἀλλὰ</span> <span class='ocrx_word' id='word_1_110' title='bbox 368 749 415 775; x_wconf 78' lang='grc' dir='ltr'>καὶ</span> <span class='ocrx_word' id='word_1_111' title='bbox 425 747 564 779; x_wconf 86' lang='grc' dir='ltr'>Διονύσιος</span> <span class='ocrx_word' id='word_1_112' title='bbox 589 747 740 784; x_wconf 81' lang='grc' dir='ltr'>Ἀθηναίων</span> <span class='ocrx_word' id='word_1_113' title='bbox 754 744 795 779; x_wconf 77' lang='grc' dir='ltr'>εἷς</span> <span class='ocrx_word' id='word_1_114' title='bbox 809 746 923 773; x_wconf 79' lang='grc' dir='ltr'>τοιαῦτα</span> 
     </span>
    </p>
   </div>
   <div class='ocr_carea' id='block_1_18' title="bbox 130 793 922 829">
    <p class='ocr_par' dir='ltr' id='par_1_18' title="bbox 130 793 922 829">
     <span class='ocr_line' id='line_1_18' title="bbox 130 793 922 829; baseline -0.003 -7"><span class='ocrx_word' id='word_1_115' title='bbox 130 796 182 823; x_wconf 79' lang='grc' dir='ltr'>ὑπὸ</span> <span class='ocrx_word' id='word_1_116' title='bbox 192 795 290 829; x_wconf 82' lang='grc' dir='ltr'><strong>Παύλῳ</strong></span> <span class='ocrx_word' id='word_1_117' title='bbox 300 793 526 828; x_wconf 84' lang='grc' dir='ltr'>νενομοθέτηκεν,</span> <span class='ocrx_word' id='word_1_118' title='bbox 543 794 568 820; x_wconf 86' lang='grc' dir='ltr'><strong>εί</strong></span> <span class='ocrx_word' id='word_1_119' title='bbox 582 795 620 829; x_wconf 88' lang='grc' dir='ltr'>μή</span> <span class='ocrx_word' id='word_1_120' title='bbox 632 803 658 820; x_wconf 85' lang='grc' dir='ltr'><strong>τι</strong></span> <span class='ocrx_word' id='word_1_121' title='bbox 668 794 721 829; x_wconf 85' lang='grc' dir='ltr'><strong>χρὴ</strong></span> <span class='ocrx_word' id='word_1_122' title='bbox 736 794 843 821; x_wconf 82' lang='grc' dir='ltr'>Παῦλον</span> <span class='ocrx_word' id='word_1_123' title='bbox 857 794 922 820; x_wconf 81' lang='grc' dir='ltr'><strong>κάν-</strong></span> 
     </span>
    </p>
   </div>
   <div class='ocr_carea' id='block_1_19' title="bbox 129 837 919 875">
    <p class='ocr_par' dir='ltr' id='par_1_19' title="bbox 129 837 919 875">
     <span class='ocr_line' id='line_1_19' title="bbox 129 837 919 875; baseline -0.003 -7"><span class='ocrx_word' id='word_1_124' title='bbox 129 842 215 868; x_wconf 72' lang='grc' dir='ltr'>ταῦθα</span> <span class='ocrx_word' id='word_1_125' title='bbox 230 841 274 867; x_wconf 77' lang='grc' dir='ltr'>διὰ</span> <span class='ocrx_word' id='word_1_126' title='bbox 283 840 361 867; x_wconf 75' lang='grc' dir='ltr'>τοῦδε</span> <span class='ocrx_word' id='word_1_127' title='bbox 376 839 473 873; x_wconf 78' lang='grc' dir='ltr'>ἀνδρὸς</span> <span class='ocrx_word' id='word_1_128' title='bbox 489 839 578 873; x_wconf 86' lang='grc' dir='ltr'>λέγειν</span> <span class='ocrx_word' id='word_1_129' title='bbox 593 841 785 875; x_wconf 74' lang='grc' dir='ltr'>νομοθετῆσαι,</span> <span class='ocrx_word' id='word_1_130' title='bbox 798 837 838 871; x_wconf 73' lang='grc' dir='ltr'>οἷς</span> <span class='ocrx_word' id='word_1_131' title='bbox 851 840 919 867; x_wconf 79' lang='grc' dir='ltr'>παν-</span> 
     </span>
    </p>
   </div>
   <div class='ocr_carea' id='block_1_20' title="bbox 971 237 1760 275">
    <p class='ocr_par' dir='ltr' id='par_1_20' title="bbox 971 237 1760 275">
     <span class='ocr_line' id='line_1_20' title="bbox 971 237 1760 275; baseline -0.005 -8"><span class='ocrx_word' id='word_1_132' title='bbox 971 241 1061 268; x_wconf 89' lang='lat' dir='ltr'><strong>adhuc</strong></span> <span class='ocrx_word' id='word_1_133' title='bbox 1079 242 1199 269; x_wconf 90' lang='lat' dir='ltr'><strong>retinent</strong></span> <span class='ocrx_word' id='word_1_134' title='bbox 1223 246 1251 268; x_wconf 89' lang='lat' dir='ltr'><strong>et</strong></span> <span class='ocrx_word' id='word_1_135' title='bbox 1280 243 1469 275; x_wconf 71' lang='lat' dir='ltr'><strong>propugnant;</strong></span> <span class='ocrx_word' id='word_1_136' title='bbox 1495 242 1522 265; x_wconf 90' lang='lat' dir='ltr'><strong>at</strong></span> <span class='ocrx_word' id='word_1_137' title='bbox 1554 237 1637 265; x_wconf 81' lang='lat' dir='ltr'><strong>Solon</strong></span> <span class='ocrx_word' id='word_1_138' title='bbox 1669 245 1702 264; x_wconf 88' lang='lat' dir='ltr'><strong>ne</strong></span> <span class='ocrx_word' id='word_1_139' title='bbox 1725 237 1760 263; x_wconf 89' lang='lat' dir='ltr'><strong>de</strong></span> 
     </span>
    </p>
   </div>
   <div class='ocr_carea' id='block_1_21' title="bbox 971 283 1759 322">
    <p class='ocr_par' dir='ltr' id='par_1_21' title="bbox 971 283 1759 322">
     <span class='ocr_line' id='line_1_21' title="bbox 971 283 1759 322; baseline -0.005 -9"><span class='ocrx_word' id='word_1_140' title='bbox 971 287 1083 314; x_wconf 86' lang='lat' dir='ltr'><strong>nomine</strong></span> <span class='ocrx_word' id='word_1_141' title='bbox 1102 287 1214 322; x_wconf 87' lang='lat' dir='ltr'><strong>quidem</strong></span> <span class='ocrx_word' id='word_1_142' title='bbox 1238 286 1294 313; x_wconf 88' lang='lat' dir='ltr'><strong>illis</strong></span> <span class='ocrx_word' id='word_1_143' title='bbox 1319 290 1402 312; x_wconf 89' lang='lat' dir='ltr'><strong>notus</strong></span> <span class='ocrx_word' id='word_1_144' title='bbox 1426 291 1468 312; x_wconf 90' lang='lat' dir='ltr'><strong>est</strong></span> <span class='ocrx_word' id='word_1_145' title='bbox 1491 292 1498 310; x_wconf 92' lang='lat'>:</span> <span class='ocrx_word' id='word_1_146' title='bbox 1519 292 1569 312; x_wconf 91' lang='lat' dir='ltr'><strong>nec</strong></span> <span class='ocrx_word' id='word_1_147' title='bbox 1592 288 1647 310; x_wconf 91' lang='lat' dir='ltr'><strong>tam</strong></span> <span class='ocrx_word' id='word_1_148' title='bbox 1673 283 1759 318; x_wconf 89' lang='lat' dir='ltr'><strong>dispi-</strong></span> 
     </span>
    </p>
   </div>
   <div class='ocr_carea' id='block_1_22' title="bbox 971 330 1758 364">
    <p class='ocr_par' dir='ltr' id='par_1_22' title="bbox 971 330 1758 364">
     <span class='ocr_line' id='line_1_22' title="bbox 971 330 1758 364; baseline -0.006 -5"><span class='ocrx_word' id='word_1_149' title='bbox 971 332 1059 364; x_wconf 92' lang='lat' dir='ltr'><strong>ciunt,</strong></span> <span class='ocrx_word' id='word_1_150' title='bbox 1076 337 1105 359; x_wconf 93' lang='lat' dir='ltr'><strong>ut</strong></span> <span class='ocrx_word' id='word_1_151' title='bbox 1119 332 1218 359; x_wconf 89' lang='lat' dir='ltr'><strong>civitas</strong></span> <span class='ocrx_word' id='word_1_152' title='bbox 1236 332 1306 359; x_wconf 85' lang='lat' dir='ltr'><strong>bene</strong></span> <span class='ocrx_word' id='word_1_153' title='bbox 1324 331 1535 359; x_wconf 74' lang='lat' dir='ltr'><strong>administretur</strong></span> <span class='ocrx_word' id='word_1_154' title='bbox 1556 334 1583 358; x_wconf 90' lang='lat' dir='ltr'><strong>et</strong></span> <span class='ocrx_word' id='word_1_155' title='bbox 1602 330 1758 361; x_wconf 91' lang='lat' dir='ltr'><strong>habitetur,</strong></span> 
     </span>
    </p>
   </div>
   <div class='ocr_carea' id='block_1_23' title="bbox 970 377 1759 412">
    <p class='ocr_par' dir='ltr' id='par_1_23' title="bbox 970 377 1759 412">
     <span class='ocr_line' id='line_1_23' title="bbox 970 377 1759 412; baseline -0.005 -7"><span class='ocrx_word' id='word_1_156' title='bbox 970 385 1053 412; x_wconf 90' lang='lat' dir='ltr'><strong>quam</strong></span> <span class='ocrx_word' id='word_1_157' title='bbox 1073 383 1103 405; x_wconf 89' lang='lat' dir='ltr'><strong>ut</strong></span> <span class='ocrx_word' id='word_1_158' title='bbox 1119 377 1172 412; x_wconf 85' lang='lat' dir='ltr'><strong>ipsi</strong></span> <span class='ocrx_word' id='word_1_159' title='bbox 1192 385 1320 412; x_wconf 73' lang='lat' dir='ltr'><strong>supernae</strong></span> <span class='ocrx_word' id='word_1_160' title='bbox 1332 377 1454 405; x_wconf 80' lang='lat' dir='ltr'><strong>civitatis</strong></span> <span class='ocrx_word' id='word_1_161' title='bbox 1474 377 1572 404; x_wconf 67' lang='lat' dir='ltr'><strong>incolae</strong></span> <span class='ocrx_word' id='word_1_162' title='bbox 1596 377 1662 402; x_wconf 88' lang='lat' dir='ltr'><strong>liant</strong></span> <span class='ocrx_word' id='word_1_163' title='bbox 1681 383 1688 402; x_wconf 84' lang='lat'>:</span> <span class='ocrx_word' id='word_1_164' title='bbox 1708 382 1759 401; x_wconf 89' lang='lat' dir='ltr'><strong>nec</strong></span> 
     </span>
    </p>
   </div>
   <div class='ocr_carea' id='block_1_24' title="bbox 974 421 1759 458">
    <p class='ocr_par' dir='ltr' id='par_1_24' title="bbox 974 421 1759 458">
     <span class='ocr_line' id='line_1_24' title="bbox 974 421 1759 458; baseline -0.005 -7"><span class='ocrx_word' id='word_1_165' title='bbox 974 429 1029 451; x_wconf 92' lang='lat' dir='ltr'><strong>tam</strong></span> <span class='ocrx_word' id='word_1_166' title='bbox 1046 423 1123 451; x_wconf 89' lang='lat' dir='ltr'><strong>cordi</strong></span> <span class='ocrx_word' id='word_1_167' title='bbox 1140 424 1253 455; x_wconf 83' lang='lat' dir='ltr'><strong>habent,</strong></span> <span class='ocrx_word' id='word_1_168' title='bbox 1269 424 1409 458; x_wconf 89' lang='lat' dir='ltr'><strong>quomodo</strong></span> <span class='ocrx_word' id='word_1_169' title='bbox 1428 422 1652 450; x_wconf 73' lang='lat' dir='ltr'><strong>Laccdannonios</strong></span> <span class='ocrx_word' id='word_1_170' title='bbox 1675 421 1759 448; x_wconf 88' lang='lat' dir='ltr'><strong>alios-</strong></span> 
     </span>
    </p>
   </div>
   <div class='ocr_carea' id='block_1_25' title="bbox 971 467 1759 505">
    <p class='ocr_par' dir='ltr' id='par_1_25' title="bbox 971 467 1759 505">
     <span class='ocr_line' id='line_1_25' title="bbox 971 467 1759 505; baseline -0.004 -9"><span class='ocrx_word' id='word_1_171' title='bbox 971 478 1026 505; x_wconf 85' lang='lat' dir='ltr'><strong>que</strong></span> <span class='ocrx_word' id='word_1_172' title='bbox 1039 471 1135 498; x_wconf 81' lang='lat' dir='ltr'><strong>hostes</strong></span> <span class='ocrx_word' id='word_1_173' title='bbox 1155 478 1222 498; x_wconf 89' lang='lat' dir='ltr'><strong>suos</strong></span> <span class='ocrx_word' id='word_1_174' title='bbox 1239 470 1390 503; x_wconf 87' lang='lat' dir='ltr'><strong>debellent,</strong></span> <span class='ocrx_word' id='word_1_175' title='bbox 1404 477 1487 505; x_wconf 83' lang='lat' dir='ltr'><strong>quam</strong></span> <span class='ocrx_word' id='word_1_176' title='bbox 1507 474 1536 496; x_wconf 86' lang='lat' dir='ltr'><strong>ut</strong></span> <span class='ocrx_word' id='word_1_177' title='bbox 1554 476 1588 496; x_wconf 89' lang='lat' dir='ltr'><strong>ne</strong></span> <span class='ocrx_word' id='word_1_178' title='bbox 1603 468 1653 503; x_wconf 91' lang='lat' dir='ltr'><strong>ipsi</strong></span> <span class='ocrx_word' id='word_1_179' title='bbox 1670 467 1759 494; x_wconf 87' lang='lat' dir='ltr'><strong>aereis</strong></span> 
     </span>
    </p>
   </div>
   <div class='ocr_carea' id='block_1_26' title="bbox 974 516 1760 551">
    <p class='ocr_par' dir='ltr' id='par_1_26' title="bbox 974 516 1760 551">
     <span class='ocr_line' id='line_1_26' title="bbox 974 516 1760 551; baseline -0.006 -8"><span class='ocrx_word' id='word_1_180' title='bbox 974 516 1155 551; x_wconf 79' lang='lat' dir='ltr'><strong>potestatibus</strong></span> <span class='ocrx_word' id='word_1_181' title='bbox 1186 517 1351 550; x_wconf 79' lang='lat' dir='ltr'><strong>subdantur,</strong></span> <span class='ocrx_word' id='word_1_182' title='bbox 1376 522 1403 544; x_wconf 90' lang='lat' dir='ltr'><strong>et</strong></span> <span class='ocrx_word' id='word_1_183' title='bbox 1430 523 1478 551; x_wconf 85' lang='lat' dir='ltr'><strong>par</strong></span> <span class='ocrx_word' id='word_1_184' title='bbox 1500 519 1571 548; x_wconf 85' lang='lat' dir='ltr'><strong>erat,</strong></span> <span class='ocrx_word' id='word_1_185' title='bbox 1598 519 1629 542; x_wconf 91' lang='lat' dir='ltr'><strong>ut</strong></span> <span class='ocrx_word' id='word_1_186' title='bbox 1654 517 1760 549; x_wconf 87' lang='lat' dir='ltr'><strong>quanto</strong></span> 
     </span>
    </p>
   </div>
   <div class='ocr_carea' id='block_1_27' title="bbox 973 558 1761 596">
    <p class='ocr_par' dir='ltr' id='par_1_27' title="bbox 973 558 1761 596">
     <span class='ocr_line' id='line_1_27' title="bbox 973 558 1761 596; baseline -0.004 -8"><span class='ocrx_word' id='word_1_187' title='bbox 973 562 1152 596; x_wconf 89' lang='lat' dir='ltr'><strong>posteriorem</strong></span> <span class='ocrx_word' id='word_1_188' title='bbox 1173 561 1358 596; x_wconf 84' lang='lat' dir='ltr'><strong>legislatorcm</strong></span> <span class='ocrx_word' id='word_1_189' title='bbox 1375 566 1482 589; x_wconf 87' lang='lat' dir='ltr'><strong>veteres</strong></span> <span class='ocrx_word' id='word_1_190' title='bbox 1505 565 1637 596; x_wconf 66' lang='lat' dir='ltr'><strong>praestare</strong></span> <span class='ocrx_word' id='word_1_191' title='bbox 1660 558 1761 586; x_wconf 89' lang='lat' dir='ltr'><strong>intelli-</strong></span> 
     </span>
    </p>
   </div>
   <div class='ocr_carea' id='block_1_28' title="bbox 973 605 1761 641">
    <p class='ocr_par' dir='ltr' id='par_1_28' title="bbox 973 605 1761 641">
     <span class='ocr_line' id='line_1_28' title="bbox 973 605 1761 641; baseline -0.004 -7"><span class='ocrx_word' id='word_1_192' title='bbox 973 607 1084 641; x_wconf 76' lang='lat' dir='ltr'><strong>gebant,</strong></span> <span class='ocrx_word' id='word_1_193' title='bbox 1104 611 1181 634; x_wconf 89' lang='lat' dir='ltr'><strong>tanto</strong></span> <span class='ocrx_word' id='word_1_194' title='bbox 1204 607 1238 635; x_wconf 86' lang='lat' dir='ltr'><strong>ad</strong></span> <span class='ocrx_word' id='word_1_195' title='bbox 1267 608 1491 635; x_wconf 81' lang='lat' dir='ltr'><strong>excellentiorem</strong></span> <span class='ocrx_word' id='word_1_196' title='bbox 1510 606 1619 634; x_wconf 84' lang='lat' dir='ltr'><strong>vivendi</strong></span> <span class='ocrx_word' id='word_1_197' title='bbox 1645 605 1761 633; x_wconf 83' lang='lat' dir='ltr'><strong>formam</strong></span> 
     </span>
    </p>
   </div>
   <div class='ocr_carea' id='block_1_29' title="bbox 971 651 1762 689">
    <p class='ocr_par' dir='ltr' id='par_1_29' title="bbox 971 651 1762 689">
     <span class='ocr_line' id='line_1_29' title="bbox 971 651 1762 689; baseline -0.003 -9"><span class='ocrx_word' id='word_1_198' title='bbox 971 654 1194 681; x_wconf 76' lang='lat' dir='ltr'><strong>traducerentur.</strong></span> <span class='ocrx_word' id='word_1_199' title='bbox 1213 653 1290 687; x_wconf 86' lang='lat' dir='ltr'><strong>Quod</strong></span> <span class='ocrx_word' id='word_1_200' title='bbox 1313 654 1336 682; x_wconf 92' lang='lat' dir='ltr'><strong>si</strong></span> <span class='ocrx_word' id='word_1_201' title='bbox 1355 654 1418 689; x_wconf 93' lang='lat' dir='ltr'><strong>quis</strong></span> <span class='ocrx_word' id='word_1_202' title='bbox 1440 653 1502 681; x_wconf 89' lang='lat' dir='ltr'><strong>illos</strong></span> <span class='ocrx_word' id='word_1_203' title='bbox 1532 653 1652 688; x_wconf 87' lang='lat' dir='ltr'><strong>penitius</strong></span> <span class='ocrx_word' id='word_1_204' title='bbox 1675 651 1762 679; x_wconf 90' lang='lat' dir='ltr'><strong>intro-</strong></span> 
     </span>
    </p>
   </div>
   <div class='ocr_carea' id='block_1_30' title="bbox 973 697 1761 734">
    <p class='ocr_par' dir='ltr' id='par_1_30' title="bbox 973 697 1761 734">
     <span class='ocr_line' id='line_1_30' title="bbox 973 697 1761 734; baseline -0.001 -10"><span class='ocrx_word' id='word_1_205' title='bbox 973 698 1082 732; x_wconf 84' lang='lat' dir='ltr'><strong>spicere</strong></span> <span class='ocrx_word' id='word_1_206' title='bbox 1096 699 1174 732; x_wconf 85' lang='lat' dir='ltr'><strong>velit,</strong></span> <span class='ocrx_word' id='word_1_207' title='bbox 1196 699 1345 734; x_wconf 73' lang='lat' dir='ltr'><strong>intelliget,</strong></span> <span class='ocrx_word' id='word_1_208' title='bbox 1375 699 1521 734; x_wconf 86' lang='lat' dir='ltr'><strong>imperium</strong></span> <span class='ocrx_word' id='word_1_209' title='bbox 1546 699 1573 726; x_wconf 92' lang='lat' dir='ltr'><strong>in</strong></span> <span class='ocrx_word' id='word_1_210' title='bbox 1603 697 1672 726; x_wconf 82' lang='lat' dir='ltr'><strong>alios</strong></span> <span class='ocrx_word' id='word_1_211' title='bbox 1689 698 1761 724; x_wconf 79' lang='lat' dir='ltr'><strong>haud</strong></span> 
     </span>
    </p>
   </div>
   <div class='ocr_carea' id='block_1_31' title="bbox 973 744 1761 780">
    <p class='ocr_par' dir='ltr' id='par_1_31' title="bbox 973 744 1761 780">
     <span class='ocr_line' id='line_1_31' title="bbox 973 744 1761 780; baseline 0.001 -10"><span class='ocrx_word' id='word_1_212' title='bbox 973 744 1063 779; x_wconf 78' lang='lat' dir='ltr'><strong>magni</strong></span> <span class='ocrx_word' id='word_1_213' title='bbox 1078 744 1113 772; x_wconf 89' lang='lat' dir='ltr'><strong>ab</strong></span> <span class='ocrx_word' id='word_1_214' title='bbox 1135 745 1189 773; x_wconf 90' lang='lat' dir='ltr'><strong>illis</strong></span> <span class='ocrx_word' id='word_1_215' title='bbox 1203 746 1298 780; x_wconf 88' lang='lat' dir='ltr'><strong>pendi,</strong></span> <span class='ocrx_word' id='word_1_216' title='bbox 1317 746 1344 773; x_wconf 91' lang='lat' dir='ltr'><strong>in</strong></span> <span class='ocrx_word' id='word_1_217' title='bbox 1362 746 1388 774; x_wconf 90' lang='lat' dir='ltr'><strong>id</strong></span> <span class='ocrx_word' id='word_1_218' title='bbox 1405 753 1471 774; x_wconf 89' lang='lat' dir='ltr'><strong>vero</strong></span> <span class='ocrx_word' id='word_1_219' title='bbox 1493 745 1536 773; x_wconf 87' lang='lat' dir='ltr'><strong>vel</strong></span> <span class='ocrx_word' id='word_1_220' title='bbox 1564 745 1683 772; x_wconf 83' lang='lat' dir='ltr'><strong>maxime</strong></span> <span class='ocrx_word' id='word_1_221' title='bbox 1696 752 1761 780; x_wconf 89' lang='lat' dir='ltr'><strong>ope-</strong></span> 
     </span>
    </p>
   </div>
   <div class='ocr_carea' id='block_1_32' title="bbox 972 789 1762 826">
    <p class='ocr_par' dir='ltr' id='par_1_32' title="bbox 972 789 1762 826">
     <span class='ocr_line' id='line_1_32' title="bbox 972 789 1762 826; baseline 0.001 -10"><span class='ocrx_word' id='word_1_222' title='bbox 972 797 1031 816; x_wconf 87' lang='lat' dir='ltr'><strong>ram</strong></span> <span class='ocrx_word' id='word_1_223' title='bbox 1047 789 1180 823; x_wconf 77' lang='lat' dir='ltr'><strong>conlerri,</strong></span> <span class='ocrx_word' id='word_1_224' title='bbox 1196 795 1225 818; x_wconf 91' lang='lat' dir='ltr'><strong>ut</strong></span> <span class='ocrx_word' id='word_1_225' title='bbox 1251 792 1443 826; x_wconf 88' lang='lat' dir='ltr'><strong>unusquisque</strong></span> <span class='ocrx_word' id='word_1_226' title='bbox 1465 795 1597 818; x_wconf 72' lang='lat' dir='ltr'><strong>aeternam</strong></span> <span class='ocrx_word' id='word_1_227' title='bbox 1616 791 1762 818; x_wconf 85' lang='lat' dir='ltr'><strong>beatitudi-</strong></span> 
     </span>
    </p>
   </div>
   <div class='ocr_carea' id='block_1_33' title="bbox 973 836 1761 872">
    <p class='ocr_par' dir='ltr' id='par_1_33' title="bbox 973 836 1761 872">
     <span class='ocr_line' id='line_1_33' title="bbox 973 836 1761 872; baseline 0 -9"><span class='ocrx_word' id='word_1_228' title='bbox 973 843 1035 863; x_wconf 84' lang='lat' dir='ltr'><strong>nem</strong></span> <span class='ocrx_word' id='word_1_229' title='bbox 1050 841 1247 872; x_wconf 86' lang='lat' dir='ltr'><strong>ceuscquatur.</strong></span> <span class='ocrx_word' id='word_1_230' title='bbox 1265 837 1346 865; x_wconf 85' lang='lat' dir='ltr'><strong>Tales</strong></span> <span class='ocrx_word' id='word_1_231' title='bbox 1369 845 1480 872; x_wconf 87' lang='lat' dir='ltr'><strong>quoque</strong></span> <span class='ocrx_word' id='word_1_232' title='bbox 1503 837 1576 872; x_wconf 76' lang='lat' dir='ltr'><strong>leges</strong></span> <span class='ocrx_word' id='word_1_233' title='bbox 1593 836 1646 864; x_wconf 88' lang='lat' dir='ltr'><strong>sub</strong></span> <span class='ocrx_word' id='word_1_234' title='bbox 1675 836 1761 864; x_wconf 86' lang='lat' dir='ltr'><strong>Paulo</strong></span> 
     </span>
    </p>
   </div>
   <div class='ocr_carea' id='block_1_34' title="bbox 129 877 921 923">
    <p class='ocr_par' dir='ltr' id='par_1_34' title="bbox 129 885 921 923">
     <span class='ocr_line' id='line_1_34' title="bbox 129 885 921 923; baseline -0.003 -8"><span class='ocrx_word' id='word_1_235' title='bbox 129 897 174 919; x_wconf 85' lang='grc' dir='ltr'><strong>τες</strong></span> <span class='ocrx_word' id='word_1_236' title='bbox 202 888 226 914; x_wconf 75' lang='grc' dir='ltr'>οἱ</span> <span class='ocrx_word' id='word_1_237' title='bbox 253 887 372 922; x_wconf 76' lang='grc' dir='ltr'>Χριστὸν</span> <span class='ocrx_word' id='word_1_238' title='bbox 412 885 626 922; x_wconf 69' lang='grc' dir='ltr'>ἐπικαλούμενοι</span> <span class='ocrx_word' id='word_1_239' title='bbox 658 887 783 922; x_wconf 80' lang='grc' dir='ltr'><strong>χαίρουσι</strong></span> <span class='ocrx_word' id='word_1_240' title='bbox 810 886 921 923; x_wconf 81' lang='grc' dir='ltr'>χρώμε-</span> 
     </span>
    </p>
   </div>
   <div class='ocr_carea' id='block_1_35' title="bbox 976 877 1759 923">
    <p class='ocr_par' dir='ltr' id='par_1_35' title="bbox 976 882 1759 918">
     <span class='ocr_line' id='line_1_35' title="bbox 976 882 1759 918; baseline 0.001 -9"><span class='ocrx_word' id='word_1_241' title='bbox 976 882 1036 910; x_wconf 87' lang='lat' dir='ltr'><strong>tulit</strong></span> <span class='ocrx_word' id='word_1_242' title='bbox 1048 883 1196 918; x_wconf 85' lang='lat' dir='ltr'><strong>Dionysius</strong></span> <span class='ocrx_word' id='word_1_243' title='bbox 1225 892 1298 912; x_wconf 87' lang='lat' dir='ltr'><strong>unus</strong></span> <span class='ocrx_word' id='word_1_244' title='bbox 1324 891 1357 911; x_wconf 79' lang='lat' dir='ltr'><strong>ex</strong></span> <span class='ocrx_word' id='word_1_245' title='bbox 1373 884 1611 917; x_wconf 79' lang='lat' dir='ltr'><strong>Atheniensibus,</strong></span> <span class='ocrx_word' id='word_1_246' title='bbox 1639 884 1692 912; x_wconf 86' lang='lat' dir='ltr'><strong>nisi</strong></span> <span class='ocrx_word' id='word_1_247' title='bbox 1717 883 1759 911; x_wconf 84' lang='lat' dir='ltr'><strong>di-</strong></span> 
     </span>
    </p>
   </div>
   <div class='ocr_carea' id='block_1_36' title="bbox 130 943 180 962">
    <p class='ocr_par' dir='ltr' id='par_1_36' title="bbox 130 943 180 962">
     <span class='ocr_line' id='line_1_36' title="bbox 130 943 180 962; baseline 0.02 -1"><span class='ocrx_word' id='word_1_248' title='bbox 130 943 180 962; x_wconf 85' lang='grc' dir='ltr'>νοι.</span> 
     </span>
    </p>
   </div>
   <div class='ocr_carea' id='block_1_37' title="bbox 165 1068 924 1108">
    <p class='ocr_par' dir='ltr' id='par_1_37' title="bbox 165 1068 924 1108">
     <span class='ocr_line' id='line_1_37' title="bbox 165 1068 924 1108; baseline 0.003 -13"><span class='ocrx_word' id='word_1_249' title='bbox 165 1068 257 1096; x_wconf 81' lang='grc' dir='ltr'>Ταῦτα</span> <span class='ocrx_word' id='word_1_250' title='bbox 277 1069 325 1105; x_wconf 81' lang='grc' dir='ltr'>τῆς</span> <span class='ocrx_word' id='word_1_251' title='bbox 343 1070 451 1098; x_wconf 87' lang='grc' dir='ltr'>Παύλου</span> <span class='ocrx_word' id='word_1_252' title='bbox 465 1072 624 1108; x_wconf 76' lang='grc' dir='ltr'>παρρησίας</span> <span class='ocrx_word' id='word_1_253' title='bbox 637 1071 705 1107; x_wconf 74' lang='grc' dir='ltr'>ὁμοῦ</span> <span class='ocrx_word' id='word_1_254' title='bbox 722 1071 769 1099; x_wconf 73' lang='grc' dir='ltr'>καὶ</span> <span class='ocrx_word' id='word_1_255' title='bbox 783 1071 877 1105; x_wconf 80' lang='grc' dir='ltr'>σοφίας</span> <span class='ocrx_word' id='word_1_256' title='bbox 889 1071 924 1097; x_wconf 78' lang='grc' dir='ltr'>τὰ</span> 
     </span>
    </p>
   </div>
   <div class='ocr_carea' id='block_1_38' title="bbox 129 1115 923 1153">
    <p class='ocr_par' dir='ltr' id='par_1_38' title="bbox 129 1115 923 1153">
     <span class='ocr_line' id='line_1_38' title="bbox 129 1115 923 1153; baseline 0.005 -12"><span class='ocrx_word' id='word_1_257' title='bbox 129 1115 354 1150; x_wconf 74' lang='grc' dir='ltr'>κατορθώματα.</span> <span class='ocrx_word' id='word_1_258' title='bbox 385 1118 498 1149; x_wconf 82' lang='grc' dir='ltr'>Τούτοις</span> <span class='ocrx_word' id='word_1_259' title='bbox 529 1118 722 1153; x_wconf 77' lang='grc' dir='ltr'>προσηγάγετο</span> <span class='ocrx_word' id='word_1_260' title='bbox 751 1117 923 1153; x_wconf 75' lang='grc' dir='ltr'>Ἀθηναίους.</span> 
     </span>
    </p>
   </div>
   <div class='ocr_carea' id='block_1_39' title="bbox 129 1161 921 1199">
    <p class='ocr_par' dir='ltr' id='par_1_39' title="bbox 129 1161 921 1199">
     <span class='ocr_line' id='line_1_39' title="bbox 129 1161 921 1199; baseline 0.001 -12"><span class='ocrx_word' id='word_1_261' title='bbox 129 1161 239 1188; x_wconf 84' lang='grc' dir='ltr'>Τούτων</span> <span class='ocrx_word' id='word_1_262' title='bbox 255 1162 324 1197; x_wconf 81' lang='grc' dir='ltr'>πρὸς</span> <span class='ocrx_word' id='word_1_263' title='bbox 338 1162 416 1195; x_wconf 80' lang='grc' dir='ltr'>ἀξίαν</span> <span class='ocrx_word' id='word_1_264' title='bbox 443 1163 524 1191; x_wconf 83' lang='grc' dir='ltr'>αὑτὸν</span> <span class='ocrx_word' id='word_1_265' title='bbox 551 1163 672 1198; x_wconf 73' lang='grc' dir='ltr'>ἄγασθαι</span> <span class='ocrx_word' id='word_1_266' title='bbox 700 1163 832 1199; x_wconf 77' lang='grc' dir='ltr'>βούλομαι</span> <span class='ocrx_word' id='word_1_267' title='bbox 861 1162 921 1195; x_wconf 76' lang='grc' dir='ltr'>μὲν,</span> 
     </span>
    </p>
   </div>
   <div class='ocr_carea' id='block_1_40' title="bbox 129 1208 923 1245">
    <p class='ocr_par' dir='ltr' id='par_1_40' title="bbox 129 1208 923 1245">
     <span class='ocr_line' id='line_1_40' title="bbox 129 1208 923 1245; baseline 0.003 -12"><span class='ocrx_word' id='word_1_268' title='bbox 129 1208 161 1234; x_wconf 81' lang='grc' dir='ltr'>οὐ</span> <span class='ocrx_word' id='word_1_269' title='bbox 177 1208 295 1244; x_wconf 81' lang='grc' dir='ltr'>δύναμαι</span> <span class='ocrx_word' id='word_1_270' title='bbox 309 1209 350 1236; x_wconf 77' lang='grc' dir='ltr'><strong>δέ.</strong></span> <span class='ocrx_word' id='word_1_271' title='bbox 366 1208 461 1236; x_wconf 79' lang='grc' dir='ltr'>Ταῦτα</span> <span class='ocrx_word' id='word_1_272' title='bbox 476 1209 527 1240; x_wconf 79' lang='grc' dir='ltr'><strong>τὰς</strong></span> <span class='ocrx_word' id='word_1_273' title='bbox 543 1209 692 1241; x_wconf 75' lang='grc' dir='ltr'>ἐπιϐουλὰς</span> <span class='ocrx_word' id='word_1_274' title='bbox 710 1209 784 1245; x_wconf 86' lang='grc' dir='ltr'><strong>αὑτῷ</strong></span> <span class='ocrx_word' id='word_1_275' title='bbox 799 1209 846 1236; x_wconf 75' lang='grc' dir='ltr'><strong>καὶ</strong></span> <span class='ocrx_word' id='word_1_276' title='bbox 859 1208 923 1239; x_wconf 81' lang='grc' dir='ltr'>τοὺς</span> 
     </span>
    </p>
   </div>
   <div class='ocr_carea' id='block_1_41' title="bbox 130 1251 921 1292">
    <p class='ocr_par' dir='ltr' id='par_1_41' title="bbox 130 1251 921 1292">
     <span class='ocr_line' id='line_1_41' title="bbox 130 1251 921 1292; baseline 0 -12"><span class='ocrx_word' id='word_1_277' title='bbox 130 1253 282 1288; x_wconf 80' lang='grc' dir='ltr'>κινδύνους,</span> <span class='ocrx_word' id='word_1_278' title='bbox 296 1254 338 1286; x_wconf 76' lang='grc' dir='ltr'><strong>είς</strong></span> <span class='ocrx_word' id='word_1_279' title='bbox 356 1254 429 1290; x_wconf 76' lang='grc' dir='ltr'>μέγα</span> <span class='ocrx_word' id='word_1_280' title='bbox 453 1256 588 1290; x_wconf 81' lang='grc' dir='ltr'>προῆγεν.</span> <span class='ocrx_word' id='word_1_281' title='bbox 605 1251 656 1282; x_wconf 83' lang='grc' dir='ltr'>Ὦν</span> <span class='ocrx_word' id='word_1_282' title='bbox 672 1257 727 1292; x_wconf 88' lang='grc' dir='ltr'>γὰρ</span> <span class='ocrx_word' id='word_1_283' title='bbox 747 1257 779 1282; x_wconf 82' lang='grc' dir='ltr'>ὲκ</span> <span class='ocrx_word' id='word_1_284' title='bbox 795 1254 921 1290; x_wconf 81' lang='grc' dir='ltr'>πατέρων</span> 
     </span>
    </p>
   </div>
   <div class='ocr_carea' id='block_1_42' title="bbox 130 1300 922 1336">
    <p class='ocr_par' dir='ltr' id='par_1_42' title="bbox 130 1300 922 1336">
     <span class='ocr_line' id='line_1_42' title="bbox 130 1300 922 1336; baseline 0.001 -10"><span class='ocrx_word' id='word_1_285' title='bbox 130 1301 170 1331; x_wconf 77' lang='grc' dir='ltr'>εἰς</span> <span class='ocrx_word' id='word_1_286' title='bbox 178 1300 276 1332; x_wconf 75' lang='grc' dir='ltr'>αὐτοὺς</span> <span class='ocrx_word' id='word_1_287' title='bbox 286 1300 462 1335; x_wconf 82' lang='grc' dir='ltr'>καθηκόντων</span> <span class='ocrx_word' id='word_1_288' title='bbox 472 1301 578 1333; x_wconf 82' lang='grc' dir='ltr'>Παῦλος</span> <span class='ocrx_word' id='word_1_289' title='bbox 589 1301 708 1335; x_wconf 76' lang='grc' dir='ltr'>ἀπάγειν</span> <span class='ocrx_word' id='word_1_290' title='bbox 717 1301 805 1336; x_wconf 75' lang='grc' dir='ltr'>ἠξίου,</span> <span class='ocrx_word' id='word_1_291' title='bbox 816 1302 922 1327; x_wconf 86' lang='grc' dir='ltr'>τούτων</span> 
     </span>
    </p>
   </div>
   <div class='ocr_carea' id='block_1_43' title="bbox 129 1345 923 1381">
    <p class='ocr_par' dir='ltr' id='par_1_43' title="bbox 129 1345 923 1381">
     <span class='ocr_line' id='line_1_43' title="bbox 129 1345 923 1381; baseline 0 -9"><span class='ocrx_word' id='word_1_292' title='bbox 129 1346 154 1372; x_wconf 76' lang='lat' dir='ltr'><strong>el</strong></span> <span class='ocrx_word' id='word_1_293' title='bbox 166 1345 270 1381; x_wconf 78' lang='grc' dir='ltr'>σφόδρα</span> <span class='ocrx_word' id='word_1_294' title='bbox 280 1345 326 1372; x_wconf 78' lang='grc' dir='ltr'>καὶ</span> <span class='ocrx_word' id='word_1_295' title='bbox 335 1346 381 1373; x_wconf 73' lang='grc' dir='ltr'><strong>ἐπὶ</strong></span> <span class='ocrx_word' id='word_1_296' title='bbox 390 1345 469 1381; x_wconf 83' lang='grc' dir='ltr'>κακῷ</span> <span class='ocrx_word' id='word_1_297' title='bbox 484 1346 535 1381; x_wconf 87' lang='grc' dir='ltr'>τῆς</span> <span class='ocrx_word' id='word_1_298' title='bbox 551 1346 629 1380; x_wconf 83' lang='grc' dir='ltr'>σφῶν</span> <span class='ocrx_word' id='word_1_299' title='bbox 643 1346 732 1373; x_wconf 84' lang='grc' dir='ltr'>αὐτῶν</span> <span class='ocrx_word' id='word_1_300' title='bbox 748 1345 868 1380; x_wconf 78' lang='grc' dir='ltr'>κεφαλῆς</span> <span class='ocrx_word' id='word_1_301' title='bbox 879 1354 923 1380; x_wconf 80' lang='grc' dir='ltr'>φι-</span> 
     </span>
    </p>
   </div>
   <div class='ocr_carea' id='block_1_44' title="bbox 130 1391 923 1427">
    <p class='ocr_par' dir='ltr' id='par_1_44' title="bbox 130 1391 923 1427">
     <span class='ocr_line' id='line_1_44' title="bbox 130 1391 923 1427; baseline 0.001 -10"><span class='ocrx_word' id='word_1_302' title='bbox 130 1391 279 1426; x_wconf 80' lang='grc' dir='ltr'>λοπάτορες</span> <span class='ocrx_word' id='word_1_303' title='bbox 293 1392 504 1427; x_wconf 77' lang='grc' dir='ltr'>προϊστάμενοι,</span> <span class='ocrx_word' id='word_1_304' title='bbox 530 1392 620 1419; x_wconf 86' lang='grc' dir='ltr'>πάντα</span> <span class='ocrx_word' id='word_1_305' title='bbox 636 1392 733 1418; x_wconf 84' lang='grc' dir='ltr'>παθεῖν</span> <span class='ocrx_word' id='word_1_306' title='bbox 758 1392 791 1418; x_wconf 85' lang='grc' dir='ltr'>ἂν</span> <span class='ocrx_word' id='word_1_307' title='bbox 821 1392 923 1426; x_wconf 84' lang='grc' dir='ltr'>μᾶλλον</span> 
     </span>
    </p>
   </div>
   <div class='ocr_carea' id='block_1_45' title="bbox 130 1436 923 1473">
    <p class='ocr_par' dir='ltr' id='par_1_45' title="bbox 130 1436 923 1473">
     <span class='ocr_line' id='line_1_45' title="bbox 130 1436 923 1473; baseline 0.003 -10"><span class='ocrx_word' id='word_1_308' title='bbox 130 1436 288 1472; x_wconf 71' lang='grc' dir='ltr'>ἠνέσχοντο,</span> <span class='ocrx_word' id='word_1_309' title='bbox 302 1436 319 1471; x_wconf 88' lang='grc' dir='ltr'>ἣ</span> <span class='ocrx_word' id='word_1_310' title='bbox 337 1436 444 1464; x_wconf 82' lang='grc' dir='ltr'>Παῦλον</span> <span class='ocrx_word' id='word_1_311' title='bbox 458 1437 525 1473; x_wconf 82' lang='grc' dir='ltr'>όρᾷν</span> <span class='ocrx_word' id='word_1_312' title='bbox 536 1437 629 1472; x_wconf 81' lang='grc' dir='ltr'><strong>ἀπαθῆ</strong></span> <span class='ocrx_word' id='word_1_313' title='bbox 649 1438 742 1464; x_wconf 79' lang='grc' dir='ltr'>κακῶν</span> <span class='ocrx_word' id='word_1_314' title='bbox 758 1438 792 1464; x_wconf 85' lang='grc' dir='ltr'>τὰ</span> <span class='ocrx_word' id='word_1_315' title='bbox 803 1437 923 1465; x_wconf 86' lang='grc' dir='ltr'>τοσαῦτα</span> 
     </span>
    </p>
   </div>
   <div class='ocr_carea' id='block_1_46' title="bbox 131 1483 923 1520">
    <p class='ocr_par' dir='ltr' id='par_1_46' title="bbox 131 1483 923 1520">
     <span class='ocr_line' id='line_1_46' title="bbox 131 1483 923 1520; baseline 0.003 -11"><span class='ocrx_word' id='word_1_316' title='bbox 131 1483 357 1517; x_wconf 83' lang='grc' dir='ltr'>καινοτομοῦντα.</span> <span class='ocrx_word' id='word_1_317' title='bbox 376 1483 408 1509; x_wconf 77' lang='lat' dir='ltr'><strong>Ol</strong></span> <span class='ocrx_word' id='word_1_318' title='bbox 424 1483 478 1518; x_wconf 79' lang='grc' dir='ltr'>γὰρ</span> <span class='ocrx_word' id='word_1_319' title='bbox 493 1484 562 1518; x_wconf 84' lang='grc' dir='ltr'>μηδὲ</span> <span class='ocrx_word' id='word_1_320' title='bbox 571 1483 619 1510; x_wconf 83' lang='grc' dir='ltr'><strong>τοῦ</strong></span> <span class='ocrx_word' id='word_1_321' title='bbox 636 1484 738 1510; x_wconf 83' lang='grc' dir='ltr'>οίκείου</span> <span class='ocrx_word' id='word_1_322' title='bbox 759 1485 923 1520; x_wconf 78' lang='grc' dir='ltr'>Σωκράτους</span> 
     </span>
    </p>
   </div>
   <div class='ocr_carea' id='block_1_47' title="bbox 974 927 1762 964">
    <p class='ocr_par' dir='ltr' id='par_1_47' title="bbox 974 927 1762 964">
     <span class='ocr_line' id='line_1_47' title="bbox 974 927 1762 964; baseline 0.004 -11"><span class='ocrx_word' id='word_1_323' title='bbox 974 933 1036 954; x_wconf 86' lang='lat' dir='ltr'><strong>cere</strong></span> <span class='ocrx_word' id='word_1_324' title='bbox 1060 927 1165 960; x_wconf 86' lang='lat' dir='ltr'><strong>lubeat,</strong></span> <span class='ocrx_word' id='word_1_325' title='bbox 1181 928 1295 955; x_wconf 86' lang='lat' dir='ltr'><strong>Paulum</strong></span> <span class='ocrx_word' id='word_1_326' title='bbox 1311 928 1356 956; x_wconf 88' lang='lat' dir='ltr'><strong>hic</strong></span> <span class='ocrx_word' id='word_1_327' title='bbox 1371 936 1480 964; x_wconf 88' lang='lat' dir='ltr'><strong>quoque</strong></span> <span class='ocrx_word' id='word_1_328' title='bbox 1504 929 1657 956; x_wconf 88' lang='lat' dir='ltr'><strong>ministerio</strong></span> <span class='ocrx_word' id='word_1_329' title='bbox 1680 928 1762 963; x_wconf 67' lang='lat' dir='ltr'><strong>huius</strong></span> 
     </span>
    </p>
   </div>
   <div class='ocr_carea' id='block_1_48' title="bbox 974 973 1762 1011">
    <p class='ocr_par' dir='ltr' id='par_1_48' title="bbox 974 973 1762 1011">
     <span class='ocr_line' id='line_1_48' title="bbox 974 973 1762 1011; baseline 0.004 -12"><span class='ocrx_word' id='word_1_330' title='bbox 974 973 1024 1000; x_wconf 89' lang='lat' dir='ltr'><strong>viri</strong></span> <span class='ocrx_word' id='word_1_331' title='bbox 1042 973 1141 1001; x_wconf 85' lang='lat' dir='ltr'><strong>tulisse</strong></span> <span class='ocrx_word' id='word_1_332' title='bbox 1151 974 1236 1009; x_wconf 77' lang='lat' dir='ltr'><strong>leges,</strong></span> <span class='ocrx_word' id='word_1_333' title='bbox 1252 975 1356 1010; x_wconf 83' lang='lat' dir='ltr'><strong>quibus</strong></span> <span class='ocrx_word' id='word_1_334' title='bbox 1367 983 1477 1009; x_wconf 86' lang='lat' dir='ltr'><strong>omnes,</strong></span> <span class='ocrx_word' id='word_1_335' title='bbox 1496 976 1544 1011; x_wconf 85' lang='lat' dir='ltr'><strong>qui</strong></span> <span class='ocrx_word' id='word_1_336' title='bbox 1562 975 1701 1004; x_wconf 89' lang='lat' dir='ltr'><strong>Christum</strong></span> <span class='ocrx_word' id='word_1_337' title='bbox 1718 975 1762 1002; x_wconf 88' lang='lat' dir='ltr'><strong>in-</strong></span> 
     </span>
    </p>
   </div>
   <div class='ocr_carea' id='block_1_49' title="bbox 974 1020 1417 1054">
    <p class='ocr_par' dir='ltr' id='par_1_49' title="bbox 974 1020 1417 1054">
     <span class='ocr_line' id='line_1_49' title="bbox 974 1020 1417 1054; baseline 0.009 -10"><span class='ocrx_word' id='word_1_338' title='bbox 974 1022 1084 1051; x_wconf 83' lang='lat' dir='ltr'><strong>vocant,</strong></span> <span class='ocrx_word' id='word_1_339' title='bbox 1098 1026 1160 1046; x_wconf 88' lang='lat' dir='ltr'><strong>cum</strong></span> <span class='ocrx_word' id='word_1_340' title='bbox 1176 1020 1275 1054; x_wconf 81' lang='lat' dir='ltr'><strong>gaudio</strong></span> <span class='ocrx_word' id='word_1_341' title='bbox 1293 1024 1417 1048; x_wconf 91' lang='lat' dir='ltr'><strong>utuntur.</strong></span> 
     </span>
    </p>
   </div>
   <div class='ocr_carea' id='block_1_50' title="bbox 1011 1065 1760 1104">
    <p class='ocr_par' dir='ltr' id='par_1_50' title="bbox 1011 1065 1760 1104">
     <span class='ocr_line' id='line_1_50' title="bbox 1011 1065 1760 1104; baseline 0.005 -12"><span class='ocrx_word' id='word_1_342' title='bbox 1011 1065 1074 1093; x_wconf 67' lang='lat' dir='ltr'><strong>llmc</strong></span> <span class='ocrx_word' id='word_1_343' title='bbox 1084 1066 1221 1094; x_wconf 87' lang='lat' dir='ltr'><strong>libertatis</strong></span> <span class='ocrx_word' id='word_1_344' title='bbox 1243 1071 1270 1094; x_wconf 89' lang='lat' dir='ltr'><strong>et</strong></span> <span class='ocrx_word' id='word_1_345' title='bbox 1300 1068 1452 1102; x_wconf 67' lang='lat' dir='ltr'><strong>sapientiae,</strong></span> <span class='ocrx_word' id='word_1_346' title='bbox 1469 1076 1523 1103; x_wconf 88' lang='lat' dir='ltr'><strong>qua</strong></span> <span class='ocrx_word' id='word_1_347' title='bbox 1541 1068 1644 1096; x_wconf 83' lang='lat' dir='ltr'><strong>Paulus</strong></span> <span class='ocrx_word' id='word_1_348' title='bbox 1660 1070 1760 1104; x_wconf 72' lang='lat' dir='ltr'><strong>praedi-</strong></span> 
     </span>
    </p>
   </div>
   <div class='ocr_carea' id='block_1_51' title="bbox 974 1113 1761 1147">
    <p class='ocr_par' dir='ltr' id='par_1_51' title="bbox 974 1113 1761 1147">
     <span class='ocr_line' id='line_1_51' title="bbox 974 1113 1761 1147; baseline 0.003 -8"><span class='ocrx_word' id='word_1_349' title='bbox 974 1117 1018 1139; x_wconf 88' lang='lat' dir='ltr'><strong>tus</strong></span> <span class='ocrx_word' id='word_1_350' title='bbox 1042 1117 1114 1144; x_wconf 84' lang='lat' dir='ltr'><strong>erat.</strong></span> <span class='ocrx_word' id='word_1_351' title='bbox 1142 1113 1272 1147; x_wconf 62' lang='lat' dir='ltr'><strong>praeclara</strong></span> <span class='ocrx_word' id='word_1_352' title='bbox 1293 1113 1359 1142; x_wconf 80' lang='lat' dir='ltr'><strong>sunt</strong></span> <span class='ocrx_word' id='word_1_353' title='bbox 1375 1113 1510 1141; x_wconf 78' lang='lat' dir='ltr'><strong>facinora.</strong></span> <span class='ocrx_word' id='word_1_354' title='bbox 1538 1114 1622 1142; x_wconf 83' lang='lat' dir='ltr'><strong>Hisce</strong></span> <span class='ocrx_word' id='word_1_355' title='bbox 1645 1115 1761 1142; x_wconf 83' lang='lat' dir='ltr'><strong>attraxit</strong></span> 
     </span>
    </p>
   </div>
   <div class='ocr_carea' id='block_1_52' title="bbox 973 1158 1761 1200">
    <p class='ocr_par' dir='ltr' id='par_1_52' title="bbox 973 1158 1761 1200">
     <span class='ocr_line' id='line_1_52' title="bbox 973 1158 1761 1200; baseline 0.005 -15"><span class='ocrx_word' id='word_1_356' title='bbox 973 1158 1167 1187; x_wconf 82' lang='lat' dir='ltr'><strong>Athenienses.</strong></span> <span class='ocrx_word' id='word_1_357' title='bbox 1184 1159 1288 1200; x_wconf 52' lang='lat' dir='ltr'><strong>{lorum</strong></span> <span class='ocrx_word' id='word_1_358' title='bbox 1312 1160 1400 1195; x_wconf 74' lang='lat' dir='ltr'><strong>gratia</strong></span> <span class='ocrx_word' id='word_1_359' title='bbox 1417 1167 1468 1195; x_wconf 90' lang='lat' dir='ltr'><strong>pro</strong></span> <span class='ocrx_word' id='word_1_360' title='bbox 1495 1161 1599 1188; x_wconf 88' lang='lat' dir='ltr'><strong>meritis</strong></span> <span class='ocrx_word' id='word_1_361' title='bbox 1618 1168 1681 1188; x_wconf 89' lang='lat' dir='ltr'><strong>eum</strong></span> <span class='ocrx_word' id='word_1_362' title='bbox 1714 1168 1761 1189; x_wconf 90' lang='lat' dir='ltr'><strong>su-</strong></span> 
     </span>
    </p>
   </div>
   <div class='ocr_carea' id='block_1_53' title="bbox 974 1205 1760 1242">
    <p class='ocr_par' dir='ltr' id='par_1_53' title="bbox 974 1205 1760 1242">
     <span class='ocr_line' id='line_1_53' title="bbox 974 1205 1760 1242; baseline 0.004 -11"><span class='ocrx_word' id='word_1_363' title='bbox 974 1205 1080 1239; x_wconf 82' lang='lat' dir='ltr'><strong>spicere</strong></span> <span class='ocrx_word' id='word_1_364' title='bbox 1089 1210 1116 1232; x_wconf 92' lang='lat' dir='ltr'><strong>et</strong></span> <span class='ocrx_word' id='word_1_365' title='bbox 1128 1205 1258 1233; x_wconf 83' lang='lat' dir='ltr'><strong>admirari</strong></span> <span class='ocrx_word' id='word_1_366' title='bbox 1272 1205 1343 1239; x_wconf 90' lang='lat' dir='ltr'><strong>volo,</strong></span> <span class='ocrx_word' id='word_1_367' title='bbox 1359 1206 1408 1234; x_wconf 87' lang='lat' dir='ltr'><strong>sed</strong></span> <span class='ocrx_word' id='word_1_368' title='bbox 1422 1213 1476 1233; x_wconf 93' lang='lat' dir='ltr'><strong>non</strong></span> <span class='ocrx_word' id='word_1_369' title='bbox 1488 1214 1613 1242; x_wconf 73' lang='lat' dir='ltr'><strong>possunt.</strong></span> <span class='ocrx_word' id='word_1_370' title='bbox 1626 1207 1690 1235; x_wconf 79' lang='lat' dir='ltr'><strong>Haec</strong></span> <span class='ocrx_word' id='word_1_371' title='bbox 1699 1207 1760 1236; x_wconf 68' lang='lat' dir='ltr'><strong>insi.</strong></span> 
     </span>
    </p>
   </div>
   <div class='ocr_carea' id='block_1_54' title="bbox 975 1250 1761 1287">
    <p class='ocr_par' dir='ltr' id='par_1_54' title="bbox 975 1250 1761 1287">
     <span class='ocr_line' id='line_1_54' title="bbox 975 1250 1761 1287; baseline 0.005 -10"><span class='ocrx_word' id='word_1_372' title='bbox 975 1251 1033 1278; x_wconf 85' lang='lat' dir='ltr'><strong>dias</strong></span> <span class='ocrx_word' id='word_1_373' title='bbox 1047 1255 1074 1278; x_wconf 92' lang='lat' dir='ltr'><strong>et</strong></span> <span class='ocrx_word' id='word_1_374' title='bbox 1091 1251 1214 1285; x_wconf 83' lang='lat' dir='ltr'><strong>pericula</strong></span> <span class='ocrx_word' id='word_1_375' title='bbox 1233 1250 1319 1278; x_wconf 85' lang='lat' dir='ltr'><strong>Paulo</strong></span> <span class='ocrx_word' id='word_1_376' title='bbox 1336 1251 1516 1279; x_wconf 89' lang='lat' dir='ltr'><strong>vehementer</strong></span> <span class='ocrx_word' id='word_1_377' title='bbox 1529 1258 1681 1287; x_wconf 85' lang='lat' dir='ltr'><strong>auxerunt;</strong></span> <span class='ocrx_word' id='word_1_378' title='bbox 1699 1262 1761 1281; x_wconf 89' lang='lat' dir='ltr'><strong>cum</strong></span> 
     </span>
    </p>
   </div>
   <div class='ocr_carea' id='block_1_55' title="bbox 974 1295 1762 1332">
    <p class='ocr_par' dir='ltr' id='par_1_55' title="bbox 974 1295 1762 1332">
     <span class='ocr_line' id='line_1_55' title="bbox 974 1295 1762 1332; baseline 0.008 -10"><span class='ocrx_word' id='word_1_379' title='bbox 974 1296 1046 1322; x_wconf 90' lang='lat' dir='ltr'><strong>enim</strong></span> <span class='ocrx_word' id='word_1_380' title='bbox 1058 1295 1161 1325; x_wconf 83' lang='lat' dir='ltr'><strong>Paulus</strong></span> <span class='ocrx_word' id='word_1_381' title='bbox 1178 1296 1241 1325; x_wconf 89' lang='lat' dir='ltr'><strong>illos</strong></span> <span class='ocrx_word' id='word_1_382' title='bbox 1257 1303 1272 1324; x_wconf 87' lang='lat' dir='ltr'><strong>a</strong></span> <span class='ocrx_word' id='word_1_383' title='bbox 1302 1298 1427 1332; x_wconf 85' lang='lat' dir='ltr'><strong>paternis</strong></span> <span class='ocrx_word' id='word_1_384' title='bbox 1457 1299 1651 1328; x_wconf 81' lang='lat' dir='ltr'><strong>traditionibus</strong></span> <span class='ocrx_word' id='word_1_385' title='bbox 1676 1301 1762 1328; x_wconf 81' lang='lat' dir='ltr'><strong>abdu-</strong></span> 
     </span>
    </p>
   </div>
   <div class='ocr_carea' id='block_1_56' title="bbox 973 1343 1760 1382">
    <p class='ocr_par' dir='ltr' id='par_1_56' title="bbox 973 1343 1760 1382">
     <span class='ocr_line' id='line_1_56' title="bbox 973 1343 1760 1382; baseline 0.008 -14"><span class='ocrx_word' id='word_1_386' title='bbox 973 1349 1036 1369; x_wconf 83' lang='lat' dir='ltr'><strong>cere</strong></span> <span class='ocrx_word' id='word_1_387' title='bbox 1060 1347 1218 1376; x_wconf 79' lang='lat' dir='ltr'><strong>conaretur,</strong></span> <span class='ocrx_word' id='word_1_388' title='bbox 1253 1343 1305 1377; x_wconf 88' lang='lat' dir='ltr'><strong>ipsi</strong></span> <span class='ocrx_word' id='word_1_389' title='bbox 1338 1351 1403 1371; x_wconf 85' lang='lat' dir='ltr'><strong>vero</strong></span> <span class='ocrx_word' id='word_1_390' title='bbox 1431 1349 1538 1379; x_wconf 84' lang='lat' dir='ltr'><strong>patrum</strong></span> <span class='ocrx_word' id='word_1_391' title='bbox 1568 1345 1595 1373; x_wconf 91' lang='lat' dir='ltr'><strong>in</strong></span> <span class='ocrx_word' id='word_1_392' title='bbox 1622 1347 1760 1382; x_wconf 84' lang='lat' dir='ltr'><strong>propriam</strong></span> 
     </span>
    </p>
   </div>
   <div class='ocr_carea' id='block_1_57' title="bbox 975 1388 1764 1425">
    <p class='ocr_par' dir='ltr' id='par_1_57' title="bbox 975 1388 1764 1425">
     <span class='ocr_line' id='line_1_57' title="bbox 975 1388 1764 1425; baseline 0.006 -10"><span class='ocrx_word' id='word_1_393' title='bbox 975 1388 1123 1423; x_wconf 87' lang='lat' dir='ltr'><strong>perniciem</strong></span> <span class='ocrx_word' id='word_1_394' title='bbox 1140 1389 1224 1417; x_wconf 92' lang='lat' dir='ltr'><strong>nimis</strong></span> <span class='ocrx_word' id='word_1_395' title='bbox 1241 1395 1366 1418; x_wconf 86' lang='lat' dir='ltr'><strong>amantes</strong></span> <span class='ocrx_word' id='word_1_396' title='bbox 1380 1398 1412 1417; x_wconf 91' lang='lat' dir='ltr'><strong>ac</strong></span> <span class='ocrx_word' id='word_1_397' title='bbox 1429 1391 1544 1419; x_wconf 87' lang='lat' dir='ltr'><strong>studiosi</strong></span> <span class='ocrx_word' id='word_1_398' title='bbox 1559 1397 1652 1420; x_wconf 87' lang='lat' dir='ltr'><strong>essent</strong></span> <span class='ocrx_word' id='word_1_399' title='bbox 1665 1412 1672 1425; x_wconf 94' lang='lat'><strong>,</strong></span> <span class='ocrx_word' id='word_1_400' title='bbox 1701 1401 1764 1420; x_wconf 86' lang='lat' dir='ltr'><strong>om-</strong></span> 
     </span>
    </p>
   </div>
   <div class='ocr_carea' id='block_1_58' title="bbox 973 1435 1761 1473">
    <p class='ocr_par' dir='ltr' id='par_1_58' title="bbox 973 1435 1761 1473">
     <span class='ocr_line' id='line_1_58' title="bbox 973 1435 1761 1473; baseline 0.006 -10"><span class='ocrx_word' id='word_1_401' title='bbox 973 1435 1019 1463; x_wconf 80' lang='lat' dir='ltr'><strong>nia</strong></span> <span class='ocrx_word' id='word_1_402' title='bbox 1037 1436 1129 1471; x_wconf 82' lang='lat' dir='ltr'><strong>potius</strong></span> <span class='ocrx_word' id='word_1_403' title='bbox 1153 1436 1209 1472; x_wconf 90' lang='lat' dir='ltr'><strong>pati</strong></span> <span class='ocrx_word' id='word_1_404' title='bbox 1230 1437 1388 1470; x_wconf 86' lang='lat' dir='ltr'><strong>voluerunt,</strong></span> <span class='ocrx_word' id='word_1_405' title='bbox 1410 1445 1494 1473; x_wconf 90' lang='lat' dir='ltr'><strong>quam</strong></span> <span class='ocrx_word' id='word_1_406' title='bbox 1508 1442 1537 1466; x_wconf 93' lang='lat' dir='ltr'><strong>ut</strong></span> <span class='ocrx_word' id='word_1_407' title='bbox 1562 1438 1676 1467; x_wconf 85' lang='lat' dir='ltr'><strong>Paulum</strong></span> <span class='ocrx_word' id='word_1_408' title='bbox 1697 1440 1761 1468; x_wconf 78' lang='lat' dir='ltr'><strong>talia</strong></span> 
     </span>
    </p>
   </div>
   <div class='ocr_carea' id='block_1_59' title="bbox 975 1483 1763 1519">
    <p class='ocr_par' dir='ltr' id='par_1_59' title="bbox 975 1483 1763 1519">
     <span class='ocr_line' id='line_1_59' title="bbox 975 1483 1763 1519; baseline 0.006 -10"><span class='ocrx_word' id='word_1_409' title='bbox 975 1483 1151 1510; x_wconf 86' lang='lat' dir='ltr'><strong>innovantem</strong></span> <span class='ocrx_word' id='word_1_410' title='bbox 1169 1483 1232 1510; x_wconf 89' lang='lat' dir='ltr'><strong>mali</strong></span> <span class='ocrx_word' id='word_1_411' title='bbox 1246 1491 1489 1519; x_wconf 72' lang='lat' dir='ltr'><strong>terumnarumque</strong></span> <span class='ocrx_word' id='word_1_412' title='bbox 1516 1490 1655 1519; x_wconf 85' lang='lat' dir='ltr'><strong>expertem</strong></span> <span class='ocrx_word' id='word_1_413' title='bbox 1672 1487 1763 1514; x_wconf 88' lang='lat' dir='ltr'><strong>vivere</strong></span> 
     </span>
    </p>
   </div>
   <div class='ocr_carea' id='block_1_60' title="bbox 131 1528 921 1579">
    <p class='ocr_par' dir='ltr' id='par_1_60' title="bbox 131 1529 921 1566">
     <span class='ocr_line' id='line_1_60' title="bbox 131 1529 921 1566; baseline 0.003 -11"><span class='ocrx_word' id='word_1_414' title='bbox 131 1529 304 1564; x_wconf 80' lang='grc' dir='ltr'>φεισάμενοι,</span> <span class='ocrx_word' id='word_1_415' title='bbox 321 1529 379 1556; x_wconf 80' lang='grc' dir='ltr'>ἀλλ’</span> <span class='ocrx_word' id='word_1_416' title='bbox 395 1529 466 1556; x_wconf 78' lang='grc' dir='ltr'>οὕτω</span> <span class='ocrx_word' id='word_1_417' title='bbox 480 1530 630 1564; x_wconf 77' lang='grc' dir='ltr'>προθύμως</span> <span class='ocrx_word' id='word_1_418' title='bbox 650 1531 680 1557; x_wconf 83' lang='grc' dir='ltr'>τὸ</span> <span class='ocrx_word' id='word_1_419' title='bbox 695 1530 808 1557; x_wconf 79' lang='grc' dir='ltr'>κώνειον</span> <span class='ocrx_word' id='word_1_420' title='bbox 822 1531 863 1565; x_wconf 84' lang='grc' dir='ltr'>τῷ</span> <span class='ocrx_word' id='word_1_421' title='bbox 877 1531 921 1566; x_wconf 77' lang='grc' dir='ltr'><strong>γέ-</strong></span> 
     </span>
    </p>
   </div>
   <div class='ocr_carea' id='block_1_61' title="bbox 976 1528 1762 1579">
    <p class='ocr_par' dir='ltr' id='par_1_61' title="bbox 976 1528 1762 1567">
     <span class='ocr_line' id='line_1_61' title="bbox 976 1528 1762 1567; baseline 0.008 -13"><span class='ocrx_word' id='word_1_422' title='bbox 976 1533 1150 1562; x_wconf 82' lang='lat' dir='ltr'><strong>paterentur;</strong></span> <span class='ocrx_word' id='word_1_423' title='bbox 1169 1528 1215 1564; x_wconf 87' lang='lat' dir='ltr'><strong>qui</strong></span> <span class='ocrx_word' id='word_1_424' title='bbox 1229 1529 1302 1556; x_wconf 92' lang='lat' dir='ltr'><strong>cnim</strong></span> <span class='ocrx_word' id='word_1_425' title='bbox 1317 1537 1405 1564; x_wconf 89' lang='lat' dir='ltr'><strong>neque</strong></span> <span class='ocrx_word' id='word_1_426' title='bbox 1416 1530 1470 1557; x_wconf 91' lang='lat' dir='ltr'><strong>civi</strong></span> <span class='ocrx_word' id='word_1_427' title='bbox 1485 1537 1536 1558; x_wconf 92' lang='lat' dir='ltr'><strong>suo</strong></span> <span class='ocrx_word' id='word_1_428' title='bbox 1549 1530 1654 1559; x_wconf 82' lang='lat' dir='ltr'><strong>Socrati</strong></span> <span class='ocrx_word' id='word_1_429' title='bbox 1667 1540 1762 1567; x_wconf 85' lang='lat' dir='ltr'><strong>peper-</strong></span> 
     </span>
    </p>
   </div>
   <div class='ocr_carea' id='block_1_62' title="bbox 132 1575 921 1612">
    <p class='ocr_par' dir='ltr' id='par_1_62' title="bbox 132 1575 921 1612">
     <span class='ocr_line' id='line_1_62' title="bbox 132 1575 921 1612; baseline 0.003 -10"><span class='ocrx_word' id='word_1_430' title='bbox 132 1584 206 1611; x_wconf 81' lang='grc' dir='ltr'>ρονῖι</span> <span class='ocrx_word' id='word_1_431' title='bbox 230 1576 278 1602; x_wconf 71' lang='grc' dir='ltr'>καὶ</span> <span class='ocrx_word' id='word_1_432' title='bbox 301 1576 439 1610; x_wconf 73' lang='grc' dir='ltr'>φιλοσόφῳ</span> <span class='ocrx_word' id='word_1_433' title='bbox 466 1575 674 1611; x_wconf 78' lang='grc' dir='ltr'>προτείναντες,</span> <span class='ocrx_word' id='word_1_434' title='bbox 702 1576 797 1612; x_wconf 81' lang='grc' dir='ltr'>ὥσπερ</span> <span class='ocrx_word' id='word_1_435' title='bbox 831 1577 864 1604; x_wconf 80' lang='grc' dir='ltr'>ἂν</span> <span class='ocrx_word' id='word_1_436' title='bbox 878 1578 921 1612; x_wconf 78' lang='grc' dir='ltr'>εἴη</span> 
     </span>
    </p>
   </div>
   <div class='ocr_carea' id='block_1_63' title="bbox 130 1621 922 1658">
    <p class='ocr_par' dir='ltr' id='par_1_63' title="bbox 130 1621 922 1658">
     <span class='ocr_line' id='line_1_63' title="bbox 130 1621 922 1658; baseline 0.001 -9"><span class='ocrx_word' id='word_1_437' title='bbox 130 1623 243 1657; x_wconf 83' lang='grc' dir='ltr'>νέκταρ,</span> <span class='ocrx_word' id='word_1_438' title='bbox 261 1621 339 1648; x_wconf 79' lang='grc' dir='ltr'>αὐτοὶ</span> <span class='ocrx_word' id='word_1_439' title='bbox 353 1621 442 1648; x_wconf 87' lang='grc' dir='ltr'>πίνειν</span> <span class='ocrx_word' id='word_1_440' title='bbox 466 1621 590 1656; x_wconf 76' lang='grc' dir='ltr'>ἔμελλον,</span> <span class='ocrx_word' id='word_1_441' title='bbox 609 1623 642 1649; x_wconf 81' lang='lat'><strong>&#39;0</strong></span> <span class='ocrx_word' id='word_1_442' title='bbox 657 1622 689 1657; x_wconf 82' lang='grc' dir='ltr'><strong>δὴ</strong></span> <span class='ocrx_word' id='word_1_443' title='bbox 716 1623 828 1657; x_wconf 81' lang='grc' dir='ltr'>ποιηταὶ</span> <span class='ocrx_word' id='word_1_444' title='bbox 846 1624 922 1658; x_wconf 82' lang='grc' dir='ltr'>πόμα</span> 
     </span>
    </p>
   </div>
   <div class='ocr_carea' id='block_1_64' title="bbox 132 1666 921 1704">
    <p class='ocr_par' dir='ltr' id='par_1_64' title="bbox 132 1666 921 1704">
     <span class='ocr_line' id='line_1_64' title="bbox 132 1666 921 1704; baseline 0.003 -11"><span class='ocrx_word' id='word_1_445' title='bbox 132 1668 203 1698; x_wconf 72' lang='grc' dir='ltr'>θεοῖς</span> <span class='ocrx_word' id='word_1_446' title='bbox 216 1667 361 1701; x_wconf 77' lang='grc' dir='ltr'>ἐκέρασαν,</span> <span class='ocrx_word' id='word_1_447' title='bbox 380 1666 463 1702; x_wconf 80' lang='grc' dir='ltr'>σχολῇ</span> <span class='ocrx_word' id='word_1_448' title='bbox 479 1667 506 1701; x_wconf 81' lang='grc' dir='ltr'>γ’</span> <span class='ocrx_word' id='word_1_449' title='bbox 536 1667 571 1694; x_wconf 83' lang='grc' dir='ltr'>ἂν</span> <span class='ocrx_word' id='word_1_450' title='bbox 592 1666 632 1703; x_wconf 85' lang='grc' dir='ltr'><strong>τῷ</strong></span> <span class='ocrx_word' id='word_1_451' title='bbox 648 1668 681 1694; x_wconf 84' lang='grc' dir='ltr'>ὲκ</span> <span class='ocrx_word' id='word_1_452' title='bbox 705 1668 890 1704; x_wconf 73' lang='grc' dir='ltr'>Παλαιστίνης</span> <span class='ocrx_word' id='word_1_453' title='bbox 905 1668 921 1704; x_wconf 71' lang='grc' dir='ltr'>ἦ</span> 
     </span>
    </p>
   </div>
   <div class='ocr_carea' id='block_1_65' title="bbox 132 1711 922 1749">
    <p class='ocr_par' dir='ltr' id='par_1_65' title="bbox 132 1711 922 1749">
     <span class='ocr_line' id='line_1_65' title="bbox 132 1711 922 1749; baseline 0.003 -11"><span class='ocrx_word' id='word_1_454' title='bbox 132 1713 259 1744; x_wconf 75' lang='grc' dir='ltr'>Κιλικίας</span> <span class='ocrx_word' id='word_1_455' title='bbox 275 1713 357 1739; x_wconf 83' lang='grc' dir='ltr'>ποθὲν</span> <span class='ocrx_word' id='word_1_456' title='bbox 371 1713 467 1748; x_wconf 71' lang='grc' dir='ltr'>ἥκοντι</span> <span class='ocrx_word' id='word_1_457' title='bbox 485 1712 535 1739; x_wconf 84' lang='grc' dir='ltr'>οὐκ</span> <span class='ocrx_word' id='word_1_458' title='bbox 559 1713 738 1749; x_wconf 78' lang='grc' dir='ltr'>ἀπαραίτητα</span> <span class='ocrx_word' id='word_1_459' title='bbox 756 1711 830 1748; x_wconf 85' lang='grc' dir='ltr'>εἶχον</span> <span class='ocrx_word' id='word_1_460' title='bbox 847 1714 922 1749; x_wconf 83' lang='grc' dir='ltr'>ὀργί-</span> 
     </span>
    </p>
   </div>
   <div class='ocr_carea' id='block_1_66' title="bbox 131 1759 921 1795">
    <p class='ocr_par' dir='ltr' id='par_1_66' title="bbox 131 1759 921 1795">
     <span class='ocr_line' id='line_1_66' title="bbox 131 1759 921 1795; baseline 0.001 -10"><span class='ocrx_word' id='word_1_461' title='bbox 131 1759 237 1790; x_wconf 82' lang='grc' dir='ltr'>ζεσθαι.</span> <span class='ocrx_word' id='word_1_462' title='bbox 251 1759 347 1785; x_wconf 82' lang='grc' dir='ltr'>Καίτοι</span> <span class='ocrx_word' id='word_1_463' title='bbox 373 1759 523 1793; x_wconf 82' lang='grc' dir='ltr'>Σωκράτης</span> <span class='ocrx_word' id='word_1_464' title='bbox 543 1759 636 1785; x_wconf 75' lang='grc' dir='ltr'>λαϐὼν</span> <span class='ocrx_word' id='word_1_465' title='bbox 662 1759 764 1792; x_wconf 72' lang='grc' dir='ltr'>αἰτίαν,</span> <span class='ocrx_word' id='word_1_466' title='bbox 779 1760 842 1792; x_wconf 79' lang='grc' dir='ltr'>τοὺς</span> <span class='ocrx_word' id='word_1_467' title='bbox 871 1761 921 1795; x_wconf 79' lang='grc' dir='ltr'>μὲν</span> 
     </span>
    </p>
   </div>
   <div class='ocr_carea' id='block_1_67' title="bbox 131 1803 920 1840">
    <p class='ocr_par' dir='ltr' id='par_1_67' title="bbox 131 1803 920 1840">
     <span class='ocr_line' id='line_1_67' title="bbox 131 1803 920 1840; baseline 0.001 -9"><span class='ocrx_word' id='word_1_468' title='bbox 131 1805 327 1839; x_wconf 68' lang='grc' dir='ltr'>νομιζομένους</span> <span class='ocrx_word' id='word_1_469' title='bbox 341 1804 419 1836; x_wconf 82' lang='grc' dir='ltr'>θεοὺς</span> <span class='ocrx_word' id='word_1_470' title='bbox 440 1805 526 1839; x_wconf 84' lang='grc' dir='ltr'>μηδὲν</span> <span class='ocrx_word' id='word_1_471' title='bbox 544 1803 615 1831; x_wconf 83' lang='grc' dir='ltr'>εἶναι</span> <span class='ocrx_word' id='word_1_472' title='bbox 643 1804 745 1839; x_wconf 82' lang='grc' dir='ltr'>λέγειν,</span> <span class='ocrx_word' id='word_1_473' title='bbox 773 1806 884 1840; x_wconf 70' lang='grc' dir='ltr'>ἑτέρους</span> <span class='ocrx_word' id='word_1_474' title='bbox 899 1807 920 1832; x_wconf 80' lang='grc' dir='ltr'><strong>δ’</strong></span> 
     </span>
    </p>
   </div>
   <div class='ocr_carea' id='block_1_68' title="bbox 131 1850 922 1886">
    <p class='ocr_par' dir='ltr' id='par_1_68' title="bbox 131 1850 922 1886">
     <span class='ocr_line' id='line_1_68' title="bbox 131 1850 922 1886; baseline 0.001 -9"><span class='ocrx_word' id='word_1_475' title='bbox 131 1851 190 1878; x_wconf 80' lang='grc' dir='ltr'>ἀντ’</span> <span class='ocrx_word' id='word_1_476' title='bbox 205 1852 319 1878; x_wconf 67' lang='grc' dir='ltr'>ἐκείνων</span> <span class='ocrx_word' id='word_1_477' title='bbox 345 1851 478 1885; x_wconf 81' lang='grc' dir='ltr'>είσὰγειν,</span> <span class='ocrx_word' id='word_1_478' title='bbox 495 1850 558 1877; x_wconf 71' lang='grc' dir='ltr'>οὔτε</span> <span class='ocrx_word' id='word_1_479' title='bbox 574 1852 699 1878; x_wconf 78' lang='grc' dir='ltr'>συνεῖπεν</span> <span class='ocrx_word' id='word_1_480' title='bbox 721 1851 840 1886; x_wconf 76' lang='grc' dir='ltr'>οὐδαμοῦ</span> <span class='ocrx_word' id='word_1_481' title='bbox 865 1853 922 1884; x_wconf 83' lang='grc' dir='ltr'>τοῖς</span> 
     </span>
    </p>
   </div>
   <div class='ocr_carea' id='block_1_69' title="bbox 132 1897 920 1933">
    <p class='ocr_par' dir='ltr' id='par_1_69' title="bbox 132 1897 920 1933">
     <span class='ocr_line' id='line_1_69' title="bbox 132 1897 920 1933; baseline 0.005 -12"><span class='ocrx_word' id='word_1_482' title='bbox 132 1897 342 1932; x_wconf 65' lang='grc' dir='ltr'>γατηγοροῦσιν,</span> <span class='ocrx_word' id='word_1_483' title='bbox 356 1897 413 1924; x_wconf 77' lang='grc' dir='ltr'>οὗθ’</span> <span class='ocrx_word' id='word_1_484' title='bbox 428 1897 559 1933; x_wconf 79' lang='grc' dir='ltr'>ὡςάληθῆ</span> <span class='ocrx_word' id='word_1_485' title='bbox 570 1897 705 1931; x_wconf 84' lang='grc' dir='ltr'>λεγόντων</span> <span class='ocrx_word' id='word_1_486' title='bbox 715 1898 920 1933; x_wconf 74' lang='grc' dir='ltr'>ἐπεσημήνατο.</span> 
     </span>
    </p>
   </div>
   <div class='ocr_carea' id='block_1_70' title="bbox 132 1942 922 1978">
    <p class='ocr_par' dir='ltr' id='par_1_70' title="bbox 132 1942 922 1978">
     <span class='ocr_line' id='line_1_70' title="bbox 132 1942 922 1978; baseline 0 -8"><span class='ocrx_word' id='word_1_487' title='bbox 132 1944 238 1974; x_wconf 77' lang='grc' dir='ltr'>Παῦλος</span> <span class='ocrx_word' id='word_1_488' title='bbox 255 1944 294 1975; x_wconf 73' lang='grc' dir='ltr'><strong>δὲ,</strong></span> <span class='ocrx_word' id='word_1_489' title='bbox 322 1944 349 1970; x_wconf 82' lang='grc' dir='ltr'><strong>εί</strong></span> <span class='ocrx_word' id='word_1_490' title='bbox 377 1952 405 1969; x_wconf 82' lang='grc' dir='ltr'><strong>τι</strong></span> <span class='ocrx_word' id='word_1_491' title='bbox 433 1942 513 1970; x_wconf 81' lang='grc' dir='ltr'>τοῦτο</span> <span class='ocrx_word' id='word_1_492' title='bbox 541 1943 609 1978; x_wconf 69' lang='grc' dir='ltr'>πρὶς</span> <span class='ocrx_word' id='word_1_493' title='bbox 636 1943 806 1978; x_wconf 78' lang='grc' dir='ltr'>κατηγορίαν</span> <span class='ocrx_word' id='word_1_494' title='bbox 831 1944 922 1970; x_wconf 73' lang='grc' dir='ltr'>ἓλκειν</span> 
     </span>
    </p>
   </div>
   <div class='ocr_carea' id='block_1_71' title="bbox 132 1987 922 2024">
    <p class='ocr_par' dir='ltr' id='par_1_71' title="bbox 132 1987 922 2024">
     <span class='ocr_line' id='line_1_71' title="bbox 132 1987 922 2024; baseline 0.004 -10"><span class='ocrx_word' id='word_1_495' title='bbox 132 1987 231 2023; x_wconf 75' lang='grc' dir='ltr'>χρεὼν,</span> <span class='ocrx_word' id='word_1_496' title='bbox 257 1992 411 2024; x_wconf 74' lang='grc' dir='ltr'>κατήγορος</span> <span class='ocrx_word' id='word_1_497' title='bbox 440 1987 538 2016; x_wconf 78' lang='grc' dir='ltr'>ἑαυτοῦ</span> <span class='ocrx_word' id='word_1_498' title='bbox 565 1988 728 2023; x_wconf 86' lang='grc' dir='ltr'>διαπρύσιος</span> <span class='ocrx_word' id='word_1_499' title='bbox 757 1990 786 2015; x_wconf 78' lang='grc' dir='ltr'>ἐν</span> <span class='ocrx_word' id='word_1_500' title='bbox 816 1991 922 2022; x_wconf 84' lang='grc' dir='ltr'>τούτοις</span> 
     </span>
    </p>
   </div>
   <div class='ocr_carea' id='block_1_72' title="bbox 132 2033 921 2070">
    <p class='ocr_par' dir='ltr' id='par_1_72' title="bbox 132 2033 921 2070">
     <span class='ocr_line' id='line_1_72' title="bbox 132 2033 921 2070; baseline 0.004 -11"><span class='ocrx_word' id='word_1_501' title='bbox 132 2034 292 2068; x_wconf 78' lang='grc' dir='ltr'>εἰσήρχετο,</span> <span class='ocrx_word' id='word_1_502' title='bbox 313 2034 362 2060; x_wconf 80' lang='grc' dir='ltr'>καὶ</span> <span class='ocrx_word' id='word_1_503' title='bbox 389 2034 442 2060; x_wconf 82' lang='grc' dir='ltr'>τῶν</span> <span class='ocrx_word' id='word_1_504' title='bbox 471 2033 571 2065; x_wconf 71' lang='grc' dir='ltr'>ἔξωθεν</span> <span class='ocrx_word' id='word_1_505' title='bbox 594 2033 675 2060; x_wconf 77' lang='grc' dir='ltr'>αὐτὸν</span> <span class='ocrx_word' id='word_1_506' title='bbox 700 2034 827 2066; x_wconf 74' lang='grc' dir='ltr'>ἀσεϐείας</span> <span class='ocrx_word' id='word_1_507' title='bbox 845 2037 921 2070; x_wconf 77' lang='grc' dir='ltr'>παρὰ</span> 
     </span>
    </p>
   </div>
   <div class='ocr_carea' id='block_1_73' title="bbox 131 2079 921 2116">
    <p class='ocr_par' dir='ltr' id='par_1_73' title="bbox 131 2079 921 2116">
     <span class='ocr_line' id='line_1_73' title="bbox 131 2079 921 2116; baseline 0.004 -12"><span class='ocrx_word' id='word_1_508' title='bbox 131 2080 188 2110; x_wconf 79' lang='grc' dir='ltr'>τοῖς</span> <span class='ocrx_word' id='word_1_509' title='bbox 219 2079 348 2106; x_wconf 80' lang='grc' dir='ltr'><strong>ἁσεὸοῡσι</strong></span> <span class='ocrx_word' id='word_1_510' title='bbox 383 2080 564 2115; x_wconf 81' lang='grc' dir='ltr'>γραφομένων</span> <span class='ocrx_word' id='word_1_511' title='bbox 600 2080 634 2106; x_wconf 40' lang='grc' dir='ltr'>οὺν</span> <span class='ocrx_word' id='word_1_512' title='bbox 666 2082 834 2116; x_wconf 63' lang='grc' dir='ltr'>προσεδεῖτο.</span> <span class='ocrx_word' id='word_1_513' title='bbox 867 2083 921 2108; x_wconf 67' lang='grc' dir='ltr'><strong>Καὶ</strong></span> 
     </span>
    </p>
   </div>
   <div class='ocr_carea' id='block_1_74' title="bbox 132 2126 922 2163">
    <p class='ocr_par' dir='ltr' id='par_1_74' title="bbox 132 2126 922 2163">
     <span class='ocr_line' id='line_1_74' title="bbox 132 2126 922 2163; baseline 0.005 -12"><span class='ocrx_word' id='word_1_514' title='bbox 132 2126 287 2161; x_wconf 72' lang='grc' dir='ltr'>Σωκράτης·</span> <span class='ocrx_word' id='word_1_515' title='bbox 303 2127 397 2161; x_wconf 84' lang='grc' dir='ltr'><strong>μὲνού</strong></span> <span class='ocrx_word' id='word_1_516' title='bbox 423 2126 478 2153; x_wconf 86' lang='grc' dir='ltr'>τῶν</span> <span class='ocrx_word' id='word_1_517' title='bbox 506 2126 612 2153; x_wconf 85' lang='grc' dir='ltr'>πολλῶν</span> <span class='ocrx_word' id='word_1_518' title='bbox 638 2127 857 2163; x_wconf 49' lang='grc' dir='ltr'>θεῶν-ἀφιστὰς,</span> <span class='ocrx_word' id='word_1_519' title='bbox 883 2130 922 2155; x_wconf 76' lang='grc' dir='ltr'><strong>ὲνὶ</strong></span> 
     </span>
    </p>
   </div>
   <div class='ocr_carea' id='block_1_75' title="bbox 133 2171 920 2208">
    <p class='ocr_par' dir='ltr' id='par_1_75' title="bbox 133 2171 920 2208">
     <span class='ocr_line' id='line_1_75' title="bbox 133 2171 920 2208; baseline 0.006 -11"><span class='ocrx_word' id='word_1_520' title='bbox 133 2172 309 2206; x_wconf 66' lang='grc' dir='ltr'>παραδιδόναι</span> <span class='ocrx_word' id='word_1_521' title='bbox 327 2172 497 2207; x_wconf 82' lang='grc' dir='ltr'>κατηγορίαν</span> <span class='ocrx_word' id='word_1_522' title='bbox 511 2171 567 2208; x_wconf 73' lang='grc' dir='ltr'>εἶχε</span> <span class='ocrx_word' id='word_1_523' title='bbox 581 2183 588 2189; x_wconf 92' lang='grc'><strong>-</strong></span> <span class='ocrx_word' id='word_1_524' title='bbox 605 2173 710 2205; x_wconf 81' lang='grc' dir='ltr'>Παῦλος</span> <span class='ocrx_word' id='word_1_525' title='bbox 735 2174 920 2207; x_wconf 77' lang='grc' dir='ltr'>δ’ὲπανιστὰς,</span> 
     </span>
    </p>
   </div>
   <div class='ocr_carea' id='block_1_76' title="bbox 134 2218 655 2255">
    <p class='ocr_par' dir='ltr' id='par_1_76' title="bbox 134 2218 655 2255">
     <span class='ocr_line' id='line_1_76' title="bbox 134 2218 655 2255; baseline 0.006 -12"><span class='ocrx_word' id='word_1_526' title='bbox 134 2218 172 2249; x_wconf 69' lang='grc' dir='ltr'><strong>εἰς</strong></span> <span class='ocrx_word' id='word_1_527' title='bbox 188 2218 235 2244; x_wconf 83' lang='grc' dir='ltr'>’ἐνα</span> <span class='ocrx_word' id='word_1_528' title='bbox 250 2219 279 2245; x_wconf 79' lang='grc' dir='ltr'>τὸ</span> <span class='ocrx_word' id='word_1_529' title='bbox 294 2218 375 2250; x_wconf 80' lang='grc' dir='ltr'><strong>σὲὃας</strong></span> <span class='ocrx_word' id='word_1_530' title='bbox 387 2219 565 2255; x_wconf 78' lang='grc' dir='ltr'>ὲστενοχώρει</span> <span class='ocrx_word' id='word_1_531' title='bbox 579 2220 655 2247; x_wconf 74' lang='grc' dir='ltr'><strong>Θεὸν.</strong></span> 
     </span>
    </p>
   </div>
   <div class='ocr_carea' id='block_1_77' title="bbox 177 2347 924 2388">
    <p class='ocr_par' dir='ltr' id='par_1_77' title="bbox 177 2347 924 2388">
     <span class='ocr_line' id='line_1_77' title="bbox 177 2347 924 2388; baseline 0.003 -13"><span class='ocrx_word' id='word_1_532' title='bbox 177 2349 247 2376; x_wconf 77' lang='grc' dir='ltr'>Ἀλλ’</span> <span class='ocrx_word' id='word_1_533' title='bbox 264 2350 327 2381; x_wconf 77' lang='grc' dir='ltr'>ἴσως</span> <span class='ocrx_word' id='word_1_534' title='bbox 342 2347 375 2385; x_wconf 79' lang='grc' dir='ltr'>ἦν</span> <span class='ocrx_word' id='word_1_535' title='bbox 395 2358 437 2388; x_wconf 76' lang='grc' dir='ltr'><strong>τις</strong></span> <span class='ocrx_word' id='word_1_536' title='bbox 464 2351 598 2385; x_wconf 74' lang='grc' dir='ltr'>κρείττων</span> <span class='ocrx_word' id='word_1_537' title='bbox 615 2350 729 2386; x_wconf 79' lang='grc' dir='ltr'>ἀμύνειν</span> <span class='ocrx_word' id='word_1_538' title='bbox 743 2350 809 2382; x_wconf 79' lang='grc' dir='ltr'><strong>Θέὸς</strong></span> <span class='ocrx_word' id='word_1_539' title='bbox 824 2352 836 2377; x_wconf 78' lang='grc' dir='ltr'><strong>ὁ</strong></span> <span class='ocrx_word' id='word_1_540' title='bbox 850 2351 924 2377; x_wconf 86' lang='grc' dir='ltr'>Παύ-</span> 
     </span>
    </p>
   </div>
   <div class='ocr_carea' id='block_1_78' title="bbox 134 2396 919 2432">
    <p class='ocr_par' dir='ltr' id='par_1_78' title="bbox 134 2396 919 2432">
     <span class='ocr_line' id='line_1_78' title="bbox 134 2396 919 2432; baseline 0.001 -10"><span class='ocrx_word' id='word_1_541' title='bbox 134 2397 182 2423; x_wconf 85' lang='grc' dir='ltr'><strong>λου</strong></span> <span class='ocrx_word' id='word_1_542' title='bbox 197 2397 273 2428; x_wconf 77' lang='grc' dir='ltr'>Θεος,</span> <span class='ocrx_word' id='word_1_543' title='bbox 289 2396 306 2432; x_wconf 88' lang='grc' dir='ltr'>ἦ</span> <span class='ocrx_word' id='word_1_544' title='bbox 320 2396 367 2428; x_wconf 85' lang='grc' dir='ltr'>οὓς</span> <span class='ocrx_word' id='word_1_545' title='bbox 390 2396 453 2431; x_wconf 78' lang='grc' dir='ltr'>ἄρτι</span> <span class='ocrx_word' id='word_1_546' title='bbox 478 2396 741 2432; x_wconf 83' lang='grc' dir='ltr'>δεδημιουργηκέναι</span> <span class='ocrx_word' id='word_1_547' title='bbox 772 2397 919 2432; x_wconf 84' lang='grc' dir='ltr'>Σωκράτης</span> 
     </span>
    </p>
   </div>
   <div class='ocr_carea' id='block_1_79' title="bbox 134 2441 921 2477">
    <p class='ocr_par' dir='ltr' id='par_1_79' title="bbox 134 2441 921 2477">
     <span class='ocr_line' id='line_1_79' title="bbox 134 2441 921 2477; baseline 0 -9"><span class='ocrx_word' id='word_1_548' title='bbox 134 2443 252 2477; x_wconf 71' lang='grc' dir='ltr'>ἐλέγετο.</span> <span class='ocrx_word' id='word_1_549' title='bbox 268 2442 377 2476; x_wconf 81' lang='grc' dir='ltr'>Ἀμέλει</span> <span class='ocrx_word' id='word_1_550' title='bbox 386 2442 432 2468; x_wconf 76' lang='grc' dir='ltr'>καὶ</span> <span class='ocrx_word' id='word_1_551' title='bbox 444 2441 514 2468; x_wconf 84' lang='grc' dir='ltr'>σῶον</span> <span class='ocrx_word' id='word_1_552' title='bbox 531 2442 680 2477; x_wconf 69' lang='grc' dir='ltr'>Ἀθήνηθεν</span> <span class='ocrx_word' id='word_1_553' title='bbox 690 2442 735 2469; x_wconf 81' lang='grc' dir='ltr'>τὸν</span> <span class='ocrx_word' id='word_1_554' title='bbox 746 2442 821 2474; x_wconf 79' lang='grc' dir='ltr'>ξένον</span> <span class='ocrx_word' id='word_1_555' title='bbox 836 2442 921 2469; x_wconf 87' lang='grc' dir='ltr'>ἀπαλ-</span> 
     </span>
    </p>
   </div>
   <div class='ocr_carea' id='block_1_80' title="bbox 135 2488 922 2523">
    <p class='ocr_par' dir='ltr' id='par_1_80' title="bbox 135 2488 922 2523">
     <span class='ocr_line' id='line_1_80' title="bbox 135 2488 922 2523; baseline 0 -9"><span class='ocrx_word' id='word_1_556' title='bbox 135 2489 280 2515; x_wconf 71' lang='grc' dir='ltr'>λάττεσθαι</span> <span class='ocrx_word' id='word_1_557' title='bbox 298 2488 500 2523; x_wconf 66' lang='grc' dir='ltr'>παρεσκεύασε,</span> <span class='ocrx_word' id='word_1_558' title='bbox 518 2488 564 2514; x_wconf 75' lang='grc' dir='ltr'>καὶ</span> <span class='ocrx_word' id='word_1_559' title='bbox 582 2488 646 2519; x_wconf 78' lang='grc' dir='ltr'>τοὺς</span> <span class='ocrx_word' id='word_1_560' title='bbox 664 2488 781 2522; x_wconf 76' lang='grc' dir='ltr'>πρόσθεν</span> <span class='ocrx_word' id='word_1_561' title='bbox 806 2488 922 2522; x_wconf 81' lang='grc' dir='ltr'>λεγομέ-</span> 
     </span>
    </p>
   </div>
   <div class='ocr_carea' id='block_1_81' title="bbox 136 2531 922 2568">
    <p class='ocr_par' dir='ltr' id='par_1_81' title="bbox 136 2531 922 2568">
     <span class='ocr_line' id='line_1_81' title="bbox 136 2531 922 2568; baseline 0 -8"><span class='ocrx_word' id='word_1_562' title='bbox 136 2543 197 2565; x_wconf 81' lang='grc' dir='ltr'>νους</span> <span class='ocrx_word' id='word_1_563' title='bbox 210 2534 286 2565; x_wconf 64' lang='grc' dir='ltr'>θεοὺς</span> <span class='ocrx_word' id='word_1_564' title='bbox 299 2535 430 2560; x_wconf 69' lang='grc' dir='ltr'>ἐκλιπεῖν.</span> <span class='ocrx_word' id='word_1_565' title='bbox 441 2534 546 2568; x_wconf 75' lang='grc' dir='ltr'>Ὥσπερ</span> <span class='ocrx_word' id='word_1_566' title='bbox 558 2535 622 2568; x_wconf 75' lang='grc' dir='ltr'>γὰρ,</span> <span class='ocrx_word' id='word_1_567' title='bbox 632 2531 659 2559; x_wconf 67' lang='lat' dir='ltr'><strong>ei</strong></span> <span class='ocrx_word' id='word_1_568' title='bbox 670 2535 839 2568; x_wconf 81' lang='grc' dir='ltr'>παραγέγονε</span> <span class='ocrx_word' id='word_1_569' title='bbox 854 2534 922 2568; x_wconf 70' lang='grc' dir='ltr'>φῶς,</span> 
     </span>
    </p>
   </div>
   <div class='ocr_carea' id='block_1_82' title="bbox 136 2582 572 2617">
    <p class='ocr_par' dir='ltr' id='par_1_82' title="bbox 136 2582 572 2617">
     <span class='ocr_line' id='line_1_82' title="bbox 136 2582 572 2617; baseline -0.002 -9"><span class='ocrx_word' id='word_1_570' title='bbox 136 2584 258 2617; x_wconf 69' lang='grc' dir='ltr'>αχρονως</span> <span class='ocrx_word' id='word_1_571' title='bbox 286 2582 431 2616; x_wconf 59' lang='grc' dir='ltr'>ἠφάνισται</span> <span class='ocrx_word' id='word_1_572' title='bbox 465 2582 572 2612; x_wconf 79' lang='grc' dir='ltr'>σκότος.</span> 
     </span>
    </p>
   </div>
   <div class='ocr_carea' id='block_1_83' title="bbox 138 2627 926 2663">
    <p class='ocr_par' dir='ltr' id='par_1_83' title="bbox 138 2627 926 2663">
     <span class='ocr_line' id='line_1_83' title="bbox 138 2627 926 2663; baseline 0 -9"><span class='ocrx_word' id='word_1_573' title='bbox 138 2637 196 2663; x_wconf 81' lang='grc' dir='ltr'><strong>μων</strong></span> <span class='ocrx_word' id='word_1_574' title='bbox 237 2628 305 2654; x_wconf 83' lang='grc' dir='ltr'>θεῶν</span> <span class='ocrx_word' id='word_1_575' title='bbox 338 2628 447 2663; x_wconf 76' lang='grc' dir='ltr'>ὄλεθρος</span> <span class='ocrx_word' id='word_1_576' title='bbox 484 2628 548 2654; x_wconf 75' lang='grc' dir='ltr'>ἔνθα</span> <span class='ocrx_word' id='word_1_577' title='bbox 573 2627 620 2653; x_wconf 85' lang='grc' dir='ltr'><strong>τοῦ</strong></span> <span class='ocrx_word' id='word_1_578' title='bbox 654 2627 781 2662; x_wconf 75' lang='grc' dir='ltr'>ἀληθινοῦ</span> <span class='ocrx_word' id='word_1_579' title='bbox 821 2636 926 2662; x_wconf 69' lang='grc' dir='ltr'>παρου-</span> 
     </span>
    </p>
   </div>
   <div class='ocr_carea' id='block_1_84' title="bbox 138 2681 193 2700">
    <p class='ocr_par' dir='ltr' id='par_1_84' title="bbox 138 2681 193 2700">
     <span class='ocr_line' id='line_1_84' title="bbox 138 2681 193 2700; baseline 0 0"><span class='ocrx_word' id='word_1_580' title='bbox 138 2681 193 2700; x_wconf 63' lang='grc' dir='ltr'>σζα.</span> 
     </span>
    </p>
   </div>
   <div class='ocr_carea' id='block_1_85' title="bbox 612 2580 925 2614">
    <p class='ocr_par' dir='ltr' id='par_1_85' title="bbox 612 2580 925 2614">
     <span class='ocr_line' id='line_1_85' title="bbox 612 2580 925 2614; baseline 0 -8"><span class='ocrx_word' id='word_1_581' title='bbox 612 2580 683 2607; x_wconf 81' lang='grc' dir='ltr'>οὕτω</span> <span class='ocrx_word' id='word_1_582' title='bbox 697 2582 749 2606; x_wconf 80' lang='grc' dir='ltr'>τῶν</span> <span class='ocrx_word' id='word_1_583' title='bbox 785 2580 925 2614; x_wconf 69' lang='grc' dir='ltr'>ψευδωνύο</span> 
     </span>
    </p>
   </div>
   <div class='ocr_carea' id='block_1_86' title="bbox 175 2719 922 2754">
    <p class='ocr_par' dir='ltr' id='par_1_86' title="bbox 175 2719 922 2754">
     <span class='ocr_line' id='line_1_86' title="bbox 175 2719 922 2754; baseline -0.001 -8"><span class='ocrx_word' id='word_1_584' title='bbox 175 2721 211 2746; x_wconf 72' lang='grc' dir='ltr'><strong>Ο)</strong></span> <span class='ocrx_word' id='word_1_585' title='bbox 227 2720 317 2746; x_wconf 79' lang='grc' dir='ltr'>τοίνυν</span> <span class='ocrx_word' id='word_1_586' title='bbox 331 2719 418 2746; x_wconf 85' lang='grc' dir='ltr'>ταῦτα</span> <span class='ocrx_word' id='word_1_587' title='bbox 435 2720 485 2754; x_wconf 81' lang='grc' dir='ltr'>μὲν</span> <span class='ocrx_word' id='word_1_588' title='bbox 502 2719 644 2754; x_wconf 72' lang='grc' dir='ltr'>θαυμάσιά</span> <span class='ocrx_word' id='word_1_589' title='bbox 665 2727 692 2746; x_wconf 80' lang='grc' dir='ltr'><strong>τε</strong></span> <span class='ocrx_word' id='word_1_590' title='bbox 705 2719 830 2753; x_wconf 80' lang='grc' dir='ltr'>ἡγεῖσθαι</span> <span class='ocrx_word' id='word_1_591' title='bbox 858 2720 922 2754; x_wconf 83' lang='grc' dir='ltr'>χρὴ,</span> 
     </span>
    </p>
   </div>
   <div class='ocr_carea' id='block_1_87' title="bbox 137 2765 924 2801">
    <p class='ocr_par' dir='ltr' id='par_1_87' title="bbox 137 2765 924 2801">
     <span class='ocr_line' id='line_1_87' title="bbox 137 2765 924 2801; baseline -0.001 -9"><span class='ocrx_word' id='word_1_592' title='bbox 137 2767 245 2801; x_wconf 74' lang='grc' dir='ltr'>καὶτῆς</span> <span class='ocrx_word' id='word_1_593' title='bbox 261 2766 441 2801; x_wconf 64' lang='grc' dir='ltr'>ἀποπτολικῆς</span> <span class='ocrx_word' id='word_1_594' title='bbox 467 2766 661 2800; x_wconf 71' lang='grc' dir='ltr'>λαμπρότητος</span> <span class='ocrx_word' id='word_1_595' title='bbox 689 2765 752 2797; x_wconf 77' lang='grc' dir='ltr'>ἄξια</span> <span class='ocrx_word' id='word_1_596' title='bbox 777 2766 825 2791; x_wconf 76' lang='grc' dir='ltr'>καὶ</span> <span class='ocrx_word' id='word_1_597' title='bbox 853 2767 924 2801; x_wconf 77' lang='grc' dir='ltr'>παῤ-</span> 
     </span>
    </p>
   </div>
   <div class='ocr_carea' id='block_1_88' title="bbox 139 2811 923 2848">
    <p class='ocr_par' dir='ltr' id='par_1_88' title="bbox 139 2811 923 2848">
     <span class='ocr_line' id='line_1_88' title="bbox 139 2811 923 2848; baseline -0.003 -9"><span class='ocrx_word' id='word_1_598' title='bbox 139 2813 246 2848; x_wconf 72' lang='grc' dir='ltr'>ρησίας,</span> <span class='ocrx_word' id='word_1_599' title='bbox 267 2811 300 2848; x_wconf 81' lang='grc' dir='ltr'>ἧς</span> <span class='ocrx_word' id='word_1_600' title='bbox 316 2812 371 2839; x_wconf 82' lang='grc' dir='ltr'>οὐδ’</span> <span class='ocrx_word' id='word_1_601' title='bbox 387 2814 419 2839; x_wconf 82' lang='grc' dir='ltr'>ἂν</span> <span class='ocrx_word' id='word_1_602' title='bbox 444 2813 515 2838; x_wconf 79' lang='grc' dir='ltr'>εἴποι</span> <span class='ocrx_word' id='word_1_603' title='bbox 530 2821 571 2843; x_wconf 82' lang='grc' dir='ltr'><strong>τις</strong></span> <span class='ocrx_word' id='word_1_604' title='bbox 590 2813 717 2846; x_wconf 75' lang='grc' dir='ltr'>μείζονα;</span> <span class='ocrx_word' id='word_1_605' title='bbox 737 2813 830 2847; x_wconf 69' lang='grc' dir='ltr'>Μικράι</span> <span class='ocrx_word' id='word_1_606' title='bbox 846 2812 873 2838; x_wconf 74' lang='grc' dir='ltr'><strong>δὲ</strong></span> <span class='ocrx_word' id='word_1_607' title='bbox 890 2813 923 2837; x_wconf 67' lang='grc' dir='ltr'>τὰ</span> 
     </span>
    </p>
   </div>
   <div class='ocr_carea' id='block_1_89' title="bbox 137 2856 922 2895">
    <p class='ocr_par' dir='ltr' id='par_1_89' title="bbox 137 2856 922 2895">
     <span class='ocr_line' id='line_1_89' title="bbox 137 2856 922 2895; baseline -0.001 -10"><span class='ocrx_word' id='word_1_608' title='bbox 137 2859 188 2894; x_wconf 71' lang='grc' dir='ltr'>τῆς</span> <span class='ocrx_word' id='word_1_609' title='bbox 217 2860 356 2895; x_wconf 67' lang='grc' dir='ltr'>’ξροντίδος</span> <span class='ocrx_word' id='word_1_610' title='bbox 380 2856 414 2893; x_wconf 79' lang='grc' dir='ltr'>ἧς</span> <span class='ocrx_word' id='word_1_611' title='bbox 445 2859 499 2885; x_wconf 75' lang='grc' dir='ltr'>τῶν</span> <span class='ocrx_word' id='word_1_612' title='bbox 526 2859 679 2892; x_wconf 71' lang='grc' dir='ltr'>ἐκκλησιῶν</span> <span class='ocrx_word' id='word_1_613' title='bbox 710 2859 802 2885; x_wconf 71' lang='grc' dir='ltr'>ἕνεκεν</span> <span class='ocrx_word' id='word_1_614' title='bbox 829 2856 922 2893; x_wconf 52' lang='grc' dir='ltr'>εἶχενς</span> 
     </span>
    </p>
   </div>
   <div class='ocr_carea' id='block_1_90' title="bbox 319 2905 697 2939">
    <p class='ocr_par' dir='ltr' id='par_1_90' title="bbox 319 2905 697 2939">
     <span class='ocr_line' id='line_1_90' title="bbox 319 2905 697 2939; baseline -0.008 -1"><span class='ocrx_word' id='word_1_615' title='bbox 319 2910 454 2938; x_wconf 76' lang='grc' dir='ltr'>ιἈτιιοι..</span> <span class='ocrx_word' id='word_1_616' title='bbox 474 2907 532 2936; x_wconf 75' lang='lat' dir='ltr'><strong>(in.</strong></span> <span class='ocrx_word' id='word_1_617' title='bbox 553 2905 697 2939; x_wconf 74' lang='lat' dir='ltr'><strong>CXLYll.</strong></span> 
     </span>
    </p>
   </div>
   <div class='ocr_carea' id='block_1_91' title="bbox 975 1573 1763 1613">
    <p class='ocr_par' dir='ltr' id='par_1_91' title="bbox 975 1573 1763 1613">
     <span class='ocr_line' id='line_1_91' title="bbox 975 1573 1763 1613; baseline 0.006 -13"><span class='ocrx_word' id='word_1_618' title='bbox 975 1578 1081 1613; x_wconf 80' lang='lat' dir='ltr'><strong>cet‘ant,</strong></span> <span class='ocrx_word' id='word_1_619' title='bbox 1098 1573 1147 1601; x_wconf 88' lang='lat' dir='ltr'><strong>sed</strong></span> <span class='ocrx_word' id='word_1_620' title='bbox 1171 1575 1207 1600; x_wconf 93' lang='lat' dir='ltr'><strong>ita</strong></span> <span class='ocrx_word' id='word_1_621' title='bbox 1224 1574 1351 1609; x_wconf 85' lang='lat' dir='ltr'><strong>expedite</strong></span> <span class='ocrx_word' id='word_1_622' title='bbox 1367 1575 1514 1609; x_wconf 69' lang='lat' dir='ltr'><strong>grandaavo</strong></span> <span class='ocrx_word' id='word_1_623' title='bbox 1534 1576 1590 1610; x_wconf 86' lang='lat' dir='ltr'><strong>jam</strong></span> <span class='ocrx_word' id='word_1_624' title='bbox 1620 1583 1647 1604; x_wconf 88' lang='lat' dir='ltr'><strong>et</strong></span> <span class='ocrx_word' id='word_1_625' title='bbox 1671 1578 1763 1613; x_wconf 91' lang='lat' dir='ltr'><strong>philo-</strong></span> 
     </span>
    </p>
   </div>
   <div class='ocr_carea' id='block_1_92' title="bbox 973 1611 1761 1657">
    <p class='ocr_par' dir='ltr' id='par_1_92' title="bbox 973 1611 1761 1657">
     <span class='ocr_line' id='line_1_92' title="bbox 973 1611 1761 1657; baseline 0.004 -10"><span class='ocrx_word' id='word_1_626' title='bbox 973 1611 1062 1653; x_wconf 81' lang='lat' dir='ltr'><strong>sopho</strong></span> <span class='ocrx_word' id='word_1_627' title='bbox 1077 1619 1230 1652; x_wconf 87' lang='lat' dir='ltr'><strong>ac0nitum,</strong></span> <span class='ocrx_word' id='word_1_628' title='bbox 1247 1619 1327 1654; x_wconf 85' lang='lat' dir='ltr'><strong>quasi</strong></span> <span class='ocrx_word' id='word_1_629' title='bbox 1347 1625 1443 1648; x_wconf 89' lang='lat' dir='ltr'><strong>nectar</strong></span> <span class='ocrx_word' id='word_1_630' title='bbox 1458 1621 1540 1654; x_wconf 80' lang='lat' dir='ltr'><strong>foret,</strong></span> <span class='ocrx_word' id='word_1_631' title='bbox 1562 1611 1761 1657; x_wconf 78' lang='lat' dir='ltr'><strong>perrexerant;</strong></span> 
     </span>
    </p>
   </div>
   <div class='ocr_carea' id='block_1_93' title="bbox 974 1664 1760 1701">
    <p class='ocr_par' dir='ltr' id='par_1_93' title="bbox 974 1664 1760 1701">
     <span class='ocr_line' id='line_1_93' title="bbox 974 1664 1760 1701; baseline 0.006 -11"><span class='ocrx_word' id='word_1_632' title='bbox 974 1664 1084 1698; x_wconf 83' lang='lat' dir='ltr'><strong>ipsique</strong></span> <span class='ocrx_word' id='word_1_633' title='bbox 1103 1664 1217 1691; x_wconf 90' lang='lat' dir='ltr'><strong>bibituri</strong></span> <span class='ocrx_word' id='word_1_634' title='bbox 1237 1669 1329 1692; x_wconf 89' lang='lat' dir='ltr'><strong>essent</strong></span> <span class='ocrx_word' id='word_1_635' title='bbox 1346 1665 1422 1699; x_wconf 92' lang='lat' dir='ltr'><strong>illud,</strong></span> <span class='ocrx_word' id='word_1_636' title='bbox 1438 1666 1511 1701; x_wconf 87' lang='lat' dir='ltr'><strong>quod</strong></span> <span class='ocrx_word' id='word_1_637' title='bbox 1536 1672 1623 1701; x_wconf 62' lang='lat' dir='ltr'><strong>poeta:</strong></span> <span class='ocrx_word' id='word_1_638' title='bbox 1650 1668 1685 1695; x_wconf 86' lang='lat' dir='ltr'><strong>iis</strong></span> <span class='ocrx_word' id='word_1_639' title='bbox 1708 1668 1760 1695; x_wconf 77' lang='lat' dir='ltr'><strong>nii-</strong></span> 
     </span>
    </p>
   </div>
   <div class='ocr_carea' id='block_1_94' title="bbox 976 1711 1762 1744">
    <p class='ocr_par' dir='ltr' id='par_1_94' title="bbox 976 1711 1762 1744">
     <span class='ocr_line' id='line_1_94' title="bbox 976 1711 1762 1744; baseline 0.005 -8"><span class='ocrx_word' id='word_1_640' title='bbox 976 1714 1109 1737; x_wconf 80' lang='lat' dir='ltr'><strong>scueruut</strong></span> <span class='ocrx_word' id='word_1_641' title='bbox 1121 1711 1261 1744; x_wconf 85' lang='lat' dir='ltr'><strong>poculum,</strong></span> <span class='ocrx_word' id='word_1_642' title='bbox 1272 1718 1322 1738; x_wconf 86' lang='lat' dir='ltr'><strong>cur</strong></span> <span class='ocrx_word' id='word_1_643' title='bbox 1336 1718 1367 1738; x_wconf 76' lang='lat' dir='ltr'><strong>ex</strong></span> <span class='ocrx_word' id='word_1_644' title='bbox 1380 1711 1524 1739; x_wconf 67' lang='lat' dir='ltr'><strong>Palmstina</strong></span> <span class='ocrx_word' id='word_1_645' title='bbox 1539 1713 1581 1740; x_wconf 93' lang='lat' dir='ltr'><strong>vel</strong></span> <span class='ocrx_word' id='word_1_646' title='bbox 1595 1713 1688 1740; x_wconf 82' lang='lat' dir='ltr'><strong>Cilicia</strong></span> <span class='ocrx_word' id='word_1_647' title='bbox 1700 1721 1762 1741; x_wconf 90' lang='lat' dir='ltr'><strong>sero</strong></span> 
     </span>
    </p>
   </div>
   <div class='ocr_carea' id='block_1_95' title="bbox 973 1756 1762 1792">
    <p class='ocr_par' dir='ltr' id='par_1_95' title="bbox 973 1756 1762 1792">
     <span class='ocr_line' id='line_1_95' title="bbox 973 1756 1762 1792; baseline 0.008 -10"><span class='ocrx_word' id='word_1_648' title='bbox 973 1756 1083 1783; x_wconf 80' lang='lat' dir='ltr'><strong>tandem</strong></span> <span class='ocrx_word' id='word_1_649' title='bbox 1113 1757 1268 1784; x_wconf 84' lang='lat' dir='ltr'><strong>advenienti</strong></span> <span class='ocrx_word' id='word_1_650' title='bbox 1299 1757 1402 1792; x_wconf 86' lang='lat' dir='ltr'><strong>hospiti</strong></span> <span class='ocrx_word' id='word_1_651' title='bbox 1431 1758 1638 1787; x_wconf 81' lang='lat' dir='ltr'><strong>inexorabiliter</strong></span> <span class='ocrx_word' id='word_1_652' title='bbox 1656 1760 1762 1788; x_wconf 81' lang='lat' dir='ltr'><strong>irasce-</strong></span> 
     </span>
    </p>
   </div>
   <div class='ocr_carea' id='block_1_96' title="bbox 973 1801 1760 1839">
    <p class='ocr_par' dir='ltr' id='par_1_96' title="bbox 973 1801 1760 1839">
     <span class='ocr_line' id='line_1_96' title="bbox 973 1801 1760 1839; baseline 0.009 -12"><span class='ocrx_word' id='word_1_653' title='bbox 973 1805 1079 1835; x_wconf 83' lang='lat' dir='ltr'><strong>rentur,</strong></span> <span class='ocrx_word' id='word_1_654' title='bbox 1094 1809 1183 1828; x_wconf 80' lang='lat' dir='ltr'><strong>causa:</strong></span> <span class='ocrx_word' id='word_1_655' title='bbox 1198 1801 1266 1829; x_wconf 89' lang='lat' dir='ltr'><strong>nihil</strong></span> <span class='ocrx_word' id='word_1_656' title='bbox 1283 1802 1432 1831; x_wconf 88' lang='lat' dir='ltr'><strong>habebant.</strong></span> <span class='ocrx_word' id='word_1_657' title='bbox 1454 1804 1617 1839; x_wconf 81' lang='lat' dir='ltr'><strong>Quanquam</strong></span> <span class='ocrx_word' id='word_1_658' title='bbox 1633 1805 1760 1834; x_wconf 86' lang='lat' dir='ltr'><strong>Socrates</strong></span> 
     </span>
    </p>
   </div>
   <div class='ocr_carea' id='block_1_97' title="bbox 973 1848 1760 1886">
    <p class='ocr_par' dir='ltr' id='par_1_97' title="bbox 973 1848 1760 1886">
     <span class='ocr_line' id='line_1_97' title="bbox 973 1848 1760 1886; baseline 0.008 -13"><span class='ocrx_word' id='word_1_659' title='bbox 973 1853 1131 1880; x_wconf 81' lang='lat' dir='ltr'><strong>accusatus,</strong></span> <span class='ocrx_word' id='word_1_660' title='bbox 1147 1848 1226 1881; x_wconf 80' lang='lat' dir='ltr'><strong>quasi</strong></span> <span class='ocrx_word' id='word_1_661' title='bbox 1243 1849 1326 1883; x_wconf 79' lang='lat' dir='ltr'><strong>vulgo</strong></span> <span class='ocrx_word' id='word_1_662' title='bbox 1341 1854 1467 1884; x_wconf 75' lang='lat' dir='ltr'><strong>receptos</strong></span> <span class='ocrx_word' id='word_1_663' title='bbox 1483 1850 1549 1878; x_wconf 85' lang='lat' dir='ltr'><strong>deos</strong></span> <span class='ocrx_word' id='word_1_664' title='bbox 1563 1850 1642 1878; x_wconf 90' lang='lat' dir='ltr'><strong>nihili</strong></span> <span class='ocrx_word' id='word_1_665' title='bbox 1658 1853 1760 1886; x_wconf 87' lang='lat' dir='ltr'><strong>pende-</strong></span> 
     </span>
    </p>
   </div>
   <div class='ocr_carea' id='block_1_98' title="bbox 974 1892 1758 1930">
    <p class='ocr_par' dir='ltr' id='par_1_98' title="bbox 974 1892 1758 1930">
     <span class='ocr_line' id='line_1_98' title="bbox 974 1892 1758 1930; baseline 0.008 -12"><span class='ocrx_word' id='word_1_666' title='bbox 974 1896 1024 1924; x_wconf 87' lang='lat' dir='ltr'><strong>ret,</strong></span> <span class='ocrx_word' id='word_1_667' title='bbox 1045 1892 1169 1928; x_wconf 86' lang='lat' dir='ltr'><strong>aliosque</strong></span> <span class='ocrx_word' id='word_1_668' title='bbox 1198 1893 1225 1920; x_wconf 94' lang='lat' dir='ltr'><strong>in</strong></span> <span class='ocrx_word' id='word_1_669' title='bbox 1253 1893 1362 1920; x_wconf 89' lang='lat' dir='ltr'><strong>illorum</strong></span> <span class='ocrx_word' id='word_1_670' title='bbox 1390 1894 1482 1922; x_wconf 87' lang='lat' dir='ltr'><strong>locum</strong></span> <span class='ocrx_word' id='word_1_671' title='bbox 1506 1895 1758 1930; x_wconf 86' lang='lat' dir='ltr'><strong>subintroduceret,</strong></span> 
     </span>
    </p>
   </div>
   <div class='ocr_carea' id='block_1_99' title="bbox 973 1938 1758 1977">
    <p class='ocr_par' dir='ltr' id='par_1_99' title="bbox 973 1938 1758 1977">
     <span class='ocr_line' id='line_1_99' title="bbox 973 1938 1758 1977; baseline 0.009 -13"><span class='ocrx_word' id='word_1_672' title='bbox 973 1945 1065 1972; x_wconf 84' lang='lat' dir='ltr'><strong>neque</strong></span> <span class='ocrx_word' id='word_1_673' title='bbox 1089 1938 1299 1967; x_wconf 85' lang='lat' dir='ltr'><strong>accusatoribus</strong></span> <span class='ocrx_word' id='word_1_674' title='bbox 1330 1941 1439 1973; x_wconf 89' lang='lat' dir='ltr'><strong>annuit,</strong></span> <span class='ocrx_word' id='word_1_675' title='bbox 1464 1948 1553 1975; x_wconf 84' lang='lat' dir='ltr'><strong>neque</strong></span> <span class='ocrx_word' id='word_1_676' title='bbox 1594 1943 1672 1977; x_wconf 87' lang='lat' dir='ltr'><strong>quasi</strong></span> <span class='ocrx_word' id='word_1_677' title='bbox 1693 1950 1758 1970; x_wconf 87' lang='lat' dir='ltr'><strong>vera</strong></span> 
     </span>
    </p>
   </div>
   <div class='ocr_carea' id='block_1_100' title="bbox 973 1985 1759 2024">
    <p class='ocr_par' dir='ltr' id='par_1_100' title="bbox 973 1985 1759 2024">
     <span class='ocr_line' id='line_1_100' title="bbox 973 1985 1759 2024; baseline 0.006 -13"><span class='ocrx_word' id='word_1_678' title='bbox 973 1985 1109 2016; x_wconf 90' lang='lat' dir='ltr'><strong>dicerent,</strong></span> <span class='ocrx_word' id='word_1_679' title='bbox 1129 1985 1172 2012; x_wconf 89' lang='lat' dir='ltr'><strong>vel</strong></span> <span class='ocrx_word' id='word_1_680' title='bbox 1191 1985 1267 2012; x_wconf 86' lang='lat' dir='ltr'><strong>tenui</strong></span> <span class='ocrx_word' id='word_1_681' title='bbox 1288 1986 1390 2014; x_wconf 84' lang='lat' dir='ltr'><strong>indicio</strong></span> <span class='ocrx_word' id='word_1_682' title='bbox 1411 1987 1545 2022; x_wconf 88' lang='lat' dir='ltr'><strong>&#39;prodidil.</strong></span> <span class='ocrx_word' id='word_1_683' title='bbox 1566 1987 1666 2015; x_wconf 87' lang='lat' dir='ltr'><strong>Paulus</strong></span> <span class='ocrx_word' id='word_1_684' title='bbox 1683 1998 1759 2024; x_wconf 84' lang='lat' dir='ltr'><strong>vero,</strong></span> 
     </span>
    </p>
   </div>
   <div class='ocr_carea' id='block_1_101' title="bbox 973 2030 1762 2069">
    <p class='ocr_par' dir='ltr' id='par_1_101' title="bbox 973 2030 1762 2069">
     <span class='ocr_line' id='line_1_101' title="bbox 973 2030 1762 2069; baseline 0.01 -13"><span class='ocrx_word' id='word_1_685' title='bbox 973 2030 996 2057; x_wconf 86' lang='lat' dir='ltr'><strong>si</strong></span> <span class='ocrx_word' id='word_1_686' title='bbox 1017 2030 1082 2064; x_wconf 90' lang='lat' dir='ltr'><strong>quid</strong></span> <span class='ocrx_word' id='word_1_687' title='bbox 1098 2030 1144 2057; x_wconf 88' lang='lat' dir='ltr'><strong>hic</strong></span> <span class='ocrx_word' id='word_1_688' title='bbox 1155 2031 1190 2058; x_wconf 87' lang='lat' dir='ltr'><strong>ad</strong></span> <span class='ocrx_word' id='word_1_689' title='bbox 1205 2033 1411 2059; x_wconf 86' lang='lat' dir='ltr'><strong>accusationem</strong></span> <span class='ocrx_word' id='word_1_690' title='bbox 1431 2033 1538 2061; x_wconf 85' lang='lat' dir='ltr'><strong>trahere</strong></span> <span class='ocrx_word' id='word_1_691' title='bbox 1550 2040 1671 2069; x_wconf 80' lang='lat' dir='ltr'><strong>oportet,</strong></span> <span class='ocrx_word' id='word_1_692' title='bbox 1705 2038 1762 2064; x_wconf 89' lang='lat' dir='ltr'><strong>sui-</strong></span> 
     </span>
    </p>
   </div>
   <div class='ocr_carea' id='block_1_102' title="bbox 974 2076 1762 2117">
    <p class='ocr_par' dir='ltr' id='par_1_102' title="bbox 974 2076 1762 2117">
     <span class='ocr_line' id='line_1_102' title="bbox 974 2076 1762 2117; baseline 0.009 -14"><span class='ocrx_word' id='word_1_693' title='bbox 974 2076 1066 2111; x_wconf 77' lang='lat' dir='ltr'><strong>ipsius</strong></span> <span class='ocrx_word' id='word_1_694' title='bbox 1082 2076 1278 2104; x_wconf 86' lang='lat' dir='ltr'><strong>vocalissimus</strong></span> <span class='ocrx_word' id='word_1_695' title='bbox 1290 2083 1434 2106; x_wconf 83' lang='lat' dir='ltr'><strong>accusator</strong></span> <span class='ocrx_word' id='word_1_696' title='bbox 1450 2079 1591 2114; x_wconf 76' lang='lat' dir='ltr'><strong>ingressus</strong></span> <span class='ocrx_word' id='word_1_697' title='bbox 1606 2086 1656 2113; x_wconf 84' lang='lat' dir='ltr'><strong>est,</strong></span> <span class='ocrx_word' id='word_1_698' title='bbox 1674 2090 1762 2117; x_wconf 84' lang='lat' dir='ltr'><strong>neque</strong></span> 
     </span>
    </p>
   </div>
   <div class='ocr_carea' id='block_1_103' title="bbox 974 2122 1762 2162">
    <p class='ocr_par' dir='ltr' id='par_1_103' title="bbox 974 2122 1762 2162">
     <span class='ocr_line' id='line_1_103' title="bbox 974 2122 1762 2162; baseline 0.008 -13"><span class='ocrx_word' id='word_1_699' title='bbox 974 2123 1122 2156; x_wconf 77' lang='lat' dir='ltr'><strong>extraneis,</strong></span> <span class='ocrx_word' id='word_1_700' title='bbox 1142 2122 1189 2157; x_wconf 88' lang='lat' dir='ltr'><strong>qui</strong></span> <span class='ocrx_word' id='word_1_701' title='bbox 1204 2130 1266 2150; x_wconf 90' lang='lat' dir='ltr'><strong>eum</strong></span> <span class='ocrx_word' id='word_1_702' title='bbox 1281 2124 1352 2158; x_wconf 87' lang='lat' dir='ltr'><strong>apud</strong></span> <span class='ocrx_word' id='word_1_703' title='bbox 1370 2125 1470 2160; x_wconf 91' lang='lat' dir='ltr'><strong>impios</strong></span> <span class='ocrx_word' id='word_1_704' title='bbox 1497 2126 1647 2161; x_wconf 87' lang='lat' dir='ltr'><strong>impietatis</strong></span> <span class='ocrx_word' id='word_1_705' title='bbox 1663 2135 1762 2162; x_wconf 79' lang='lat' dir='ltr'><strong>argue-</strong></span> 
     </span>
    </p>
   </div>
   <div class='ocr_carea' id='block_1_104' title="bbox 974 2167 1761 2203">
    <p class='ocr_par' dir='ltr' id='par_1_104' title="bbox 974 2167 1761 2203">
     <span class='ocr_line' id='line_1_104' title="bbox 974 2167 1761 2203; baseline 0.005 -8"><span class='ocrx_word' id='word_1_706' title='bbox 974 2168 1050 2202; x_wconf 82' lang='lat' dir='ltr'><strong>bant,</strong></span> <span class='ocrx_word' id='word_1_707' title='bbox 1067 2176 1137 2203; x_wconf 88' lang='lat' dir='ltr'><strong>opus</strong></span> <span class='ocrx_word' id='word_1_708' title='bbox 1152 2167 1280 2196; x_wconf 84' lang='lat' dir='ltr'><strong>habebat.</strong></span> <span class='ocrx_word' id='word_1_709' title='bbox 1297 2168 1438 2201; x_wconf 87' lang='lat' dir='ltr'><strong>Socrates,</strong></span> <span class='ocrx_word' id='word_1_710' title='bbox 1455 2177 1511 2197; x_wconf 90' lang='lat' dir='ltr'><strong>non</strong></span> <span class='ocrx_word' id='word_1_711' title='bbox 1531 2171 1625 2198; x_wconf 83' lang='lat' dir='ltr'><strong>relicta</strong></span> <span class='ocrx_word' id='word_1_712' title='bbox 1646 2173 1761 2199; x_wconf 83' lang='lat' dir='ltr'><strong>deorum</strong></span> 
     </span>
    </p>
   </div>
   <div class='ocr_carea' id='block_1_105' title="bbox 939 2214 1801 2249">
    <p class='ocr_par' dir='ltr' id='par_1_105' title="bbox 939 2214 1801 2249">
     <span class='ocr_line' id='line_1_105' title="bbox 939 2214 1801 2249; baseline 0.002 -8"><span class='ocrx_word' id='word_1_713' title='bbox 939 2220 960 2247; x_wconf 81' lang='grc' dir='ltr'>ι)</span> <span class='ocrx_word' id='word_1_714' title='bbox 978 2214 1166 2246; x_wconf 88' lang='lat' dir='ltr'><strong>multitudine,</strong></span> <span class='ocrx_word' id='word_1_715' title='bbox 1183 2217 1327 2241; x_wconf 85' lang='lat' dir='ltr'><strong>accusatus</strong></span> <span class='ocrx_word' id='word_1_716' title='bbox 1338 2218 1392 2247; x_wconf 85' lang='lat' dir='ltr'><strong>est,</strong></span> <span class='ocrx_word' id='word_1_717' title='bbox 1420 2214 1498 2249; x_wconf 86' lang='lat' dir='ltr'><strong>quasi</strong></span> <span class='ocrx_word' id='word_1_718' title='bbox 1513 2222 1597 2242; x_wconf 89' lang='lat' dir='ltr'><strong>uutnn</strong></span> <span class='ocrx_word' id='word_1_719' title='bbox 1614 2216 1762 2249; x_wconf 89' lang='lat' dir='ltr'><strong>quemdam</strong></span> <span class='ocrx_word' id='word_1_720' title='bbox 1799 2236 1801 2239; x_wconf 89' lang='lat'>.</span> 
     </span>
    </p>
   </div>
   <div class='ocr_carea' id='block_1_106' title="bbox 977 2259 1762 2296">
    <p class='ocr_par' dir='ltr' id='par_1_106' title="bbox 977 2259 1762 2296">
     <span class='ocr_line' id='line_1_106' title="bbox 977 2259 1762 2296; baseline 0.005 -10"><span class='ocrx_word' id='word_1_721' title='bbox 977 2259 1060 2288; x_wconf 87' lang='lat' dir='ltr'><strong>Deum</strong></span> <span class='ocrx_word' id='word_1_722' title='bbox 1076 2264 1220 2288; x_wconf 87' lang='lat' dir='ltr'><strong>assereret.</strong></span> <span class='ocrx_word' id='word_1_723' title='bbox 1239 2261 1273 2287; x_wconf 83' lang='lat' dir='ltr'><strong>At</strong></span> <span class='ocrx_word' id='word_1_724' title='bbox 1286 2259 1389 2287; x_wconf 85' lang='lat' dir='ltr'><strong>Paulus</strong></span> <span class='ocrx_word' id='word_1_725' title='bbox 1406 2264 1499 2295; x_wconf 84' lang='lat' dir='ltr'><strong>aperte</strong></span> <span class='ocrx_word' id='word_1_726' title='bbox 1510 2261 1594 2288; x_wconf 84' lang='lat' dir='ltr'><strong>totius</strong></span> <span class='ocrx_word' id='word_1_727' title='bbox 1608 2262 1717 2296; x_wconf 85' lang='lat' dir='ltr'><strong>pietatis</strong></span> <span class='ocrx_word' id='word_1_728' title='bbox 1733 2267 1762 2290; x_wconf 87' lang='lat' dir='ltr'><strong>et</strong></span> 
     </span>
    </p>
   </div>
   <div class='ocr_carea' id='block_1_107' title="bbox 981 2305 1650 2342">
    <p class='ocr_par' dir='ltr' id='par_1_107' title="bbox 981 2305 1650 2342">
     <span class='ocr_line' id='line_1_107' title="bbox 981 2305 1650 2342; baseline 0 -7"><span class='ocrx_word' id='word_1_729' title='bbox 981 2307 1123 2342; x_wconf 79' lang='lat' dir='ltr'><strong>religionis</strong></span> <span class='ocrx_word' id='word_1_730' title='bbox 1142 2314 1277 2334; x_wconf 83' lang='lat' dir='ltr'><strong>summam</strong></span> <span class='ocrx_word' id='word_1_731' title='bbox 1294 2306 1326 2333; x_wconf 88' lang='lat' dir='ltr'><strong>ad</strong></span> <span class='ocrx_word' id='word_1_732' title='bbox 1343 2314 1428 2333; x_wconf 93' lang='lat' dir='ltr'><strong>unum</strong></span> <span class='ocrx_word' id='word_1_733' title='bbox 1447 2305 1529 2334; x_wconf 89' lang='lat' dir='ltr'><strong>Deum</strong></span> <span class='ocrx_word' id='word_1_734' title='bbox 1549 2307 1650 2335; x_wconf 83' lang='lat' dir='ltr'><strong>retulit.</strong></span> 
     </span>
    </p>
   </div>
   <div class='ocr_carea' id='block_1_108' title="bbox 1014 2353 1760 2392">
    <p class='ocr_par' dir='ltr' id='par_1_108' title="bbox 1014 2353 1760 2392">
     <span class='ocr_line' id='line_1_108' title="bbox 1014 2353 1760 2392; baseline 0.001 -10"><span class='ocrx_word' id='word_1_735' title='bbox 1014 2355 1067 2392; x_wconf 76' lang='lat' dir='ltr'><strong>sed</strong></span> <span class='ocrx_word' id='word_1_736' title='bbox 1086 2354 1156 2382; x_wconf 82' lang='lat' dir='ltr'><strong>forte</strong></span> <span class='ocrx_word' id='word_1_737' title='bbox 1172 2353 1243 2381; x_wconf 90' lang='lat' dir='ltr'><strong>Deus</strong></span> <span class='ocrx_word' id='word_1_738' title='bbox 1260 2353 1339 2380; x_wconf 84' lang='lat' dir='ltr'><strong>Pauli</strong></span> <span class='ocrx_word' id='word_1_739' title='bbox 1365 2354 1497 2381; x_wconf 86' lang='lat' dir='ltr'><strong>\alcntior</strong></span> <span class='ocrx_word' id='word_1_740' title='bbox 1526 2355 1596 2382; x_wconf 88' lang='lat' dir='ltr'><strong>Deus</strong></span> <span class='ocrx_word' id='word_1_741' title='bbox 1623 2357 1656 2382; x_wconf 87' lang='lat' dir='ltr'><strong>ad</strong></span> <span class='ocrx_word' id='word_1_742' title='bbox 1682 2356 1760 2383; x_wconf 80' lang='lat' dir='ltr'><strong>auxi-</strong></span> 
     </span>
    </p>
   </div>
   <div class='ocr_carea' id='block_1_109' title="bbox 977 2399 1760 2435">
    <p class='ocr_par' dir='ltr' id='par_1_109' title="bbox 977 2399 1760 2435">
     <span class='ocr_line' id='line_1_109' title="bbox 977 2399 1760 2435; baseline 0 -7"><span class='ocrx_word' id='word_1_743' title='bbox 977 2400 1101 2428; x_wconf 90' lang='lat' dir='ltr'><strong>liandum</strong></span> <span class='ocrx_word' id='word_1_744' title='bbox 1126 2400 1187 2432; x_wconf 81' lang='lat' dir='ltr'><strong>fuit,</strong></span> <span class='ocrx_word' id='word_1_745' title='bbox 1207 2407 1289 2434; x_wconf 88' lang='lat' dir='ltr'><strong>quam</strong></span> <span class='ocrx_word' id='word_1_746' title='bbox 1305 2399 1343 2426; x_wconf 94' lang='lat' dir='ltr'><strong>dii</strong></span> <span class='ocrx_word' id='word_1_747' title='bbox 1373 2399 1423 2431; x_wconf 88' lang='lat' dir='ltr'><strong>illi,</strong></span> <span class='ocrx_word' id='word_1_748' title='bbox 1441 2407 1511 2433; x_wconf 80' lang='lat' dir='ltr'><strong>quos</strong></span> <span class='ocrx_word' id='word_1_749' title='bbox 1529 2400 1656 2428; x_wconf 85' lang='lat' dir='ltr'><strong>Socrates</strong></span> <span class='ocrx_word' id='word_1_750' title='bbox 1674 2409 1760 2435; x_wconf 86' lang='lat' dir='ltr'><strong>nuper</strong></span> 
     </span>
    </p>
   </div>
   <div class='ocr_carea' id='block_1_110' title="bbox 976 2446 1761 2482">
    <p class='ocr_par' dir='ltr' id='par_1_110' title="bbox 976 2446 1761 2482">
     <span class='ocr_line' id='line_1_110' title="bbox 976 2446 1761 2482; baseline 0.001 -9"><span class='ocrx_word' id='word_1_751' title='bbox 976 2447 1167 2474; x_wconf 62' lang='lat' dir='ltr'><strong>fabricavuat.</strong></span> <span class='ocrx_word' id='word_1_752' title='bbox 1209 2446 1290 2473; x_wconf 86' lang='lat' dir='ltr'><strong>Certe</strong></span> <span class='ocrx_word' id='word_1_753' title='bbox 1314 2450 1342 2472; x_wconf 94' lang='lat' dir='ltr'><strong>et</strong></span> <span class='ocrx_word' id='word_1_754' title='bbox 1389 2447 1551 2474; x_wconf 86' lang='lat' dir='ltr'><strong>incolumem</strong></span> <span class='ocrx_word' id='word_1_755' title='bbox 1586 2448 1761 2482; x_wconf 82' lang='lat' dir='ltr'><strong>peregrinum</strong></span> 
     </span>
    </p>
   </div>
   <div class='ocr_carea' id='block_1_111' title="bbox 975 2491 1761 2526">
    <p class='ocr_par' dir='ltr' id='par_1_111' title="bbox 975 2491 1761 2526">
     <span class='ocr_line' id='line_1_111' title="bbox 975 2491 1761 2526; baseline 0.003 -7"><span class='ocrx_word' id='word_1_756' title='bbox 975 2491 1090 2519; x_wconf 81' lang='lat' dir='ltr'><strong>Athenis</strong></span> <span class='ocrx_word' id='word_1_757' title='bbox 1114 2491 1284 2518; x_wconf 89' lang='lat' dir='ltr'><strong>educendum</strong></span> <span class='ocrx_word' id='word_1_758' title='bbox 1314 2492 1430 2524; x_wconf 88' lang='lat' dir='ltr'><strong>curavit,</strong></span> <span class='ocrx_word' id='word_1_759' title='bbox 1457 2496 1484 2518; x_wconf 90' lang='lat' dir='ltr'><strong>ct</strong></span> <span class='ocrx_word' id='word_1_760' title='bbox 1500 2498 1529 2519; x_wconf 92' lang='lat' dir='ltr'><strong>ut</strong></span> <span class='ocrx_word' id='word_1_761' title='bbox 1558 2492 1761 2526; x_wconf 81' lang='lat' dir='ltr'><strong>desererentur,</strong></span> 
     </span>
    </p>
   </div>
   <div class='ocr_carea' id='block_1_112' title="bbox 976 2537 1760 2574">
    <p class='ocr_par' dir='ltr' id='par_1_112' title="bbox 976 2537 1760 2574">
     <span class='ocr_line' id='line_1_112' title="bbox 976 2537 1760 2574; baseline 0 -8"><span class='ocrx_word' id='word_1_762' title='bbox 976 2539 1022 2574; x_wconf 91' lang='lat' dir='ltr'><strong>qui</strong></span> <span class='ocrx_word' id='word_1_763' title='bbox 1040 2538 1116 2574; x_wconf 88' lang='lat' dir='ltr'><strong>prius</strong></span> <span class='ocrx_word' id='word_1_764' title='bbox 1144 2538 1180 2565; x_wconf 92' lang='lat' dir='ltr'><strong>dii</strong></span> <span class='ocrx_word' id='word_1_765' title='bbox 1210 2538 1366 2570; x_wconf 86' lang='lat' dir='ltr'><strong>audiebant,</strong></span> <span class='ocrx_word' id='word_1_766' title='bbox 1396 2537 1494 2565; x_wconf 85' lang='lat' dir='ltr'><strong>elIccit.</strong></span> <span class='ocrx_word' id='word_1_767' title='bbox 1524 2538 1760 2570; x_wconf 81' lang='lat' dir='ltr'><strong>Quemadmodum</strong></span> 
     </span>
    </p>
   </div>
   <div class='ocr_carea' id='block_1_113' title="bbox 977 2583 1762 2617">
    <p class='ocr_par' dir='ltr' id='par_1_113' title="bbox 977 2583 1762 2617">
     <span class='ocr_line' id='line_1_113' title="bbox 977 2583 1762 2617; baseline 0 -6"><span class='ocrx_word' id='word_1_768' title='bbox 977 2584 1049 2612; x_wconf 90' lang='lat' dir='ltr'><strong>enim</strong></span> <span class='ocrx_word' id='word_1_769' title='bbox 1077 2583 1122 2611; x_wconf 92' lang='lat' dir='ltr'><strong>ubi</strong></span> <span class='ocrx_word' id='word_1_770' title='bbox 1146 2583 1192 2610; x_wconf 73' lang='lat' dir='ltr'><strong>lux</strong></span> <span class='ocrx_word' id='word_1_771' title='bbox 1221 2588 1281 2610; x_wconf 89' lang='lat' dir='ltr'><strong>orta</strong></span> <span class='ocrx_word' id='word_1_772' title='bbox 1311 2588 1362 2614; x_wconf 87' lang='lat' dir='ltr'><strong>est,</strong></span> <span class='ocrx_word' id='word_1_773' title='bbox 1391 2583 1533 2617; x_wconf 76' lang='lat' dir='ltr'><strong>evestigio</strong></span> <span class='ocrx_word' id='word_1_774' title='bbox 1560 2585 1680 2611; x_wconf 66' lang='lat' dir='ltr'><strong>tenebrae</strong></span> <span class='ocrx_word' id='word_1_775' title='bbox 1697 2593 1762 2612; x_wconf 87' lang='lat' dir='ltr'><strong>cva-</strong></span> 
     </span>
    </p>
   </div>
   <div class='ocr_carea' id='block_1_114' title="bbox 977 2629 1761 2662">
    <p class='ocr_par' dir='ltr' id='par_1_114' title="bbox 977 2629 1761 2662">
     <span class='ocr_line' id='line_1_114' title="bbox 977 2629 1761 2662; baseline 0 -4"><span class='ocrx_word' id='word_1_776' title='bbox 977 2636 1092 2658; x_wconf 88' lang='lat' dir='ltr'><strong>nescunt</strong></span> <span class='ocrx_word' id='word_1_777' title='bbox 1106 2651 1113 2662; x_wconf 88' lang='lat'><strong>,</strong></span> <span class='ocrx_word' id='word_1_778' title='bbox 1145 2630 1185 2658; x_wconf 86' lang='lat' dir='ltr'><strong>sic</strong></span> <span class='ocrx_word' id='word_1_779' title='bbox 1205 2629 1333 2656; x_wconf 87' lang='lat' dir='ltr'><strong>lalsorum</strong></span> <span class='ocrx_word' id='word_1_780' title='bbox 1354 2630 1466 2656; x_wconf 87' lang='lat' dir='ltr'><strong>deorum</strong></span> <span class='ocrx_word' id='word_1_781' title='bbox 1492 2632 1569 2656; x_wconf 83' lang='lat' dir='ltr'><strong>turba</strong></span> <span class='ocrx_word' id='word_1_782' title='bbox 1585 2630 1618 2656; x_wconf 88' lang='lat' dir='ltr'><strong>ad</strong></span> <span class='ocrx_word' id='word_1_783' title='bbox 1636 2631 1691 2658; x_wconf 89' lang='lat' dir='ltr'><strong>veri</strong></span> <span class='ocrx_word' id='word_1_784' title='bbox 1714 2630 1761 2658; x_wconf 84' lang='lat' dir='ltr'><strong>Dei</strong></span> 
     </span>
    </p>
   </div>
   <div class='ocr_carea' id='block_1_115' title="bbox 981 2679 1282 2715">
    <p class='ocr_par' dir='ltr' id='par_1_115' title="bbox 981 2679 1282 2715">
     <span class='ocr_line' id='line_1_115' title="bbox 981 2679 1282 2715; baseline -0.007 -9"><span class='ocrx_word' id='word_1_785' title='bbox 981 2679 1152 2715; x_wconf 61' lang='lat' dir='ltr'><strong>praesentiam</strong></span> <span class='ocrx_word' id='word_1_786' title='bbox 1169 2679 1282 2705; x_wconf 88' lang='lat' dir='ltr'><strong>corruit.</strong></span> 
     </span>
    </p>
   </div>
   <div class='ocr_carea' id='block_1_116' title="bbox 1015 2722 1761 2760">
    <p class='ocr_par' dir='ltr' id='par_1_116' title="bbox 1015 2722 1761 2760">
     <span class='ocr_line' id='line_1_116' title="bbox 1015 2722 1761 2760; baseline 0.004 -11"><span class='ocrx_word' id='word_1_787' title='bbox 1015 2724 1074 2751; x_wconf 85' lang='lat' dir='ltr'><strong>Non</strong></span> <span class='ocrx_word' id='word_1_788' title='bbox 1090 2724 1172 2759; x_wconf 76' lang='lat' dir='ltr'><strong>igitur</strong></span> <span class='ocrx_word' id='word_1_789' title='bbox 1199 2724 1256 2750; x_wconf 76' lang='lat' dir='ltr'><strong>lucc</strong></span> <span class='ocrx_word' id='word_1_790' title='bbox 1271 2722 1443 2749; x_wconf 88' lang='lat' dir='ltr'><strong>admirabilia</strong></span> <span class='ocrx_word' id='word_1_791' title='bbox 1462 2727 1491 2749; x_wconf 85' lang='lat' dir='ltr'><strong>et</strong></span> <span class='ocrx_word' id='word_1_792' title='bbox 1508 2725 1660 2758; x_wconf 82' lang='lat' dir='ltr'><strong>apostolico</strong></span> <span class='ocrx_word' id='word_1_793' title='bbox 1673 2725 1761 2760; x_wconf 69' lang='lat' dir='ltr'><strong>fulgo-</strong></span> 
     </span>
    </p>
   </div>
   <div class='ocr_carea' id='block_1_117' title="bbox 979 2767 1762 2803">
    <p class='ocr_par' dir='ltr' id='par_1_117' title="bbox 979 2767 1762 2803">
     <span class='ocr_line' id='line_1_117' title="bbox 979 2767 1762 2803; baseline -0.001 -6"><span class='ocrx_word' id='word_1_794' title='bbox 979 2778 1009 2797; x_wconf 88' lang='lat' dir='ltr'><strong>re</strong></span> <span class='ocrx_word' id='word_1_795' title='bbox 1025 2770 1204 2800; x_wconf 78' lang='lat' dir='ltr'><strong>aclibertate,</strong></span> <span class='ocrx_word' id='word_1_796' title='bbox 1226 2775 1277 2803; x_wconf 87' lang='lat' dir='ltr'><strong>qua</strong></span> <span class='ocrx_word' id='word_1_797' title='bbox 1301 2767 1431 2801; x_wconf 88' lang='lat' dir='ltr'><strong>majorem</strong></span> <span class='ocrx_word' id='word_1_798' title='bbox 1454 2775 1533 2796; x_wconf 89' lang='lat' dir='ltr'><strong>nemo</strong></span> <span class='ocrx_word' id='word_1_799' title='bbox 1561 2770 1694 2802; x_wconf 81' lang='lat' dir='ltr'><strong>attulerit,</strong></span> <span class='ocrx_word' id='word_1_800' title='bbox 1721 2769 1762 2796; x_wconf 91' lang='lat' dir='ltr'><strong>di-</strong></span> 
     </span>
    </p>
   </div>
   <div class='ocr_carea' id='block_1_118' title="bbox 977 2815 1760 2851">
    <p class='ocr_par' dir='ltr' id='par_1_118' title="bbox 977 2815 1760 2851">
     <span class='ocr_line' id='line_1_118' title="bbox 977 2815 1760 2851; baseline 0 -9"><span class='ocrx_word' id='word_1_801' title='bbox 977 2824 1028 2851; x_wconf 72' lang='lat' dir='ltr'><strong>gna</strong></span> <span class='ocrx_word' id='word_1_802' title='bbox 1057 2815 1300 2842; x_wconf 79' lang='lat' dir='ltr'><strong>existimabimus?</strong></span> <span class='ocrx_word' id='word_1_803' title='bbox 1334 2816 1373 2840; x_wconf 85' lang='lat' dir='ltr'><strong>An</strong></span> <span class='ocrx_word' id='word_1_804' title='bbox 1406 2822 1469 2841; x_wconf 85' lang='lat' dir='ltr'><strong>vero</strong></span> <span class='ocrx_word' id='word_1_805' title='bbox 1494 2816 1591 2849; x_wconf 74' lang='lat' dir='ltr'><strong>exigua</strong></span> <span class='ocrx_word' id='word_1_806' title='bbox 1624 2821 1687 2842; x_wconf 79' lang='lat' dir='ltr'><strong>sunt</strong></span> <span class='ocrx_word' id='word_1_807' title='bbox 1712 2816 1760 2842; x_wconf 73' lang='lat' dir='ltr'><strong>illa!</strong></span> 
     </span>
    </p>
   </div>
   <div class='ocr_carea' id='block_1_119' title="bbox 977 2859 1762 2896">
    <p class='ocr_par' dir='ltr' id='par_1_119' title="bbox 977 2859 1762 2896">
     <span class='ocr_line' id='line_1_119' title="bbox 977 2859 1762 2896; baseline -0.001 -10"><span class='ocrx_word' id='word_1_808' title='bbox 977 2869 1038 2896; x_wconf 72' lang='lat' dir='ltr'><strong>qua:</strong></span> <span class='ocrx_word' id='word_1_809' title='bbox 1060 2863 1241 2887; x_wconf 58' lang='lat' dir='ltr'><strong>nascebantur</strong></span> <span class='ocrx_word' id='word_1_810' title='bbox 1271 2868 1303 2886; x_wconf 82' lang='lat' dir='ltr'><strong>ex</strong></span> <span class='ocrx_word' id='word_1_811' title='bbox 1323 2868 1401 2889; x_wconf 77' lang='lat' dir='ltr'><strong>cura,</strong></span> <span class='ocrx_word' id='word_1_812' title='bbox 1430 2867 1511 2892; x_wconf 75' lang='lat' dir='ltr'><strong>quam</strong></span> <span class='ocrx_word' id='word_1_813' title='bbox 1541 2868 1605 2893; x_wconf 77' lang='lat' dir='ltr'><strong>erga</strong></span> <span class='ocrx_word' id='word_1_814' title='bbox 1631 2859 1762 2887; x_wconf 67' lang='lat' dir='ltr'><strong>ecclesias</strong></span> 
     </span>
    </p>
   </div>
   <div class='ocr_carea' id='block_1_120' title="bbox 1567 2908 1604 2939">
    <p class='ocr_par' dir='ltr' id='par_1_120' title="bbox 1567 2908 1604 2939">
     <span class='ocr_line' id='line_1_120' title="bbox 1567 2908 1604 2939; baseline 0.054 -2"><span class='ocrx_word' id='word_1_815' title='bbox 1567 2908 1604 2939; x_wconf 65' lang='grc'><strong>34</strong></span> 
     </span>
    </p>
   </div>
  </div>
