1924 3092
160 208 230 240 1071

161 274 222 294 rum
247 265 313 299 ipse‘
324 263 376 290 sibi
405 262 448 290 sui

162 311 234 339 Deus
260 316 322 336 cum
352 309 387 335 sit
402 307 502 338 bonus,
516 305 603 333 bonos
628 303 693 330 facit
713 307 741 330 et
758 307 865 336 servat;
882 301 946 330 mali

161 365 226 385 vero
250 355 378 383 rrtnlitiam
393 354 445 382 sibi
486 353 640 387 imputcnt;
670 357 733 378 cum
759 350 834 377 enim
873 349 945 376 domi

161 412 220 432 suae
237 403 369 436 incipiunt
395 408 457 429 esse
487 399 561 430 mali,
575 398 608 425 de
626 401 725 425 caetero
749 396 815 424 nihil
833 395 884 422 luci
900 395 948 421 bo-

160 458 195 478 no
226 447 398 483 relinquitur.
423 446 463 473 Ex
494 452 549 480 quo
572 448 666 479 postea
700 442 740 475 fit,
767 448 795 470 ut
824 442 947 469 bonitate

159 494 271 526 deserti,
310 494 380 520 male
408 492 500 520 itidem
530 490 681 518 ambulent.
701 488 733 516 Et
757 490 807 516 hoc
836 487 946 523 quidem

160 549 244 569 unum
272 543 324 567 est.

194 587 327 618 Alterum,
360 584 449 619 qualis
499 583 608 614 Petrus,
644 582 690 616 qui
729 579 946 615 coapostolorum

158 635 321 662 electionem
338 631 469 662 instituit,
484 634 512 657 et
534 629 568 656 ad
586 635 677 664 parem
695 627 746 655 sibi
775 627 945 654 functionem

160 680 260 712 evehit,
287 676 359 713 quod
381 676 447 704 nulli
474 675 564 708 alteri,
578 673 632 702 nisi
652 673 704 702 soli
733 672 845 700 Christo
873 680 947 700 com-

160 733 253 761 petere
268 725 390 753 scimus:
405 722 457 749 hoc
473 721 547 749 enim
563 719 637 747 omni
652 719 755 746 honore
777 723 804 746 et
816 717 947 753 dignitate

161 771 327 800 eminentius
345 773 409 797 est:
427 772 454 795 et
473 767 524 794 soli
546 766 626 793 Petro
646 772 680 792 ex
703 764 777 792 omni
789 763 946 791 m0rtalium

161 825 276 846 numero
306 817 363 843 haec
391 814 507 842 felicitas
545 811 653 847 obtigit.
678 810 778 846 quippe
807 809 855 845 qui
886 808 947 836 loco

161 863 265 892 Christi
286 862 403 890 aliorum
419 860 474 888 dux
490 864 517 887 et
545 858 671 894 princeps
686 863 701 882 a
714 855 825 884 Christo
841 855 945 883 eonsti~

161 915 236 938 tutus
256 913 326 940 erat,
339 907 517 943 ejusdemque
532 905 622 931 locum
634 909 699 937 erga
720 902 790 929 alios
816 901 944 934 tenebat;

160 960 270 992 propter
288 961 349 989 quae
368 953 459 980 nullus
473 959 507 979 ex
536 950 598 977 aliis
617 947 748 983 apostolis
764 951 839 974 tanta
859 946 947 973 adrni—

160 1003 268 1030 ratione
291 1001 390 1035 dignus
416 1004 468 1031 est,
496 1001 595 1032 quanta
626 994 735 1023 Petrus.
763 993 850 1026 Quem
873 992 946 1020 enim

160 1047 262 1082 alioqui
282 1044 478 1079 discipulorum
503 1043 625 1070 omnium
647 1040 878 1068 ferventissitnum
906 1039 948 1067 di-

160 1094 296 1130 scipulum
312 1091 415 1120 Christi
435 1090 574 1121 novimus,
593 1096 656 1116 eum
675 1094 748 1114 nunc
768 1086 827 1113 vice
845 1090 872 1114 ct
887 1085 948 1114 loco

160 1140 262 1169 Christi
295 1138 428 1173 apostolis
454 1136 608 1171 praefectum
651 1133 855 1168 conspicantes,
893 1140 948 1167 quo

161 1185 271 1213 tandem
299 1183 359 1211 loco
383 1180 568 1217 reponemus?
597 1179 650 1206 Sed
675 1178 811 1206 orationis
830 1178 948 1212 impetus

162 1239 177 1258 a
200 1230 340 1266 proposito
378 1228 434 1255 huc
474 1234 518 1254 me
545 1225 689 1253 abstraxit.
716 1224 751 1251 At
777 1223 947 1251 redeundum

161 1282 214 1305 cst.
241 1276 367 1304 Dicebam
385 1274 467 1309 igitur
481 1273 516 1300 de
531 1271 617 1304 curis,
636 1271 737 1306 quibus
751 1270 858 1297 animas
875 1277 949 1297 com-

163 1323 353 1359 plectebantur
380 1319 509 1354 apostoli.
531 1323 558 1346 et
575 1318 608 1345 de
633 1317 695 1344 aliis
710 1317 764 1344 huc
789 1314 949 1352 pertinenti-

164 1371 227 1401 bus,
242 1375 303 1403 quae
322 1370 349 1394 et
363 1365 445 1393 multa
464 1367 491 1392 et
515 1363 608 1400 gravia
637 1363 723 1390 fulsse
737 1366 854 1390 constat.

197 1413 292 1448 Quoad
317 1419 433 1446 corpora
448 1409 557 1443 attinet,
571 1413 702 1444 quantam
735 1414 830 1436 eorum
854 1415 947 1435 curam

164 1459 308 1496 gesserint,
330 1457 446 1485 indicem
459 1461 563 1484 certum
581 1455 714 1482 habemus
730 1455 787 1490 ipsa
804 1455 948 1486 miracula,

164 1510 192 1532 et
210 1505 262 1532 hoc
277 1503 372 1535 etiam,
401 1502 475 1537 quod
505 1500 636 1535 apostolis
658 1499 766 1527 curatio
791 1500 948 1528 morborum

166 1551 252 1586 magis
276 1557 349 1577 curae
376 1549 457 1576 fuerit
476 1554 558 1583 quam
578 1547 646 1581 ipsis
661 1545 772 1582 aegrotis
791 1555 798 1574 :
817 1553 877 1573 nam
895 1547 949 1580 his,

773 199 917 229 MAXIMI
940 198 1128 229 PLANUDJL

490 259 565 289 exilii
609 263 706 286 auctor
743 258 947 292 exstitit;nam

1003 257 1061 288 τοὺς
1078 255 1177 288 ἔξωθεν
1189 253 1468 289 ,προσ).αμ6άνουσα;

1717 196 1784 227 1θῖ2

1461 262 1468 286 ;
1490 253 1560 279 Ἀλλ’
1575 253 1677 284 ἐκεῖνος
1693 254 1783 289 ἑαυτῷ

998 303 1048 338 τῆς
1063 303 1255 338 καταστροφῆς
1273 302 1370 333 αἰτιος,
1396 301 1433 333 ὡς
1456 301 1470 327 ὃ
1484 309 1516 333 γε
1531 300 1596 332 Θεὸς
1611 301 1712 334 ἀγαθὸς
1734 302 1783 332 ὣν.

998 349 1118 382 ἀγαθοὺς
1137 347 1186 382 μὲν
1198 348 1246 374 καὶ
1261 347 1334 374 ποιεῖ
1348 347 1395 373 καὶ
1408 347 1505 381 τηρεῖ*
1521 346 1602 373 κακοὶ
1622 346 1651 372 δὲ
1669 347 1782 378 ἑαυτοὺς

999 394 1183 420 αἰτιάσθωσαν
1204 393 1254 427 τῆς
1275 392 1385 423 κακίας.
1401 391 1527 419 Ἐπειδὰν
1543 392 1596 426 γὰρ
1615 391 1721 419 οῐχοθεν
1734 393 1784 428 ἆρ-

1000 441 1099 472 ξωνται
1122 440 1201 466 κακοὶ
1225 440 1357 474 γίνεσθαι,
1379 439 1455 465 οὐδὲν
1475 439 1503 465 ἐν
1517 439 1557 474 τῷ
1571 439 1666 474 ἀγαθῷ
1690 439 1783 465 λοιπόν

999 488 1058 513 ἐστι
1073 487 1174 521 μένειν.
1192 486 1323 513 Aetne-ut
1337 485 1364 511 δέ
1385 485 1480 511 τούτου
1502 493 1534 519 γε
1547 484 1626 516 ἐκτὸς
1638 485 1783 511 ἀπολειπο-

1001 533 1097 568 μένους
1110 532 1202 563 κακῶς
1217 530 1350 566 οἴχεσθαι.
1371 531 1447 562 Ἐνὸς
1463 531 1512 565 μὲν
1528 530 1575 557 οὖν
1589 530 1695 558 τούτου.

1034 577 1165 612 Δευτέρου
1184 577 1223 609 δὲ,
1240 578 1265 604 εἰ
1282 576 1404 608 τοιοῦτος
1420 577 1435 602 ὁ
1459 576 1571 611 Πέτρος,
1589 576 1628 608 ὡς
1649 577 1697 604 καὶ
1721 585 1784 604 συν-

999 624 1158 651 αποστόλων
1174 624 1288 658 ἐκλογὴν
1315 623 1462 655 ποιεῖσθαι,
1488 623 1536 649 καὶ
1561 623 1629 657 πρὸς
1650 623 1700 658 τὴν
1725 624 1785 658 ῐσην

1000 670 1074 706 αὐτῷ
1090 669 1274 703 καθιστάνειν,
1296 670 1436 696 διακονίαν
1454 669 1468 696 δ
1487 669 1602 704 μηδενὸς
1615 669 1696 696 ἄλλου
1720 671 1787 704 πρό-

1001 715 1063 742 σθεν
1081 715 1110 742 ὃν
1125 715 1204 750 ἴσμεν
1220 715 1237 751 ἢ
1259 715 1340 750 μόνου
1367 715 1497 750 Χριστοῦ.
1514 715 1600 742 Τοῦτο
1627 716 1682 751 γὰρ
1701 717 1786 751 τιμῆς

999 762 1109 797 ἁπάσης
1125 762 1268 793 ἐπέκεινα,
1290 762 1339 789 καὶ
1355 761 1436 796 μόνος
1458 759 1610 796 ἀνθρώπων
1632 762 1788 796 εὐτυχήσας

999 807 1080 834 τοῦτο
1097 807 1199 842 Πέτρος
1214 807 1313 841 ἐφάνη,
1339 807 1400 833 ἀντὶ
1418 806 1536 842 Χριστοῦ
1554 807 1608 833 τῶν
1630 806 1719 834 ἄλλων
1742 809 1788 833 αἱ-

1002 853 1089 888 ρεθεὶς
1114 854 1263 888 κορυφαῖος
1289 853 1364 887 παρὰ
1389 852 1509 888 Χριστοῦ
1535 853 1581 879 καὶ
1605 852 1651 878 τὸν
1678 852 1787 879 ἐκείνου

1000 901 1081 926 τόπον
1096 900 1131 927 τὰ
1143 901 1212 935 πρὸς
1225 901 1287 932 τοὺς
1299 900 1395 932 ἄλλους
1411 900 1513 935 τηρῶν.
1533 899 1574 926 Δι’
1588 899 1605 927 ἃ
1623 899 1656 936 δὴ
1670 900 1716 926 καὶ
1731 902 1786 935 np"

999 947 1096 974 ἑαυτοῦ
1124 947 1218 974 οὐδένα
1243 947 1432 982 θαυμάζεσθαι
1456 947 1509 973 τῶν
1534 947 1622 974 ἄλλων
1658 948 1785 983 ἀφξησιν.

1002 994 1051 1020 Ὃν
1065 994 1119 1030 γὰρ
1135 995 1182 1020 καὶ
1197 993 1285 1026 ἄλλως
1299 995 1353 1027 πρὸ
1371 995 1482 1021 πάντων
1498 995 1664 1029 ἡγασάμεθα
1687 995 1789 1030 θερμό-

999 1049 1080 1067 τατον
1104 1041 1213 1067 πάντων
1241 1040 1367 1075 μαθητὴν
1391 1040 1543 1073 ἐγνωκότες
1573 1041 1713 1076 Χριστοῦ,
1740 1042 1789 1068 νῦν

999 1086 1059 1113 ἀντὶ
1085 1086 1204 1122 Χριστοῦ
1231 1088 1287 1118 τοῖς
1309 1086 1470 1118 ἀποστόλοις
1490 1087 1609 1122 ὁρῶντες
1633 1088 1788 1122 γινόμενον,

1000 1134 1052 1160 ποῦ
1073 1135 1195 1165 στάσεως
1210 1135 1318 1160 τάττειν
1333 1134 1497 1168 ὑφείλομεκ
1517 1133 1589 1160 Ἀλλ’
1615 1134 1630 1160 ὁ
1657 1134 1737 1168 λόγος
1755 1144 1807 1169 με.

1001 1181 1178 1216 συναρπάσας
1193 1181 1247 1207 τῶν
1265 1181 1453 1216 προκειμένων
1466 1180 1546 1215 δεῦρο
1560 1181 1720 1216 παρήγαγε·
1748 1181 1790 1207 δεῖ

999 1227 1022 1255 δ’
1040 1228 1201 1262 ἐπανάγειν,
1217 1228 1281 1261 περὶ
1297 1224 1327 1254 οὗ
1342 1228 1435 1254 τοίνυν
1450 1227 1554 1261 ἔλεγον.
1573 1227 1629 1258 Τὰς
1651 1228 1701 1261 μὲν
1724 1228 1791 1262 περὶ

1000 1272 1095 1308 ψυχῶν
1120 1273 1176 1304 τοῖς
1198 1272 1359 1302 ἀποστόλοις
1389 1271 1551 1306 φροντίδας,
1578 1272 1625 1298 καὶ
1644 1272 1694 1298 ὅσα
1721 1272 1790 1305 πρὸς

999 1319 1084 1349 αὐτὰς
1100 1318 1187 1354 φέρει,
1208 1317 1281 1345 οὕτω
1297 1317 1396 1349 πολλὰς
1411 1318 1457 1344 καὶ
1474 1318 1595 1353 μεγάλας
1611 1318 1685 1344 ἐστιν
1710 1318 1788 1345 ἰδεῖν.

1036 1407 1087 1436 Ὠν
1109 1410 1137 1436 δὲ
1165 1410 1230 1444 περὶ
1253 1410 1387 1445 σωμάτων
1415 1407 1498 1444 εἶχον,
1526 1409 1645 1444 γνώμων
1671 1409 1791 1444 ἀληθὴς,

1001 1455 1070 1483 αὑτά
1086 1465 1128 1482 σοι
1143 1457 1177 1483 τὰ
1194 1456 1333 1491 θαύματα,
1351 1458 1396 1483 καὶ
1420 1456 1449 1482 τὸ
1472 1455 1574 1490 μᾶλλον
1596 1457 1653 1487 τοῖς
1668 1456 1790 1482 ἀποστό-

1000 1503 1065 1535 λοις,
1077 1502 1092 1538 ἢ
1102 1505 1156 1533 τοῖς
1172 1503 1317 1537 κάμνουσι,
1331 1503 1378 1534 τὰς
1391 1502 1539 1536 θεραπείας
1555 1502 1609 1528 τῶν
1623 1502 1788 1537 νοσημάτων

1000 1550 1044 1576 διὰ
1061 1549 1179 1584 σπουδῆς
1200 1547 1280 1576 εἶναι’
1297 1550 1343 1576 καὶ
1360 1549 1414 1583 γὰρ
1426 1548 1565 1580 τοιούτους
1587 1548 1703 1579 ἑαυτοὺς
1717 1556 1792 1584 παρ-

166 1596 213 1632 qui
239 1603 289 1630 ope
303 1595 394 1630 aliqua
420 1593 590 1629 indigebant,
613 1593 682 1620 tales
716 1599 746 1619 se
764 1591 948 1627 praebuerunt,

1003 1596 1075 1631 εἶχον
1103 1596 1160 1626 τοῖς
1184 1595 1334 1630 δεομένοις,
1360 1595 1471 1626 ὁποίους
1498 1595 1553 1621 οὐδ’
1575 1595 1610 1621 ἂν
1633 1596 1730 1622 ἐκεῖνοί
1758 1604 1791 1630 γε

165 1643 259 1679 quales
286 1642 337 1670 sibi
352 1640 475 1676 polliceri
493 1647 546 1667 non
567 1643 704 1674 poterant.
728 1637 853 1665 Stabilita
876 1638 948 1664 enim

163 1689 356 1725 praedicatione
380 1695 428 1722 per
453 1686 508 1713 duo
536 1686 599 1718 ista,
626 1692 675 1719 per
697 1683 851 1711 doctrinam
870 1683 950 1710 nimi-

165 1743 224 1762 rum
241 1734 275 1761 de
290 1733 414 1765 Christo,
434 1737 461 1759 et
479 1738 527 1765 per
547 1729 744 1758 miraculorum
767 1729 949 1762 ell‘ectionem,

163 1787 190 1810 et
215 1789 277 1808 cum
293 1786 409 1814 utroque
445 1778 545 1812 ubique
567 1777 610 1804 usl
644 1777 771 1809 fuissent,
797 1784 851 1803 non
866 1776 952 1811 magis

163 1827 304 1859 doctrinae,
325 1833 406 1860 quam
422 1823 616 1851 miraculorum
637 1821 782 1857 patrationi
800 1822 949 1855 vacabant,

166 1881 252 1909 neque
278 1873 323 1900 nui
341 1871 437 1906 magis,
458 1876 541 1905 quam
565 1869 644 1896 alteri
671 1869 868 1901 altendebant;
888 1875 950 1894 nam

163 1921 185 1948 si
201 1920 263 1955 quis
279 1919 339 1947 illos
353 1919 435 1946 etiam
462 1921 491 1944 ut
508 1916 636 1943 doctores
650 1915 780 1942 admirari
799 1914 874 1946 velit,
890 1921 951 1941 cer-

166 1974 207 1995 tos
240 1967 364 2000 fidosque
413 1963 543 1991 doctrina:
575 1961 775 1994 admirabitur;
799 1960 822 1988 si
860 1965 950 1987 autem

165 2011 294 2040 admirari
327 2010 419 2038 lubeat
449 2013 576 2042 tanquam
604 2006 744 2034 miraculis
777 2006 950 2041 conspicuos,

166 2064 239 2087 recte
266 2058 366 2091 faciet;
392 2056 456 2090 quia
480 2054 628 2082 admiratio
659 2053 801 2081 miraculis
831 2058 947 2089 cognata

165 2111 207 2134 cst
224 2110 250 2133 et
266 2103 450 2139 cognominis.

201 2152 353 2183 Docebant,
372 2149 481 2184 quando
498 2152 604 2182 tempus
621 2152 691 2182 erat,
708 2147 748 2174 vel
770 2147 860 2183 potius
876 2147 951 2175 oumi

166 2205 308 2233 tempore:
333 2201 358 2224 et
387 2195 464 2230 signa
480 2194 627 2226 faciebant,
662 2194 771 2229 quando
799 2195 951 2221 necessitas

167 2244 334 2280 postulabat,
356 2241 397 2268 vel
428 2240 519 2276 potius
543 2247 674 2274 semper:
693 2247 802 2274 semper
819 2240 892 2266 enim
923 2240 950 2266 in

166 2295 242 2317 tanta
263 2287 448 2324 magnitudine
470 2286 544 2314 orbis
569 2285 621 2312 hoc
637 2284 819 2312 necessarium
835 2290 905 2312 erat.
919 2285 952 2312 Et

144 2337 146 2340 ⁴
167 2337 276 2372 quidem
294 2342 355 2362 cum
372 2334 514 2366 docerent,
545 2331 663 2366 seipsos,
698 2335 726 2358 ut
755 2330 950 2358 miraculorum

139 2375 151 2409 ἶ
166 2383 322 2414 effectores,
346 2378 514 2415 superabant
529 2387 536 2405 :
551 2385 614 2405 cum
631 2384 695 2405 vero
727 2377 857 2404 miracula
886 2377 950 2404 ede-

167 2434 237 2462 rent,
258 2426 426 2462 superabant
441 2432 470 2452 se
487 2428 517 2451 ut
533 2424 676 2454 doctores;
701 2423 738 2450 ita
757 2428 785 2449 ut
807 2422 906 2457 seipsis
924 2422 950 2449 in

168 2475 301 2502 ambobus
325 2472 531 2508 praestantiore-5
550 2477 611 2498 esse
636 2470 805 2501 viderentur,
835 2469 952 2503 aequales

167 2528 257 2549 tamen
286 2526 420 2555 paresque
447 2517 603 2551 utrobique.
628 2514 710 2550 Atqui
732 2519 758 2542 et
784 2522 882 2550 corpus
905 2522 951 2541 ca-

169 2569 271 2603 stigare
287 2567 369 2600 inque
383 2564 544 2593 servitutem
570 2561 706 2596 redigere.
722 2565 749 2588 et
764 2561 863 2589 iterum
890 2561 951 2589 aliis

167 2615 336 2650 praecipere,
365 2617 393 2638 ut
430 2614 540 2645 propter
566 2608 700 2636 stomachi
733 2607 948 2635 imbecillitatem

167 2664 260 2690 vinum
300 2659 547 2691 bibant,maximte
587 2655 781 2684 sollicitudinis
820 2655 950 2682 indicium

166 2714 228 2736 est:
249 2707 413 2742 plenumque
433 2703 612 2732 admiratione
638 2706 745 2737 reputo,
761 2709 792 2728 ea
807 2709 868 2736 qua:
883 2701 950 2728 alias

166 2755 294 2781 videntur
317 2752 466 2783 contraria,
482 2750 515 2778 ad
547 2749 673 2777 eumdem
702 2748 784 2775 linem
808 2747 949 2782 dirigere;

167 2808 215 2835 per
241 2799 307 2825 illud
331 2798 402 2826 enim
425 2798 604 2825 exsultantem
640 2796 728 2822 instar
747 2794 812 2829 pulli
841 2801 950 2820 carnem

167 2842 301 2871 refrenari
318 2842 404 2876 jubet,
418 2851 451 2870 ne
464 2842 572 2876 spiritui
592 2840 731 2875 negotium
746 2838 865 2866 facessat
879 2846 886 2865 :
903 2845 951 2872 per

167 2890 219 2917 hoc
238 2888 344 2922 corpori
360 2889 392 2916 ad
421 2892 495 2916 recte
522 2886 656 2914 factorum
684 2884 856 2914 ellectionem
878 2883 951 2911 vites

166 2935 286 2970 subiicit.

1002 1641 1131 1677 ἦλπισαν.
1148 1641 1214 1668 Δυσὶ
1227 1641 1281 1676 γὰρ
1291 1640 1398 1672 τούτοις
1411 1639 1457 1668 τοῦ
1469 1641 1647 1676 κηρύγματος
1663 1641 1792 1676 βεϐαιου-

1004 1687 1098 1722 μένου,
1113 1687 1207 1722 διδαχῇ
1223 1695 1253 1712 τε
1270 1687 1303 1720 τῇ
1329 1687 1394 1721 περὶ
1414 1686 1534 1721 Χριστοῦ
1555 1687 1602 1713 καὶ
1617 1687 1793 1722 θαυματουρ-

1002 1733 1076 1768 γίαις
1100 1733 1148 1760 καὶ
1174 1732 1278 1764 τούτοις
1297 1732 1461 1766 ,ἁπανταχοῦ
1486 1733 1652 1768 κεχρημένοι
1675 1733 1738 1760 οὔτε
1762 1743 1791 1761 τι

1004 1780 1104 1815 μᾶλλον
1116 1779 1274 1812 διδάξαντες
1288 1779 1304 1814 ῆ
1320 1778 1619 1814 θαυμαῖουργήσαντες
1635 1780 1791 1815 φαίνονται,

1002 1825 1064 1853 οὔτε
1093 1826 1178 1859 τούτῳ
1205 1824 1326 1860 μᾶλλον,
1342 1825 1359 1860 ἢ
1387 1827 1484 1859 ἐκείνῳ
1503 1827 1679 1861 προσχόντες.
1704 1826 1738 1853 Εἴ
1761 1836 1793 1853 τε

1002 1871 1056 1906 γάρ
1069 1879 1111 1903 τις
1125 1872 1162 1902 ὡς
1178 1870 1354 1902 διδασκάλους
1371 1871 1523 1907 θαυμάζειν
1540 1873 1639 1904 αὐτοὺς
1654 1872 1791 1907 βούλοιτο,

1003 1918 1135 1952 ἀσφαλεῖς
1150 1918 1306 1944 διδάσκαλοι
1329 1917 1584 1954 θαυμασθήσονται·
1600 1919 1626 1945 ετ
1639 1918 1664 1945 τ’
1679 1918 1736 1951 οὖν,
1753 1919 1792 1950 ὡς

1003 1964 1124 2000 θαύμασι
1143 1965 1354 2000 διαπρίψαντας,
1380 1965 1518 2000 προσφυὲς
1535 1966 1627 1998 αὐτοῖς
1658 1965 1705 1992 καὶ
1719 1965 1794 1992 ἐπώ-

1002 2019 1089 2045 νυμον
1104 2011 1160 2042 τοῖς
1177 2010 1297 2045 θαύμασι
1314 2010 1344 2037 τὸ
1360 2009 1560 2046 θαυμάζεσθαι.

1037 2145 1196 2173 Ἐδίδασκόν
1214 2153 1244 2171 τε
1258 2144 1312 2180 γὰρ
1328 2144 1358 2171 οὖ
1378 2145 1473 2172 τούτου
1490 2145 1586 2180 καιρός
1601 2153 1607 2160 ·
1637 2145 1739 2181 μᾶλλον
1761 2146 1792 2172 δὲ

1003 2193 1090 2220 πάντα
1107 2193 1202 2227 καιρόν
1213 2200 1221 2209 ·
1248 2192 1296 2220 καὶ
1313 2194 1415 2227 σημεῖα
1433 2192 1635 2225 ἐπεδείκνυντο,
1661 2190 1692 2221 οὗ
1716 2193 1792 2220 τοῦτ’

1003 2240 1164 2273 ἀναγκαῖον,
1180 2239 1196 2275 ἢ
1215 2239 1316 2274 μᾶλλον
1332 2239 1376 2266 ἀεὶ
1397 2239 1598 2267 ἐπεδείκνυντο.
1611 2239 1670 2267 Ἀεὶ
1687 2241 1743 2276 γὰρ
1761 2241 1792 2267 ἐν

1005 2285 1094 2320 πολλῷ
1111 2285 1195 2320 μήκει
1217 2287 1265 2312 καὶ
1279 2286 1328 2320 τῆς
1344 2282 1508 2321 οἰκουμένης
1520 2284 1555 2322 ἦν
1568 2287 1730 2320 ἀναγκαῖον,
1743 2289 1792 2314 καὶ

1003 2331 1174 2363 διδάσκοντες
1202 2331 1250 2366 μὲν
1277 2332 1382 2358 ἑαυτῶν
1407 2332 1445 2364 ὡς
1477 2331 1605 2367 θαύματα
1637 2333 1792 2359 ποιούντων

1003 2377 1147 2412 ἐκράτουν,
1176 2377 1304 2412 θαύματα
1327 2378 1355 2404 δὲ
1383 2378 1466 2406 πάλιν
1493 2378 1635 2411 τελοῦντες
1656 2378 1694 2410 ὡς
1718 2379 1793 2405 διδα-

1004 2424 1133 2457 σχόντων⁷
1158 2424 1205 2450 καὶ
1229 2424 1267 2458 τῷ
1297 2424 1438 2458 κρείττους
1464 2424 1570 2451 ἑαυτῶν
1593 2425 1622 2451 ἐν
1648 2424 1792 2458 ἐκατέροες

1003 2467 1072 2496 εἶναι
1083 2469 1182 2501 δοκεῖν,
1205 2470 1257 2496 ἴσοι
1279 2469 1341 2497 καθ’
1359 2470 1480 2506 ἑκάτερα
1498 2470 1546 2497 καὶ
1560 2470 1719 2505 ἐφάμιλλοι.
1736 2471 1792 2497 Καὶ

1005 2517 1058 2551 μὴν
1076 2517 1122 2543 καὶ
1149 2517 1178 2543 τὸ
1198 2517 1381 2551 δου).αγωγείν
1400 2517 1460 2549 μὲν,
1491 2518 1538 2543 καὶ
1564 2517 1735 2550 ὑπωπιάζειν
1759 2517 1791 2542 τὺ

1005 2561 1094 2595 σῶμα,
1114 2562 1195 2589 πάλιν
1221 2563 1243 2589 δ’
1258 2563 1364 2597 ἑτέροις
1389 2563 1560 2590 ἐπιστέλλειν
1584 2564 1649 2598 οϊνῳ
1673 2563 1793 2598 χρῆσθαι

1003 2607 1047 2633 διὰ
1060 2608 1196 2643 στόμαχον
1210 2609 1257 2636 καὶ
1271 2609 1426 2642 ἀσθένειαν,
1441 2609 1488 2644 τῆς
1505 2609 1639 2645 μεγίστης
1650 2610 1792 2644 φροντίδος

1003 2653 1041 2684 ὡς
1056 2654 1174 2688 ἀληθῶς.
1194 2655 1288 2681 Ταῦτα.
1310 2655 1336 2681 δὲ
1357 2655 1408 2690 ἤδη
1431 2657 1478 2682 καὶ
1501 2656 1622 2690 γέμοντα
1640 2656 1792 2690 θαύματος,

1003 2700 1042 2726 ὅτι
1056 2709 1109 2735 περ
1126 2700 1234 2727 ἐναντία
1247 2700 1377 2727 δοκοῦντα
1394 2701 1461 2735 πρὸς
1474 2701 1519 2727 τὸν
1545 2701 1626 2728 αὐτὸν
1649 2702 1792 2737 συντρέχει

1003 2747 1115 2773 σκοπόν.
1134 2747 1171 2773 Τὸ
1184 2746 1233 2781 μὲν
1248 2749 1302 2781 γὰρ
1314 2747 1471 2782 σκιρτῶσαν
1485 2747 1520 2779 ὡς
1533 2747 1634 2780 πῶλον,
1645 2747 1692 2782 τὴν
1705 2748 1794 2781 σάρκα

1003 2792 1049 2820 τοῦ
1069 2794 1106 2828 μὴ
1123 2794 1275 2829 πράγματα
1295 2794 1426 2829 παρέχειν
1441 2795 1473 2829 τῇ
1487 2794 1573 2829 ψυχῇ,
1587 2793 1713 2829 χαλινοῦν
1728 2793 1792 2828 βού-

1002 2839 1078 2866 λεται
1090 2847 1096 2855 ·
1113 2841 1143 2866 τὸ
1164 2840 1193 2867 δὲ
1211 2840 1279 2877 πρὸς
1294 2841 1426 2877 ἐργασίαν
1441 2842 1494 2869 τῶν
1512 2841 1605 2877 καλῶν
1624 2840 1793 2877 ἰσχὺνηέμσι

1001 2886 1041 2921 τῷ
1060 2885 1178 2921 σώματι.
