1924 3092
165 95 175 127 1
180 95 234 126 0⁷13

644 95 849 126 ENCOMIUM
866 96 917 127 SS.
935 96 1050 127 PETRI
1069 98 1118 127 ET
1139 97 1265 129 PAULI.

1713 98 1722 129 i
1729 99 1789 131 071/

201 153 296 181 Βούλει
310 155 357 181 καὶ
380 150 452 191 ᾗτινι
467 153 653 181 κατετείνοντο
676 153 796 189 φροντίδι
815 162 846 180 πε
853 154 878 188 pl.
893 153 948 180 τῶν
962 177 966 183 ,

1036 156 1076 182 An
1092 155 1181 191 cupis,
1200 161 1228 184 ut
1257 164 1401 192 exponam,
1434 164 1486 192 qua
1504 163 1569 184 cura
1599 157 1680 183 etiam
1708 158 1780 183 circa

163 200 252 232 ἐκτὸς,
267 200 355 232 simu;
374 199 449 235 Αὕτη
467 200 545 227 κοινά
562 200 596 227 τά
609 200 698 228 πάντα
713 201 768 231 τοῖς
786 199 948 226 πιστεύσασι

164 246 316 281 προῦθηκι.
331 247 386 273 Καὶ
411 247 489 273 τοῦτο
501 247 532 282 δὴ
548 247 578 273 τὸ
591 246 695 282 ψυχρὸν
709 246 739 272 τὸ
762 247 836 281 ἐμόν
852 255 880 273 τε
902 247 950 273 καλ⁴

164 292 222 319 σὸν
234 292 284 326 τῆς
299 301 329 319 τε
345 292 467 327 γλώττης
488 294 536 320 καὶ
555 293 666 328 γνώμης
681 292 792 325 ἐξεῖλεν.
808 293 881 328 Δύτη
899 302 950 320 πα-

166 339 368 374 ραθεωρεῖσθαι
384 340 435 371 τὰς
451 340 538 375 χήρας
558 339 607 374 οὐχ
628 340 666 371 ὡς
680 340 793 366 ἀνεκτὸν
815 340 949 375 ἦνεγκεν⁰

165 385 235 420 αὕτη
258 386 395 420 Στέφανον
408 385 533 416 καὶτοὺς
557 385 585 418 ἐξ
603 386 643 417 είς
662 386 799 413 διακονίαν
814 385 951 420 ἐχειροτό-

165 438 249 465 νησε·
266 430 368 464 ταύτης
393 430 474 465 ἔργον
492 431 580 457 τὸδιά
607 431 716 458 Παύλου
741 431 872 466 σταλῆναι
896 432 952 462 τοῖς

167 477 237 503 κατὰ
263 476 313 512 τὴν
347 477 479 504 Ἰουδαίαν
507 477 643 511 ἀδελφοῖς,
673 477 768 504 καθότι
793 477 825 504 ἂν
849 475 889 508 εἷς
912 486 953 509 τις

170 523 285 554 ἕκαστος
301 523 450 558 ηὑπορεῖτο
464 523 519 549 τῶν
541 524 686 558 μαθητῶν·
706 524 811 557 ταύτην
834 524 880 550 καὶ
894 525 954 556 ταῖς

169 569 223 596 τῶν
236 570 322 596 ἄλλων
333 569 509 604 ἐγχαράττων
517 571 531 595 ὁ
539 569 643 601 Παῦλος
651 569 832 604 ψυχαῖς,7”αῖς
842 571 953 604 χρείαις

146 640 148 643 .
168 625 227 650 μου
240 616 359 649 καὶτοῖς
367 616 436 644 οὖσι
446 617 508 651 μετ’
518 616 591 651 ἐμοῦ
603 615 834 650 ὑπηρέτησαναὶ
847 616 953 651 χεῖρες,

171 662 276 697 ἔλεγεν,
296 660 394 690 αὗται.
412 662 481 693 Τοὺς
495 661 585 688 τοίνυν
598 661 668 689 οὕτω
687 662 736 697 μὲν
757 663 863 697 ψυχῶν,
885 662 956 689 οὓτω

171 707 199 734 δὲ
215 708 362 741 σωμάτων,
384 706 458 734 οὕτω
474 707 503 734 δὲ
517 707 572 733 τῶν
588 707 665 740 ἐκτδς
683 708 836 742 φροντίζειν
853 707 957 743 προθύ-

174 763 241 789 μους
265 754 355 786 ὄντας,
381 754 419 785 ὡς
439 753 553 788 μηδενὸς
568 754 620 780 τῶν
643 753 661 781 ἃ
678 753 726 780 καὶ
743 753 776 780 δι’
799 750 836 779 ὥν
851 753 908 779 ὲστὶ
927 761 956 779 τε

173 801 220 827 καὶ
232 800 403 834 διαγίγνεται
430 799 585 834 ἄνθρωπος,
601 799 724 834 ἀμελεῖν,
742 799 789 826 καὶ
807 799 875 834 πρὸς
895 797 957 825 τού-

172 855 229 877 τοις
243 846 307 873 εῐσω
323 847 375 881 τῆς
392 846 497 877 οἰκείας
520 846 699 881 ποιουμένους
718 846 858 882 φροντίδος
881 846 956 882 ἔθνη,

176 890 281 922 πόλεις,
303 891 410 926 κώμας,
437 891 540 926 ἀγροὺς
565 891 629 923 τοὺς
656 891 826 918 καθέκαστον
854 892 959 928 πάντας

173 937 278 968 ἁπλῶς.
293 938 328 964 τά
354 945 383 964 τε
406 937 475 964 ἄλλα
500 938 633 970 τοιούτοις
652 938 689 970 ὡς
715 938 760 964 ἀεὶ
775 939 806 965 τὸ
831 937 959 973 δεύτερον

175 983 237 1016 περὶ
252 983 353 1016 αὐτῶν,
370 983 461 1019 ῥηθὲν,
479 984 603 1018 κρεῖττον
624 983 672 1010 τοῦ
699 983 882 1019 προλαϐόντος
910 983 955 1010 δο-

175 1030 244 1062 κεῖν,
264 1029 347 1056 πόσον
361 1038 403 1061 τις
415 1030 586 1056 ἐπαινεῖσθαι
600 1030 662 1061 τοὺς
683 1029 716 1057 ἂν
731 1029 828 1065 πόρρω
845 1038 898 1056 που
911 1028 960 1057 τοῦ

177 1075 244 1109 προς
266 1076 344 1109 ἀξίαν
368 1077 521 1112 εὑρίσκοιτο
539 1077 590 1103 ἐτι.
607 1077 696 1112 Μέχρι
725 1076 775 1111 μὲν
803 1076 835 1111 δὴ
857 1075 962 1103 τούτων

177 1121 274 1155 ταῦτα,
288 1122 337 1149 καὶ
352 1123 410 1154 τοῖς
428 1123 552 1157 φιλοῦσιν
568 1122 672 1149 ἕκαστα
688 1122 803 1158 ἱστορεῖν
814 1122 962 1158 σύνδρομον

177 1168 211 1204 τῇ
224 1167 338 1204 ἀληθείᾳ
353 1169 399 1195 καὶ
412 1167 443 1195 τὸ
456 1168 548 1204 θαῦμα
567 1168 756 1204 προτείνοντα.

216 1259 320 1294 Καιρδς
340 1259 368 1286 δὲ
385 1259 435 1294 ἤδη
451 1260 499 1286 καὶ
513 1260 547 1296 ἥν
563 1260 589 1287 οι
610 1260 754 1287 ἀπόστολοι
769 1260 849 1296 χάριν
865 1261 964 1288 ἐπλού-

179 1312 241 1330 τουν
259 1304 306 1330 τοῦ
324 1305 494 1339 Πνεύματος,
511 1305 560 1331 καὶ
571 1306 628 1337 τοῖς
643 1305 734 1337 ἄλλοις
749 1305 870 1341 δαψιλῶς
882 1315 966 1341 μετα.

180 1351 283 1378 διδόναι
306 1349 389 1386 εἶχον,
412 1351 509 1382 εἰπεῖν.
523 1352 592 1386 ὅπερ
620 1351 669 1387 οὐχ
690 1352 766 1384 ὅπως
789 1354 852 1388 σιγῇ
869 1361 911 1385 τις
933 1353 966 1379 ἃν

182 1398 286 1434 παριὼν
312 1398 401 1425 αἰτίαν
426 1397 578 1432 λαμϐάνοι,
608 1398 666 1424 ἀλλ’
690 1400 714 1426 ει
742 1398 781 1434 μὴ
803 1399 851 1426 καὶ
865 1400 897 1425 ὲκ
913 1399 967 1426 τῶν

183 1447 296 1473 ἐνόντων
314 1446 450 1481 ἐπαινοίη,
465 1446 596 1482 ἀσχολίαν
616 1446 700 1480 ἄλλην
725 1445 836 1473 ἃπασαν
852 1445 966 1478 ἀνελὼν,

1001 206 1113 230 externa
1156 203 1208 230 ista
1242 203 1368 238 occupati
1405 202 1523 230 fuerint?
1560 202 1621 229 "me
1659 202 1783 229 ﬁdelibus

1002 248 1093 275 omnia
1113 249 1269 276 communia
1296 249 1414 276 reddidit
1428 252 1454 275 et
1473 248 1599 284 frigidum
1634 248 1698 275 illud
1723 257 1784 275 ver-

1004 295 1081 326 bum,
1096 303 1183 322 meum
1194 299 1219 322 et
1237 300 1309 322 tuum
1322 300 1349 322 et
1365 303 1396 322 ex
1414 302 1461 322 ore
1474 298 1501 321 et
1515 303 1546 322 ex
1570 298 1658 321 mente
1673 294 1783 321 exemit.

1003 340 1065 368 Haec
1085 341 1183 373 effecit,
1202 345 1231 368 ut
1253 341 1398 368 viduarum
1431 341 1569 375 neglectus
1587 345 1613 368 et
1642 341 1786 374 despectus

1004 386 1183 415 intolerabilis
1195 391 1363 415 censeretur.
1393 386 1455 414 Hmc
1473 387 1641 421 Stephanum
1656 394 1719 413 cum
1739 393 1787 413 sex

1005 433 1116 468 collegis
1132 433 1262 461 diaconos
1280 433 1391 461 crearit.
1422 432 1484 460 Haec
1507 432 1609 463 elIecit,
1637 435 1666 458 ut
1695 431 1787 466 egenis

1005 481 1032 507 in
1049 480 1141 508 Judma
1160 480 1292 508 fratribus
1305 487 1353 515 per
1377 479 1491 507 Paulum
1518 478 1667 507 subsidium
1697 477 1788 504 mitte-

1006 531 1091 558 retur,
1109 534 1158 561 pro
1176 527 1254 560 copia
1272 532 1300 554 et
1332 526 1508 553 facultatibus
1541 523 1714 559 singulorum
1745 522 1786 549 di-

1006 573 1184 608 scipulorum.
1199 574 1276 600 Hanc
1287 573 1403 600 aliorum
1420 579 1529 607 quoque
1541 571 1676 598 mentibus
1689 569 1788 595 Paulus

1007 620 1162 656 insculpere
1193 621 1307 653 volens,
1333 620 1460 648 dicebat:
1488 619 1528 646 Ad
1554 626 1612 654 qua:
1637 618 1700 644 mihi
1724 625 1790 652 opus

1007 671 1093 699 erant,
1126 671 1151 694 et
1171 667 1221 698 Itis.
1252 668 1296 701 qui
1331 674 1432 693 mecum
1468 670 1539 698 sunt,
1575 664 1791 692 ministraverunt

1008 720 1102 739 manus
1130 713 1188 740 ista:
1202 712 1235 739 ”.
1253 712 1306 739 Eos
1329 713 1420 748 igitur,
1439 711 1486 746 qui
1513 716 1565 738 tam
1591 711 1694 738 alacres
1708 709 1792 736 exsti-

1010 763 1069 787 tere
1100 759 1126 786 in
1160 767 1226 787 cura
1259 760 1424 790 animarum.
1457 765 1613 793 corporum,
1643 763 1792 789 rerumque

1009 810 1196 837 externarum,
1224 806 1262 832 ita
1280 809 1309 832 ut
1340 805 1406 832 nihil
1434 811 1541 836 eorum,
1569 810 1618 838 per
1635 810 1695 837 qua:
1713 803 1792 828 homo

1010 854 1051 877 rst
1074 855 1102 878 et
1126 849 1259 883 subsistit,
1287 849 1441 876 inauratum
1457 849 1649 883 relinquerent,
1674 851 1700 873 et
1723 853 1791 880 pne-

1011 901 1083 924 terea
1101 904 1178 924 suam
1198 897 1225 924 in
1244 904 1336 924 curam
1357 896 1510 930 reciperent
1523 900 1627 930 gentes.
1655 894 1791 922 civitates.

1011 943 1098 975 vicos,
1122 950 1203 978 agros
1231 950 1278 970 seu
1304 942 1442 970 territoria
1471 941 1576 976 singula
1594 945 1621 968 et
1640 940 1743 971 omnia.
1768 944 1796 966 et

1013 990 1055 1017 his
1077 990 1188 1022 similia.
1214 995 1243 1017 ut
1260 989 1332 1024 quod
1348 989 1469 1017 secundo
1488 988 1548 1015 loco
1562 987 1596 1015 de
1614 987 1667 1015 illis
1695 986 1796 1013 dicitur

1012 1035 1110 1063 melius
1141 1036 1268 1063 videatur
1283 1044 1329 1067 eo,
1353 1035 1424 1070 quod
1451 1034 1620 1066 antecessit;
1651 1037 1796 1068 quantum-

1013 1082 1121 1117 cunﬂuc
1137 1083 1200 1117 quis
1234 1082 1397 1113 laudaverit,
1414 1089 1468 1109 non
1488 1080 1583 1115 procul
1614 1079 1649 1106 ab
1662 1086 1695 1106 eo
1723 1078 1795 1113 quod

1013 1137 1046 1156 cx
1081 1128 1215 1162 dignitate
1241 1131 1293 1160 est,
1317 1127 1414 1154 abesse
1442 1125 1623 1160 judicabitur.
1659 1122 1798 1150 Hactenus

1015 1175 1065 1201 ista
1086 1173 1267 1200 admiratione
1287 1172 1368 1206 digna
1389 1173 1416 1200 in
1446 1171 1561 1206 gratiam
1590 1170 1739 1198 amantium
1754 1177 1798 1195 vc-

1016 1220 1123 1246 ritatem
1141 1219 1335 1246 convenienter
1346 1217 1482 1253 explicare
1495 1218 1598 1244 studui.

1055 1266 1173 1301 Tempus
1191 1273 1266 1293 nunc
1296 1265 1380 1293 luerit
1395 1265 1476 1292 etiam
1494 1263 1529 1290 de
1556 1262 1642 1298 gratia
1671 1261 1798 1296 Spiritus.

1016 1319 1068 1347 qua
1086 1311 1201 1346 apostoli
1220 1310 1405 1342 abundabant.
1433 1309 1548 1344 aliisque
1564 1316 1595 1337 se
1612 1308 1724 1342 largiter
1749 1307 1802 1333 im-

1016 1358 1183 1392 pertiebant,
1199 1357 1348 1388 disserere,
1368 1361 1395 1384 et
1413 1355 1465 1383 hoc
1479 1363 1544 1387 non,
1566 1360 1596 1382 ut
1612 1354 1635 1382 si
1662 1353 1726 1388 quis
1740 1360 1799 1380 eam

1019 1404 1126 1432 silentio
1143 1407 1298 1439 praetereat,
1310 1402 1419 1437 culpant
1443 1401 1607 1432 contrahat;
1631 1400 1680 1428 sed
1696 1403 1727 1426 ut
1748 1398 1801 1425 nisi

1019 1450 1131 1486 praecisa
1160 1450 1236 1477 omni
1260 1449 1312 1476 alia
1335 1449 1524 1483 occupatione,
1555 1451 1582 1474 et
1610 1445 1736 1481 praesenti
1761 1453 1804 1471 re-

183 1492 213 1519 οὗ
232 1502 276 1527 μοι
292 1493 366 1520 δοκεῖ
380 1493 463 1528 ἔχειν,
478 1493 552 1524 ὅπως
570 1493 604 1520 ἂν
617 1493 668 1527 τὴν
682 1492 728 1518 ἐπὶ
742 1491 830 1526 τούτῳ
847 1500 966 1527 κατηγο-

1020 1504 1078 1524 rum
1105 1497 1182 1531 copia
1211 1495 1391 1524 laudationem
1418 1498 1566 1524 contexat.
1604 1492 1630 1519 in
1659 1491 1804 1518 inevitabi-

186 1538 246 1573 ρίαν
271 1539 396 1573 ἐκφύγοι.
421 1536 474 1565 Ἦν
497 1539 520 1566 δ’
545 1539 620 1574 ὅμως
637 1539 725 1565 είπετν
751 1539 788 1574 μὴ
812 1537 902 1573 πολλῷ
917 1538 966 1571 τῆς

186 1584 264 1617 ἀξίας
289 1585 514 1619 καταδεέστερον,
539 1584 567 1611 εἴ
581 1593 624 1616 τις
647 1584 697 1619 τῆς
720 1584 832 1611 ἐκείνων
856 1583 967 1618 χάριτος

188 1630 312 1666 μετέχειν
327 1630 401 1665 ἐξῆν.
417 1630 474 1658 Νῦν
487 1630 516 1657 δέ
535 1639 580 1665 μοι
596 1630 748 1657 κινδυνεύει
760 1629 850 1656 λαλεῖν
861 1629 876 1655 ὁ
889 1628 968 1662 λόγος

187 1678 220 1704 τὰ
236 1677 282 1704 τοῦ
297 1677 452 1711 πνεύματος
466 1679 549 1712 χωρὶς
561 1677 726 1711 πνεύματος,
738 1676 787 1702 καὶ
798 1677 854 1708 τοῖς
864 1676 969 1710 ἀκροω-

191 1725 279 1760 μένοις
293 1725 341 1759 ούχ
357 1725 419 1751 ὅσον
444 1724 502 1750 ἐστι
524 1723 696 1758 βουλομένοις
713 1721 970 1749 ἀκοῦσαιτοσοῦτον

189 1772 277 1798 εἰπεῖν
291 1771 449 1805 δυνηθῆναι.
473 1770 543 1796 Ἀλλ’
559 1770 621 1796 ἐπεὶ
637 1769 704 1804 μηδὲ
719 1768 798 1795 τοῦτό
811 1777 853 1799 τις
869 1768 900 1794 τὸ
916 1768 972 1802 μέ-

191 1826 238 1853 ρος
262 1818 440 1850 ἀνεξέταστον
469 1815 614 1850 παρελθεῖν
638 1815 792 1848 ἐπιτρέπει,
817 1813 932 1849 λέγομεν
954 1813 973 1840 ἃ.

190 1864 223 1891 ἂν
250 1864 317 1898 ἡμῖν
344 1862 490 1895 δεηθεῖσιν.
513 1860 579 1888 αύτδ
599 1860 636 1895 δῷ
665 1858 786 1894 Πνεῦμα.
807 1859 843 1885 Τό
867 1867 896 1885 τε
917 1859 972 1893 γὰρ

192 1911 276 1945 μηδὲν
291 1909 359 1940 ὅλως
377 1909 465 1935 εἰπεῖν
479 1907 578 1935 οὔκουν
594 1906 746 1941 εὔγνωμον,
761 1905 809 1932 καὶ
826 1905 857 1931 τὸ
873 1903 911 1940 μὴ
923 1905 972 1931 σὺν

191 1956 328 1992 εὐλαϐείᾳ,
342 1956 520 1991 θρασύτερον.

1019 1545 1089 1576 lem,
1117 1543 1220 1578 judicio
1254 1550 1333 1574 meo,
1359 1540 1596 1577 reprehensionem
1638 1537 1807 1565 incursuros

1020 1590 1066 1618 sit.
1096 1589 1128 1616 Et
1157 1589 1214 1616 fieri
1246 1588 1353 1622 poterit,
1393 1591 1424 1614 ut
1458 1586 1520 1622 quis
1552 1585 1638 1620 gratia
1672 1583 1716 1610 illa
1748 1590 1804 1610 coe-

1022 1635 1082 1663 lesti
1112 1633 1243 1670 praeditus
1273 1641 1326 1661 non
1368 1632 1457 1660 multo
1485 1631 1614 1662 inferius,
1647 1636 1728 1664 quam
1759 1634 1805 1654 ar—

1023 1685 1183 1716 gumentum
1217 1683 1363 1710 mereatur,
1395 1677 1479 1705 dicat.
1513 1675 1578 1704 Mihi
1606 1679 1696 1703 autent
1732 1681 1806 1700 nunc

1024 1726 1173 1761 periculqu
1206 1726 1338 1757 imminet,
1382 1728 1474 1759 utpote
1507 1723 1554 1757 qui
1597 1729 1659 1756 quae
1691 1719 1806 1754 spiritus

1024 1775 1098 1804 sunt,
1112 1770 1216 1805 absque
1239 1769 1335 1804 spiritu
1358 1768 1449 1803 eloqui
1477 1772 1590 1799 lentem,
1618 1773 1668 1793 nec
1696 1764 1804 1792 audito-

1025 1824 1085 1844 rum
1109 1817 1221 1843 incenso
1237 1814 1373 1842 desiderio
1396 1813 1553 1841 satisfacere
1567 1811 1680 1839 valeam.
1707 1810 1806 1838 Verum

1025 1867 1087 1887 cum
1114 1866 1202 1893 neque
1229 1858 1299 1886 hanc
1325 1862 1428 1893 partem
1458 1857 1588 1884 intactam
1617 1855 1808 1890 praetervolare

1027 1906 1220 1940 permittatur.
1249 1912 1281 1933 ea
1318 1904 1483 1935 aﬂ‘eremus,
1515 1911 1575 1938 quae
1606 1902 1665 1937 ipse
1692 1901 1809 1936 Spiritus

1028 1950 1274 1986 suppeditaverit:
1308 1956 1370 1976 nam
1416 1948 1524 1984 penitus
1562 1948 1662 1979 silere,
1702 1947 1808 1974 veniam

193 2011 245 2031 non
279 1991 408 2035 meretur,
438 2006 465 2030 et
489 2001 549 2029 sine
574 2000 666 2028 debita
711 1997 863 2026 reverentia
891 1996 1002 2025 dicendi
1045 1996 1212 2031 provinciam
1250 1995 1411 2030 suscipere,
1451 1993 1565 2021 audacia
1601 1992 1672 2020 haud
1710 1991 1810 2027 injuria

197 2050 354 2077 deputatur.

228 2062 229 2067 η
251 2058 354 2077 utatur.

228 2058 286 2131 Ἰίὴν
301 2095 382 2130 χάριν
396 2093 443 2120 τιοῦ
464 2092 623 2127 ῐινεύματος
636 2091 682 2118 καλ
696 2091 761 2126 πρὶν
785 2092 826 2123 εις
846 2089 978 2126 οὐρανοὺς

164 2157 168 2164 ι
194 2142 316 2169 ἀνελθεῖν
331 2140 450 2176 Χριστὸς
468 2140 524 2171 τοῖς
549 2138 710 2168 ἀποστόλοις
723 2137 912 2172 δεδωρημένος
932 2143 977 2170 γι-

194 2189 328 2215 νώσκεται
345 2187 392 2214 καὶ
409 2185 576 2215 πιστεύεται,
594 2184 641 2210 καὶ
659 2183 705 2209 τὸν
726 2183 907 2217 Πσρὰκλητον
928 2181 978 2208 αὐ-

195 2235 240 2261 τὶν
258 2233 326 2269 μετὰ
341 2233 390 2268 τὴν
407 2233 446 2264 είς
462 2232 594 2265 οὐρανοὺς
606 2229 698 2256 ἄνοδον
714 2229 874 2256 ἀποστελεῖν
891 2229 978 2261 ὲπηγ-
995 2248 1017 2277 D

196 2280 317 2314 γείλατο.
346 2278 430 2305 Οὐδὲν
456 2276 512 2312 γὰρ
537 2274 632 2302 καθότι
663 2273 700 2309 μὴ
725 2273 821 2300 τούτου
849 2273 980 2308 παρεῖχον

197 2327 290 2358 ἀξίους
312 2325 427 2355 ἑαυτοὺς
443 2319 515 2350 οὗτοι
532 2321 579 2349 καὶ
594 2320 679 2356 σκεύη
703 2319 771 2355 πρὸς
786 2318 921 2353 ὑποδοχὴν
935 2319 980 2344 εύ-

197 2373 356 2408 ψυχέστατα
366 2378 373 2385 ·
391 2371 454 2402 τοὺς
474 2369 528 2404 γὰρ
543 2368 581 2404 τῷ
594 2367 652 2402 Θεῷ
668 2366 748 2401 Λόγῳ
763 2364 980 2400 συμπολιτευσα‹

201 2420 296 2455 μένους
313 2417 450 2444 πολιτείαν
465 2415 583 2450 ἐκείνην,
601 2412 635 2450 ἧς
650 2413 738 2443 οὐδεὶς
751 2411 804 2438 τῶν
821 2411 868 2438 ἀπ’
883 2411 981 2442 αἰῶνος

201 2464 447 2500 εὐδαιμονεστέραν
459 2461 663 2492 ἐπολιτεύσατο,
675 2460 722 2486 καὶ
733 2459 841 2494 νύκτωρ
860 2458 907 2484 καὶ
923 2457 983 2492 μεθ’

201 2511 306 2547 ἡμέραν
321 2510 532 2544 συγγεγονότας,
554 2506 647 2533 λοιπὸν
661 2503 696 2541 ἦν
713 2505 760 2532 καὶ
778 2504 824 2531 τοῦ
842 2502 985 2539 συμφυοῦς

202 2558 277 2593 αύτῷ
292 2557 339 2584 καὶ
354 2557 486 2591 ὀμοτίμου
508 2553 667 2588 Πνεύματος
686 2551 778 2586 δοχεῖα
794 2550 935 2582 γενέσθαι.
956 2549 986 2576 '0

205 2604 255 2639 μὲν
268 2601 314 2631 οὖν
333 2602 424 2630 αὐτῶν
437 2601 486 2637 τὴν
505 2601 595 2628 πίστιν
614 2598 713 2629 τελέως
731 2598 769 2628 εἰς
785 2596 902 2630 δεκάτην
917 2594 986 2629 μετὰ

204 2651 253 2686 τὴν
282 2649 415 2684 ἀνάληψιν
443 2648 550 2682 ἡμέραν
574 2645 740 2680 ἐγύμνασεν.
770 2642 848 2669 Ἐπεὶ
869 2642 897 2668 δὲ
915 2641 983 2675 μήτε

205 2698 288 2732 χωρὶς
306 2696 395 2730 φωτὸς
417 2693 493 2730 ἥλιον
518 2693 593 2720 ἔστιν
615 2692 689 2722 ίδεῖν,
707 2690 744 2725 μή
763 2697 794 2715 τε
809 2688 875 2715 Θεὸν
891 2687 988 2720 νοῆσαι

207 2742 267 2778 δίχα
283 2742 329 2769 τοῦ
354 2741 509 2776 ἀληθεύειν,
533 2739 623 2773 παρῆν
650 2738 665 2772 ή
690 2734 846 2771 προθεσμία
870 2732 989 2761 καὶτῶν

245 2831 265 2847 ¹⁹
279 2831 338 2858 Act.
358 2838 401 2861 xx,
418 2828 461 2855 Et.

1064 2087 1216 2118 Christum,
1237 2084 1320 2113 etiam
1339 2089 1402 2111 ante
1427 2080 1616 2110 ascensionem
1645 2080 1672 2107 in
1697 2079 1811 2107 ccelum-

1027 2133 1142 2170 gratiam
1159 2130 1279 2166 Spiritus
1305 2128 1446 2164 discipulis
1467 2127 1526 2154 suis
1545 2126 1662 2159 dedisse,
1685 2125 1812 2152 novimus

1028 2185 1055 2208 et
1071 2178 1221 2211 credimus,
1249 2176 1394 2212 ipsumque
1417 2173 1589 2201 Paracletum
1604 2177 1667 2208 post
1695 2171 1811 2199 reditum

1031 2227 1059 2253 in
1075 2225 1174 2253 cwlum
1189 2230 1219 2251 se
1245 2222 1286 2250 eis
1302 2222 1451 2249 missurum
1481 2218 1626 2255 promisit;
1657 2225 1707 2245 nec
1735 2217 1815 2252 quid—

1034 2278 1115 2306 quam
1132 2268 1267 2297 obstaculi
1292 2266 1466 2301 objiciebant,
1489 2272 1543 2300 quo
1567 2263 1660 2291 minus
1679 2269 1713 2290 eo
1740 2261 1814 2297 digni

1033 2317 1140 2344 ﬂerent.
1165 2314 1224 2342 Imo
1253 2312 1429 2347 suscipiendo
1444 2310 1557 2345 Spiritui
1585 2308 1728 2344 aptissima
1749 2314 1814 2334 vasa

1034 2367 1133 2396 erant;
1160 2369 1222 2388 nam
1240 2360 1288 2396 qui
1316 2367 1378 2387 cum
1395 2357 1442 2385 Dei
1461 2355 1553 2384 Verbo
1572 2362 1632 2382 eam
1655 2355 1716 2381 vitae
1732 2353 1815 2380 ratio-

1035 2416 1096 2436 nem
1124 2408 1252 2439 inierant,
1274 2405 1389 2441 qualisa
1404 2403 1514 2431 condito
1536 2400 1636 2429 mundo
1666 2399 1741 2427 nulla
1769 2406 1816 2425 cx-

1033 2453 1113 2485 stitit.
1143 2453 1245 2488 quique
1259 2459 1321 2479 cum
1341 2450 1436 2478 eodem
1459 2447 1553 2475 Verbo
1580 2445 1640 2473 dies
1669 2449 1818 2478 noctesque

1034 2499 1135 2529 versati
1151 2498 1269 2530 fuerant,
1296 2504 1345 2525 eos
1374 2494 1518 2530 oportebat
1547 2491 1666 2526 Spiritus
1693 2490 1815 2525 ejusdem

1035 2554 1097 2574 cum
1111 2545 1202 2572 Verbo
1228 2547 1343 2575 naturae,
1374 2540 1498 2572 honoris,
1517 2542 1546 2566 et
1565 2536 1705 2573 dignitatis
1735 2543 1818 2570 quam

1037 2592 1154 2620 maxime
1167 2591 1266 2618 idonea
1287 2585 1557 2622 rcceptacula,etiici.
1575 2583 1626 2616 Qui
1644 2587 1704 2617 post
1723 2589 1820 2609 ascen:

1038 2639 1141 2667 sionem
1157 2643 1234 2664 suam
1254 2641 1302 2670 per
1318 2633 1378 2661 dies
1392 2632 1485 2660 docent
1515 2637 1609 2658 eorum
1629 2628 1709 2655 fidem
1737 2635 1820 2654 accu-

1041 2689 1100 2713 rate
1123 2682 1257 2711 exercuit.
1290 2680 1437 2714 Postquam
1463 2685 1529 2704 vero
1558 2683 1645 2710 neque
1673 2674 1733 2702 sine
1761 2674 1820 2700 luco

1045 2730 1130 2758 solem
1141 2728 1232 2756 videre
1245 2726 1321 2760 licet,
1333 2731 1421 2759 neque
1437 2723 1520 2750 Deum
1547 2720 1700 2755 intelligere
1717 2719 1820 2754 absque
