  <div class='ocr_page' id='page_1' title='image "/cluster/home/n/w/nwhite01/storage/ocr_20150623/147/njp.32101010943429/581.png"; bbox 0 0 1924 3092; ppageno 0'>
   <div class='ocr_carea' id='block_1_1' title="bbox 165 80 233 116">
    <p class='ocr_par' dir='ltr' id='par_1_1' title="bbox 165 80 233 116">
     <span class='ocr_line' id='line_1_1' title="bbox 165 80 233 116; baseline -0.015 0"><span class='ocrx_word' id='word_1_1' title='bbox 165 80 233 116; x_wconf 77' lang='grc'><strong>1079</strong></span> 
     </span>
    </p>
   </div>
   <div class='ocr_carea' id='block_1_2' title="bbox 767 98 1119 138">
    <p class='ocr_par' dir='ltr' id='par_1_2' title="bbox 767 98 1119 138">
     <span class='ocr_line' id='line_1_2' title="bbox 767 98 1119 138; baseline 0.031 -10"><span class='ocrx_word' id='word_1_2' title='bbox 767 98 894 132; x_wconf 83' lang='lat' dir='ltr'><strong>MAXIM</strong></span> <span class='ocrx_word' id='word_1_3' title='bbox 900 101 911 132; x_wconf 80' lang='grc' dir='ltr'><strong>ί</strong></span> <span class='ocrx_word' id='word_1_4' title='bbox 932 103 1119 138; x_wconf 61' lang='grc' dir='ltr'><strong>ΡῙιΛΝΗῡεΕ</strong></span> 
     </span>
    </p>
   </div>
   <div class='ocr_carea' id='block_1_3' title="bbox 1721 123 1794 156">
    <p class='ocr_par' dir='ltr' id='par_1_3' title="bbox 1721 123 1794 156">
     <span class='ocr_line' id='line_1_3' title="bbox 1721 123 1794 156; baseline 0.014 -1"><span class='ocrx_word' id='word_1_5' title='bbox 1721 123 1794 156; x_wconf 62' lang='grc' dir='ltr'>ιιιεο</span> 
     </span>
    </p>
   </div>
   <div class='ocr_carea' id='block_1_4' title="bbox 161 145 925 212">
    <p class='ocr_par' dir='ltr' id='par_1_4' title="bbox 161 145 925 212">
     <span class='ocr_line' id='line_1_4' title="bbox 161 145 925 191; baseline 0.022 -19"><span class='ocrx_word' id='word_1_6' title='bbox 161 145 267 180; x_wconf 71' lang='lat' dir='ltr'><strong>Moyses</strong></span> <span class='ocrx_word' id='word_1_7' title='bbox 283 147 389 177; x_wconf 78' lang='lat' dir='ltr'><strong>dicatur</strong></span> <span class='ocrx_word' id='word_1_8' title='bbox 406 157 468 179; x_wconf 92' lang='lat' dir='ltr'><strong>cum</strong></span> <span class='ocrx_word' id='word_1_9' title='bbox 489 153 604 181; x_wconf 85' lang='lat' dir='ltr'><strong>Domino</strong></span> <span class='ocrx_word' id='word_1_10' title='bbox 618 154 734 191; x_wconf 85' lang='lat' dir='ltr'><strong>locutus,</strong></span> <span class='ocrx_word' id='word_1_11' title='bbox 751 159 822 187; x_wconf 87' lang='lat' dir='ltr'><strong>sicut</strong></span> <span class='ocrx_word' id='word_1_12' title='bbox 838 162 925 189; x_wconf 80' lang='lat' dir='ltr'><strong>amicu</strong></span> 
     </span>
     <span class='ocr_line' id='line_1_5' title="bbox 161 194 775 212; baseline 0 0"><span class='ocrx_word' id='word_1_13' title='bbox 161 199 220 212; x_wconf 72' lang='lat' dir='ltr'><strong>num</strong></span> <span class='ocrx_word' id='word_1_14' title='bbox 237 194 325 212; x_wconf 66' lang='lat' dir='ltr'><strong>nmina</strong></span> <span class='ocrx_word' id='word_1_15' title='bbox 339 196 413 212; x_wconf 71' lang='grc' dir='ltr'><strong>1ηη..ι</strong></span> <span class='ocrx_word' id='word_1_16' title='bbox 428 199 496 212; x_wconf 52' lang='grc' dir='ltr'><strong>-..ιιι</strong></span> <span class='ocrx_word' id='word_1_17' title='bbox 550 202 615 212; x_wconf 64' lang='grc' dir='ltr'><strong>,τιτι</strong></span> <span class='ocrx_word' id='word_1_18' title='bbox 641 208 647 212; x_wconf 99' lang='grc'>.</span> <span class='ocrx_word' id='word_1_19' title='bbox 749 205 756 212; x_wconf 89' lang='lat'>.</span> <span class='ocrx_word' id='word_1_20' title='bbox 769 206 775 211; x_wconf 86' lang='lat'><em>.</em></span> 
     </span>
    </p>
   </div>
   <div class='ocr_carea' id='block_1_5' title="bbox 979 145 1792 212">
    <p class='ocr_par' dir='ltr' id='par_1_5' title="bbox 979 145 1792 212">
     <span class='ocr_line' id='line_1_6' title="bbox 1721 145 1792 156; baseline 0.014 -1"><span class='ocrx_word' id='word_1_21' title='bbox 1721 145 1792 156; x_wconf 50' lang='grc' dir='ltr'><strong>ᾸζἻνυ</strong></span> 
     </span>
     <span class='ocr_line' id='line_1_7' title="bbox 979 167 1792 212; baseline 0.02 -21"><span class='ocrx_word' id='word_1_22' title='bbox 979 184 982 194; x_wconf 76' lang='grc'><strong>,</strong></span> <span class='ocrx_word' id='word_1_23' title='bbox 999 167 1114 200; x_wconf 60' lang='lat' dir='ltr'><strong>talin:</strong></span> <span class='ocrx_word' id='word_1_24' title='bbox 1133 169 1200 202; x_wconf 73' lang='grc' dir='ltr'>πρὸς</span> <span class='ocrx_word' id='word_1_25' title='bbox 1216 170 1328 204; x_wconf 69' lang='grc' dir='ltr'>Κύριον,</span> <span class='ocrx_word' id='word_1_26' title='bbox 1345 174 1411 200; x_wconf 75' lang='grc' dir='ltr'>ὡσεί</span> <span class='ocrx_word' id='word_1_27' title='bbox 1428 183 1468 206; x_wconf 79' lang='grc' dir='ltr'><strong>τις</strong></span> <span class='ocrx_word' id='word_1_28' title='bbox 1483 176 1598 212; x_wconf 77' lang='grc' dir='ltr'>λαλῆσαι</span> <span class='ocrx_word' id='word_1_29' title='bbox 1613 178 1681 212; x_wconf 67' lang='grc' dir='ltr'>πρὸς</span> <span class='ocrx_word' id='word_1_30' title='bbox 1690 179 1792 208; x_wconf 72' lang='grc' dir='ltr'>ἑαυτοῦ</span> 
     </span>
    </p>
   </div>
   <div class='ocr_carea' id='block_1_6' title="bbox 159 194 946 241">
    <p class='ocr_par' dir='ltr' id='par_1_6' title="bbox 159 194 946 241">
     <span class='ocr_line' id='line_1_8' title="bbox 159 194 946 241; baseline 0.024 -24"><span class='ocrx_word' id='word_1_31' title='bbox 159 199 220 218; x_wconf 85' lang='lat' dir='ltr'><strong>cum</strong></span> <span class='ocrx_word' id='word_1_32' title='bbox 236 194 325 222; x_wconf 79' lang='lat' dir='ltr'><strong>amico</strong></span> <span class='ocrx_word' id='word_1_33' title='bbox 339 196 413 231; x_wconf 87' lang='lat' dir='ltr'><strong>loqui</strong></span> <span class='ocrx_word' id='word_1_34' title='bbox 428 199 498 227; x_wconf 78' lang='lat' dir='ltr'><strong>solet</strong></span> <span class='ocrx_word' id='word_1_35' title='bbox 514 221 522 234; x_wconf 90' lang='lat'><strong>,</strong></span> <span class='ocrx_word' id='word_1_36' title='bbox 549 202 616 229; x_wconf 90' lang='lat' dir='ltr'><strong>nihil</strong></span> <span class='ocrx_word' id='word_1_37' title='bbox 641 208 731 232; x_wconf 82' lang='lat' dir='ltr'><strong>tamen</strong></span> <span class='ocrx_word' id='word_1_38' title='bbox 749 205 794 233; x_wconf 88' lang='lat' dir='ltr'><strong>hic</strong></span> <span class='ocrx_word' id='word_1_39' title='bbox 810 212 862 241; x_wconf 81' lang='lat' dir='ltr'><strong>est,</strong></span> <span class='ocrx_word' id='word_1_40' title='bbox 891 210 946 235; x_wconf 88' lang='lat' dir='ltr'><strong>col-</strong></span> 
     </span>
    </p>
   </div>
   <div class='ocr_carea' id='block_1_7' title="bbox 158 237 944 288">
    <p class='ocr_par' dir='ltr' id='par_1_7' title="bbox 158 237 944 288">
     <span class='ocr_line' id='line_1_9' title="bbox 158 237 944 288; baseline 0.024 -24"><span class='ocrx_word' id='word_1_41' title='bbox 158 237 260 267; x_wconf 86' lang='lat' dir='ltr'><strong>latione</strong></span> <span class='ocrx_word' id='word_1_42' title='bbox 283 248 345 269; x_wconf 90' lang='lat' dir='ltr'><strong>eum</strong></span> <span class='ocrx_word' id='word_1_43' title='bbox 370 247 503 278; x_wconf 75' lang='lat' dir='ltr'><strong>apostolis</strong></span> <span class='ocrx_word' id='word_1_44' title='bbox 532 248 612 276; x_wconf 79' lang='lat' dir='ltr'><strong>facta.</strong></span> <span class='ocrx_word' id='word_1_45' title='bbox 643 250 690 277; x_wconf 85' lang='lat' dir='ltr'><strong>llle</strong></span> <span class='ocrx_word' id='word_1_46' title='bbox 705 251 776 279; x_wconf 87' lang='lat' dir='ltr'><strong>enim</strong></span> <span class='ocrx_word' id='word_1_47' title='bbox 795 256 944 288; x_wconf 86' lang='lat' dir='ltr'><strong>posteriora</strong></span> 
     </span>
    </p>
   </div>
   <div class='ocr_carea' id='block_1_8' title="bbox 158 283 942 335">
    <p class='ocr_par' dir='ltr' id='par_1_8' title="bbox 158 283 942 335">
     <span class='ocr_line' id='line_1_10' title="bbox 158 283 942 335; baseline 0.023 -24"><span class='ocrx_word' id='word_1_48' title='bbox 158 283 204 312; x_wconf 79' lang='lat' dir='ltr'><strong>Dei</strong></span> <span class='ocrx_word' id='word_1_49' title='bbox 221 287 323 316; x_wconf 83' lang='lat' dir='ltr'><strong>vidisse</strong></span> <span class='ocrx_word' id='word_1_50' title='bbox 341 297 516 324; x_wconf 85' lang='lat' dir='ltr'><strong>memoratur.</strong></span> <span class='ocrx_word' id='word_1_51' title='bbox 533 295 578 322; x_wconf 88' lang='lat' dir='ltr'><strong>isti</strong></span> <span class='ocrx_word' id='word_1_52' title='bbox 608 304 673 324; x_wconf 86' lang='lat' dir='ltr'><strong>vero</strong></span> <span class='ocrx_word' id='word_1_53' title='bbox 689 297 772 326; x_wconf 90' lang='lat' dir='ltr'><strong>Deum</strong></span> <span class='ocrx_word' id='word_1_54' title='bbox 791 300 817 326; x_wconf 93' lang='lat' dir='ltr'><strong>in</strong></span> <span class='ocrx_word' id='word_1_55' title='bbox 848 308 942 335; x_wconf 85' lang='lat' dir='ltr'><strong>carne,</strong></span> 
     </span>
    </p>
   </div>
   <div class='ocr_carea' id='block_1_9' title="bbox 156 330 942 376">
    <p class='ocr_par' dir='ltr' id='par_1_9' title="bbox 156 330 942 376">
     <span class='ocr_line' id='line_1_11' title="bbox 156 330 942 376; baseline 0.023 -18"><span class='ocrx_word' id='word_1_56' title='bbox 156 330 227 359; x_wconf 82' lang='lat' dir='ltr'><strong>facie</strong></span> <span class='ocrx_word' id='word_1_57' title='bbox 256 334 289 361; x_wconf 87' lang='lat' dir='ltr'><strong>ad</strong></span> <span class='ocrx_word' id='word_1_58' title='bbox 319 334 416 364; x_wconf 81' lang='lat' dir='ltr'><strong>faciem</strong></span> <span class='ocrx_word' id='word_1_59' title='bbox 442 339 580 373; x_wconf 83' lang='lat' dir='ltr'><strong>viderunt,</strong></span> <span class='ocrx_word' id='word_1_60' title='bbox 607 347 634 370; x_wconf 81' lang='lat' dir='ltr'><strong>et</strong></span> <span class='ocrx_word' id='word_1_61' title='bbox 665 345 795 374; x_wconf 86' lang='lat' dir='ltr'><strong>manibus</strong></span> <span class='ocrx_word' id='word_1_62' title='bbox 831 353 942 376; x_wconf 88' lang='lat' dir='ltr'><strong>contre-</strong></span> 
     </span>
    </p>
   </div>
   <div class='ocr_carea' id='block_1_10' title="bbox 156 383 942 427">
    <p class='ocr_par' dir='ltr' id='par_1_10' title="bbox 156 383 942 427">
     <span class='ocr_line' id='line_1_12' title="bbox 156 383 942 427; baseline 0.022 -22"><span class='ocrx_word' id='word_1_63' title='bbox 156 383 278 413; x_wconf 87' lang='lat' dir='ltr'><strong>ctarunt,</strong></span> <span class='ocrx_word' id='word_1_64' title='bbox 303 387 330 409; x_wconf 91' lang='lat' dir='ltr'><strong>et</strong></span> <span class='ocrx_word' id='word_1_65' title='bbox 364 391 423 410; x_wconf 86' lang='lat' dir='ltr'><strong>cum</strong></span> <span class='ocrx_word' id='word_1_66' title='bbox 458 385 504 413; x_wconf 90' lang='lat' dir='ltr'><strong>illo</strong></span> <span class='ocrx_word' id='word_1_67' title='bbox 539 389 720 418; x_wconf 87' lang='lat' dir='ltr'><strong>comederunt</strong></span> <span class='ocrx_word' id='word_1_68' title='bbox 753 396 779 419; x_wconf 86' lang='lat' dir='ltr'><strong>et</strong></span> <span class='ocrx_word' id='word_1_69' title='bbox 805 393 942 427; x_wconf 88' lang='lat' dir='ltr'><strong>biberunl,</strong></span> 
     </span>
    </p>
   </div>
   <div class='ocr_carea' id='block_1_11' title="bbox 156 425 940 473">
    <p class='ocr_par' dir='ltr' id='par_1_11' title="bbox 156 425 940 473">
     <span class='ocr_line' id='line_1_13' title="bbox 156 425 940 473; baseline 0.022 -22"><span class='ocrx_word' id='word_1_70' title='bbox 156 429 184 452; x_wconf 87' lang='lat' dir='ltr'><strong>et</strong></span> <span class='ocrx_word' id='word_1_71' title='bbox 198 425 223 452; x_wconf 87' lang='lat' dir='ltr'><strong>in</strong></span> <span class='ocrx_word' id='word_1_72' title='bbox 241 427 379 460; x_wconf 82' lang='lat' dir='ltr'><strong>omnibus.</strong></span> <span class='ocrx_word' id='word_1_73' title='bbox 396 433 628 464; x_wconf 84' lang='lat' dir='ltr'><strong>quemadmodum</strong></span> <span class='ocrx_word' id='word_1_74' title='bbox 645 436 726 464; x_wconf 91' lang='lat' dir='ltr'><strong>homo</strong></span> <span class='ocrx_word' id='word_1_75' title='bbox 741 445 803 465; x_wconf 89' lang='lat' dir='ltr'><strong>curn</strong></span> <span class='ocrx_word' id='word_1_76' title='bbox 819 439 940 473; x_wconf 79' lang='lat' dir='ltr'><strong>homine,</strong></span> 
     </span>
    </p>
   </div>
   <div class='ocr_carea' id='block_1_12' title="bbox 155 470 939 518">
    <p class='ocr_par' dir='ltr' id='par_1_12' title="bbox 155 470 939 518">
     <span class='ocr_line' id='line_1_14' title="bbox 155 470 939 518; baseline 0.024 -24"><span class='ocrx_word' id='word_1_77' title='bbox 155 476 217 495; x_wconf 88' lang='lat' dir='ltr'><strong>cum</strong></span> <span class='ocrx_word' id='word_1_78' title='bbox 239 470 286 498; x_wconf 93' lang='lat' dir='ltr'><strong>illo</strong></span> <span class='ocrx_word' id='word_1_79' title='bbox 314 476 468 503; x_wconf 76' lang='lat' dir='ltr'><strong>conversati</strong></span> <span class='ocrx_word' id='word_1_80' title='bbox 493 483 567 510; x_wconf 88' lang='lat' dir='ltr'><strong>sunt,</strong></span> <span class='ocrx_word' id='word_1_81' title='bbox 600 480 633 506; x_wconf 89' lang='lat' dir='ltr'><strong>ad</strong></span> <span class='ocrx_word' id='word_1_82' title='bbox 660 489 719 508; x_wconf 81' lang='lat' dir='ltr'><strong>eam</strong></span> <span class='ocrx_word' id='word_1_83' title='bbox 753 484 939 518; x_wconf 76' lang='lat' dir='ltr'><strong>dignationem</strong></span> 
     </span>
    </p>
   </div>
   <div class='ocr_carea' id='block_1_13' title="bbox 154 514 940 566">
    <p class='ocr_par' dir='ltr' id='par_1_13' title="bbox 154 514 940 566">
     <span class='ocr_line' id='line_1_15' title="bbox 154 514 940 566; baseline 0.025 -26"><span class='ocrx_word' id='word_1_84' title='bbox 154 514 278 547; x_wconf 83' lang='lat' dir='ltr'><strong>admissi.</strong></span> <span class='ocrx_word' id='word_1_85' title='bbox 294 524 322 544; x_wconf 91' lang='lat' dir='ltr'><strong>ut</strong></span> <span class='ocrx_word' id='word_1_86' title='bbox 342 524 369 546; x_wconf 91' lang='lat' dir='ltr'><strong>et</strong></span> <span class='ocrx_word' id='word_1_87' title='bbox 387 521 480 554; x_wconf 80' lang='lat' dir='ltr'><strong>amici,</strong></span> <span class='ocrx_word' id='word_1_88' title='bbox 496 528 523 550; x_wconf 85' lang='lat' dir='ltr'><strong>et</strong></span> <span class='ocrx_word' id='word_1_89' title='bbox 535 527 645 560; x_wconf 82' lang='lat' dir='ltr'><strong>cognati</strong></span> <span class='ocrx_word' id='word_1_90' title='bbox 663 532 689 554; x_wconf 88' lang='lat' dir='ltr'><strong>et</strong></span> <span class='ocrx_word' id='word_1_91' title='bbox 706 528 805 557; x_wconf 79' lang='lat' dir='ltr'><strong>fratres</strong></span> <span class='ocrx_word' id='word_1_92' title='bbox 818 532 940 566; x_wconf 75' lang='lat' dir='ltr'><strong>appella~</strong></span> 
     </span>
    </p>
   </div>
   <div class='ocr_carea' id='block_1_14' title="bbox 154 563 938 611">
    <p class='ocr_par' dir='ltr' id='par_1_14' title="bbox 154 563 938 611">
     <span class='ocr_line' id='line_1_16' title="bbox 154 563 938 611; baseline 0.026 -25"><span class='ocrx_word' id='word_1_93' title='bbox 154 567 257 590; x_wconf 81' lang='lat' dir='ltr'><strong>rentur.</strong></span> <span class='ocrx_word' id='word_1_94' title='bbox 283 563 374 599; x_wconf 85' lang='lat' dir='ltr'><strong>Neque</strong></span> <span class='ocrx_word' id='word_1_95' title='bbox 388 567 475 594; x_wconf 90' lang='lat' dir='ltr'><strong>solum</strong></span> <span class='ocrx_word' id='word_1_96' title='bbox 501 569 611 605; x_wconf 84' lang='lat' dir='ltr'><strong>Moysen</strong></span> <span class='ocrx_word' id='word_1_97' title='bbox 641 572 668 600; x_wconf 90' lang='lat' dir='ltr'><strong>in</strong></span> <span class='ocrx_word' id='word_1_98' title='bbox 696 574 747 602; x_wconf 88' lang='lat' dir='ltr'><strong>hoc</strong></span> <span class='ocrx_word' id='word_1_99' title='bbox 763 583 938 611; x_wconf 89' lang='lat' dir='ltr'><strong>superarunt,</strong></span> 
     </span>
    </p>
   </div>
   <div class='ocr_carea' id='block_1_15' title="bbox 151 608 939 657">
    <p class='ocr_par' dir='ltr' id='par_1_15' title="bbox 151 608 939 657">
     <span class='ocr_line' id='line_1_17' title="bbox 151 608 939 657; baseline 0.024 -25"><span class='ocrx_word' id='word_1_100' title='bbox 151 608 200 633; x_wconf 89' lang='lat' dir='ltr'><strong>sed</strong></span> <span class='ocrx_word' id='word_1_101' title='bbox 214 613 242 635; x_wconf 85' lang='lat' dir='ltr'><strong>et</strong></span> <span class='ocrx_word' id='word_1_102' title='bbox 264 608 360 638; x_wconf 86' lang='lat' dir='ltr'><strong>Eliam.</strong></span> <span class='ocrx_word' id='word_1_103' title='bbox 390 612 456 640; x_wconf 78' lang='lat' dir='ltr'><strong>Nam</strong></span> <span class='ocrx_word' id='word_1_104' title='bbox 483 615 506 642; x_wconf 91' lang='lat' dir='ltr'><strong>si</strong></span> <span class='ocrx_word' id='word_1_105' title='bbox 530 615 668 651; x_wconf 88' lang='lat' dir='ltr'><strong>duplicem</strong></span> <span class='ocrx_word' id='word_1_106' title='bbox 710 620 784 649; x_wconf 81' lang='lat' dir='ltr'><strong>illam</strong></span> <span class='ocrx_word' id='word_1_107' title='bbox 799 608 805 611; x_wconf 32' lang='grc' dir='ltr'><em>Π</em></span> <span class='ocrx_word' id='word_1_108' title='bbox 825 608 939 657; x_wconf 83' lang='lat' dir='ltr'><strong>spiritus</strong></span> 
     </span>
    </p>
   </div>
   <div class='ocr_carea' id='block_1_16' title="bbox 150 654 938 703">
    <p class='ocr_par' dir='ltr' id='par_1_16' title="bbox 150 654 938 703">
     <span class='ocr_line' id='line_1_18' title="bbox 150 654 938 703; baseline 0.028 -26"><span class='ocrx_word' id='word_1_109' title='bbox 150 654 266 686; x_wconf 77' lang='lat' dir='ltr'><strong>gratiam</strong></span> <span class='ocrx_word' id='word_1_110' title='bbox 286 674 293 687; x_wconf 93' lang='lat'><strong>,</strong></span> <span class='ocrx_word' id='word_1_111' title='bbox 324 665 406 691; x_wconf 92' lang='lat' dir='ltr'><strong>quam</strong></span> <span class='ocrx_word' id='word_1_112' title='bbox 440 660 539 689; x_wconf 75' lang='lat' dir='ltr'><strong>Eliszco</strong></span> <span class='ocrx_word' id='word_1_113' title='bbox 579 666 762 701; x_wconf 85' lang='lat' dir='ltr'><strong>transcripsit,</strong></span> <span class='ocrx_word' id='word_1_114' title='bbox 794 668 938 703; x_wconf 83' lang='lat' dir='ltr'><strong>intuearis,</strong></span> 
     </span>
    </p>
   </div>
   <div class='ocr_carea' id='block_1_17' title="bbox 150 699 936 745">
    <p class='ocr_par' dir='ltr' id='par_1_17' title="bbox 150 699 936 745">
     <span class='ocr_line' id='line_1_19' title="bbox 150 699 936 745; baseline 0.027 -21"><span class='ocrx_word' id='word_1_115' title='bbox 150 699 236 726; x_wconf 89' lang='lat' dir='ltr'><strong>multo</strong></span> <span class='ocrx_word' id='word_1_116' title='bbox 259 704 390 735; x_wconf 84' lang='lat' dir='ltr'><strong>apostolis</strong></span> <span class='ocrx_word' id='word_1_117' title='bbox 422 706 555 736; x_wconf 85' lang='lat' dir='ltr'><strong>minorem</strong></span> <span class='ocrx_word' id='word_1_118' title='bbox 596 711 738 741; x_wconf 85' lang='lat' dir='ltr'><strong>invenies:</strong></span> <span class='ocrx_word' id='word_1_119' title='bbox 781 722 835 743; x_wconf 93' lang='lat' dir='ltr'><strong>non</strong></span> <span class='ocrx_word' id='word_1_120' title='bbox 864 717 936 745; x_wconf 92' lang='lat' dir='ltr'><strong>enim</strong></span> 
     </span>
    </p>
   </div>
   <div class='ocr_carea' id='block_1_18' title="bbox 150 749 937 796">
    <p class='ocr_par' dir='ltr' id='par_1_18' title="bbox 150 749 937 796">
     <span class='ocr_line' id='line_1_20' title="bbox 150 749 937 796; baseline 0.024 -24"><span class='ocrx_word' id='word_1_121' title='bbox 150 754 212 773; x_wconf 89' lang='lat' dir='ltr'><strong>cum</strong></span> <span class='ocrx_word' id='word_1_122' title='bbox 227 749 316 777; x_wconf 90' lang='lat' dir='ltr'><strong>adhuc</strong></span> <span class='ocrx_word' id='word_1_123' title='bbox 335 751 360 778; x_wconf 91' lang='lat' dir='ltr'><strong>in</strong></span> <span class='ocrx_word' id='word_1_124' title='bbox 379 756 451 781; x_wconf 83' lang='lat' dir='ltr'><strong>terra</strong></span> <span class='ocrx_word' id='word_1_125' title='bbox 472 754 543 783; x_wconf 87' lang='lat' dir='ltr'><strong>inter</strong></span> <span class='ocrx_word' id='word_1_126' title='bbox 560 756 686 787; x_wconf 81' lang='lat' dir='ltr'><strong>homines</strong></span> <span class='ocrx_word' id='word_1_127' title='bbox 715 760 836 796; x_wconf 78' lang='lat' dir='ltr'><strong>degeret,</strong></span> <span class='ocrx_word' id='word_1_128' title='bbox 854 762 937 790; x_wconf 87' lang='lat' dir='ltr'><strong>disci-</strong></span> 
     </span>
    </p>
   </div>
   <div class='ocr_carea' id='block_1_19' title="bbox 145 793 937 843">
    <p class='ocr_par' dir='ltr' id='par_1_19' title="bbox 145 793 937 843">
     <span class='ocr_line' id='line_1_21' title="bbox 145 793 937 843; baseline 0.024 -25"><span class='ocrx_word' id='word_1_129' title='bbox 145 793 214 829; x_wconf 82' lang='lat' dir='ltr'><strong>pulo</strong></span> <span class='ocrx_word' id='word_1_130' title='bbox 233 796 346 830; x_wconf 85' lang='lat' dir='ltr'><strong>gratiam</strong></span> <span class='ocrx_word' id='word_1_131' title='bbox 362 797 435 826; x_wconf 86' lang='lat' dir='ltr'><strong>illam</strong></span> <span class='ocrx_word' id='word_1_132' title='bbox 457 801 566 836; x_wconf 80' lang='lat' dir='ltr'><strong>reliquit</strong></span> <span class='ocrx_word' id='word_1_133' title='bbox 591 809 638 831; x_wconf 88' lang='lat' dir='ltr'><strong>aut</strong></span> <span class='ocrx_word' id='word_1_134' title='bbox 650 793 779 839; x_wconf 71' lang='lat' dir='ltr'><strong>tradidit;</strong></span> <span class='ocrx_word' id='word_1_135' title='bbox 796 793 883 843; x_wconf 82' lang='lat' dir='ltr'><strong>neque</strong></span> <span class='ocrx_word' id='word_1_136' title='bbox 902 809 937 836; x_wconf 93' lang='lat' dir='ltr'><strong>ob</strong></span> 
     </span>
    </p>
   </div>
   <div class='ocr_carea' id='block_1_20' title="bbox 1001 210 1790 259">
    <p class='ocr_par' dir='ltr' id='par_1_20' title="bbox 1001 210 1790 259">
     <span class='ocr_line' id='line_1_22' title="bbox 1001 210 1790 259; baseline 0.022 -23"><span class='ocrx_word' id='word_1_137' title='bbox 1001 210 1111 245; x_wconf 80' lang='grc' dir='ltr'>λέγεται</span> <span class='ocrx_word' id='word_1_138' title='bbox 1127 214 1215 248; x_wconf 84' lang='grc' dir='ltr'>φίλον,</span> <span class='ocrx_word' id='word_1_139' title='bbox 1229 217 1284 242; x_wconf 85' lang='grc' dir='ltr'>ἁλλ’</span> <span class='ocrx_word' id='word_1_140' title='bbox 1301 219 1360 253; x_wconf 75' lang='grc' dir='ltr'>οὐχὶ</span> <span class='ocrx_word' id='word_1_141' title='bbox 1369 220 1415 246; x_wconf 69' lang='grc' dir='ltr'>καὶ</span> <span class='ocrx_word' id='word_1_142' title='bbox 1429 222 1485 252; x_wconf 84' lang='grc' dir='ltr'>τοῖς</span> <span class='ocrx_word' id='word_1_143' title='bbox 1496 210 1657 255; x_wconf 82' lang='grc' dir='ltr'>ἀποστόλοις</span> <span class='ocrx_word' id='word_1_144' title='bbox 1668 225 1772 259; x_wconf 68' lang='grc' dir='ltr'>ὁμοίως</span> <span class='ocrx_word' id='word_1_145' title='bbox 1783 235 1790 242; x_wconf 89' lang='grc'>·</span> 
     </span>
    </p>
   </div>
   <div class='ocr_carea' id='block_1_21' title="bbox 1000 258 1789 303">
    <p class='ocr_par' dir='ltr' id='par_1_21' title="bbox 1000 258 1789 303">
     <span class='ocr_line' id='line_1_23' title="bbox 1000 258 1789 303; baseline 0.018 -19"><span class='ocrx_word' id='word_1_146' title='bbox 1000 258 1105 290; x_wconf 74' lang='grc' dir='ltr'>ἐκεῖνος</span> <span class='ocrx_word' id='word_1_147' title='bbox 1123 260 1171 294; x_wconf 78' lang='grc' dir='ltr'>μὲν</span> <span class='ocrx_word' id='word_1_148' title='bbox 1196 261 1251 296; x_wconf 78' lang='grc' dir='ltr'><strong>γὰρ</strong></span> <span class='ocrx_word' id='word_1_149' title='bbox 1269 263 1382 292; x_wconf 85' lang='grc' dir='ltr'>όπίσθιά</span> <span class='ocrx_word' id='word_1_150' title='bbox 1400 274 1462 293; x_wconf 86' lang='grc' dir='ltr'>τινα</span> <span class='ocrx_word' id='word_1_151' title='bbox 1484 267 1552 294; x_wconf 82' lang='grc' dir='ltr'><strong>Θεοῦ</strong></span> <span class='ocrx_word' id='word_1_152' title='bbox 1576 270 1640 296; x_wconf 85' lang='grc' dir='ltr'>ἰδεῖν</span> <span class='ocrx_word' id='word_1_153' title='bbox 1657 258 1768 303; x_wconf 79' lang='grc' dir='ltr'>λέγεται</span> <span class='ocrx_word' id='word_1_154' title='bbox 1782 282 1789 287; x_wconf 94' lang='grc'><strong>·</strong></span> 
     </span>
    </p>
   </div>
   <div class='ocr_carea' id='block_1_22' title="bbox 999 301 1789 348">
    <p class='ocr_par' dir='ltr' id='par_1_22' title="bbox 999 301 1789 348">
     <span class='ocr_line' id='line_1_24' title="bbox 999 301 1789 348; baseline 0.018 -18"><span class='ocrx_word' id='word_1_155' title='bbox 999 301 1072 331; x_wconf 75' lang='grc' dir='ltr'>οὗτοι</span> <span class='ocrx_word' id='word_1_156' title='bbox 1088 305 1115 332; x_wconf 77' lang='grc' dir='ltr'><strong>δὲ</strong></span> <span class='ocrx_word' id='word_1_157' title='bbox 1138 306 1205 333; x_wconf 77' lang='grc' dir='ltr'>Θεὸν</span> <span class='ocrx_word' id='word_1_158' title='bbox 1230 309 1258 334; x_wconf 83' lang='grc' dir='ltr'>ὲν</span> <span class='ocrx_word' id='word_1_159' title='bbox 1276 311 1357 344; x_wconf 83' lang='grc' dir='ltr'>σαρκὶ</span> <span class='ocrx_word' id='word_1_160' title='bbox 1379 313 1450 339; x_wconf 87' lang='grc' dir='ltr'><strong>κατά</strong></span> <span class='ocrx_word' id='word_1_161' title='bbox 1470 314 1616 348; x_wconf 86' lang='grc' dir='ltr'>πρόσωπον</span> <span class='ocrx_word' id='word_1_162' title='bbox 1631 301 1713 348; x_wconf 74' lang='grc' dir='ltr'>εἶδον,</span> <span class='ocrx_word' id='word_1_163' title='bbox 1739 318 1789 344; x_wconf 68' lang='grc' dir='ltr'>καὶ</span> 
     </span>
    </p>
   </div>
   <div class='ocr_carea' id='block_1_23' title="bbox 999 352 1787 396">
    <p class='ocr_par' dir='ltr' id='par_1_23' title="bbox 999 352 1787 396">
     <span class='ocr_line' id='line_1_25' title="bbox 999 352 1787 396; baseline 0.02 -22"><span class='ocrx_word' id='word_1_164' title='bbox 999 353 1094 384; x_wconf 72' lang='grc' dir='ltr'>χερσὶν</span> <span class='ocrx_word' id='word_1_165' title='bbox 1116 352 1313 388; x_wconf 74' lang='grc' dir='ltr'><strong>ἐψηλάφησαν·</strong></span> <span class='ocrx_word' id='word_1_166' title='bbox 1340 357 1386 383; x_wconf 86' lang='grc' dir='ltr'>καὶ</span> <span class='ocrx_word' id='word_1_167' title='bbox 1411 359 1562 393; x_wconf 82' lang='grc' dir='ltr'>συνέφαγον</span> <span class='ocrx_word' id='word_1_168' title='bbox 1585 360 1626 396; x_wconf 82' lang='grc' dir='ltr'><strong>δὴ,</strong></span> <span class='ocrx_word' id='word_1_169' title='bbox 1643 364 1689 388; x_wconf 73' lang='grc' dir='ltr'><strong>καὶ</strong></span> <span class='ocrx_word' id='word_1_170' title='bbox 1706 364 1787 389; x_wconf 73' lang='grc' dir='ltr'>συνέ-</span> 
     </span>
    </p>
   </div>
   <div class='ocr_carea' id='block_1_24' title="bbox 998 397 1787 442">
    <p class='ocr_par' dir='ltr' id='par_1_24' title="bbox 998 397 1787 442">
     <span class='ocr_line' id='line_1_26' title="bbox 998 397 1787 442; baseline 0.019 -21"><span class='ocrx_word' id='word_1_171' title='bbox 998 404 1070 426; x_wconf 90' lang='grc' dir='ltr'>πιον,</span> <span class='ocrx_word' id='word_1_172' title='bbox 1087 397 1135 423; x_wconf 75' lang='grc' dir='ltr'>καὶ</span> <span class='ocrx_word' id='word_1_173' title='bbox 1152 398 1241 425; x_wconf 80' lang='grc' dir='ltr'>πάντα</span> <span class='ocrx_word' id='word_1_174' title='bbox 1266 403 1534 436; x_wconf 81' lang='grc' dir='ltr'>συνεπολιτεύσαντο,</span> <span class='ocrx_word' id='word_1_175' title='bbox 1561 406 1613 432; x_wconf 82' lang='grc' dir='ltr'>ὅσα</span> <span class='ocrx_word' id='word_1_176' title='bbox 1630 407 1664 433; x_wconf 87' lang='grc' dir='ltr'>ἂν</span> <span class='ocrx_word' id='word_1_177' title='bbox 1678 408 1787 442; x_wconf 82' lang='grc' dir='ltr'>ἄνθρω-</span> 
     </span>
    </p>
   </div>
   <div class='ocr_carea' id='block_1_25' title="bbox 997 441 1786 489">
    <p class='ocr_par' dir='ltr' id='par_1_25' title="bbox 997 441 1786 489">
     <span class='ocr_line' id='line_1_27' title="bbox 997 441 1786 489; baseline 0.019 -22"><span class='ocrx_word' id='word_1_178' title='bbox 997 449 1047 472; x_wconf 81' lang='grc' dir='ltr'><strong>πος</strong></span> <span class='ocrx_word' id='word_1_179' title='bbox 1063 441 1210 479; x_wconf 79' lang='grc' dir='ltr'><strong>ἀνθρώπῳ,</strong></span> <span class='ocrx_word' id='word_1_180' title='bbox 1224 446 1270 472; x_wconf 75' lang='grc' dir='ltr'>καὶ</span> <span class='ocrx_word' id='word_1_181' title='bbox 1285 447 1368 480; x_wconf 82' lang='grc' dir='ltr'>φίλοι,</span> <span class='ocrx_word' id='word_1_182' title='bbox 1378 449 1425 475; x_wconf 74' lang='grc' dir='ltr'>καὶ</span> <span class='ocrx_word' id='word_1_183' title='bbox 1441 453 1591 484; x_wconf 74' lang='grc' dir='ltr'><strong>συγγενεῖς,</strong></span> <span class='ocrx_word' id='word_1_184' title='bbox 1609 454 1657 480; x_wconf 79' lang='grc' dir='ltr'>καὶ</span> <span class='ocrx_word' id='word_1_185' title='bbox 1672 441 1786 489; x_wconf 65' lang='grc' dir='ltr'>ἀδελφοὶ</span> 
     </span>
    </p>
   </div>
   <div class='ocr_carea' id='block_1_26' title="bbox 997 487 1785 534">
    <p class='ocr_par' dir='ltr' id='par_1_26' title="bbox 997 487 1785 534">
     <span class='ocr_line' id='line_1_28' title="bbox 997 487 1785 534; baseline 0.019 -22"><span class='ocrx_word' id='word_1_186' title='bbox 997 487 1125 520; x_wconf 83' lang='grc' dir='ltr'>γενέσθαι</span> <span class='ocrx_word' id='word_1_187' title='bbox 1142 491 1362 526; x_wconf 76' lang='grc' dir='ltr'>κατηξιώθησαν.</span> <span class='ocrx_word' id='word_1_188' title='bbox 1379 495 1435 521; x_wconf 83' lang='grc' dir='ltr'><strong>Καὶ</strong></span> <span class='ocrx_word' id='word_1_189' title='bbox 1452 497 1482 522; x_wconf 84' lang='grc' dir='ltr'>οὒ</span> <span class='ocrx_word' id='word_1_190' title='bbox 1502 498 1626 530; x_wconf 79' lang='grc' dir='ltr'><strong>Μωσέως</strong></span> <span class='ocrx_word' id='word_1_191' title='bbox 1654 487 1785 534; x_wconf 24' lang='grc' dir='ltr'>μόνουγτὸ</span> 
     </span>
    </p>
   </div>
   <div class='ocr_carea' id='block_1_27' title="bbox 995 533 1784 581">
    <p class='ocr_par' dir='ltr' id='par_1_27' title="bbox 995 533 1784 581">
     <span class='ocr_line' id='line_1_29' title="bbox 995 533 1784 581; baseline 0.019 -23"><span class='ocrx_word' id='word_1_192' title='bbox 995 533 1077 560; x_wconf 83' lang='grc' dir='ltr'>πλέον</span> <span class='ocrx_word' id='word_1_193' title='bbox 1102 535 1181 570; x_wconf 80' lang='grc' dir='ltr'>ἔσχον</span> <span class='ocrx_word' id='word_1_194' title='bbox 1198 537 1227 563; x_wconf 79' lang='grc' dir='ltr'>ἐν</span> <span class='ocrx_word' id='word_1_195' title='bbox 1251 538 1348 574; x_wconf 83' lang='grc' dir='ltr'>τούτῳ,</span> <span class='ocrx_word' id='word_1_196' title='bbox 1372 541 1440 568; x_wconf 82' lang='grc' dir='ltr'>ἀλλὰ</span> <span class='ocrx_word' id='word_1_197' title='bbox 1465 543 1517 569; x_wconf 83' lang='grc' dir='ltr'>κᾶν</span> <span class='ocrx_word' id='word_1_198' title='bbox 1548 533 1784 581; x_wconf 16' lang='grc' dir='ltr'>Ἦλίανγσκοπῇς,</span> 
     </span>
    </p>
   </div>
   <div class='ocr_carea' id='block_1_28' title="bbox 993 579 1785 626">
    <p class='ocr_par' dir='ltr' id='par_1_28' title="bbox 993 579 1785 626">
     <span class='ocr_line' id='line_1_30' title="bbox 993 579 1785 626; baseline 0.018 -20"><span class='ocrx_word' id='word_1_199' title='bbox 993 579 1093 616; x_wconf 87' lang='grc' dir='ltr'>διπλῆν</span> <span class='ocrx_word' id='word_1_200' title='bbox 1107 582 1156 617; x_wconf 83' lang='grc' dir='ltr'>τὴν</span> <span class='ocrx_word' id='word_1_201' title='bbox 1171 583 1263 619; x_wconf 78' lang='grc' dir='ltr'>χάριν,</span> <span class='ocrx_word' id='word_1_202' title='bbox 1278 585 1312 620; x_wconf 72' lang='grc' dir='ltr'>ἢν</span> <span class='ocrx_word' id='word_1_203' title='bbox 1326 585 1394 621; x_wconf 74' lang='grc' dir='ltr'>εἶχε,</span> <span class='ocrx_word' id='word_1_204' title='bbox 1410 588 1458 614; x_wconf 85' lang='grc' dir='ltr'>τοῦ</span> <span class='ocrx_word' id='word_1_205' title='bbox 1474 590 1629 624; x_wconf 82' lang='grc' dir='ltr'>πνεύματος</span> <span class='ocrx_word' id='word_1_206' title='bbox 1643 592 1681 626; x_wconf 84' lang='grc' dir='ltr'>τῷ</span> <span class='ocrx_word' id='word_1_207' title='bbox 1694 579 1785 619; x_wconf 75' lang='grc' dir='ltr'>Ἑλισ-</span> 
     </span>
    </p>
   </div>
   <div class='ocr_carea' id='block_1_29' title="bbox 995 625 1783 669">
    <p class='ocr_par' dir='ltr' id='par_1_29' title="bbox 995 625 1783 669">
     <span class='ocr_line' id='line_1_31' title="bbox 995 625 1783 669; baseline 0.018 -18"><span class='ocrx_word' id='word_1_208' title='bbox 995 625 1063 659; x_wconf 86' lang='grc' dir='ltr'>σαίῳ</span> <span class='ocrx_word' id='word_1_209' title='bbox 1078 626 1110 661; x_wconf 79' lang='grc' dir='ltr'><strong>δὴ</strong></span> <span class='ocrx_word' id='word_1_210' title='bbox 1133 629 1369 664; x_wconf 83' lang='grc' dir='ltr'>παραπέμποντα,</span> <span class='ocrx_word' id='word_1_211' title='bbox 1393 633 1520 661; x_wconf 78' lang='grc' dir='ltr'>κάκεῖνον</span> <span class='ocrx_word' id='word_1_212' title='bbox 1543 635 1603 669; x_wconf 73' lang='grc' dir='ltr'>ὕψει</span> <span class='ocrx_word' id='word_1_213' title='bbox 1626 637 1705 664; x_wconf 81' lang='grc' dir='ltr'>τοῦτο</span> <span class='ocrx_word' id='word_1_214' title='bbox 1727 639 1783 664; x_wconf 80' lang='grc' dir='ltr'>τῶν</span> 
     </span>
    </p>
   </div>
   <div class='ocr_carea' id='block_1_30' title="bbox 992 671 1783 719">
    <p class='ocr_par' dir='ltr' id='par_1_30' title="bbox 992 671 1783 719">
     <span class='ocr_line' id='line_1_32' title="bbox 992 671 1783 719; baseline 0.019 -23"><span class='ocrx_word' id='word_1_215' title='bbox 992 671 1149 699; x_wconf 78' lang='grc' dir='ltr'><strong>ἀποστόλων</strong></span> <span class='ocrx_word' id='word_1_216' title='bbox 1171 674 1338 710; x_wconf 80' lang='grc' dir='ltr'><strong>ἡττώμενον.</strong></span> <span class='ocrx_word' id='word_1_217' title='bbox 1367 678 1405 705; x_wconf 85' lang='grc' dir='ltr'><strong>Οὐ</strong></span> <span class='ocrx_word' id='word_1_218' title='bbox 1435 680 1490 715; x_wconf 80' lang='grc' dir='ltr'>γὰρ</span> <span class='ocrx_word' id='word_1_219' title='bbox 1517 681 1558 707; x_wconf 79' lang='grc' dir='ltr'><strong>ἔτι</strong></span> <span class='ocrx_word' id='word_1_220' title='bbox 1581 684 1638 714; x_wconf 86' lang='grc' dir='ltr'><strong>τοίς</strong></span> <span class='ocrx_word' id='word_1_221' title='bbox 1662 684 1708 709; x_wconf 79' lang='grc' dir='ltr'><strong>ἐπὶ</strong></span> <span class='ocrx_word' id='word_1_222' title='bbox 1731 686 1783 719; x_wconf 76' lang='grc' dir='ltr'>γῆς</span> 
     </span>
    </p>
   </div>
   <div class='ocr_carea' id='block_1_31' title="bbox 991 717 1782 764">
    <p class='ocr_par' dir='ltr' id='par_1_31' title="bbox 991 717 1782 764">
     <span class='ocr_line' id='line_1_33' title="bbox 991 717 1782 764; baseline 0.016 -21"><span class='ocrx_word' id='word_1_223' title='bbox 991 717 1148 753; x_wconf 80' lang='grc' dir='ltr'>ἀνθρώποις</span> <span class='ocrx_word' id='word_1_224' title='bbox 1175 722 1408 758; x_wconf 77' lang='grc' dir='ltr'><strong>συνδιαιτώμενος</strong></span> <span class='ocrx_word' id='word_1_225' title='bbox 1430 726 1470 761; x_wconf 69' lang='grc' dir='ltr'><strong>τῷ</strong></span> <span class='ocrx_word' id='word_1_226' title='bbox 1495 728 1603 763; x_wconf 80' lang='grc' dir='ltr'>μαθητῇ</span> <span class='ocrx_word' id='word_1_227' title='bbox 1629 730 1678 763; x_wconf 79' lang='grc' dir='ltr'><strong>τὴν</strong></span> <span class='ocrx_word' id='word_1_228' title='bbox 1700 717 1782 764; x_wconf 81' lang='grc' dir='ltr'>χάριν</span> 
     </span>
    </p>
   </div>
   <div class='ocr_carea' id='block_1_32' title="bbox 992 764 1782 810">
    <p class='ocr_par' dir='ltr' id='par_1_32' title="bbox 992 764 1782 810">
     <span class='ocr_line' id='line_1_34' title="bbox 992 764 1782 810; baseline 0.016 -20"><span class='ocrx_word' id='word_1_229' title='bbox 992 764 1149 797; x_wconf 82' lang='grc' dir='ltr'>κατέλιπεν,</span> <span class='ocrx_word' id='word_1_230' title='bbox 1172 767 1188 802; x_wconf 78' lang='grc' dir='ltr'><strong>ἢ</strong></span> <span class='ocrx_word' id='word_1_231' title='bbox 1206 768 1370 802; x_wconf 83' lang='grc' dir='ltr'><strong>μετέδωκεν,</strong></span> <span class='ocrx_word' id='word_1_232' title='bbox 1391 771 1446 798; x_wconf 80' lang='grc' dir='ltr'><strong>οὐδ’</strong></span> <span class='ocrx_word' id='word_1_233' title='bbox 1471 773 1542 808; x_wconf 74' lang='grc' dir='ltr'>ἥσθη</span> <span class='ocrx_word' id='word_1_234' title='bbox 1564 774 1608 800; x_wconf 80' lang='grc' dir='ltr'><strong>ἐπ’</strong></span> <span class='ocrx_word' id='word_1_235' title='bbox 1622 775 1696 810; x_wconf 86' lang='grc' dir='ltr'><strong>αὐτῷ</strong></span> <span class='ocrx_word' id='word_1_236' title='bbox 1710 778 1782 803; x_wconf 68' lang='grc' dir='ltr'>κατὰ</span> 
     </span>
    </p>
   </div>
   <div class='ocr_carea' id='block_1_33' title="bbox 991 810 1780 856">
    <p class='ocr_par' dir='ltr' id='par_1_33' title="bbox 991 810 1780 856">
     <span class='ocr_line' id='line_1_35' title="bbox 991 810 1780 856; baseline 0.016 -21"><span class='ocrx_word' id='word_1_237' title='bbox 991 810 1038 836; x_wconf 71' lang='grc' dir='ltr'><strong>τὸν</strong></span> <span class='ocrx_word' id='word_1_238' title='bbox 1064 810 1225 839; x_wconf 80' lang='grc' dir='ltr'>διδάσκαλον</span> <span class='ocrx_word' id='word_1_239' title='bbox 1247 814 1435 849; x_wconf 80' lang='grc' dir='ltr'>ἑπιδεδωκότι,</span> <span class='ocrx_word' id='word_1_240' title='bbox 1457 818 1496 849; x_wconf 84' lang='grc' dir='ltr'>ὥς</span> <span class='ocrx_word' id='word_1_241' title='bbox 1521 827 1573 845; x_wconf 87' lang='grc' dir='ltr'><strong>που</strong></span> <span class='ocrx_word' id='word_1_242' title='bbox 1597 820 1644 846; x_wconf 75' lang='grc' dir='ltr'>καὶ</span> <span class='ocrx_word' id='word_1_243' title='bbox 1661 822 1780 856; x_wconf 70' lang='grc' dir='ltr'>πατέρες</span> 
     </span>
    </p>
   </div>
   <div class='ocr_carea' id='block_1_34' title="bbox 150 839 925 898">
    <p class='ocr_par' dir='ltr' id='par_1_34' title="bbox 150 839 918 885">
     <span class='ocr_line' id='line_1_36' title="bbox 150 839 918 885; baseline 0.021 -19"><span class='ocrx_word' id='word_1_244' title='bbox 150 839 326 875; x_wconf 88' lang='lat' dir='ltr'><strong>discipulum,</strong></span> <span class='ocrx_word' id='word_1_245' title='bbox 345 846 468 880; x_wconf 73' lang='lat' dir='ltr'><strong>magistri</strong></span> <span class='ocrx_word' id='word_1_246' title='bbox 491 848 518 875; x_wconf 93' lang='lat' dir='ltr'><strong>in</strong></span> <span class='ocrx_word' id='word_1_247' title='bbox 542 856 646 878; x_wconf 90' lang='lat' dir='ltr'><strong>morem</strong></span> <span class='ocrx_word' id='word_1_248' title='bbox 674 852 828 885; x_wconf 79' lang='lat' dir='ltr'><strong>excultum,</strong></span> <span class='ocrx_word' id='word_1_249' title='bbox 856 855 918 882; x_wconf 86' lang='lat' dir='ltr'><strong>volu</strong></span> 
     </span>
    </p>
   </div>
   <div class='ocr_carea' id='block_1_35' title="bbox 979 839 1780 898">
    <p class='ocr_par' dir='ltr' id='par_1_35' title="bbox 987 839 1780 898">
     <span class='ocr_line' id='line_1_37' title="bbox 1267 839 1779 856; baseline 0.014 -15"><span class='ocrx_word' id='word_1_250' title='bbox 1267 839 1435 849; x_wconf 42' lang='lat'><strong>,,.,,-_..--.,</strong></span> <span class='ocrx_word' id='word_1_251' title='bbox 1457 839 1494 849; x_wconf 64' lang='grc' dir='ltr'><strong>,η</strong></span> <span class='ocrx_word' id='word_1_252' title='bbox 1524 839 1573 845; x_wconf 69' lang='grc' dir='ltr'><strong>..η</strong></span> <span class='ocrx_word' id='word_1_253' title='bbox 1597 839 1644 846; x_wconf 74' lang='grc' dir='ltr'><strong>η...</strong></span> <span class='ocrx_word' id='word_1_254' title='bbox 1664 839 1779 856; x_wconf 61' lang='grc' dir='ltr'><strong>...ι-ειη,</strong></span> 
     </span>
     <span class='ocr_line' id='line_1_38' title="bbox 987 855 1780 898; baseline 0.014 -17"><span class='ocrx_word' id='word_1_255' title='bbox 987 855 1096 890; x_wconf 79' lang='grc' dir='ltr'><strong>ἥδονται</strong></span> <span class='ocrx_word' id='word_1_256' title='bbox 1113 857 1175 889; x_wconf 82' lang='grc' dir='ltr'>τοὺς</span> <span class='ocrx_word' id='word_1_257' title='bbox 1194 859 1293 891; x_wconf 84' lang='grc' dir='ltr'>παῖδας</span> <span class='ocrx_word' id='word_1_258' title='bbox 1308 862 1419 896; x_wconf 78' lang='grc' dir='ltr'><strong>ὁμοίους</strong></span> <span class='ocrx_word' id='word_1_259' title='bbox 1435 864 1527 896; x_wconf 82' lang='grc' dir='ltr'>αὐτοῖς</span> <span class='ocrx_word' id='word_1_260' title='bbox 1540 866 1698 898; x_wconf 80' lang='grc' dir='ltr'>ἀποσάντας</span> <span class='ocrx_word' id='word_1_261' title='bbox 1711 867 1780 892; x_wconf 82' lang='grc' dir='ltr'><strong>Θεώ-</strong></span> 
     </span>
    </p>
   </div>
   <div class='ocr_carea' id='block_1_36' title="bbox 151 891 936 932">
    <p class='ocr_par' dir='ltr' id='par_1_36' title="bbox 151 891 936 932">
     <span class='ocr_line' id='line_1_39' title="bbox 151 891 936 932; baseline 0.022 -20"><span class='ocrx_word' id='word_1_262' title='bbox 151 891 255 920; x_wconf 86' lang='lat' dir='ltr'><strong>ptatem</strong></span> <span class='ocrx_word' id='word_1_263' title='bbox 273 891 357 924; x_wconf 75' lang='lat' dir='ltr'><strong>cepit,</strong></span> <span class='ocrx_word' id='word_1_264' title='bbox 378 892 451 920; x_wconf 86' lang='lat' dir='ltr'><strong>sicut</strong></span> <span class='ocrx_word' id='word_1_265' title='bbox 469 900 560 929; x_wconf 84' lang='lat' dir='ltr'><strong>patres</strong></span> <span class='ocrx_word' id='word_1_266' title='bbox 577 896 761 932; x_wconf 88' lang='lat' dir='ltr'><strong>oblcctantur,</strong></span> <span class='ocrx_word' id='word_1_267' title='bbox 778 907 839 928; x_wconf 89' lang='lat' dir='ltr'><strong>cum</strong></span> <span class='ocrx_word' id='word_1_268' title='bbox 866 901 936 929; x_wconf 86' lang='lat' dir='ltr'><strong>ﬁlios</strong></span> 
     </span>
    </p>
   </div>
   <div class='ocr_carea' id='block_1_37' title="bbox 149 933 934 981">
    <p class='ocr_par' dir='ltr' id='par_1_37' title="bbox 149 933 934 981">
     <span class='ocr_line' id='line_1_40' title="bbox 149 933 934 981; baseline 0.019 -22"><span class='ocrx_word' id='word_1_269' title='bbox 149 933 202 960; x_wconf 84' lang='lat' dir='ltr'><strong>sibi</strong></span> <span class='ocrx_word' id='word_1_270' title='bbox 219 935 323 963; x_wconf 77' lang='lat' dir='ltr'><strong>similes</strong></span> <span class='ocrx_word' id='word_1_271' title='bbox 339 938 461 967; x_wconf 82' lang='lat' dir='ltr'><strong>evasisse</strong></span> <span class='ocrx_word' id='word_1_272' title='bbox 474 948 592 970; x_wconf 83' lang='lat' dir='ltr'><strong>cernunt</strong></span> <span class='ocrx_word' id='word_1_273' title='bbox 606 951 614 976; x_wconf 69' lang='grc' dir='ltr'><strong>ς</strong></span> <span class='ocrx_word' id='word_1_274' title='bbox 631 944 679 971; x_wconf 87' lang='lat' dir='ltr'><strong>sed</strong></span> <span class='ocrx_word' id='word_1_275' title='bbox 705 946 816 980; x_wconf 87' lang='lat' dir='ltr'><strong>quando</strong></span> <span class='ocrx_word' id='word_1_276' title='bbox 833 947 887 981; x_wconf 84' lang='lat' dir='ltr'><strong>jam</strong></span> <span class='ocrx_word' id='word_1_277' title='bbox 901 948 934 974; x_wconf 83' lang='lat' dir='ltr'><strong>ad</strong></span> 
     </span>
    </p>
   </div>
   <div class='ocr_carea' id='block_1_38' title="bbox 147 979 935 1028">
    <p class='ocr_par' dir='ltr' id='par_1_38' title="bbox 147 979 935 1028">
     <span class='ocr_line' id='line_1_41' title="bbox 147 979 935 1028; baseline 0.02 -23"><span class='ocrx_word' id='word_1_278' title='bbox 147 979 336 1010; x_wconf 84' lang='lat' dir='ltr'><strong>sublimiorem</strong></span> <span class='ocrx_word' id='word_1_279' title='bbox 376 989 477 1014; x_wconf 90' lang='lat' dir='ltr'><strong>statum</strong></span> <span class='ocrx_word' id='word_1_280' title='bbox 507 988 696 1022; x_wconf 88' lang='lat' dir='ltr'><strong>evehebatur,</strong></span> <span class='ocrx_word' id='word_1_281' title='bbox 716 979 795 1019; x_wconf 20' lang='lat' dir='ltr'><strong>rtunc</strong></span> <span class='ocrx_word' id='word_1_282' title='bbox 832 993 935 1028; x_wconf 90' lang='lat' dir='ltr'><strong>primas</strong></span> 
     </span>
    </p>
   </div>
   <div class='ocr_carea' id='block_1_39' title="bbox 145 1023 934 1071">
    <p class='ocr_par' dir='ltr' id='par_1_39' title="bbox 145 1023 934 1071">
     <span class='ocr_line' id='line_1_42' title="bbox 145 1023 934 1071; baseline 0.02 -21"><span class='ocrx_word' id='word_1_283' title='bbox 145 1023 244 1052; x_wconf 74' lang='lat' dir='ltr'><strong>Elisaeo</strong></span> <span class='ocrx_word' id='word_1_284' title='bbox 278 1031 426 1064; x_wconf 86' lang='lat' dir='ltr'><strong>concessit,</strong></span> <span class='ocrx_word' id='word_1_285' title='bbox 451 1033 680 1066; x_wconf 89' lang='lat' dir='ltr'><strong>quemadmodum</strong></span> <span class='ocrx_word' id='word_1_286' title='bbox 709 1036 732 1063; x_wconf 89' lang='lat' dir='ltr'><strong>si</strong></span> <span class='ocrx_word' id='word_1_287' title='bbox 762 1037 824 1071; x_wconf 87' lang='lat' dir='ltr'><strong>quis</strong></span> <span class='ocrx_word' id='word_1_288' title='bbox 849 1046 934 1066; x_wconf 85' lang='lat' dir='ltr'><strong>novas</strong></span> 
     </span>
    </p>
   </div>
   <div class='ocr_carea' id='block_1_40' title="bbox 145 1072 936 1115">
    <p class='ocr_par' dir='ltr' id='par_1_40' title="bbox 145 1072 936 1115">
     <span class='ocr_line' id='line_1_43' title="bbox 145 1072 936 1115; baseline 0.02 -20"><span class='ocrx_word' id='word_1_289' title='bbox 145 1074 236 1098; x_wconf 77' lang='lat' dir='ltr'><strong>vestes</strong></span> <span class='ocrx_word' id='word_1_290' title='bbox 261 1072 387 1108; x_wconf 87' lang='lat' dir='ltr'><strong>induens,</strong></span> <span class='ocrx_word' id='word_1_291' title='bbox 403 1076 530 1105; x_wconf 87' lang='lat' dir='ltr'><strong>ministro</strong></span> <span class='ocrx_word' id='word_1_292' title='bbox 544 1086 594 1107; x_wconf 90' lang='lat' dir='ltr'><strong>suo</strong></span> <span class='ocrx_word' id='word_1_293' title='bbox 621 1080 724 1115; x_wconf 83' lang='lat' dir='ltr'><strong>primas</strong></span> <span class='ocrx_word' id='word_1_294' title='bbox 739 1083 880 1110; x_wconf 83' lang='lat' dir='ltr'><strong>concedat.</strong></span> <span class='ocrx_word' id='word_1_295' title='bbox 901 1084 936 1111; x_wconf 83' lang='lat' dir='ltr'><strong>At</strong></span> 
     </span>
    </p>
   </div>
   <div class='ocr_carea' id='block_1_41' title="bbox 143 1119 931 1166">
    <p class='ocr_par' dir='ltr' id='par_1_41' title="bbox 143 1119 931 1166">
     <span class='ocr_line' id='line_1_44' title="bbox 143 1119 931 1166; baseline 0.018 -23"><span class='ocrx_word' id='word_1_296' title='bbox 143 1119 257 1151; x_wconf 85' lang='lat' dir='ltr'><strong>apostoli</strong></span> <span class='ocrx_word' id='word_1_297' title='bbox 272 1119 362 1148; x_wconf 80' lang='lat' dir='ltr'><strong>adhuc</strong></span> <span class='ocrx_word' id='word_1_298' title='bbox 374 1124 536 1157; x_wconf 85' lang='lat' dir='ltr'><strong>superstites</strong></span> <span class='ocrx_word' id='word_1_299' title='bbox 547 1130 572 1152; x_wconf 89' lang='lat' dir='ltr'><strong>et</strong></span> <span class='ocrx_word' id='word_1_300' title='bbox 585 1133 646 1153; x_wconf 90' lang='lat' dir='ltr'><strong>cum</strong></span> <span class='ocrx_word' id='word_1_301' title='bbox 667 1127 823 1156; x_wconf 84' lang='lat' dir='ltr'><strong>hominibus</strong></span> <span class='ocrx_word' id='word_1_302' title='bbox 847 1137 931 1166; x_wconf 75' lang='lat' dir='ltr'><strong>agen-</strong></span> 
     </span>
    </p>
   </div>
   <div class='ocr_carea' id='block_1_42' title="bbox 144 1165 832 1210">
    <p class='ocr_par' dir='ltr' id='par_1_42' title="bbox 144 1165 832 1210">
     <span class='ocr_line' id='line_1_45' title="bbox 144 1165 832 1210; baseline 0.017 -19"><span class='ocrx_word' id='word_1_303' title='bbox 144 1169 195 1195; x_wconf 73' lang='lat' dir='ltr'><strong>ti-s,</strong></span> <span class='ocrx_word' id='word_1_304' title='bbox 219 1165 318 1193; x_wconf 88' lang='lat' dir='ltr'><strong>donum</strong></span> <span class='ocrx_word' id='word_1_305' title='bbox 358 1168 476 1205; x_wconf 89' lang='lat' dir='ltr'><strong>Spiritus</strong></span> <span class='ocrx_word' id='word_1_306' title='bbox 511 1173 597 1200; x_wconf 81' lang='lat' dir='ltr'><strong>sancti</strong></span> <span class='ocrx_word' id='word_1_307' title='bbox 623 1173 832 1210; x_wconf 85' lang='lat' dir='ltr'><strong>distriquerunt.</strong></span> 
     </span>
    </p>
   </div>
   <div class='ocr_carea' id='block_1_43' title="bbox 177 1213 928 1261">
    <p class='ocr_par' dir='ltr' id='par_1_43' title="bbox 177 1213 928 1261">
     <span class='ocr_line' id='line_1_46' title="bbox 177 1213 928 1261; baseline 0.016 -20"><span class='ocrx_word' id='word_1_308' title='bbox 177 1213 262 1243; x_wconf 80' lang='lat' dir='ltr'><strong>Porro</strong></span> <span class='ocrx_word' id='word_1_309' title='bbox 270 1217 292 1244; x_wconf 83' lang='lat' dir='ltr'><strong>si</strong></span> <span class='ocrx_word' id='word_1_310' title='bbox 304 1218 456 1253; x_wconf 89' lang='lat' dir='ltr'><strong>cuigrande</strong></span> <span class='ocrx_word' id='word_1_311' title='bbox 465 1220 581 1252; x_wconf 87' lang='lat' dir='ltr'><strong>videtur.</strong></span> <span class='ocrx_word' id='word_1_312' title='bbox 594 1222 667 1257; x_wconf 90' lang='lat' dir='ltr'><strong>quod</strong></span> <span class='ocrx_word' id='word_1_313' title='bbox 683 1223 719 1251; x_wconf 81' lang='lat' dir='ltr'><strong>ibi</strong></span> <span class='ocrx_word' id='word_1_314' title='bbox 731 1224 827 1259; x_wconf 81' lang='lat' dir='ltr'><strong>duplex</strong></span> <span class='ocrx_word' id='word_1_315' title='bbox 841 1227 928 1261; x_wconf 82' lang='lat' dir='ltr'><strong>gratia</strong></span> 
     </span>
    </p>
   </div>
   <div class='ocr_carea' id='block_1_44' title="bbox 141 1256 930 1303">
    <p class='ocr_par' dir='ltr' id='par_1_44' title="bbox 141 1256 930 1303">
     <span class='ocr_line' id='line_1_47' title="bbox 141 1256 930 1303; baseline 0.02 -20"><span class='ocrx_word' id='word_1_316' title='bbox 141 1256 234 1292; x_wconf 66' lang='lat' dir='ltr'><strong>fuerit,</strong></span> <span class='ocrx_word' id='word_1_317' title='bbox 259 1260 281 1287; x_wconf 89' lang='lat' dir='ltr'><strong>is</strong></span> <span class='ocrx_word' id='word_1_318' title='bbox 310 1261 448 1296; x_wconf 72' lang='lat' dir='ltr'><strong>Elisaeum,</strong></span> <span class='ocrx_word' id='word_1_319' title='bbox 477 1273 538 1292; x_wconf 90' lang='lat' dir='ltr'><strong>cum</strong></span> <span class='ocrx_word' id='word_1_320' title='bbox 566 1274 636 1294; x_wconf 87' lang='lat' dir='ltr'><strong>unus</strong></span> <span class='ocrx_word' id='word_1_321' title='bbox 665 1267 712 1300; x_wconf 85' lang='lat' dir='ltr'><strong>sit,</strong></span> <span class='ocrx_word' id='word_1_322' title='bbox 739 1272 930 1303; x_wconf 70' lang='lat' dir='ltr'><strong>practervolare</strong></span> 
     </span>
    </p>
   </div>
   <div class='ocr_carea' id='block_1_45' title="bbox 140 1304 928 1345">
    <p class='ocr_par' dir='ltr' id='par_1_45' title="bbox 140 1304 928 1345">
     <span class='ocr_line' id='line_1_48' title="bbox 140 1304 928 1345; baseline 0.019 -16"><span class='ocrx_word' id='word_1_323' title='bbox 140 1310 195 1330; x_wconf 89' lang='lat' dir='ltr'><strong>non</strong></span> <span class='ocrx_word' id='word_1_324' title='bbox 212 1304 283 1332; x_wconf 87' lang='lat' dir='ltr'><strong>sinat</strong></span> <span class='ocrx_word' id='word_1_325' title='bbox 297 1314 304 1332; x_wconf 88' lang='lat'><strong>:</strong></span> <span class='ocrx_word' id='word_1_326' title='bbox 321 1307 386 1341; x_wconf 89' lang='lat' dir='ltr'><strong>quid</strong></span> <span class='ocrx_word' id='word_1_327' title='bbox 402 1309 474 1336; x_wconf 88' lang='lat' dir='ltr'><strong>enim</strong></span> <span class='ocrx_word' id='word_1_328' title='bbox 493 1310 514 1337; x_wconf 87' lang='lat' dir='ltr'><strong>si</strong></span> <span class='ocrx_word' id='word_1_329' title='bbox 530 1310 651 1339; x_wconf 82' lang='lat' dir='ltr'><strong>inﬁnitos</strong></span> <span class='ocrx_word' id='word_1_330' title='bbox 665 1312 761 1342; x_wconf 90' lang='lat' dir='ltr'><strong>Petros</strong></span> <span class='ocrx_word' id='word_1_331' title='bbox 775 1319 812 1342; x_wconf 86' lang='lat' dir='ltr'><strong>et.</strong></span> <span class='ocrx_word' id='word_1_332' title='bbox 830 1316 928 1345; x_wconf 84' lang='lat' dir='ltr'><strong>Paulos</strong></span> 
     </span>
    </p>
   </div>
   <div class='ocr_carea' id='block_1_46' title="bbox 141 1353 927 1396">
    <p class='ocr_par' dir='ltr' id='par_1_46' title="bbox 141 1353 927 1396">
     <span class='ocr_line' id='line_1_49' title="bbox 141 1353 927 1396; baseline 0.019 -21"><span class='ocrx_word' id='word_1_333' title='bbox 141 1356 316 1384; x_wconf 85' lang='lat' dir='ltr'><strong>percenseas,</strong></span> <span class='ocrx_word' id='word_1_334' title='bbox 341 1353 403 1381; x_wconf 85' lang='lat' dir='ltr'><strong>illos</strong></span> <span class='ocrx_word' id='word_1_335' title='bbox 430 1354 563 1391; x_wconf 77' lang='lat' dir='ltr'><strong>intelligo,</strong></span> <span class='ocrx_word' id='word_1_336' title='bbox 579 1358 624 1392; x_wconf 92' lang='lat' dir='ltr'><strong>qui</strong></span> <span class='ocrx_word' id='word_1_337' title='bbox 652 1359 686 1385; x_wconf 89' lang='lat' dir='ltr'><strong>ah</strong></span> <span class='ocrx_word' id='word_1_338' title='bbox 712 1360 778 1394; x_wconf 86' lang='lat' dir='ltr'><strong>ipsis</strong></span> <span class='ocrx_word' id='word_1_339' title='bbox 807 1361 927 1396; x_wconf 88' lang='lat' dir='ltr'><strong>Spiritus</strong></span> 
     </span>
    </p>
   </div>
   <div class='ocr_carea' id='block_1_47' title="bbox 139 1397 927 1444">
    <p class='ocr_par' dir='ltr' id='par_1_47' title="bbox 139 1397 927 1444">
     <span class='ocr_line' id='line_1_50' title="bbox 139 1397 927 1444; baseline 0.019 -23"><span class='ocrx_word' id='word_1_340' title='bbox 139 1397 256 1430; x_wconf 86' lang='lat' dir='ltr'><strong>gratiam</strong></span> <span class='ocrx_word' id='word_1_341' title='bbox 275 1401 463 1434; x_wconf 81' lang='lat' dir='ltr'><strong>acceperunt?</strong></span> <span class='ocrx_word' id='word_1_342' title='bbox 486 1402 594 1434; x_wconf 86' lang='lat' dir='ltr'><strong>Quanto</strong></span> <span class='ocrx_word' id='word_1_343' title='bbox 619 1405 802 1435; x_wconf 84' lang='lat' dir='ltr'><strong>admiratione</strong></span> <span class='ocrx_word' id='word_1_344' title='bbox 818 1408 927 1444; x_wconf 81' lang='lat' dir='ltr'><strong>dignius</strong></span> 
     </span>
    </p>
   </div>
   <div class='ocr_carea' id='block_1_48' title="bbox 138 1443 926 1489">
    <p class='ocr_par' dir='ltr' id='par_1_48' title="bbox 138 1443 926 1489">
     <span class='ocr_line' id='line_1_51' title="bbox 138 1443 926 1489; baseline 0.018 -20"><span class='ocrx_word' id='word_1_345' title='bbox 138 1446 181 1470; x_wconf 87' lang='lat' dir='ltr'><strong>cst</strong></span> <span class='ocrx_word' id='word_1_346' title='bbox 199 1443 260 1477; x_wconf 88' lang='lat' dir='ltr'><strong>hoc,</strong></span> <span class='ocrx_word' id='word_1_347' title='bbox 278 1453 360 1480; x_wconf 90' lang='lat' dir='ltr'><strong>quam</strong></span> <span class='ocrx_word' id='word_1_348' title='bbox 389 1446 482 1475; x_wconf 81' lang='lat' dir='ltr'><strong>illud?</strong></span> <span class='ocrx_word' id='word_1_349' title='bbox 508 1449 639 1482; x_wconf 84' lang='lat' dir='ltr'><strong>Quamvis</strong></span> <span class='ocrx_word' id='word_1_350' title='bbox 655 1457 681 1479; x_wconf 90' lang='lat' dir='ltr'><strong>et</strong></span> <span class='ocrx_word' id='word_1_351' title='bbox 697 1452 763 1481; x_wconf 89' lang='lat' dir='ltr'><strong>illud</strong></span> <span class='ocrx_word' id='word_1_352' title='bbox 794 1443 926 1489; x_wconf 76' lang='lat' dir='ltr'><strong>apostolis</strong></span> 
     </span>
    </p>
   </div>
   <div class='ocr_carea' id='block_1_49' title="bbox 137 1489 925 1536">
    <p class='ocr_par' dir='ltr' id='par_1_49' title="bbox 137 1489 925 1536">
     <span class='ocr_line' id='line_1_52' title="bbox 137 1489 925 1536; baseline 0.016 -21"><span class='ocrx_word' id='word_1_353' title='bbox 137 1489 243 1523; x_wconf 86' lang='lat' dir='ltr'><strong>priores</strong></span> <span class='ocrx_word' id='word_1_354' title='bbox 257 1496 350 1525; x_wconf 88' lang='lat' dir='ltr'><strong>partes</strong></span> <span class='ocrx_word' id='word_1_355' title='bbox 378 1494 524 1522; x_wconf 85' lang='lat' dir='ltr'><strong>concedit:</strong></span> <span class='ocrx_word' id='word_1_356' title='bbox 544 1496 617 1524; x_wconf 85' lang='lat' dir='ltr'><strong>Elias</strong></span> <span class='ocrx_word' id='word_1_357' title='bbox 649 1499 691 1525; x_wconf 80' lang='lat' dir='ltr'><strong>vix</strong></span> <span class='ocrx_word' id='word_1_358' title='bbox 722 1499 829 1527; x_wconf 86' lang='lat' dir='ltr'><strong>tandem</strong></span> <span class='ocrx_word' id='word_1_359' title='bbox 864 1505 925 1536; x_wconf 54' lang='lat' dir='ltr'><strong>post</strong></span> 
     </span>
    </p>
   </div>
   <div class='ocr_carea' id='block_1_50' title="bbox 137 1536 962 1581">
    <p class='ocr_par' dir='ltr' id='par_1_50' title="bbox 137 1536 962 1581">
     <span class='ocr_line' id='line_1_53' title="bbox 137 1536 962 1581; baseline 0.018 -20"><span class='ocrx_word' id='word_1_360' title='bbox 137 1536 240 1563; x_wconf 86' lang='lat' dir='ltr'><strong>multas</strong></span> <span class='ocrx_word' id='word_1_361' title='bbox 255 1545 349 1572; x_wconf 88' lang='lat' dir='ltr'><strong>preces</strong></span> <span class='ocrx_word' id='word_1_362' title='bbox 367 1539 502 1575; x_wconf 87' lang='lat' dir='ltr'><strong>discipulo</strong></span> <span class='ocrx_word' id='word_1_363' title='bbox 528 1544 644 1577; x_wconf 82' lang='lat' dir='ltr'><strong>gratiam</strong></span> <span class='ocrx_word' id='word_1_364' title='bbox 669 1544 736 1573; x_wconf 89' lang='lat' dir='ltr'><strong>dare</strong></span> <span class='ocrx_word' id='word_1_365' title='bbox 759 1547 856 1574; x_wconf 88' lang='lat' dir='ltr'><strong>annuit</strong></span> <span class='ocrx_word' id='word_1_366' title='bbox 872 1556 880 1581; x_wconf 86' lang='lat'><strong>;</strong></span> <span class='ocrx_word' id='word_1_367' title='bbox 900 1552 928 1575; x_wconf 88' lang='lat' dir='ltr'><strong>at</strong></span> <span class='ocrx_word' id='word_1_368' title='bbox 942 1548 962 1576; x_wconf 86' lang='lat' dir='ltr'><strong>C</strong></span> 
     </span>
    </p>
   </div>
   <div class='ocr_carea' id='block_1_51' title="bbox 138 1581 922 1626">
    <p class='ocr_par' dir='ltr' id='par_1_51' title="bbox 138 1581 922 1626">
     <span class='ocr_line' id='line_1_54' title="bbox 138 1581 922 1626; baseline 0.014 -19"><span class='ocrx_word' id='word_1_369' title='bbox 138 1581 184 1608; x_wconf 81' lang='lat' dir='ltr'><strong>isti</strong></span> <span class='ocrx_word' id='word_1_370' title='bbox 199 1581 284 1610; x_wconf 75' lang='lat' dir='ltr'><strong>effuse</strong></span> <span class='ocrx_word' id='word_1_371' title='bbox 311 1583 509 1620; x_wconf 84' lang='lat' dir='ltr'><strong>largiebantur,</strong></span> <span class='ocrx_word' id='word_1_372' title='bbox 527 1587 635 1615; x_wconf 89' lang='lat' dir='ltr'><strong>etiamsi</strong></span> <span class='ocrx_word' id='word_1_373' title='bbox 651 1597 733 1618; x_wconf 87' lang='lat' dir='ltr'><strong>nemo</strong></span> <span class='ocrx_word' id='word_1_374' title='bbox 761 1592 922 1626; x_wconf 81' lang='lat' dir='ltr'><strong>postularet.</strong></span> 
     </span>
    </p>
   </div>
   <div class='ocr_carea' id='block_1_52' title="bbox 138 1625 925 1673">
    <p class='ocr_par' dir='ltr' id='par_1_52' title="bbox 138 1625 925 1673">
     <span class='ocr_line' id='line_1_55' title="bbox 138 1625 925 1673; baseline 0.015 -20"><span class='ocrx_word' id='word_1_375' title='bbox 138 1625 229 1654; x_wconf 86' lang='lat' dir='ltr'><strong>Testis</strong></span> <span class='ocrx_word' id='word_1_376' title='bbox 246 1628 344 1656; x_wconf 88' lang='lat' dir='ltr'><strong>horum</strong></span> <span class='ocrx_word' id='word_1_377' title='bbox 370 1630 485 1658; x_wconf 89' lang='lat' dir='ltr'><strong>multam</strong></span> <span class='ocrx_word' id='word_1_378' title='bbox 502 1625 770 1663; x_wconf 83' lang='lat' dir='ltr'><strong>verisimilitudinem</strong></span> <span class='ocrx_word' id='word_1_379' title='bbox 802 1637 925 1673; x_wconf 89' lang='lat' dir='ltr'><strong>undique</strong></span> 
     </span>
    </p>
   </div>
   <div class='ocr_carea' id='block_1_53' title="bbox 136 1674 924 1719">
    <p class='ocr_par' dir='ltr' id='par_1_53' title="bbox 136 1674 924 1719">
     <span class='ocr_line' id='line_1_56' title="bbox 136 1674 924 1719; baseline 0.014 -19"><span class='ocrx_word' id='word_1_380' title='bbox 136 1674 276 1708; x_wconf 68' lang='lat' dir='ltr'><strong>asciscens</strong></span> <span class='ocrx_word' id='word_1_381' title='bbox 298 1679 352 1709; x_wconf 87' lang='lat' dir='ltr'><strong>est,</strong></span> <span class='ocrx_word' id='word_1_382' title='bbox 383 1676 508 1705; x_wconf 84' lang='lat' dir='ltr'><strong>homines</strong></span> <span class='ocrx_word' id='word_1_383' title='bbox 556 1686 639 1715; x_wconf 85' lang='lat' dir='ltr'><strong>supra</strong></span> <span class='ocrx_word' id='word_1_384' title='bbox 678 1682 789 1709; x_wconf 88' lang='lat' dir='ltr'><strong>modum</strong></span> <span class='ocrx_word' id='word_1_385' title='bbox 822 1684 924 1719; x_wconf 77' lang='lat' dir='ltr'><strong>majore</strong></span> 
     </span>
    </p>
   </div>
   <div class='ocr_carea' id='block_1_54' title="bbox 135 1720 922 1764">
    <p class='ocr_par' dir='ltr' id='par_1_54' title="bbox 135 1720 922 1764">
     <span class='ocr_line' id='line_1_57' title="bbox 135 1720 922 1764; baseline 0.017 -20"><span class='ocrx_word' id='word_1_386' title='bbox 135 1720 236 1754; x_wconf 83' lang='lat' dir='ltr'><strong>gratia,</strong></span> <span class='ocrx_word' id='word_1_387' title='bbox 253 1727 335 1754; x_wconf 85' lang='lat' dir='ltr'><strong>quam</strong></span> <span class='ocrx_word' id='word_1_388' title='bbox 353 1721 379 1748; x_wconf 93' lang='lat' dir='ltr'><strong>in</strong></span> <span class='ocrx_word' id='word_1_389' title='bbox 396 1721 453 1756; x_wconf 84' lang='lat' dir='ltr'><strong>lege</strong></span> <span class='ocrx_word' id='word_1_390' title='bbox 470 1723 588 1752; x_wconf 87' lang='lat' dir='ltr'><strong>donatos</strong></span> <span class='ocrx_word' id='word_1_391' title='bbox 605 1733 677 1753; x_wconf 82' lang='lat' dir='ltr'><strong>esse.</strong></span> <span class='ocrx_word' id='word_1_392' title='bbox 699 1726 792 1762; x_wconf 89' lang='lat' dir='ltr'><strong>Itaque</strong></span> <span class='ocrx_word' id='word_1_393' title='bbox 805 1731 922 1764; x_wconf 83' lang='lat' dir='ltr'><strong>apostoli</strong></span> 
     </span>
    </p>
   </div>
   <div class='ocr_carea' id='block_1_55' title="bbox 133 1765 923 1810">
    <p class='ocr_par' dir='ltr' id='par_1_55' title="bbox 133 1765 923 1810">
     <span class='ocr_line' id='line_1_58' title="bbox 133 1765 923 1810; baseline 0.014 -19"><span class='ocrx_word' id='word_1_394' title='bbox 133 1769 162 1791; x_wconf 88' lang='lat' dir='ltr'><strong>et</strong></span> <span class='ocrx_word' id='word_1_395' title='bbox 178 1765 259 1793; x_wconf 90' lang='lat' dir='ltr'><strong>modo</strong></span> <span class='ocrx_word' id='word_1_396' title='bbox 284 1767 542 1797; x_wconf 86' lang='lat' dir='ltr'><strong>communicationis</strong></span> <span class='ocrx_word' id='word_1_397' title='bbox 557 1774 584 1797; x_wconf 88' lang='lat' dir='ltr'><strong>et</strong></span> <span class='ocrx_word' id='word_1_398' title='bbox 608 1773 784 1801; x_wconf 90' lang='lat' dir='ltr'><strong>multitudine</strong></span> <span class='ocrx_word' id='word_1_399' title='bbox 810 1775 923 1810; x_wconf 82' lang='lat' dir='ltr'><strong>partici—</strong></span> 
     </span>
    </p>
   </div>
   <div class='ocr_carea' id='block_1_56' title="bbox 133 1811 922 1852">
    <p class='ocr_par' dir='ltr' id='par_1_56' title="bbox 133 1811 922 1852">
     <span class='ocr_line' id='line_1_59' title="bbox 133 1811 922 1852; baseline 0.015 -15"><span class='ocrx_word' id='word_1_400' title='bbox 133 1811 270 1845; x_wconf 86' lang='lat' dir='ltr'><strong>pantium,</strong></span> <span class='ocrx_word' id='word_1_401' title='bbox 295 1815 452 1848; x_wconf 87' lang='lat' dir='ltr'><strong>superiores</strong></span> <span class='ocrx_word' id='word_1_402' title='bbox 468 1822 533 1843; x_wconf 88' lang='lat' dir='ltr'><strong>sunt</strong></span> <span class='ocrx_word' id='word_1_403' title='bbox 549 1825 558 1843; x_wconf 86' lang='lat'><strong>:</strong></span> <span class='ocrx_word' id='word_1_404' title='bbox 588 1825 677 1852; x_wconf 88' lang='lat' dir='ltr'><strong>neque</strong></span> <span class='ocrx_word' id='word_1_405' title='bbox 698 1820 772 1846; x_wconf 86' lang='lat' dir='ltr'><strong>enim</strong></span> <span class='ocrx_word' id='word_1_406' title='bbox 802 1822 922 1848; x_wconf 85' lang='lat' dir='ltr'><strong>necessi-</strong></span> 
     </span>
    </p>
   </div>
   <div class='ocr_carea' id='block_1_57' title="bbox 134 1862 920 1900">
    <p class='ocr_par' dir='ltr' id='par_1_57' title="bbox 134 1862 920 1900">
     <span class='ocr_line' id='line_1_60' title="bbox 134 1862 920 1900; baseline 0.014 -16"><span class='ocrx_word' id='word_1_407' title='bbox 134 1862 191 1886; x_wconf 89' lang='lat' dir='ltr'><strong>tate</strong></span> <span class='ocrx_word' id='word_1_408' title='bbox 221 1864 346 1894; x_wconf 85' lang='lat' dir='ltr'><strong>urgentc,</strong></span> <span class='ocrx_word' id='word_1_409' title='bbox 380 1869 468 1896; x_wconf 90' lang='lat' dir='ltr'><strong>neque</strong></span> <span class='ocrx_word' id='word_1_410' title='bbox 499 1863 610 1899; x_wconf 89' lang='lat' dir='ltr'><strong>aliquo,</strong></span> <span class='ocrx_word' id='word_1_411' title='bbox 638 1869 767 1900; x_wconf 79' lang='lat' dir='ltr'><strong>tanquam</strong></span> <span class='ocrx_word' id='word_1_412' title='bbox 796 1866 920 1895; x_wconf 82' lang='lat' dir='ltr'><strong>debitum</strong></span> 
     </span>
    </p>
   </div>
   <div class='ocr_carea' id='block_1_58' title="bbox 131 1906 918 1945">
    <p class='ocr_par' dir='ltr' id='par_1_58' title="bbox 131 1906 918 1945">
     <span class='ocr_line' id='line_1_61' title="bbox 131 1906 918 1945; baseline 0.013 -15"><span class='ocrx_word' id='word_1_413' title='bbox 131 1906 279 1938; x_wconf 68' lang='lat' dir='ltr'><strong>exigente,</strong></span> <span class='ocrx_word' id='word_1_414' title='bbox 305 1906 463 1934; x_wconf 85' lang='lat' dir='ltr'><strong>tribuebant</strong></span> <span class='ocrx_word' id='word_1_415' title='bbox 486 1908 520 1936; x_wconf 89' lang='lat' dir='ltr'><strong>iis</strong></span> <span class='ocrx_word' id='word_1_416' title='bbox 537 1929 545 1940; x_wconf 83' lang='lat'><strong>,</strong></span> <span class='ocrx_word' id='word_1_417' title='bbox 578 1909 681 1944; x_wconf 91' lang='lat' dir='ltr'><strong>quibus</strong></span> <span class='ocrx_word' id='word_1_418' title='bbox 706 1911 918 1945; x_wconf 84' lang='lat' dir='ltr'><strong>ministrabant,</strong></span> 
     </span>
    </p>
   </div>
   <div class='ocr_carea' id='block_1_59' title="bbox 133 1952 918 1991">
    <p class='ocr_par' dir='ltr' id='par_1_59' title="bbox 133 1952 918 1991">
     <span class='ocr_line' id='line_1_62' title="bbox 133 1952 918 1991; baseline 0.014 -15"><span class='ocrx_word' id='word_1_419' title='bbox 133 1952 247 1984; x_wconf 83' lang='lat' dir='ltr'><strong>gratiam</strong></span> <span class='ocrx_word' id='word_1_420' title='bbox 265 1961 272 1985; x_wconf 89' lang='lat'>;</span> <span class='ocrx_word' id='word_1_421' title='bbox 290 1956 316 1979; x_wconf 92' lang='lat' dir='ltr'><strong>ct</strong></span> <span class='ocrx_word' id='word_1_422' title='bbox 334 1957 362 1979; x_wconf 94' lang='lat' dir='ltr'><strong>ut</strong></span> <span class='ocrx_word' id='word_1_423' title='bbox 380 1953 431 1980; x_wconf 90' lang='lat' dir='ltr'><strong>hoc</strong></span> <span class='ocrx_word' id='word_1_424' title='bbox 448 1955 473 1982; x_wconf 93' lang='lat' dir='ltr'><strong>in</strong></span> <span class='ocrx_word' id='word_1_425' title='bbox 494 1963 593 1990; x_wconf 83' lang='lat' dir='ltr'><strong>genere</strong></span> <span class='ocrx_word' id='word_1_426' title='bbox 623 1957 718 1991; x_wconf 89' lang='lat' dir='ltr'><strong>plures</strong></span> <span class='ocrx_word' id='word_1_427' title='bbox 734 1958 786 1985; x_wconf 88' lang='lat' dir='ltr'><strong>sibi</strong></span> <span class='ocrx_word' id='word_1_428' title='bbox 814 1959 918 1987; x_wconf 83' lang='lat' dir='ltr'><strong>similes</strong></span> 
     </span>
    </p>
   </div>
   <div class='ocr_carea' id='block_1_60' title="bbox 131 1996 917 2040">
    <p class='ocr_par' dir='ltr' id='par_1_60' title="bbox 131 1996 917 2040">
     <span class='ocr_line' id='line_1_63' title="bbox 131 1996 917 2040; baseline 0.017 -19"><span class='ocrx_word' id='word_1_429' title='bbox 131 1996 279 2031; x_wconf 68' lang='lat' dir='ltr'><strong>vincerent,</strong></span> <span class='ocrx_word' id='word_1_430' title='bbox 307 1999 532 2029; x_wconf 87' lang='lat' dir='ltr'><strong>honoriﬁcentius</strong></span> <span class='ocrx_word' id='word_1_431' title='bbox 560 2007 587 2030; x_wconf 89' lang='lat' dir='ltr'><strong>ct</strong></span> <span class='ocrx_word' id='word_1_432' title='bbox 622 2005 717 2032; x_wconf 87' lang='lat' dir='ltr'><strong>utilius</strong></span> <span class='ocrx_word' id='word_1_433' title='bbox 757 2006 917 2040; x_wconf 84' lang='lat' dir='ltr'><strong>censebant,</strong></span> 
     </span>
    </p>
   </div>
   <div class='ocr_carea' id='block_1_61' title="bbox 129 2043 916 2087">
    <p class='ocr_par' dir='ltr' id='par_1_61' title="bbox 129 2043 916 2087">
     <span class='ocr_line' id='line_1_64' title="bbox 129 2043 916 2087; baseline 0.017 -20"><span class='ocrx_word' id='word_1_434' title='bbox 129 2049 210 2075; x_wconf 87' lang='lat' dir='ltr'><strong>quam</strong></span> <span class='ocrx_word' id='word_1_435' title='bbox 227 2047 256 2069; x_wconf 90' lang='lat' dir='ltr'><strong>ut</strong></span> <span class='ocrx_word' id='word_1_436' title='bbox 271 2043 322 2078; x_wconf 84' lang='lat' dir='ltr'><strong>ipsi</strong></span> <span class='ocrx_word' id='word_1_437' title='bbox 334 2045 384 2072; x_wconf 86' lang='lat' dir='ltr'><strong>soli</strong></span> <span class='ocrx_word' id='word_1_438' title='bbox 401 2047 529 2075; x_wconf 89' lang='lat' dir='ltr'><strong>omnibus</strong></span> <span class='ocrx_word' id='word_1_439' title='bbox 543 2049 740 2083; x_wconf 64' lang='lat' dir='ltr'><strong>prmccllerent.</strong></span> <span class='ocrx_word' id='word_1_440' title='bbox 754 2051 916 2087; x_wconf 86' lang='lat' dir='ltr'><strong>Quanquam</strong></span> 
     </span>
    </p>
   </div>
   <div class='ocr_carea' id='block_1_62' title="bbox 127 2088 915 2134">
    <p class='ocr_par' dir='ltr' id='par_1_62' title="bbox 127 2088 915 2134">
     <span class='ocr_line' id='line_1_65' title="bbox 127 2088 915 2134; baseline 0.016 -21"><span class='ocrx_word' id='word_1_441' title='bbox 127 2088 321 2120; x_wconf 73' lang='lat' dir='ltr'><strong>przrcellebant</strong></span> <span class='ocrx_word' id='word_1_442' title='bbox 337 2098 456 2127; x_wconf 87' lang='lat' dir='ltr'><strong>quoque,</strong></span> <span class='ocrx_word' id='word_1_443' title='bbox 478 2093 525 2121; x_wconf 87' lang='lat' dir='ltr'><strong>sed</strong></span> <span class='ocrx_word' id='word_1_444' title='bbox 540 2102 594 2121; x_wconf 93' lang='lat' dir='ltr'><strong>non</strong></span> <span class='ocrx_word' id='word_1_445' title='bbox 611 2099 640 2122; x_wconf 90' lang='lat' dir='ltr'><strong>ut</strong></span> <span class='ocrx_word' id='word_1_446' title='bbox 651 2097 728 2134; x_wconf 86' lang='lat' dir='ltr'><strong>prius</strong></span> <span class='ocrx_word' id='word_1_447' title='bbox 742 2107 748 2129; x_wconf 84' lang='lat'><strong>;</strong></span> <span class='ocrx_word' id='word_1_448' title='bbox 766 2106 826 2125; x_wconf 90' lang='lat' dir='ltr'><strong>cum</strong></span> <span class='ocrx_word' id='word_1_449' title='bbox 842 2099 915 2126; x_wconf 88' lang='lat' dir='ltr'><strong>enim</strong></span> 
     </span>
    </p>
   </div>
   <div class='ocr_carea' id='block_1_63' title="bbox 127 2135 917 2177">
    <p class='ocr_par' dir='ltr' id='par_1_63' title="bbox 127 2135 917 2177">
     <span class='ocr_line' id='line_1_66' title="bbox 127 2135 917 2177; baseline 0.016 -19"><span class='ocrx_word' id='word_1_450' title='bbox 127 2137 195 2160; x_wconf 86' lang='lat' dir='ltr'><strong>tunc</strong></span> <span class='ocrx_word' id='word_1_451' title='bbox 210 2135 299 2162; x_wconf 89' lang='lat' dir='ltr'><strong>nullos</strong></span> <span class='ocrx_word' id='word_1_452' title='bbox 315 2136 438 2164; x_wconf 86' lang='lat' dir='ltr'><strong>subditos</strong></span> <span class='ocrx_word' id='word_1_453' title='bbox 464 2137 612 2173; x_wconf 84' lang='lat' dir='ltr'><strong>baberent,</strong></span> <span class='ocrx_word' id='word_1_454' title='bbox 640 2149 714 2170; x_wconf 92' lang='lat' dir='ltr'><strong>nunc</strong></span> <span class='ocrx_word' id='word_1_455' title='bbox 743 2143 842 2177; x_wconf 83' lang='lat' dir='ltr'><strong>insigni</strong></span> <span class='ocrx_word' id='word_1_456' title='bbox 871 2152 917 2171; x_wconf 89' lang='lat' dir='ltr'><strong>eo-</strong></span> 
     </span>
    </p>
   </div>
   <div class='ocr_carea' id='block_1_64' title="bbox 128 2181 914 2225">
    <p class='ocr_par' dir='ltr' id='par_1_64' title="bbox 128 2181 914 2225">
     <span class='ocr_line' id='line_1_67' title="bbox 128 2181 914 2225; baseline 0.018 -21"><span class='ocrx_word' id='word_1_457' title='bbox 128 2186 187 2206; x_wconf 91' lang='lat' dir='ltr'><strong>rum</strong></span> <span class='ocrx_word' id='word_1_458' title='bbox 205 2181 379 2210; x_wconf 77' lang='lat' dir='ltr'><strong>multitudine</strong></span> <span class='ocrx_word' id='word_1_459' title='bbox 406 2184 516 2218; x_wconf 79' lang='lat' dir='ltr'><strong>gloriari</strong></span> <span class='ocrx_word' id='word_1_460' title='bbox 550 2185 660 2220; x_wconf 81' lang='lat' dir='ltr'><strong>licebat,</strong></span> <span class='ocrx_word' id='word_1_461' title='bbox 682 2188 857 2225; x_wconf 87' lang='lat' dir='ltr'><strong>illustresque</strong></span> <span class='ocrx_word' id='word_1_462' title='bbox 874 2191 914 2217; x_wconf 75' lang='lat' dir='ltr'><strong>ef-</strong></span> 
     </span>
    </p>
   </div>
   <div class='ocr_carea' id='block_1_65' title="bbox 125 2225 914 2270">
    <p class='ocr_par' dir='ltr' id='par_1_65' title="bbox 125 2225 914 2270">
     <span class='ocr_line' id='line_1_68' title="bbox 125 2225 914 2270; baseline 0.015 -18"><span class='ocrx_word' id='word_1_463' title='bbox 125 2225 190 2253; x_wconf 74' lang='lat' dir='ltr'><strong>fecti</strong></span> <span class='ocrx_word' id='word_1_464' title='bbox 205 2233 277 2259; x_wconf 88' lang='lat' dir='ltr'><strong>sunt,</strong></span> <span class='ocrx_word' id='word_1_465' title='bbox 295 2235 349 2255; x_wconf 89' lang='lat' dir='ltr'><strong>non</strong></span> <span class='ocrx_word' id='word_1_466' title='bbox 369 2230 441 2263; x_wconf 91' lang='lat' dir='ltr'><strong>quod</strong></span> <span class='ocrx_word' id='word_1_467' title='bbox 459 2232 564 2265; x_wconf 75' lang='lat' dir='ltr'><strong>paucis,</strong></span> <span class='ocrx_word' id='word_1_468' title='bbox 588 2233 636 2261; x_wconf 82' lang='lat' dir='ltr'><strong>sed</strong></span> <span class='ocrx_word' id='word_1_469' title='bbox 659 2235 732 2269; x_wconf 91' lang='lat' dir='ltr'><strong>quod</strong></span> <span class='ocrx_word' id='word_1_470' title='bbox 754 2237 858 2270; x_wconf 86' lang='lat' dir='ltr'><strong>magnis</strong></span> <span class='ocrx_word' id='word_1_471' title='bbox 887 2242 914 2264; x_wconf 89' lang='lat' dir='ltr'><strong>ct</strong></span> 
     </span>
    </p>
   </div>
   <div class='ocr_carea' id='block_1_66' title="bbox 125 2271 912 2316">
    <p class='ocr_par' dir='ltr' id='par_1_66' title="bbox 125 2271 912 2316">
     <span class='ocr_line' id='line_1_69' title="bbox 125 2271 912 2316; baseline 0.017 -19"><span class='ocrx_word' id='word_1_472' title='bbox 125 2271 294 2300; x_wconf 82' lang='lat' dir='ltr'><strong>admirandis</strong></span> <span class='ocrx_word' id='word_1_473' title='bbox 328 2274 506 2309; x_wconf 87' lang='lat' dir='ltr'><strong>imperarent.</strong></span> <span class='ocrx_word' id='word_1_474' title='bbox 544 2277 631 2306; x_wconf 76' lang='lat' dir='ltr'><strong>Video</strong></span> <span class='ocrx_word' id='word_1_475' title='bbox 661 2280 745 2314; x_wconf 80' lang='lat' dir='ltr'><strong>igitur</strong></span> <span class='ocrx_word' id='word_1_476' title='bbox 774 2283 912 2316; x_wconf 88' lang='lat' dir='ltr'><strong>apostolos</strong></span> 
     </span>
    </p>
   </div>
   <div class='ocr_carea' id='block_1_67' title="bbox 125 2317 912 2362">
    <p class='ocr_par' dir='ltr' id='par_1_67' title="bbox 125 2317 912 2362">
     <span class='ocr_line' id='line_1_70' title="bbox 125 2317 912 2362; baseline 0.015 -18"><span class='ocrx_word' id='word_1_477' title='bbox 125 2317 258 2352; x_wconf 86' lang='lat' dir='ltr'><strong>Spiritum</strong></span> <span class='ocrx_word' id='word_1_478' title='bbox 287 2325 411 2348; x_wconf 89' lang='lat' dir='ltr'><strong>sanctum</strong></span> <span class='ocrx_word' id='word_1_479' title='bbox 445 2325 665 2353; x_wconf 76' lang='lat' dir='ltr'><strong>communicasse</strong></span> <span class='ocrx_word' id='word_1_480' title='bbox 692 2326 756 2360; x_wconf 79' lang='lat' dir='ltr'><strong>illis,</strong></span> <span class='ocrx_word' id='word_1_481' title='bbox 784 2328 830 2362; x_wconf 87' lang='lat' dir='ltr'><strong>qui</strong></span> <span class='ocrx_word' id='word_1_482' title='bbox 861 2329 912 2356; x_wconf 89' lang='lat' dir='ltr'><strong>hoc</strong></span> 
     </span>
    </p>
   </div>
   <div class='ocr_carea' id='block_1_68' title="bbox 123 2365 437 2399">
    <p class='ocr_par' dir='ltr' id='par_1_68' title="bbox 123 2365 437 2399">
     <span class='ocr_line' id='line_1_71' title="bbox 123 2365 437 2399; baseline 0.016 -9"><span class='ocrx_word' id='word_1_483' title='bbox 123 2371 238 2392; x_wconf 84' lang='lat' dir='ltr'><strong>munere</strong></span> <span class='ocrx_word' id='word_1_484' title='bbox 254 2365 329 2399; x_wconf 76' lang='lat' dir='ltr'><strong>digni</strong></span> <span class='ocrx_word' id='word_1_485' title='bbox 345 2372 437 2395; x_wconf 84' lang='lat' dir='ltr'><strong>erant.</strong></span> 
     </span>
    </p>
   </div>
   <div class='ocr_carea' id='block_1_69' title="bbox 162 2410 913 2454">
    <p class='ocr_par' dir='ltr' id='par_1_69' title="bbox 162 2410 913 2454">
     <span class='ocr_line' id='line_1_72' title="bbox 162 2410 913 2454; baseline 0.016 -18"><span class='ocrx_word' id='word_1_486' title='bbox 162 2410 248 2439; x_wconf 89' lang='lat' dir='ltr'><strong>Video</strong></span> <span class='ocrx_word' id='word_1_487' title='bbox 276 2412 418 2440; x_wconf 88' lang='lat' dir='ltr'><strong>Simonem</strong></span> <span class='ocrx_word' id='word_1_488' title='bbox 450 2423 561 2451; x_wconf 87' lang='lat' dir='ltr'><strong>quoque</strong></span> <span class='ocrx_word' id='word_1_489' title='bbox 589 2426 697 2453; x_wconf 81' lang='lat' dir='ltr'><strong>magum</strong></span> <span class='ocrx_word' id='word_1_490' title='bbox 727 2420 868 2454; x_wconf 84' lang='lat' dir='ltr'><strong>accedcrc,</strong></span> <span class='ocrx_word' id='word_1_491' title='bbox 886 2427 913 2449; x_wconf 91' lang='lat' dir='ltr'><strong>et</strong></span> 
     </span>
    </p>
   </div>
   <div class='ocr_carea' id='block_1_70' title="bbox 122 2459 911 2499">
    <p class='ocr_par' dir='ltr' id='par_1_70' title="bbox 122 2459 911 2499">
     <span class='ocr_line' id='line_1_73' title="bbox 122 2459 911 2499; baseline 0.015 -15"><span class='ocrx_word' id='word_1_492' title='bbox 122 2459 256 2491; x_wconf 86' lang='lat' dir='ltr'><strong>apostolis</strong></span> <span class='ocrx_word' id='word_1_493' title='bbox 273 2460 415 2493; x_wconf 83' lang='lat' dir='ltr'><strong>pecuniam</strong></span> <span class='ocrx_word' id='word_1_494' title='bbox 431 2462 541 2495; x_wconf 80' lang='lat' dir='ltr'><strong>offerre,</strong></span> <span class='ocrx_word' id='word_1_495' title='bbox 560 2469 589 2490; x_wconf 87' lang='lat' dir='ltr'><strong>ut</strong></span> <span class='ocrx_word' id='word_1_496' title='bbox 607 2472 698 2499; x_wconf 87' lang='lat' dir='ltr'><strong>parem</strong></span> <span class='ocrx_word' id='word_1_497' title='bbox 717 2474 780 2494; x_wconf 93' lang='lat' dir='ltr'><strong>cum</strong></span> <span class='ocrx_word' id='word_1_498' title='bbox 805 2469 911 2496; x_wconf 73' lang='lat' dir='ltr'><strong>cmteris</strong></span> 
     </span>
    </p>
   </div>
   <div class='ocr_carea' id='block_1_71' title="bbox 123 2505 912 2558">
    <p class='ocr_par' dir='ltr' id='par_1_71' title="bbox 123 2505 912 2558">
     <span class='ocr_line' id='line_1_74' title="bbox 123 2505 912 2558; baseline 0.019 -30"><span class='ocrx_word' id='word_1_499' title='bbox 123 2505 238 2538; x_wconf 76' lang='lat' dir='ltr'><strong>gratiam</strong></span> <span class='ocrx_word' id='word_1_500' title='bbox 255 2511 482 2540; x_wconf 87' lang='lat' dir='ltr'><strong>consequeretur.</strong></span> <span class='ocrx_word' id='word_1_501' title='bbox 499 2509 558 2542; x_wconf 86' lang='lat' dir='ltr'><strong>Qua</strong></span> <span class='ocrx_word' id='word_1_502' title='bbox 575 2510 603 2537; x_wconf 92' lang='lat' dir='ltr'><strong>in</strong></span> <span class='ocrx_word' id='word_1_503' title='bbox 619 2519 648 2538; x_wconf 89' lang='lat' dir='ltr'><strong>re</strong></span> <span class='ocrx_word' id='word_1_504' title='bbox 671 2520 759 2547; x_wconf 88' lang='lat' dir='ltr'><strong>usque</strong></span> <span class='ocrx_word' id='word_1_505' title='bbox 778 2514 846 2542; x_wconf 86' lang='lat' dir='ltr'><strong>adeo</strong></span> <span class='ocrx_word' id='word_1_506' title='bbox 860 2515 912 2558; x_wconf 67' lang='lat' dir='ltr'><strong>im:</strong></span> 
     </span>
    </p>
   </div>
   <div class='ocr_carea' id='block_1_72' title="bbox 121 2549 912 2594">
    <p class='ocr_par' dir='ltr' id='par_1_72' title="bbox 121 2549 912 2594">
     <span class='ocr_line' id='line_1_75' title="bbox 121 2549 912 2594; baseline 0.019 -20"><span class='ocrx_word' id='word_1_507' title='bbox 121 2549 259 2584; x_wconf 82' lang='lat' dir='ltr'><strong>pudenter</strong></span> <span class='ocrx_word' id='word_1_508' title='bbox 281 2558 310 2578; x_wconf 86' lang='lat' dir='ltr'><strong>se</strong></span> <span class='ocrx_word' id='word_1_509' title='bbox 327 2554 422 2585; x_wconf 79' lang='lat' dir='ltr'><strong>gessit,</strong></span> <span class='ocrx_word' id='word_1_510' title='bbox 441 2558 469 2580; x_wconf 96' lang='lat' dir='ltr'><strong>ut</strong></span> <span class='ocrx_word' id='word_1_511' title='bbox 481 2563 562 2583; x_wconf 90' lang='lat' dir='ltr'><strong>nemo</strong></span> <span class='ocrx_word' id='word_1_512' title='bbox 576 2556 647 2585; x_wconf 86' lang='lat' dir='ltr'><strong>alius</strong></span> <span class='ocrx_word' id='word_1_513' title='bbox 661 2558 715 2586; x_wconf 88' lang='lat' dir='ltr'><strong>tale</strong></span> <span class='ocrx_word' id='word_1_514' title='bbox 739 2560 804 2594; x_wconf 89' lang='lat' dir='ltr'><strong>quid</strong></span> <span class='ocrx_word' id='word_1_515' title='bbox 828 2549 912 2589; x_wconf 59' lang='lat' dir='ltr'><strong>au5u&#39;s</strong></span> 
     </span>
    </p>
   </div>
   <div class='ocr_carea' id='block_1_73' title="bbox 120 2595 913 2634">
    <p class='ocr_par' dir='ltr' id='par_1_73' title="bbox 120 2595 913 2634">
     <span class='ocr_line' id='line_1_76' title="bbox 120 2595 913 2634; baseline 0.016 -12"><span class='ocrx_word' id='word_1_516' title='bbox 120 2595 206 2622; x_wconf 74' lang='lat' dir='ltr'><strong>l&#39;uis~e</strong></span> <span class='ocrx_word' id='word_1_517' title='bbox 223 2597 357 2630; x_wconf 85' lang='lat' dir='ltr'><strong>videatur,</strong></span> <span class='ocrx_word' id='word_1_518' title='bbox 372 2599 394 2625; x_wconf 90' lang='lat' dir='ltr'><strong>si</strong></span> <span class='ocrx_word' id='word_1_519' title='bbox 407 2600 515 2634; x_wconf 86' lang='lat' dir='ltr'><strong>quidem</strong></span> <span class='ocrx_word' id='word_1_520' title='bbox 533 2601 596 2629; x_wconf 90' lang='lat' dir='ltr'><strong>illud</strong></span> <span class='ocrx_word' id='word_1_521' title='bbox 609 2603 730 2632; x_wconf 74' lang='lat' dir='ltr'><strong>audacia:</strong></span> <span class='ocrx_word' id='word_1_522' title='bbox 746 2606 855 2634; x_wconf 90' lang='lat' dir='ltr'><strong>nomine</strong></span> <span class='ocrx_word' id='word_1_523' title='bbox 865 2615 913 2634; x_wconf 82' lang='lat' dir='ltr'><strong>vo-</strong></span> 
     </span>
    </p>
   </div>
   <div class='ocr_carea' id='block_1_74' title="bbox 120 2642 910 2686">
    <p class='ocr_par' dir='ltr' id='par_1_74' title="bbox 120 2642 910 2686">
     <span class='ocr_line' id='line_1_77' title="bbox 120 2642 910 2686; baseline 0.018 -18"><span class='ocrx_word' id='word_1_524' title='bbox 120 2642 238 2670; x_wconf 85' lang='lat' dir='ltr'><strong>candum</strong></span> <span class='ocrx_word' id='word_1_525' title='bbox 251 2648 302 2670; x_wconf 89' lang='lat' dir='ltr'><strong>est.</strong></span> <span class='ocrx_word' id='word_1_526' title='bbox 333 2644 404 2676; x_wconf 86' lang='lat' dir='ltr'><strong>Quid</strong></span> <span class='ocrx_word' id='word_1_527' title='bbox 429 2654 494 2682; x_wconf 85' lang='lat' dir='ltr'><strong>ergo</strong></span> <span class='ocrx_word' id='word_1_528' title='bbox 509 2647 605 2677; x_wconf 85' lang='lat' dir='ltr'><strong>Petrus</strong></span> <span class='ocrx_word' id='word_1_529' title='bbox 617 2649 629 2676; x_wconf 86' lang='lat'><strong>?</strong></span> <span class='ocrx_word' id='word_1_530' title='bbox 639 2649 733 2686; x_wconf 87' lang='lat' dir='ltr'><strong>Neque</strong></span> <span class='ocrx_word' id='word_1_531' title='bbox 750 2652 796 2680; x_wconf 90' lang='lat' dir='ltr'><strong>hic</strong></span> <span class='ocrx_word' id='word_1_532' title='bbox 809 2655 910 2682; x_wconf 89' lang='lat' dir='ltr'><strong>oblitus</strong></span> 
     </span>
    </p>
   </div>
   <div class='ocr_carea' id='block_1_75' title="bbox 121 2690 909 2733">
    <p class='ocr_par' dir='ltr' id='par_1_75' title="bbox 121 2690 909 2733">
     <span class='ocr_line' id='line_1_78' title="bbox 121 2690 909 2733; baseline 0.023 -21"><span class='ocrx_word' id='word_1_533' title='bbox 121 2692 171 2717; x_wconf 76' lang='grc' dir='ltr'>σει,</span> <span class='ocrx_word' id='word_1_534' title='bbox 187 2696 216 2715; x_wconf 90' lang='lat' dir='ltr'><strong>se</strong></span> <span class='ocrx_word' id='word_1_535' title='bbox 230 2696 291 2717; x_wconf 86' lang='lat' dir='ltr'><strong>esse</strong></span> <span class='ocrx_word' id='word_1_536' title='bbox 314 2690 441 2726; x_wconf 85' lang='lat' dir='ltr'><strong>Petrum;</strong></span> <span class='ocrx_word' id='word_1_537' title='bbox 467 2694 515 2721; x_wconf 86' lang='lat' dir='ltr'><strong>sed</strong></span> <span class='ocrx_word' id='word_1_538' title='bbox 546 2695 614 2730; x_wconf 86' lang='lat' dir='ltr'><strong>ipse,</strong></span> <span class='ocrx_word' id='word_1_539' title='bbox 642 2702 671 2724; x_wconf 91' lang='lat' dir='ltr'><strong>ut</strong></span> <span class='ocrx_word' id='word_1_540' title='bbox 695 2699 802 2733; x_wconf 90' lang='lat' dir='ltr'><strong>primus</strong></span> <span class='ocrx_word' id='word_1_541' title='bbox 836 2703 909 2730; x_wconf 85' lang='lat' dir='ltr'><strong>inter</strong></span> 
     </span>
    </p>
   </div>
   <div class='ocr_carea' id='block_1_76' title="bbox 120 2737 908 2777">
    <p class='ocr_par' dir='ltr' id='par_1_76' title="bbox 120 2737 908 2777">
     <span class='ocr_line' id='line_1_79' title="bbox 120 2737 908 2777; baseline 0.023 -19"><span class='ocrx_word' id='word_1_542' title='bbox 120 2737 244 2765; x_wconf 76' lang='lat' dir='ltr'><strong>czctcros.</strong></span> <span class='ocrx_word' id='word_1_543' title='bbox 260 2743 422 2772; x_wconf 87' lang='lat' dir='ltr'><strong>semperque</strong></span> <span class='ocrx_word' id='word_1_544' title='bbox 436 2740 494 2766; x_wconf 86' lang='lat' dir='ltr'><strong>zelo</strong></span> <span class='ocrx_word' id='word_1_545' title='bbox 508 2748 557 2774; x_wconf 89' lang='lat' dir='ltr'><strong>pro</strong></span> <span class='ocrx_word' id='word_1_546' title='bbox 572 2741 658 2777; x_wconf 80' lang='lat' dir='ltr'><strong>gloria</strong></span> <span class='ocrx_word' id='word_1_547' title='bbox 675 2743 722 2771; x_wconf 88' lang='lat' dir='ltr'><strong>Dei</strong></span> <span class='ocrx_word' id='word_1_548' title='bbox 754 2745 908 2776; x_wconf 83' lang='lat' dir='ltr'><strong>inﬂamma-</strong></span> 
     </span>
    </p>
   </div>
   <div class='ocr_carea' id='block_1_77' title="bbox 119 2775 904 2824">
    <p class='ocr_par' dir='ltr' id='par_1_77' title="bbox 119 2775 904 2824">
     <span class='ocr_line' id='line_1_80' title="bbox 119 2775 904 2824; baseline 0.025 -24"><span class='ocrx_word' id='word_1_549' title='bbox 119 2778 176 2808; x_wconf 90' lang='lat' dir='ltr'><strong>tus,</strong></span> <span class='ocrx_word' id='word_1_550' title='bbox 205 2775 312 2812; x_wconf 81' lang='lat' dir='ltr'><strong>Magum</strong></span> <span class='ocrx_word' id='word_1_551' title='bbox 340 2780 421 2809; x_wconf 89' lang='lat' dir='ltr'><strong>simul</strong></span> <span class='ocrx_word' id='word_1_552' title='bbox 446 2790 506 2810; x_wconf 89' lang='lat' dir='ltr'><strong>cum</strong></span> <span class='ocrx_word' id='word_1_553' title='bbox 535 2775 652 2820; x_wconf 74' lang='lat' dir='ltr'><strong>pecunia</strong></span> <span class='ocrx_word' id='word_1_554' title='bbox 675 2788 700 2815; x_wconf 94' lang='lat' dir='ltr'><strong>in</strong></span> <span class='ocrx_word' id='word_1_555' title='bbox 725 2791 904 2824; x_wconf 86' lang='lat' dir='ltr'><strong>perditionem</strong></span> 
     </span>
    </p>
   </div>
   <div class='ocr_carea' id='block_1_78' title="bbox 118 2820 904 2868">
    <p class='ocr_par' dir='ltr' id='par_1_78' title="bbox 118 2820 904 2868">
     <span class='ocr_line' id='line_1_81' title="bbox 118 2820 904 2868; baseline 0.028 -22"><span class='ocrx_word' id='word_1_556' title='bbox 118 2820 203 2849; x_wconf 90' lang='lat' dir='ltr'><strong>misit.</strong></span> <span class='ocrx_word' id='word_1_557' title='bbox 218 2823 322 2853; x_wconf 88' lang='lat' dir='ltr'><strong>Etenim</strong></span> <span class='ocrx_word' id='word_1_558' title='bbox 340 2832 367 2854; x_wconf 86' lang='lat' dir='ltr'><strong>ut</strong></span> <span class='ocrx_word' id='word_1_559' title='bbox 390 2829 451 2858; x_wconf 87' lang='lat' dir='ltr'><strong>aliis</strong></span> <span class='ocrx_word' id='word_1_560' title='bbox 481 2832 566 2865; x_wconf 79' lang='lat' dir='ltr'><strong>pietas</strong></span> <span class='ocrx_word' id='word_1_561' title='bbox 587 2839 614 2862; x_wconf 88' lang='lat' dir='ltr'><strong>et</strong></span> <span class='ocrx_word' id='word_1_562' title='bbox 642 2836 729 2864; x_wconf 88' lang='lat' dir='ltr'><strong>virtus</strong></span> <span class='ocrx_word' id='word_1_563' title='bbox 755 2837 788 2864; x_wconf 89' lang='lat' dir='ltr'><strong>ad</strong></span> <span class='ocrx_word' id='word_1_564' title='bbox 815 2840 904 2868; x_wconf 61' lang='lat' dir='ltr'><strong>susci«</strong></span> 
     </span>
    </p>
   </div>
   <div class='ocr_carea' id='block_1_79' title="bbox 987 903 1778 947">
    <p class='ocr_par' dir='ltr' id='par_1_79' title="bbox 987 903 1778 947">
     <span class='ocr_line' id='line_1_82' title="bbox 987 903 1778 947; baseline 0.016 -20"><span class='ocrx_word' id='word_1_565' title='bbox 987 910 1075 934; x_wconf 78' lang='grc' dir='ltr'>μενοι.</span> <span class='ocrx_word' id='word_1_566' title='bbox 1105 903 1175 930; x_wconf 80' lang='grc' dir='ltr'>Ἀλλ’</span> <span class='ocrx_word' id='word_1_567' title='bbox 1189 905 1271 938; x_wconf 83' lang='grc' dir='ltr'>ἡνίκα</span> <span class='ocrx_word' id='word_1_568' title='bbox 1288 907 1357 941; x_wconf 76' lang='grc' dir='ltr'>πρὸς</span> <span class='ocrx_word' id='word_1_569' title='bbox 1370 910 1464 943; x_wconf 77' lang='grc' dir='ltr'>μεῖζον</span> <span class='ocrx_word' id='word_1_570' title='bbox 1479 910 1692 945; x_wconf 75' lang='grc' dir='ltr'>ἀνελαμϐάνετο,</span> <span class='ocrx_word' id='word_1_571' title='bbox 1703 921 1778 947; x_wconf 83' lang='grc' dir='ltr'>τηνι-</span> 
     </span>
    </p>
   </div>
   <div class='ocr_carea' id='block_1_80' title="bbox 984 948 1778 993">
    <p class='ocr_par' dir='ltr' id='par_1_80' title="bbox 984 948 1778 993">
     <span class='ocr_line' id='line_1_83' title="bbox 984 948 1778 993; baseline 0.016 -20"><span class='ocrx_word' id='word_1_572' title='bbox 984 948 1073 975; x_wconf 77' lang='grc' dir='ltr'>καῦτα</span> <span class='ocrx_word' id='word_1_573' title='bbox 1103 951 1134 976; x_wconf 83' lang='grc' dir='ltr'>τὸ</span> <span class='ocrx_word' id='word_1_574' title='bbox 1159 951 1293 987; x_wconf 77' lang='grc' dir='ltr'>πρότερον</span> <span class='ocrx_word' id='word_1_575' title='bbox 1321 955 1486 988; x_wconf 78' lang='grc' dir='ltr'><strong>παρεδίδου·</strong></span> <span class='ocrx_word' id='word_1_576' title='bbox 1507 957 1603 993; x_wconf 85' lang='grc' dir='ltr'>ὥσπερ</span> <span class='ocrx_word' id='word_1_577' title='bbox 1625 958 1653 984; x_wconf 80' lang='grc' dir='ltr'><strong>εί</strong></span> <span class='ocrx_word' id='word_1_578' title='bbox 1666 967 1710 990; x_wconf 87' lang='grc' dir='ltr'><strong>τις</strong></span> <span class='ocrx_word' id='word_1_579' title='bbox 1735 960 1778 993; x_wconf 74' lang='grc' dir='ltr'><strong>ἐφ’</strong></span> 
     </span>
    </p>
   </div>
   <div class='ocr_carea' id='block_1_81' title="bbox 986 994 1778 1040">
    <p class='ocr_par' dir='ltr' id='par_1_81' title="bbox 986 994 1778 1040">
     <span class='ocr_line' id='line_1_84' title="bbox 986 994 1778 1040; baseline 0.018 -22"><span class='ocrx_word' id='word_1_580' title='bbox 986 994 1103 1027; x_wconf 77' lang='grc' dir='ltr'><strong>ἱματίων</strong></span> <span class='ocrx_word' id='word_1_581' title='bbox 1129 998 1232 1024; x_wconf 86' lang='grc' dir='ltr'>καινῶν</span> <span class='ocrx_word' id='word_1_582' title='bbox 1259 999 1361 1036; x_wconf 70' lang='grc' dir='ltr'>ἀμοιϐῇ</span> <span class='ocrx_word' id='word_1_583' title='bbox 1387 1001 1427 1036; x_wconf 85' lang='grc' dir='ltr'>τῷ</span> <span class='ocrx_word' id='word_1_584' title='bbox 1444 1002 1568 1039; x_wconf 81' lang='grc' dir='ltr'>ὑπηρέτῃ</span> <span class='ocrx_word' id='word_1_585' title='bbox 1594 1005 1629 1030; x_wconf 85' lang='grc' dir='ltr'><strong>τὰ</strong></span> <span class='ocrx_word' id='word_1_586' title='bbox 1653 1006 1778 1040; x_wconf 75' lang='grc' dir='ltr'>πρότερα</span> 
     </span>
    </p>
   </div>
   <div class='ocr_carea' id='block_1_82' title="bbox 984 1039 1778 1084">
    <p class='ocr_par' dir='ltr' id='par_1_82' title="bbox 984 1039 1778 1084">
     <span class='ocr_line' id='line_1_85' title="bbox 984 1039 1778 1084; baseline 0.016 -19"><span class='ocrx_word' id='word_1_587' title='bbox 984 1039 1086 1067; x_wconf 83' lang='grc' dir='ltr'>δίδωσι.</span> <span class='ocrx_word' id='word_1_588' title='bbox 1105 1041 1175 1072; x_wconf 78' lang='grc' dir='ltr'>Τοὺς</span> <span class='ocrx_word' id='word_1_589' title='bbox 1199 1043 1222 1069; x_wconf 78' lang='grc' dir='ltr'><strong>δ’</strong></span> <span class='ocrx_word' id='word_1_590' title='bbox 1247 1045 1415 1078; x_wconf 72' lang='grc' dir='ltr'><strong>ἀποστόλους</strong></span> <span class='ocrx_word' id='word_1_591' title='bbox 1430 1048 1495 1082; x_wconf 78' lang='grc' dir='ltr'>όρᾷν</span> <span class='ocrx_word' id='word_1_592' title='bbox 1514 1048 1572 1075; x_wconf 75' lang='grc' dir='ltr'>ἐστι</span> <span class='ocrx_word' id='word_1_593' title='bbox 1589 1050 1636 1076; x_wconf 71' lang='grc' dir='ltr'>καὶ</span> <span class='ocrx_word' id='word_1_594' title='bbox 1660 1049 1700 1084; x_wconf 80' lang='grc' dir='ltr'>τῷ</span> <span class='ocrx_word' id='word_1_595' title='bbox 1725 1049 1778 1084; x_wconf 72' lang='grc' dir='ltr'>βίῳ</span> 
     </span>
    </p>
   </div>
   <div class='ocr_carea' id='block_1_83' title="bbox 985 1087 1524 1129">
    <p class='ocr_par' dir='ltr' id='par_1_83' title="bbox 985 1087 1524 1129">
     <span class='ocr_line' id='line_1_86' title="bbox 985 1087 1524 1129; baseline 0.02 -18"><span class='ocrx_word' id='word_1_596' title='bbox 985 1087 1128 1121; x_wconf 72' lang='grc' dir='ltr'>περιόντας</span> <span class='ocrx_word' id='word_1_597' title='bbox 1142 1088 1183 1115; x_wconf 79' lang='grc' dir='ltr'>ἔτι</span> <span class='ocrx_word' id='word_1_598' title='bbox 1200 1091 1229 1117; x_wconf 80' lang='grc' dir='ltr'>τὸ</span> <span class='ocrx_word' id='word_1_599' title='bbox 1243 1091 1366 1128; x_wconf 72' lang='grc' dir='ltr'>χάρισμα</span> <span class='ocrx_word' id='word_1_600' title='bbox 1381 1093 1524 1129; x_wconf 75' lang='grc' dir='ltr'>νέμοντας.</span> 
     </span>
    </p>
   </div>
   <div class='ocr_carea' id='block_1_84' title="bbox 1018 1229 1778 1272">
    <p class='ocr_par' dir='ltr' id='par_1_84' title="bbox 1018 1229 1778 1272">
     <span class='ocr_line' id='line_1_87' title="bbox 1018 1229 1778 1272; baseline 0.012 -17"><span class='ocrx_word' id='word_1_601' title='bbox 1018 1229 1048 1255; x_wconf 81' lang='lat' dir='ltr'><strong>Et</strong></span> <span class='ocrx_word' id='word_1_602' title='bbox 1075 1230 1104 1256; x_wconf 75' lang='grc' dir='ltr'><strong>δὲ</strong></span> <span class='ocrx_word' id='word_1_603' title='bbox 1128 1230 1158 1257; x_wconf 80' lang='grc' dir='ltr'>τὸ</span> <span class='ocrx_word' id='word_1_604' title='bbox 1176 1231 1273 1266; x_wconf 89' lang='grc' dir='ltr'>διπλῆν</span> <span class='ocrx_word' id='word_1_605' title='bbox 1298 1234 1359 1260; x_wconf 77' lang='grc' dir='ltr'>ἐκεῖ</span> <span class='ocrx_word' id='word_1_606' title='bbox 1387 1237 1596 1272; x_wconf 79' lang='grc' dir='ltr'>παρασχεθῆναι</span> <span class='ocrx_word' id='word_1_607' title='bbox 1622 1237 1672 1272; x_wconf 83' lang='grc' dir='ltr'>τὴν</span> <span class='ocrx_word' id='word_1_608' title='bbox 1693 1239 1778 1272; x_wconf 61' lang='grc' dir='ltr'>χάριν</span> 
     </span>
    </p>
   </div>
   <div class='ocr_carea' id='block_1_85' title="bbox 981 1275 1776 1320">
    <p class='ocr_par' dir='ltr' id='par_1_85' title="bbox 981 1275 1776 1320">
     <span class='ocr_line' id='line_1_88' title="bbox 981 1275 1776 1320; baseline 0.014 -19"><span class='ocrx_word' id='word_1_609' title='bbox 981 1275 1052 1310; x_wconf 75' lang='grc' dir='ltr'>μέγα</span> <span class='ocrx_word' id='word_1_610' title='bbox 1069 1276 1152 1310; x_wconf 81' lang='grc' dir='ltr'>δοκεῖ,</span> <span class='ocrx_word' id='word_1_611' title='bbox 1170 1278 1232 1313; x_wconf 74' lang='grc' dir='ltr'>μηδ’</span> <span class='ocrx_word' id='word_1_612' title='bbox 1255 1280 1408 1312; x_wconf 80' lang='grc' dir='ltr'>Ἐλισσαῖος</span> <span class='ocrx_word' id='word_1_613' title='bbox 1425 1282 1463 1313; x_wconf 84' lang='grc' dir='ltr'>ὡς</span> <span class='ocrx_word' id='word_1_614' title='bbox 1487 1279 1527 1314; x_wconf 74' lang='grc' dir='ltr'><strong>εἷς</strong></span> <span class='ocrx_word' id='word_1_615' title='bbox 1544 1283 1723 1320; x_wconf 81' lang='grc' dir='ltr'>παραδράμῃ.</span> <span class='ocrx_word' id='word_1_616' title='bbox 1741 1286 1764 1311; x_wconf 82' lang='grc' dir='ltr'><strong>Τ</strong></span> <span class='ocrx_word' id='word_1_617' title='bbox 1768 1287 1776 1311; x_wconf 87' lang='grc' dir='ltr'><em>ἰ</em></span> 
     </span>
    </p>
   </div>
   <div class='ocr_carea' id='block_1_86' title="bbox 978 1322 1773 1363">
    <p class='ocr_par' dir='ltr' id='par_1_86' title="bbox 978 1322 1773 1363">
     <span class='ocr_line' id='line_1_89' title="bbox 978 1322 1773 1363; baseline 0.013 -16"><span class='ocrx_word' id='word_1_618' title='bbox 978 1322 1033 1355; x_wconf 72' lang='grc' dir='ltr'><strong>γὰρ</strong></span> <span class='ocrx_word' id='word_1_619' title='bbox 1050 1322 1082 1356; x_wconf 85' lang='grc' dir='ltr'><strong>δὴ</strong></span> <span class='ocrx_word' id='word_1_620' title='bbox 1105 1323 1212 1358; x_wconf 80' lang='grc' dir='ltr'><strong>φήσεις,</strong></span> <span class='ocrx_word' id='word_1_621' title='bbox 1234 1324 1266 1350; x_wconf 81' lang='grc' dir='ltr'>ἂν</span> <span class='ocrx_word' id='word_1_622' title='bbox 1289 1325 1406 1360; x_wconf 76' lang='grc' dir='ltr'><strong>μυρίους</strong></span> <span class='ocrx_word' id='word_1_623' title='bbox 1427 1327 1548 1362; x_wconf 78' lang='grc' dir='ltr'>Πέτρους</span> <span class='ocrx_word' id='word_1_624' title='bbox 1572 1330 1619 1355; x_wconf 82' lang='grc' dir='ltr'>καὶ</span> <span class='ocrx_word' id='word_1_625' title='bbox 1637 1329 1773 1363; x_wconf 71' lang='grc' dir='ltr'>Παύλονς,</span> 
     </span>
    </p>
   </div>
   <div class='ocr_carea' id='block_1_87' title="bbox 981 1369 1774 1410">
    <p class='ocr_par' dir='ltr' id='par_1_87' title="bbox 981 1369 1774 1410">
     <span class='ocr_line' id='line_1_90' title="bbox 981 1369 1774 1410; baseline 0.01 -14"><span class='ocrx_word' id='word_1_626' title='bbox 981 1369 1054 1404; x_wconf 83' lang='grc' dir='ltr'>λέγω</span> <span class='ocrx_word' id='word_1_627' title='bbox 1070 1370 1102 1406; x_wconf 75' lang='grc' dir='ltr'><strong>δὴ</strong></span> <span class='ocrx_word' id='word_1_628' title='bbox 1122 1371 1184 1398; x_wconf 81' lang='grc' dir='ltr'>κατ’</span> <span class='ocrx_word' id='word_1_629' title='bbox 1198 1372 1298 1404; x_wconf 77' lang='grc' dir='ltr'>αὐτοὺς</span> <span class='ocrx_word' id='word_1_630' title='bbox 1312 1373 1433 1406; x_wconf 74' lang='grc' dir='ltr'>ἐκείνους</span> <span class='ocrx_word' id='word_1_631' title='bbox 1457 1375 1492 1402; x_wconf 82' lang='grc' dir='ltr'><strong>δι’</strong></span> <span class='ocrx_word' id='word_1_632' title='bbox 1508 1377 1621 1404; x_wconf 77' lang='grc' dir='ltr'>ἐκείνων</span> <span class='ocrx_word' id='word_1_633' title='bbox 1636 1377 1774 1410; x_wconf 77' lang='grc' dir='ltr'>λαϐόντας</span> 
     </span>
    </p>
   </div>
   <div class='ocr_carea' id='block_1_88' title="bbox 983 1416 1772 1459">
    <p class='ocr_par' dir='ltr' id='par_1_88' title="bbox 983 1416 1772 1459">
     <span class='ocr_line' id='line_1_91' title="bbox 983 1416 1772 1459; baseline 0.013 -18"><span class='ocrx_word' id='word_1_634' title='bbox 983 1416 1039 1452; x_wconf 77' lang='grc' dir='ltr'><strong>ἴδῃς</strong></span> <span class='ocrx_word' id='word_1_635' title='bbox 1058 1417 1089 1442; x_wconf 74' lang='grc' dir='ltr'>τὸ</span> <span class='ocrx_word' id='word_1_636' title='bbox 1110 1417 1248 1452; x_wconf 81' lang='grc' dir='ltr'>χάρισμα;</span> <span class='ocrx_word' id='word_1_637' title='bbox 1265 1418 1342 1454; x_wconf 81' lang='grc' dir='ltr'>πόσῳ</span> <span class='ocrx_word' id='word_1_638' title='bbox 1355 1428 1397 1447; x_wconf 85' lang='grc' dir='ltr'><strong>σοι</strong></span> <span class='ocrx_word' id='word_1_639' title='bbox 1411 1421 1615 1449; x_wconf 77' lang='grc' dir='ltr'><strong>πολλαπλάσιον</strong></span> <span class='ocrx_word' id='word_1_640' title='bbox 1630 1423 1772 1459; x_wconf 72' lang='grc' dir='ltr'><strong>Θαυμάσαι</strong></span> 
     </span>
    </p>
   </div>
   <div class='ocr_carea' id='block_1_89' title="bbox 981 1461 1772 1504">
    <p class='ocr_par' dir='ltr' id='par_1_89' title="bbox 981 1461 1772 1504">
     <span class='ocr_line' id='line_1_92' title="bbox 981 1461 1772 1504; baseline 0.014 -18"><span class='ocrx_word' id='word_1_641' title='bbox 981 1461 1062 1488; x_wconf 77' lang='grc' dir='ltr'>τοῦτο</span> <span class='ocrx_word' id='word_1_642' title='bbox 1075 1463 1180 1489; x_wconf 79' lang='grc' dir='ltr'>ἐκείνου</span> <span class='ocrx_word' id='word_1_643' title='bbox 1196 1465 1389 1499; x_wconf 79' lang='grc' dir='ltr'>προκείσεται;</span> <span class='ocrx_word' id='word_1_644' title='bbox 1405 1467 1461 1493; x_wconf 84' lang='grc' dir='ltr'><strong>Καὶ</strong></span> <span class='ocrx_word' id='word_1_645' title='bbox 1482 1468 1535 1502; x_wconf 80' lang='grc' dir='ltr'>μὴν</span> <span class='ocrx_word' id='word_1_646' title='bbox 1550 1470 1662 1496; x_wconf 76' lang='grc' dir='ltr'>κάκεῖνο</span> <span class='ocrx_word' id='word_1_647' title='bbox 1675 1471 1772 1504; x_wconf 79' lang='grc' dir='ltr'>μεῖζον</span> 
     </span>
    </p>
   </div>
   <div class='ocr_carea' id='block_1_90' title="bbox 979 1507 1771 1550">
    <p class='ocr_par' dir='ltr' id='par_1_90' title="bbox 979 1507 1771 1550">
     <span class='ocr_line' id='line_1_93' title="bbox 979 1507 1771 1550; baseline 0.013 -18"><span class='ocrx_word' id='word_1_648' title='bbox 979 1507 1011 1532; x_wconf 86' lang='grc' dir='ltr'><strong>τὺ</strong></span> <span class='ocrx_word' id='word_1_649' title='bbox 1021 1507 1075 1533; x_wconf 82' lang='grc' dir='ltr'>τῶν</span> <span class='ocrx_word' id='word_1_650' title='bbox 1089 1508 1246 1536; x_wconf 74' lang='grc' dir='ltr'>ἀποστόλων</span> <span class='ocrx_word' id='word_1_651' title='bbox 1260 1511 1435 1546; x_wconf 84' lang='grc' dir='ltr'>παρίστησιν,</span> <span class='ocrx_word' id='word_1_652' title='bbox 1454 1511 1550 1544; x_wconf 80' lang='grc' dir='ltr'>Ἠλίας</span> <span class='ocrx_word' id='word_1_653' title='bbox 1559 1514 1609 1547; x_wconf 80' lang='grc' dir='ltr'>μὲν</span> <span class='ocrx_word' id='word_1_654' title='bbox 1621 1515 1675 1550; x_wconf 89' lang='grc' dir='ltr'><strong>γάρ</strong></span> <span class='ocrx_word' id='word_1_655' title='bbox 1691 1515 1771 1549; x_wconf 82' lang='grc' dir='ltr'>μόλις</span> 
     </span>
    </p>
   </div>
   <div class='ocr_carea' id='block_1_91' title="bbox 979 1553 1771 1593">
    <p class='ocr_par' dir='ltr' id='par_1_91' title="bbox 979 1553 1771 1593">
     <span class='ocr_line' id='line_1_94' title="bbox 979 1553 1771 1593; baseline 0.013 -15"><span class='ocrx_word' id='word_1_656' title='bbox 979 1553 1153 1589; x_wconf 78' lang='grc' dir='ltr'>αἰτησαμένῳ</span> <span class='ocrx_word' id='word_1_657' title='bbox 1164 1555 1203 1590; x_wconf 86' lang='grc' dir='ltr'>τῷ</span> <span class='ocrx_word' id='word_1_658' title='bbox 1223 1555 1330 1592; x_wconf 78' lang='grc' dir='ltr'>μαθητῇ</span> <span class='ocrx_word' id='word_1_659' title='bbox 1344 1557 1394 1593; x_wconf 83' lang='grc' dir='ltr'>τὴν</span> <span class='ocrx_word' id='word_1_660' title='bbox 1408 1558 1489 1593; x_wconf 78' lang='grc' dir='ltr'>χάριν</span> <span class='ocrx_word' id='word_1_661' title='bbox 1510 1560 1658 1587; x_wconf 72' lang='grc' dir='ltr'>ἐπένευσεν</span> <span class='ocrx_word' id='word_1_662' title='bbox 1669 1569 1676 1577; x_wconf 86' lang='grc'>·</span> <span class='ocrx_word' id='word_1_663' title='bbox 1695 1570 1771 1588; x_wconf 81' lang='grc' dir='ltr'>ουτοι</span> 
     </span>
    </p>
   </div>
   <div class='ocr_carea' id='block_1_92' title="bbox 976 1599 1769 1641">
    <p class='ocr_par' dir='ltr' id='par_1_92' title="bbox 976 1599 1769 1641">
     <span class='ocr_line' id='line_1_95' title="bbox 976 1599 1769 1641; baseline 0.013 -17"><span class='ocrx_word' id='word_1_664' title='bbox 976 1599 1003 1625; x_wconf 81' lang='grc' dir='ltr'><strong>δὲ</strong></span> <span class='ocrx_word' id='word_1_665' title='bbox 1020 1601 1150 1635; x_wconf 85' lang='grc' dir='ltr'>παρεῖχον</span> <span class='ocrx_word' id='word_1_666' title='bbox 1174 1600 1308 1634; x_wconf 81' lang='grc' dir='ltr'>ἀφθόνως,</span> <span class='ocrx_word' id='word_1_667' title='bbox 1328 1602 1380 1629; x_wconf 75' lang='grc' dir='ltr'>κᾶν</span> <span class='ocrx_word' id='word_1_668' title='bbox 1396 1603 1484 1631; x_wconf 76' lang='grc' dir='ltr'>ἐδεῖτο</span> <span class='ocrx_word' id='word_1_669' title='bbox 1498 1606 1592 1640; x_wconf 79' lang='grc' dir='ltr'>μηδείς</span> <span class='ocrx_word' id='word_1_670' title='bbox 1609 1614 1617 1622; x_wconf 89' lang='grc'><strong>·</strong></span> <span class='ocrx_word' id='word_1_671' title='bbox 1631 1607 1679 1633; x_wconf 78' lang='grc' dir='ltr'>καὶ</span> <span class='ocrx_word' id='word_1_672' title='bbox 1697 1615 1769 1641; x_wconf 85' lang='grc' dir='ltr'>μαρ-</span> 
     </span>
    </p>
   </div>
   <div class='ocr_carea' id='block_1_93' title="bbox 975 1646 1770 1684">
    <p class='ocr_par' dir='ltr' id='par_1_93' title="bbox 975 1646 1770 1684">
     <span class='ocr_line' id='line_1_96' title="bbox 975 1646 1770 1684; baseline 0.013 -13"><span class='ocrx_word' id='word_1_673' title='bbox 975 1646 1055 1680; x_wconf 82' lang='grc' dir='ltr'>τυρία</span> <span class='ocrx_word' id='word_1_674' title='bbox 1073 1647 1105 1681; x_wconf 88' lang='grc' dir='ltr'><strong>δὴ</strong></span> <span class='ocrx_word' id='word_1_675' title='bbox 1130 1647 1236 1680; x_wconf 86' lang='grc' dir='ltr'>τούτοις</span> <span class='ocrx_word' id='word_1_676' title='bbox 1264 1648 1350 1675; x_wconf 77' lang='grc' dir='ltr'>ταῦτα</span> <span class='ocrx_word' id='word_1_677' title='bbox 1376 1649 1494 1684; x_wconf 86' lang='grc' dir='ltr'>γίνεται,</span> <span class='ocrx_word' id='word_1_678' title='bbox 1522 1652 1589 1679; x_wconf 80' lang='grc' dir='ltr'>πολὺ</span> <span class='ocrx_word' id='word_1_679' title='bbox 1615 1653 1645 1680; x_wconf 75' lang='grc' dir='ltr'>τὸ</span> <span class='ocrx_word' id='word_1_680' title='bbox 1671 1654 1770 1680; x_wconf 79' lang='grc' dir='ltr'>πιστὸν</span> 
     </span>
    </p>
   </div>
   <div class='ocr_carea' id='block_1_94' title="bbox 975 1692 1768 1734">
    <p class='ocr_par' dir='ltr' id='par_1_94' title="bbox 975 1692 1768 1734">
     <span class='ocr_line' id='line_1_97' title="bbox 975 1692 1768 1734; baseline 0.013 -17"><span class='ocrx_word' id='word_1_681' title='bbox 975 1692 1143 1726; x_wconf 74' lang='grc' dir='ltr'>πανταχόθεν</span> <span class='ocrx_word' id='word_1_682' title='bbox 1171 1694 1344 1730; x_wconf 73' lang='grc' dir='ltr'>ἐπαγομένη,</span> <span class='ocrx_word' id='word_1_683' title='bbox 1375 1697 1498 1732; x_wconf 83' lang='grc' dir='ltr'>μεγίστῳ</span> <span class='ocrx_word' id='word_1_684' title='bbox 1515 1697 1637 1732; x_wconf 79' lang='grc' dir='ltr'>μείζονος</span> <span class='ocrx_word' id='word_1_685' title='bbox 1659 1699 1676 1734; x_wconf 83' lang='grc' dir='ltr'>ἢ</span> <span class='ocrx_word' id='word_1_686' title='bbox 1695 1700 1768 1726; x_wconf 73' lang='grc' dir='ltr'>κατὰ</span> 
     </span>
    </p>
   </div>
   <div class='ocr_carea' id='block_1_95' title="bbox 974 1737 1768 1778">
    <p class='ocr_par' dir='ltr' id='par_1_95' title="bbox 974 1737 1768 1778">
     <span class='ocr_line' id='line_1_98' title="bbox 974 1737 1768 1778; baseline 0.013 -15"><span class='ocrx_word' id='word_1_687' title='bbox 974 1737 1037 1769; x_wconf 78' lang='grc' dir='ltr'>τοὺς</span> <span class='ocrx_word' id='word_1_688' title='bbox 1061 1739 1090 1765; x_wconf 81' lang='grc' dir='ltr'>ἐν</span> <span class='ocrx_word' id='word_1_689' title='bbox 1105 1738 1180 1774; x_wconf 87' lang='grc' dir='ltr'>νόμῳ</span> <span class='ocrx_word' id='word_1_690' title='bbox 1199 1740 1249 1775; x_wconf 85' lang='grc' dir='ltr'>τῆς</span> <span class='ocrx_word' id='word_1_691' title='bbox 1268 1741 1379 1776; x_wconf 80' lang='grc' dir='ltr'>χάριτος</span> <span class='ocrx_word' id='word_1_692' title='bbox 1403 1743 1557 1778; x_wconf 80' lang='grc' dir='ltr'>ἠξιῶσθαι,</span> <span class='ocrx_word' id='word_1_693' title='bbox 1572 1745 1705 1777; x_wconf 80' lang='grc' dir='ltr'>νικῶντας</span> <span class='ocrx_word' id='word_1_694' title='bbox 1723 1746 1768 1773; x_wconf 81' lang='grc' dir='ltr'>διά</span> 
     </span>
    </p>
   </div>
   <div class='ocr_carea' id='block_1_96' title="bbox 973 1781 1767 1823">
    <p class='ocr_par' dir='ltr' id='par_1_96' title="bbox 973 1781 1767 1823">
     <span class='ocr_line' id='line_1_99' title="bbox 973 1781 1767 1823; baseline 0.014 -16"><span class='ocrx_word' id='word_1_695' title='bbox 973 1781 1083 1809; x_wconf 81' lang='grc' dir='ltr'>πάντων</span> <span class='ocrx_word' id='word_1_696' title='bbox 1105 1784 1153 1810; x_wconf 78' lang='grc' dir='ltr'>καὶ</span> <span class='ocrx_word' id='word_1_697' title='bbox 1177 1784 1216 1820; x_wconf 84' lang='grc' dir='ltr'>τῷ</span> <span class='ocrx_word' id='word_1_698' title='bbox 1240 1786 1334 1819; x_wconf 76' lang='grc' dir='ltr'>τρόπῳ</span> <span class='ocrx_word' id='word_1_699' title='bbox 1351 1787 1401 1823; x_wconf 81' lang='grc' dir='ltr'>τῆς</span> <span class='ocrx_word' id='word_1_700' title='bbox 1427 1789 1611 1823; x_wconf 80' lang='grc' dir='ltr'>μεταδόσεως,</span> <span class='ocrx_word' id='word_1_701' title='bbox 1637 1791 1685 1817; x_wconf 83' lang='grc' dir='ltr'>καὶ</span> <span class='ocrx_word' id='word_1_702' title='bbox 1710 1791 1767 1818; x_wconf 83' lang='grc' dir='ltr'><strong>τῶν</strong></span> 
     </span>
    </p>
   </div>
   <div class='ocr_carea' id='block_1_97' title="bbox 974 1829 1766 1872">
    <p class='ocr_par' dir='ltr' id='par_1_97' title="bbox 974 1829 1766 1872">
     <span class='ocr_line' id='line_1_100' title="bbox 974 1829 1766 1872; baseline 0.015 -18"><span class='ocrx_word' id='word_1_703' title='bbox 974 1829 1177 1864; x_wconf 84' lang='grc' dir='ltr'>μετειληφότων</span> <span class='ocrx_word' id='word_1_704' title='bbox 1200 1832 1239 1867; x_wconf 85' lang='grc' dir='ltr'>τῷ</span> <span class='ocrx_word' id='word_1_705' title='bbox 1266 1833 1378 1869; x_wconf 82' lang='grc' dir='ltr'>πλήθει.</span> <span class='ocrx_word' id='word_1_706' title='bbox 1402 1835 1457 1863; x_wconf 74' lang='grc' dir='ltr'><strong>Καὶ</strong></span> <span class='ocrx_word' id='word_1_707' title='bbox 1481 1837 1535 1872; x_wconf 76' lang='grc' dir='ltr'><strong>γὰρ</strong></span> <span class='ocrx_word' id='word_1_708' title='bbox 1565 1837 1621 1864; x_wconf 79' lang='grc' dir='ltr'>οὔτ’</span> <span class='ocrx_word' id='word_1_709' title='bbox 1640 1837 1766 1872; x_wconf 79' lang='grc' dir='ltr'><strong>ἀνάγκης</strong></span> 
     </span>
    </p>
   </div>
   <div class='ocr_carea' id='block_1_98' title="bbox 971 1875 1764 1920">
    <p class='ocr_par' dir='ltr' id='par_1_98' title="bbox 971 1875 1764 1920">
     <span class='ocr_line' id='line_1_101' title="bbox 971 1875 1764 1920; baseline 0.014 -19"><span class='ocrx_word' id='word_1_710' title='bbox 971 1875 1149 1912; x_wconf 77' lang='grc' dir='ltr'>ἐπικειμένης</span> <span class='ocrx_word' id='word_1_711' title='bbox 1175 1877 1236 1905; x_wconf 75' lang='grc' dir='ltr'><strong>οὐδὲ</strong></span> <span class='ocrx_word' id='word_1_712' title='bbox 1260 1880 1345 1914; x_wconf 78' lang='grc' dir='ltr'>μιᾶς,</span> <span class='ocrx_word' id='word_1_713' title='bbox 1374 1880 1438 1908; x_wconf 77' lang='grc' dir='ltr'>οὔτε</span> <span class='ocrx_word' id='word_1_714' title='bbox 1469 1883 1543 1915; x_wconf 83' lang='grc' dir='ltr'>τινὸς</span> <span class='ocrx_word' id='word_1_715' title='bbox 1578 1884 1617 1916; x_wconf 84' lang='grc' dir='ltr'>ὡς</span> <span class='ocrx_word' id='word_1_716' title='bbox 1649 1884 1764 1920; x_wconf 82' lang='grc' dir='ltr'>ὀφειλὴν</span> 
     </span>
    </p>
   </div>
   <div class='ocr_carea' id='block_1_99' title="bbox 973 1921 1762 1965">
    <p class='ocr_par' dir='ltr' id='par_1_99' title="bbox 973 1921 1762 1965">
     <span class='ocr_line' id='line_1_102' title="bbox 973 1921 1762 1965; baseline 0.014 -17"><span class='ocrx_word' id='word_1_717' title='bbox 973 1921 1164 1957; x_wconf 77' lang='grc' dir='ltr'>ἀπαιτοῦντος,</span> <span class='ocrx_word' id='word_1_718' title='bbox 1189 1921 1227 1952; x_wconf 81' lang='grc' dir='ltr'>ὧν</span> <span class='ocrx_word' id='word_1_719' title='bbox 1245 1925 1436 1962; x_wconf 79' lang='grc' dir='ltr'>ὑπηρέτησαν,</span> <span class='ocrx_word' id='word_1_720' title='bbox 1455 1928 1505 1963; x_wconf 79' lang='grc' dir='ltr'>τὴν</span> <span class='ocrx_word' id='word_1_721' title='bbox 1528 1929 1608 1965; x_wconf 79' lang='grc' dir='ltr'>χάριν</span> <span class='ocrx_word' id='word_1_722' title='bbox 1628 1931 1762 1964; x_wconf 73' lang='grc' dir='ltr'>ἐδίδοσαν,</span> 
     </span>
    </p>
   </div>
   <div class='ocr_carea' id='block_1_100' title="bbox 969 1968 1763 2012">
    <p class='ocr_par' dir='ltr' id='par_1_100' title="bbox 969 1968 1763 2012">
     <span class='ocr_line' id='line_1_103' title="bbox 969 1968 1763 2012; baseline 0.015 -19"><span class='ocrx_word' id='word_1_723' title='bbox 969 1968 1016 1994; x_wconf 76' lang='grc' dir='ltr'>καὶ</span> <span class='ocrx_word' id='word_1_724' title='bbox 1032 1969 1062 1994; x_wconf 75' lang='grc' dir='ltr'>τὸ</span> <span class='ocrx_word' id='word_1_725' title='bbox 1081 1969 1196 2002; x_wconf 78' lang='grc' dir='ltr'>πολλοὺς</span> <span class='ocrx_word' id='word_1_726' title='bbox 1210 1972 1321 2006; x_wconf 83' lang='grc' dir='ltr'>ὁμοίους</span> <span class='ocrx_word' id='word_1_727' title='bbox 1334 1973 1444 2005; x_wconf 78' lang='grc' dir='ltr'>ἑαυτοῖς</span> <span class='ocrx_word' id='word_1_728' title='bbox 1461 1977 1532 2002; x_wconf 81' lang='grc' dir='ltr'>κατὰ</span> <span class='ocrx_word' id='word_1_729' title='bbox 1544 1975 1624 2003; x_wconf 83' lang='grc' dir='ltr'>τοῦτο</span> <span class='ocrx_word' id='word_1_730' title='bbox 1639 1979 1763 2012; x_wconf 71' lang='grc' dir='ltr'>προεαλ-</span> 
     </span>
    </p>
   </div>
   <div class='ocr_carea' id='block_1_101' title="bbox 969 2012 1762 2058">
    <p class='ocr_par' dir='ltr' id='par_1_101' title="bbox 969 2012 1762 2058">
     <span class='ocr_line' id='line_1_104' title="bbox 969 2012 1762 2058; baseline 0.014 -19"><span class='ocrx_word' id='word_1_731' title='bbox 969 2012 1074 2046; x_wconf 80' lang='grc' dir='ltr'>λεσθαι,</span> <span class='ocrx_word' id='word_1_732' title='bbox 1089 2016 1253 2050; x_wconf 72' lang='grc' dir='ltr'>τιμιώτερον</span> <span class='ocrx_word' id='word_1_733' title='bbox 1265 2019 1313 2045; x_wconf 82' lang='grc' dir='ltr'>καὶ</span> <span class='ocrx_word' id='word_1_734' title='bbox 1327 2018 1552 2056; x_wconf 81' lang='grc' dir='ltr'>λυσιτελέστερον</span> <span class='ocrx_word' id='word_1_735' title='bbox 1563 2020 1642 2058; x_wconf 83' lang='grc' dir='ltr'>ἦγον,</span> <span class='ocrx_word' id='word_1_736' title='bbox 1655 2023 1670 2058; x_wconf 82' lang='grc' dir='ltr'><strong>ῆ</strong></span> <span class='ocrx_word' id='word_1_737' title='bbox 1685 2025 1762 2058; x_wconf 75' lang='grc' dir='ltr'>μόνοι</span> 
     </span>
    </p>
   </div>
   <div class='ocr_carea' id='block_1_102' title="bbox 969 2061 1760 2107">
    <p class='ocr_par' dir='ltr' id='par_1_102' title="bbox 969 2061 1760 2107">
     <span class='ocr_line' id='line_1_105' title="bbox 969 2061 1760 2107; baseline 0.011 -19"><span class='ocrx_word' id='word_1_738' title='bbox 969 2061 1080 2089; x_wconf 82' lang='grc' dir='ltr'>πάντων</span> <span class='ocrx_word' id='word_1_739' title='bbox 1096 2064 1234 2099; x_wconf 81' lang='grc' dir='ltr'>προέχειν.</span> <span class='ocrx_word' id='word_1_740' title='bbox 1253 2066 1308 2093; x_wconf 83' lang='grc' dir='ltr'>Καί</span> <span class='ocrx_word' id='word_1_741' title='bbox 1323 2076 1364 2094; x_wconf 83' lang='grc' dir='ltr'><strong>τοι</strong></span> <span class='ocrx_word' id='word_1_742' title='bbox 1381 2069 1521 2096; x_wconf 68' lang='grc' dir='ltr'>καὶτοῦτο</span> <span class='ocrx_word' id='word_1_743' title='bbox 1540 2070 1693 2103; x_wconf 70' lang='grc' dir='ltr'>ποιοῦντες,</span> <span class='ocrx_word' id='word_1_744' title='bbox 1709 2072 1760 2107; x_wconf 60' lang='grc' dir='ltr'>οὐχ</span> 
     </span>
    </p>
   </div>
   <div class='ocr_carea' id='block_1_103' title="bbox 967 2107 1760 2152">
    <p class='ocr_par' dir='ltr' id='par_1_103' title="bbox 967 2107 1760 2152">
     <span class='ocr_line' id='line_1_106' title="bbox 967 2107 1760 2152; baseline 0.013 -20"><span class='ocrx_word' id='word_1_745' title='bbox 967 2107 1069 2141; x_wconf 78' lang='grc' dir='ltr'>ὁμοίως</span> <span class='ocrx_word' id='word_1_746' title='bbox 1090 2109 1136 2134; x_wconf 76' lang='grc' dir='ltr'>καὶ</span> <span class='ocrx_word' id='word_1_747' title='bbox 1155 2110 1273 2144; x_wconf 83' lang='grc' dir='ltr'>πρόσθεν</span> <span class='ocrx_word' id='word_1_748' title='bbox 1292 2115 1430 2148; x_wconf 82' lang='grc' dir='ltr'>προεῖχον.</span> <span class='ocrx_word' id='word_1_749' title='bbox 1449 2115 1516 2142; x_wconf 81' lang='grc' dir='ltr'>Τότε</span> <span class='ocrx_word' id='word_1_750' title='bbox 1535 2115 1585 2149; x_wconf 80' lang='grc' dir='ltr'>μὲν</span> <span class='ocrx_word' id='word_1_751' title='bbox 1605 2117 1661 2152; x_wconf 79' lang='grc' dir='ltr'><strong>γὰρ</strong></span> <span class='ocrx_word' id='word_1_752' title='bbox 1681 2118 1760 2144; x_wconf 64' lang='grc' dir='ltr'>οὐδὲν</span> 
     </span>
    </p>
   </div>
   <div class='ocr_carea' id='block_1_104' title="bbox 968 2153 1760 2196">
    <p class='ocr_par' dir='ltr' id='par_1_104' title="bbox 968 2153 1760 2196">
     <span class='ocr_line' id='line_1_107' title="bbox 968 2153 1760 2196; baseline 0.014 -17"><span class='ocrx_word' id='word_1_753' title='bbox 968 2153 1040 2187; x_wconf 84' lang='grc' dir='ltr'>μέγα</span> <span class='ocrx_word' id='word_1_754' title='bbox 1069 2154 1195 2189; x_wconf 78' lang='grc' dir='ltr'>ἐχόντων,</span> <span class='ocrx_word' id='word_1_755' title='bbox 1218 2158 1279 2184; x_wconf 77' lang='grc' dir='ltr'>νυνὶ</span> <span class='ocrx_word' id='word_1_756' title='bbox 1306 2158 1329 2185; x_wconf 86' lang='grc' dir='ltr'><strong>δ’</strong></span> <span class='ocrx_word' id='word_1_757' title='bbox 1351 2159 1398 2186; x_wconf 81' lang='grc' dir='ltr'><strong>ἐπὶ</strong></span> <span class='ocrx_word' id='word_1_758' title='bbox 1421 2161 1551 2194; x_wconf 85' lang='grc' dir='ltr'>μεγάλοις</span> <span class='ocrx_word' id='word_1_759' title='bbox 1576 2162 1692 2196; x_wconf 76' lang='grc' dir='ltr'>ἐχόντων</span> <span class='ocrx_word' id='word_1_760' title='bbox 1716 2173 1760 2190; x_wconf 77' lang='grc' dir='ltr'>σε-</span> 
     </span>
    </p>
   </div>
   <div class='ocr_carea' id='block_1_105' title="bbox 967 2197 1759 2239">
    <p class='ocr_par' dir='ltr' id='par_1_105' title="bbox 967 2197 1759 2239">
     <span class='ocr_line' id='line_1_108' title="bbox 967 2197 1759 2239; baseline 0.015 -16"><span class='ocrx_word' id='word_1_761' title='bbox 967 2197 1126 2233; x_wconf 80' lang='grc' dir='ltr'>μνύνεσθαι,</span> <span class='ocrx_word' id='word_1_762' title='bbox 1148 2201 1195 2227; x_wconf 75' lang='grc' dir='ltr'><strong>καὶ</strong></span> <span class='ocrx_word' id='word_1_763' title='bbox 1212 2201 1335 2238; x_wconf 82' lang='grc' dir='ltr'>λαμπροὶ</span> <span class='ocrx_word' id='word_1_764' title='bbox 1358 2203 1390 2239; x_wconf 79' lang='grc' dir='ltr'><strong>δή</strong></span> <span class='ocrx_word' id='word_1_765' title='bbox 1415 2213 1488 2236; x_wconf 86' lang='grc' dir='ltr'>τινες</span> <span class='ocrx_word' id='word_1_766' title='bbox 1511 2205 1587 2237; x_wconf 76' lang='grc' dir='ltr'>ὄντες</span> <span class='ocrx_word' id='word_1_767' title='bbox 1603 2207 1759 2235; x_wconf 78' lang='grc' dir='ltr'>ἐδείκνυντο</span> 
     </span>
    </p>
   </div>
   <div class='ocr_carea' id='block_1_106' title="bbox 966 2243 1758 2285">
    <p class='ocr_par' dir='ltr' id='par_1_106' title="bbox 966 2243 1758 2285">
     <span class='ocr_line' id='line_1_109' title="bbox 966 2243 1758 2285; baseline 0.014 -16"><span class='ocrx_word' id='word_1_768' title='bbox 966 2243 1014 2278; x_wconf 76' lang='grc' dir='ltr'>οὺχ</span> <span class='ocrx_word' id='word_1_769' title='bbox 1042 2244 1083 2271; x_wconf 86' lang='grc' dir='ltr'>ὅτι</span> <span class='ocrx_word' id='word_1_770' title='bbox 1112 2247 1220 2281; x_wconf 79' lang='grc' dir='ltr'>μικρῶν</span> <span class='ocrx_word' id='word_1_771' title='bbox 1245 2248 1386 2282; x_wconf 81' lang='grc' dir='ltr'>ἄρχουσιν,</span> <span class='ocrx_word' id='word_1_772' title='bbox 1415 2250 1473 2276; x_wconf 83' lang='grc' dir='ltr'>ἀλλ’</span> <span class='ocrx_word' id='word_1_773' title='bbox 1489 2251 1531 2277; x_wconf 84' lang='grc' dir='ltr'>ὃτι</span> <span class='ocrx_word' id='word_1_774' title='bbox 1559 2253 1684 2285; x_wconf 75' lang='grc' dir='ltr'>μεγάλων</span> <span class='ocrx_word' id='word_1_775' title='bbox 1709 2255 1758 2280; x_wconf 84' lang='grc' dir='ltr'>καὶ</span> 
     </span>
    </p>
   </div>
   <div class='ocr_carea' id='block_1_107' title="bbox 966 2288 1758 2332">
    <p class='ocr_par' dir='ltr' id='par_1_107' title="bbox 966 2288 1758 2332">
     <span class='ocr_line' id='line_1_110' title="bbox 966 2288 1758 2332; baseline 0.015 -19"><span class='ocrx_word' id='word_1_776' title='bbox 966 2288 1145 2323; x_wconf 83' lang='grc' dir='ltr'>Θαυμαστῶν.</span> <span class='ocrx_word' id='word_1_777' title='bbox 1169 2291 1240 2327; x_wconf 85' lang='grc' dir='ltr'><strong>’0ρῶ</strong></span> <span class='ocrx_word' id='word_1_778' title='bbox 1258 2293 1307 2326; x_wconf 81' lang='grc' dir='ltr'>μὲν</span> <span class='ocrx_word' id='word_1_779' title='bbox 1321 2291 1368 2319; x_wconf 78' lang='grc' dir='ltr'>οὖν</span> <span class='ocrx_word' id='word_1_780' title='bbox 1383 2294 1447 2326; x_wconf 83' lang='grc' dir='ltr'>τοὺς</span> <span class='ocrx_word' id='word_1_781' title='bbox 1462 2296 1629 2328; x_wconf 79' lang='grc' dir='ltr'>ἀποστόλους</span> <span class='ocrx_word' id='word_1_782' title='bbox 1648 2299 1758 2332; x_wconf 81' lang='grc' dir='ltr'>μεταδι-</span> 
     </span>
    </p>
   </div>
   <div class='ocr_carea' id='block_1_108' title="bbox 965 2333 1471 2375">
    <p class='ocr_par' dir='ltr' id='par_1_108' title="bbox 965 2333 1471 2375">
     <span class='ocr_line' id='line_1_111' title="bbox 965 2333 1471 2375; baseline 0.016 -15"><span class='ocrx_word' id='word_1_783' title='bbox 965 2333 1058 2364; x_wconf 79' lang='grc' dir='ltr'>δόντας</span> <span class='ocrx_word' id='word_1_784' title='bbox 1070 2336 1126 2368; x_wconf 86' lang='grc' dir='ltr'><strong>τοίς</strong></span> <span class='ocrx_word' id='word_1_785' title='bbox 1139 2336 1223 2369; x_wconf 74' lang='grc' dir='ltr'>ἀξίοις</span> <span class='ocrx_word' id='word_1_786' title='bbox 1236 2338 1283 2364; x_wconf 78' lang='grc' dir='ltr'>τοῦ</span> <span class='ocrx_word' id='word_1_787' title='bbox 1300 2339 1471 2375; x_wconf 58' lang='lat' dir='ltr'><strong>umme</strong></span> 
     </span>
    </p>
   </div>
   <div class='ocr_carea' id='block_1_109' title="bbox 1008 2425 1755 2468">
    <p class='ocr_par' dir='ltr' id='par_1_109' title="bbox 1008 2425 1755 2468">
     <span class='ocr_line' id='line_1_112' title="bbox 1008 2425 1755 2468; baseline 0.013 -16"><span class='ocrx_word' id='word_1_788' title='bbox 1008 2425 1079 2462; x_wconf 86' lang='grc' dir='ltr'><strong>Ὀρῶ</strong></span> <span class='ocrx_word' id='word_1_789' title='bbox 1093 2427 1120 2453; x_wconf 82' lang='grc' dir='ltr'><strong>δὲ</strong></span> <span class='ocrx_word' id='word_1_790' title='bbox 1134 2428 1181 2455; x_wconf 74' lang='grc' dir='ltr'>καὶ</span> <span class='ocrx_word' id='word_1_791' title='bbox 1194 2429 1305 2464; x_wconf 86' lang='grc' dir='ltr'>Σίμωνα</span> <span class='ocrx_word' id='word_1_792' title='bbox 1317 2432 1466 2466; x_wconf 80' lang='grc' dir='ltr'>προσιόντα</span> <span class='ocrx_word' id='word_1_793' title='bbox 1478 2433 1522 2459; x_wconf 75' lang='grc' dir='ltr'><strong>τὸν</strong></span> <span class='ocrx_word' id='word_1_794' title='bbox 1536 2433 1625 2468; x_wconf 79' lang='grc' dir='ltr'>μάγον</span> <span class='ocrx_word' id='word_1_795' title='bbox 1638 2435 1684 2462; x_wconf 75' lang='grc' dir='ltr'>καὶ</span> <span class='ocrx_word' id='word_1_796' title='bbox 1698 2437 1755 2468; x_wconf 84' lang='grc' dir='ltr'>τοῖς</span> 
     </span>
    </p>
   </div>
   <div class='ocr_carea' id='block_1_110' title="bbox 964 2471 1755 2516">
    <p class='ocr_par' dir='ltr' id='par_1_110' title="bbox 964 2471 1755 2516">
     <span class='ocr_line' id='line_1_113' title="bbox 964 2471 1755 2516; baseline 0.014 -19"><span class='ocrx_word' id='word_1_797' title='bbox 964 2471 1125 2505; x_wconf 79' lang='grc' dir='ltr'>ἀποστόλοις</span> <span class='ocrx_word' id='word_1_798' title='bbox 1142 2475 1319 2509; x_wconf 86' lang='grc' dir='ltr'>προτείνοντα</span> <span class='ocrx_word' id='word_1_799' title='bbox 1341 2478 1482 2512; x_wconf 64' lang='grc' dir='ltr'>χρήματα.</span> <span class='ocrx_word' id='word_1_800' title='bbox 1501 2479 1548 2506; x_wconf 67' lang='grc' dir='ltr'>τοῦ</span> <span class='ocrx_word' id='word_1_801' title='bbox 1568 2480 1618 2514; x_wconf 84' lang='grc' dir='ltr'>τήν</span> <span class='ocrx_word' id='word_1_802' title='bbox 1629 2481 1691 2515; x_wconf 85' lang='grc' dir='ltr'>ῐσην</span> <span class='ocrx_word' id='word_1_803' title='bbox 1705 2490 1755 2516; x_wconf 89' lang='grc' dir='ltr'>με-</span> 
     </span>
    </p>
   </div>
   <div class='ocr_carea' id='block_1_111' title="bbox 962 2519 1753 2560">
    <p class='ocr_par' dir='ltr' id='par_1_111' title="bbox 962 2519 1753 2560">
     <span class='ocr_line' id='line_1_114' title="bbox 962 2519 1753 2560; baseline 0.014 -17"><span class='ocrx_word' id='word_1_804' title='bbox 962 2519 1075 2553; x_wconf 85' lang='grc' dir='ltr'>τασχεῖν</span> <span class='ocrx_word' id='word_1_805' title='bbox 1089 2520 1168 2554; x_wconf 80' lang='grc' dir='ltr'>χάριν</span> <span class='ocrx_word' id='word_1_806' title='bbox 1188 2523 1244 2553; x_wconf 75' lang='grc' dir='ltr'>τοῖς</span> <span class='ocrx_word' id='word_1_807' title='bbox 1267 2522 1368 2556; x_wconf 81' lang='grc' dir='ltr'>ἄλλοις,</span> <span class='ocrx_word' id='word_1_808' title='bbox 1398 2525 1445 2550; x_wconf 70' lang='grc' dir='ltr'>καὶ</span> <span class='ocrx_word' id='word_1_809' title='bbox 1469 2524 1500 2550; x_wconf 87' lang='grc' dir='ltr'>τδ</span> <span class='ocrx_word' id='word_1_810' title='bbox 1529 2527 1644 2560; x_wconf 82' lang='grc' dir='ltr'>πρᾶγμα</span> <span class='ocrx_word' id='word_1_811' title='bbox 1663 2527 1753 2560; x_wconf 75' lang='grc' dir='ltr'>οὕτως</span> 
     </span>
    </p>
   </div>
   <div class='ocr_carea' id='block_1_112' title="bbox 962 2564 1753 2607">
    <p class='ocr_par' dir='ltr' id='par_1_112' title="bbox 962 2564 1753 2607">
     <span class='ocr_line' id='line_1_115' title="bbox 962 2564 1753 2607; baseline 0.015 -18"><span class='ocrx_word' id='word_1_812' title='bbox 962 2564 1080 2596; x_wconf 83' lang='grc' dir='ltr'>ἀναιδῶς</span> <span class='ocrx_word' id='word_1_813' title='bbox 1103 2565 1221 2600; x_wconf 85' lang='grc' dir='ltr'>δρῶντα,</span> <span class='ocrx_word' id='word_1_814' title='bbox 1239 2567 1277 2598; x_wconf 85' lang='grc' dir='ltr'>ὡς</span> <span class='ocrx_word' id='word_1_815' title='bbox 1300 2568 1388 2600; x_wconf 82' lang='grc' dir='ltr'>οὐδεὶς</span> <span class='ocrx_word' id='word_1_816' title='bbox 1411 2569 1445 2596; x_wconf 86' lang='grc' dir='ltr'>ἂν</span> <span class='ocrx_word' id='word_1_817' title='bbox 1472 2571 1631 2607; x_wconf 72' lang='grc' dir='ltr'>ἐτόλμησεν,</span> <span class='ocrx_word' id='word_1_818' title='bbox 1657 2574 1713 2601; x_wconf 82' lang='grc' dir='ltr'><strong>οὐδ’</strong></span> <span class='ocrx_word' id='word_1_819' title='bbox 1726 2577 1753 2602; x_wconf 77' lang='grc' dir='ltr'><strong>ει</strong></span> 
     </span>
    </p>
   </div>
   <div class='ocr_carea' id='block_1_113' title="bbox 961 2609 1752 2653">
    <p class='ocr_par' dir='ltr' id='par_1_113' title="bbox 961 2609 1752 2653">
     <span class='ocr_line' id='line_1_116' title="bbox 961 2609 1752 2653; baseline 0.016 -19"><span class='ocrx_word' id='word_1_820' title='bbox 961 2609 1011 2644; x_wconf 80' lang='grc' dir='ltr'>τὴν</span> <span class='ocrx_word' id='word_1_821' title='bbox 1036 2609 1137 2645; x_wconf 86' lang='grc' dir='ltr'>τόλμαν</span> <span class='ocrx_word' id='word_1_822' title='bbox 1164 2613 1252 2644; x_wconf 79' lang='grc' dir='ltr'>εῐποις</span> <span class='ocrx_word' id='word_1_823' title='bbox 1277 2614 1373 2650; x_wconf 83' lang='grc' dir='ltr'>αὑτήν.</span> <span class='ocrx_word' id='word_1_824' title='bbox 1393 2615 1427 2641; x_wconf 88' lang='grc' dir='ltr'>Τί</span> <span class='ocrx_word' id='word_1_825' title='bbox 1446 2615 1491 2643; x_wconf 76' lang='grc' dir='ltr'>οὖν</span> <span class='ocrx_word' id='word_1_826' title='bbox 1511 2618 1524 2644; x_wconf 83' lang='grc' dir='ltr'>ὁ</span> <span class='ocrx_word' id='word_1_827' title='bbox 1551 2619 1670 2653; x_wconf 73' lang='grc' dir='ltr'>Πέτροςς</span> <span class='ocrx_word' id='word_1_828' title='bbox 1687 2619 1752 2647; x_wconf 75' lang='grc' dir='ltr'><strong>Οὐδ’</strong></span> 
     </span>
    </p>
   </div>
   <div class='ocr_carea' id='block_1_114' title="bbox 961 2657 1748 2698">
    <p class='ocr_par' dir='ltr' id='par_1_114' title="bbox 961 2657 1748 2698">
     <span class='ocr_line' id='line_1_117' title="bbox 961 2657 1748 2698; baseline 0.015 -16"><span class='ocrx_word' id='word_1_829' title='bbox 961 2657 1078 2683; x_wconf 76' lang='grc' dir='ltr'>ἐνταῦθα</span> <span class='ocrx_word' id='word_1_830' title='bbox 1096 2658 1143 2685; x_wconf 78' lang='grc' dir='ltr'>τοῦ</span> <span class='ocrx_word' id='word_1_831' title='bbox 1158 2659 1260 2694; x_wconf 80' lang='grc' dir='ltr'>Πέτρος</span> <span class='ocrx_word' id='word_1_832' title='bbox 1275 2659 1345 2687; x_wconf 72' lang='grc' dir='ltr'>εἶναι</span> <span class='ocrx_word' id='word_1_833' title='bbox 1360 2661 1570 2697; x_wconf 79' lang='grc' dir='ltr'>ἐπιλαθόμενος,</span> <span class='ocrx_word' id='word_1_834' title='bbox 1587 2665 1645 2691; x_wconf 83' lang='grc' dir='ltr'>ἀλλ’</span> <span class='ocrx_word' id='word_1_835' title='bbox 1658 2666 1696 2698; x_wconf 84' lang='grc' dir='ltr'>ὡς</span> <span class='ocrx_word' id='word_1_836' title='bbox 1713 2667 1748 2694; x_wconf 80' lang='grc' dir='ltr'>ἄν</span> 
     </span>
    </p>
   </div>
   <div class='ocr_carea' id='block_1_115' title="bbox 960 2703 1748 2747">
    <p class='ocr_par' dir='ltr' id='par_1_115' title="bbox 960 2703 1748 2747">
     <span class='ocr_line' id='line_1_118' title="bbox 960 2703 1748 2747; baseline 0.014 -19"><span class='ocrx_word' id='word_1_837' title='bbox 960 2712 1002 2734; x_wconf 77' lang='grc' dir='ltr'><strong>τις</strong></span> <span class='ocrx_word' id='word_1_838' title='bbox 1018 2703 1098 2735; x_wconf 74' lang='grc' dir='ltr'>αὐτὸς</span> <span class='ocrx_word' id='word_1_839' title='bbox 1114 2705 1193 2739; x_wconf 82' lang='grc' dir='ltr'>μόνος</span> <span class='ocrx_word' id='word_1_840' title='bbox 1214 2706 1262 2732; x_wconf 74' lang='grc' dir='ltr'>καὶ</span> <span class='ocrx_word' id='word_1_841' title='bbox 1286 2708 1395 2741; x_wconf 79' lang='grc' dir='ltr'>πρῶτος</span> <span class='ocrx_word' id='word_1_842' title='bbox 1411 2709 1466 2735; x_wconf 88' lang='grc' dir='ltr'>τῶν</span> <span class='ocrx_word' id='word_1_843' title='bbox 1482 2709 1570 2736; x_wconf 80' lang='grc' dir='ltr'>ἄλλων</span> <span class='ocrx_word' id='word_1_844' title='bbox 1586 2711 1630 2737; x_wconf 78' lang='grc' dir='ltr'>ἀεὶ</span> <span class='ocrx_word' id='word_1_845' title='bbox 1646 2711 1748 2747; x_wconf 75' lang='grc' dir='ltr'>ζηλοῦν</span> 
     </span>
    </p>
   </div>
   <div class='ocr_carea' id='block_1_116' title="bbox 960 2747 1747 2793">
    <p class='ocr_par' dir='ltr' id='par_1_116' title="bbox 960 2747 1747 2793">
     <span class='ocr_line' id='line_1_119' title="bbox 960 2747 1747 2793; baseline 0.015 -19"><span class='ocrx_word' id='word_1_846' title='bbox 960 2747 1044 2780; x_wconf 76' lang='grc' dir='ltr'>ἀξιῶν</span> <span class='ocrx_word' id='word_1_847' title='bbox 1057 2749 1127 2785; x_wconf 79' lang='grc' dir='ltr'>ὑπὲρ</span> <span class='ocrx_word' id='word_1_848' title='bbox 1137 2750 1182 2777; x_wconf 78' lang='grc' dir='ltr'>τοῦ</span> <span class='ocrx_word' id='word_1_849' title='bbox 1191 2750 1270 2785; x_wconf 76' lang='grc' dir='ltr'><strong>Θεοῦ,</strong></span> <span class='ocrx_word' id='word_1_850' title='bbox 1285 2753 1351 2787; x_wconf 75' lang='grc' dir='ltr'>πρὸς</span> <span class='ocrx_word' id='word_1_851' title='bbox 1363 2753 1501 2782; x_wconf 84' lang='grc' dir='ltr'>ἀπώλειαν</span> <span class='ocrx_word' id='word_1_852' title='bbox 1515 2756 1561 2783; x_wconf 76' lang='grc' dir='ltr'><strong>τὸν</strong></span> <span class='ocrx_word' id='word_1_853' title='bbox 1577 2758 1665 2792; x_wconf 84' lang='grc' dir='ltr'>μάγον</span> <span class='ocrx_word' id='word_1_854' title='bbox 1676 2758 1747 2793; x_wconf 83' lang='grc' dir='ltr'><strong>ὀμοῦ</strong></span> 
     </span>
    </p>
   </div>
   <div class='ocr_carea' id='block_1_117' title="bbox 959 2796 1746 2839">
    <p class='ocr_par' dir='ltr' id='par_1_117' title="bbox 959 2796 1746 2839">
     <span class='ocr_line' id='line_1_120' title="bbox 959 2796 1746 2839; baseline 0.014 -18"><span class='ocrx_word' id='word_1_855' title='bbox 959 2796 1141 2831; x_wconf 80' lang='grc' dir='ltr'>παραπέμπει</span> <span class='ocrx_word' id='word_1_856' title='bbox 1157 2798 1194 2833; x_wconf 77' lang='grc' dir='ltr'>τῷ</span> <span class='ocrx_word' id='word_1_857' title='bbox 1208 2799 1344 2835; x_wconf 78' lang='grc' dir='ltr'>ἀργυρίῳ.</span> <span class='ocrx_word' id='word_1_858' title='bbox 1363 2801 1415 2827; x_wconf 73' lang='grc' dir='ltr'><strong>Καὶ</strong></span> <span class='ocrx_word' id='word_1_859' title='bbox 1435 2802 1488 2836; x_wconf 85' lang='grc' dir='ltr'><strong>γὰρ</strong></span> <span class='ocrx_word' id='word_1_860' title='bbox 1505 2802 1586 2836; x_wconf 75' lang='grc' dir='ltr'>δτοῖς</span> <span class='ocrx_word' id='word_1_861' title='bbox 1607 2803 1696 2835; x_wconf 71' lang='grc' dir='ltr'>ἄλλοις</span> <span class='ocrx_word' id='word_1_862' title='bbox 1711 2802 1746 2839; x_wconf 80' lang='grc' dir='ltr'>ἦν</span> 
     </span>
    </p>
   </div>
   <div class='ocr_carea' id='block_1_118' title="bbox 958 2841 1743 2886">
    <p class='ocr_par' dir='ltr' id='par_1_118' title="bbox 958 2841 1743 2886">
     <span class='ocr_line' id='line_1_121' title="bbox 958 2841 1743 2886; baseline 0.014 -19"><span class='ocrx_word' id='word_1_863' title='bbox 958 2841 1082 2869; x_wconf 66' lang='grc' dir='ltr'>εὐσέϐεια</span> <span class='ocrx_word' id='word_1_864' title='bbox 1099 2844 1145 2870; x_wconf 73' lang='grc' dir='ltr'><strong>καὶ</strong></span> <span class='ocrx_word' id='word_1_865' title='bbox 1170 2845 1254 2880; x_wconf 61' lang='grc' dir='ltr'>ἁρετὴ</span> <span class='ocrx_word' id='word_1_866' title='bbox 1272 2846 1321 2881; x_wconf 79' lang='grc' dir='ltr'>τῆς</span> <span class='ocrx_word' id='word_1_867' title='bbox 1337 2847 1384 2874; x_wconf 72' lang='grc' dir='ltr'>τοῦ</span> <span class='ocrx_word' id='word_1_868' title='bbox 1410 2847 1568 2883; x_wconf 74' lang='grc' dir='ltr'>Πνεύματος</span> <span class='ocrx_word' id='word_1_869' title='bbox 1588 2850 1743 2886; x_wconf 74' lang='grc' dir='ltr'>παρουσίας</span> 
     </span>
    </p>
   </div>
  </div>
