1924 3092
102 115 156 151 1031

579 120 782 152 ENCOMIUM
807 122 858 153 SS.
873 123 986 153 PETRI
1009 123 1056 154 ET
1072 125 1196 156 PAULI.

1639 126 1708 160 1082

101 174 240 209 ἑτοιμασία,
267 175 347 202 τοῦτο
372 176 469 210 ἐκείνῳ
494 176 526 203 τὰ
550 178 691 212 χρήματα.
717 179 815 205 Καίτοι
845 179 869 205 εἰ

929 180 1049 208 ιίειιιιιιηι
1070 182 1202 216 Spiritum
1225 186 1348 209 sanctum
1375 185 1536 217 praeparatio
1563 190 1638 218 erat,
1669 187 1706 213 ita

100 221 173 248 ταῦτα
197 222 246 257 τὴν
277 222 358 257 χάριν
389 222 512 256 πέφυκεν
538 223 639 256 ἕλκειν,
665 225 815 251 ἀπολέσθαι
840 225 873 252 ἂν

101 267 193 300 εὖξαιτό
206 276 247 299 τις
263 268 365 303 ἀρετῆς
388 268 487 300 πόνους
508 271 556 296 καὶ
579 269 732 302 εὐσεϐείας,
750 270 810 302 ὲξὸν
825 271 874 297 σὺν

103 313 213 349 ῥᾳστώνῃ
231 315 361 349 χρήματα
379 315 476 349 ἔχοντα
491 315 587 350 ὥσπερ
604 316 688 351 ἁγρδν
706 316 721 352 ἢ
739 317 828 344 οἰκίαν
842 316 874 342 τδ

102 359 200 394 Πνεῦμα
222 360 367 395 πρίασθαι.
390 361 461 388 ’Δλλ’
478 362 492 388 ὁ
514 362 563 396 μὲν
583 362 702 397 χρηστὸς
720 362 767 390 καὶ
792 371 874 389 σπου-

101 405 162 437 δαῖος
188 406 257 440 ἀνὴρ
283 406 337 432 οὐδ’
357 406 390 433 ἂν
415 406 510 434 ὀϐολοῦ
539 408 649 443 δεηθείη
668 408 738 443 πρὸς
756 409 786 435 τὺ
814 409 874 435 θεῖα

103 451 183 478 λαῦεῖν
194 459 201 467 ι
218 453 230 478 ὁ
241 452 268 478 δὲ
281 452 399 486 πονηρός
412 461 441 479 τε
456 454 502 480 καὶ
513 453 625 486 φαῦλος,
635 453 696 480 ὅσον
707 454 792 480 ταῦτα
806 462 873 489 χρη-

101 497 180 532 μάτων
191 497 275 524 οἴεται
292 498 418 532 κτᾶσθαι,
436 499 564 526 τοσοῦτον
580 499 669 527 αὐτῶν
687 500 793 533 γίνεται
807 501 874 535 ποῤ-

101 544 211 578 ρωτάτω.
229 544 322 576 Οὖτως
340 545 469 572 οὐδέποτε
488 547 629 581 κτήσεται,
647 546 715 574 ἀλλὰ
738 547 790 574 κᾶν
806 548 873 582 χρή-

100 598 162 623 ματα
185 590 272 621 διδούς
305 591 392 623 ἐστιν,
425 592 469 618 ὅτε
505 592 586 627 χάριν
615 592 767 627 λαμϐάνειν
795 593 872 628 δοκῇ,

97 635 214 670 χρήματα
238 636 287 671 μὲν
304 637 441 670 ἀπώλεσε,
457 638 569 673 χάριτος
591 638 619 665 δὲ
633 639 684 665 οὑκ
707 638 814 674 ἔτυχεν.
837 639 869 666 Ἣ

98 682 145 716 γὰρ
155 682 185 708 ἂν
198 682 258 709 οὐδὲ
277 683 385 718 χάριςή
406 683 486 719 χάρις
500 681 545 719 ἦν,
564 685 621 719 εῐγε
636 686 785 720 χρημάτων
806 686 874 712 ἀπο-

98 727 207 754 δίδοσθαι
221 729 323 764 ταύτην
339 738 381 761 τις
395 727 479 766 εἶχεν,
496 730 564 757 ἀλλὰ
590 733 627 766 μὴ
643 731 745 766 προῖκα
760 731 872 758 διδόναι.

128 818 177 844 Καὶ
192 818 224 853 δὴ
238 819 308 845 καὶὸ
320 819 354 846 τὰ
370 820 475 855 μεγάλα
492 821 559 856 πρὸς
571 820 640 848 Θεοῦ
654 820 818 855 λαμόάνειν.
836 820 874 853 ὣς

925 226 990 253 huic
1005 228 1132 261 pecunia.
1157 227 1317 261 Quanquam
1334 228 1355 254 si
1376 229 1489 262 pecunia
1507 229 1576 256 hanc
1593 230 1706 263 gratiam

924 272 1071 299 conciliare
1087 273 1168 305 solet,
1193 273 1328 300 intereant
1353 278 1461 308 oportet
1483 281 1577 302 omnes
1598 275 1706 302 virtutis

923 321 951 344 et
966 317 1074 351 pictatis
1099 318 1321 348 exercitationes,
1351 318 1461 352 quando
1491 319 1533 350 ei.
1551 319 1596 353 qui
1627 327 1708 353 pecu-

924 363 1022 390 niosus
1040 367 1092 396 est,
1117 362 1250 397 Spiritum
1279 368 1404 391 sanctum
1422 372 1482 391 cum
1498 365 1589 399 quiete
1616 372 1708 392 emere

925 409 995 440 licet,
1016 417 1069 435 non
1100 416 1182 436 secus
1211 416 1242 435 ac
1273 416 1368 444 agrum
1389 414 1435 436 aut
1455 410 1577 437 domum.
1603 412 1637 437 At
1667 411 1710 436 vir

923 453 1012 480 bonus
1027 457 1054 480 et
1087 454 1239 481 industrius
1256 462 1290 482 ne
1321 455 1401 482 obolo
1433 456 1542 490 quidem
1560 455 1592 482 ad
1617 456 1708 483 divina

923 499 993 526 dona
1008 500 1191 533 comparanda
1205 499 1316 534 indiget.
1350 499 1493 535 Improbus
1513 509 1578 528 vero
1605 506 1709 536 quanto

923 545 984 580 plus
1002 553 1175 572 nummorum
1192 553 1222 572 se
1237 546 1376 580 possidere
1394 551 1528 579 autumat,
1550 551 1624 574 tanto
1650 547 1710 574 lon-

923 591 983 624 gius
1000 590 1102 617 abillis
1126 595 1279 625 separatur.
1310 590 1355 618 Sic
1384 590 1523 626 nunquam
1549 592 1708 626 possidebit.

923 635 974 662 Sed
1003 636 1128 670 quamvis
1152 636 1282 670 pecunias
1308 637 1404 672 gratiae
1432 637 1598 671 accipiendae
1625 645 1708 665 causa

922 681 1093 716 expendcrit,
1120 686 1147 708 et
1171 682 1301 716 pecunias
1330 682 1458 717 perdidit,
1474 686 1501 710 et
1524 683 1638 718 gratiam
1657 691 1709 710 non

923 728 1054 755 obtinuit.
1072 727 1128 755 Nec
1145 729 1232 763 gratia
1261 728 1343 755 fuerit
1369 729 1501 764 gratia,si
1529 737 1584 757 non
1614 730 1709 765 gratis,

923 773 971 801 sed
993 774 1116 808 pecuniis
1134 774 1215 801 alicui
1231 775 1409 802 concedatur.

959 819 1079 847 Tametsi
1096 828 1168 855 saepe
1196 821 1341 856 contingit,
1360 826 1388 849 ut
1412 822 1457 857 qui
1476 822 1583 857 magnis
1599 823 1677 850 donis
1695 830 1709 850 a

95 873 120 891 τι
141 865 190 891 τῶν
218 865 338 892 εὐτελῶν
363 866 550 902 λογιζόμενος,
577 868 717 903 καθειρείν
745 869 872 903 πειρᾶται

929 867 982 894 Deo
1010 867 1167 895 cumulatus
1190 872 1242 900 est,
1270 875 1301 895 ea
1328 872 1466 901 extenuet,
1495 873 1522 896 et
1554 869 1594 896 sic
1626 869 1709 896 Deum

95 912 162 938 Θεῦν.
176 913 240 939 Δέον
250 914 298 940 καὶ
309 915 366 946 τοῖς
377 914 483 941 ἐκεῖθεν
496 915 616 949 μικροῖς,
631 916 657 942 ετ
666 924 692 941 τι
704 914 758 941 τῶν
769 915 874 951 ἐκείνου

95 958 221 992 τοιοῦτον,
239 960 277 992 ὡς
296 961 438 995 μεγίστοις
457 970 486 988 τε
501 961 549 988 καὶ
566 961 742 996 τιμιωτάτοις
757 961 875 995 προσφέ-

99 1006 197 1041 ρεσθαι,
211 1007 278 1035 ἀλλὰ
291 1008 372 1044 μάγῳ
382 1008 436 1035 τῶν
443 1009 575 1036 τοιούτων
587 1008 697 1040 σύνεσις
707 1006 742 1043 ἦν
751 1007 875 1042 οὐδεμία.

95 1054 227 1090 Εὐενδότῳ
244 1056 294 1091 μὲν
311 1054 368 1088 οὖν,
388 1056 435 1082 καὶ
457 1055 582 1090 μαλακῷ.
601 1057 648 1083 καὶ
665 1055 811 1090 καπηλικῷ
830 1054 876 1080 τὸν

93 1103 186 1138 τρόπον
201 1102 278 1138 ᾠήθη
294 1102 332 1137 τῷ
349 1102 446 1138 Πέτρῳ
460 1102 553 1136 Σίμων
570 1101 743 1134 ἐντεύξεσθαι
753 1108 761 1117 ·
777 1100 876 1136 ᾔσθετο

92 1148 114 1176 δ’
135 1148 248 1183 ἀσφαλεῖ
277 1147 440 1183 προσϐαλὼν
465 1149 513 1175 καὶ
523 1148 666 1183 ἀρῥήκτῳ,
694 1147 742 1174 καὶ
770 1146 876 1181 φανερὰ

93 1195 179 1230 ἔργοις
198 1194 333 1230 τιθεμένῳ
348 1194 397 1230 τὴν
414 1194 511 1229 κλῆσιν
523 1203 531 1210 ο
550 1195 665 1230 μάταιος
681 1193 834 1228 ἄνθρωπος,
851 1193 876 1218 εἰ

71 1248 76 1262 ί
94 1240 154 1275 μήθ’
164 1240 202 1267 ὄτι
227 1242 369 1274 κρείττους
398 1241 547 1274 χρημάτων
560 1240 583 1266 οι
597 1239 741 1265 ἀπόστολοι
756 1239 876 1265 συνεῖναι

51 1272 67 1319 πί
92 1272 157 1323 εἶχε,
171 1287 218 1313 καὶ
239 1272 361 1322 ἧχάρις,
482 1285 586 1317 δοῦλον,
612 1285 681 1312 ἀλλὰ
707 1285 762 1311 τῶν
789 1283 875 1310 ὄντων

35 1329 48 1366 ν’
89 1333 312 1369 ἐλευθερώτατον,
339 1333 422 1368 ῆὸτι
450 1332 516 1359 ποτέ
541 1341 584 1364 τις
615 1332 649 1359 ἂν
678 1331 754 1367 εὕροι
782 1330 875 1366 μεῖζον

90 1381 184 1408 είπεῖν.

133 1512 214 1539 Ἀλλὰ
232 1511 286 1546 γὰρ
302 1510 405 1538 κείσθω
419 1510 451 1546 δὴ
465 1510 527 1543 τοὺς
544 1510 709 1543 ἀποστόλους
726 1509 875 1546 χρημάτων

89 1561 168 1596 ἑρᾷν,
186 1559 268 1586 πόθεν
295 1559 334 1589 είς
360 1558 423 1585 νοῦν
446 1557 526 1584 τοῦτό
550 1566 582 1591 γε
603 1557 696 1584 λαϐεῖν
713 1557 874 1591 ἐτόλμησεν.

86 1607 127 1633 ὅτι
145 1605 212 1632 Θεοῦ
228 1605 308 1639 χάριν
322 1603 471 1639 χρημάτων
484 1603 635 1638 ὠνήσεται;
655 1601 700 1633 Ὠς
715 1601 778 1637 ἡδὺς
792 1599 826 1636 ἦν
851 1602 875 1627 εί

85 1651 194 1686 πνεῦμα
216 1650 277 1685 μὲν,
292 1649 325 1676 ἂν
351 1649 505 1684 αὐτόματον
530 1649 567 1683 μὴ
584 1647 664 1684 πλέῃ,
681 1647 776 1683 βορέου
793 1647 875 1682 τυχὸν

83 1698 100 1734 ἦ
116 1698 205 1730 νότου,
222 1696 284 1731 μηδ’
301 1695 334 1722 ἂν
359 1695 432 1727 ὅσοις
451 1695 552 1728 κόσμος
574 1694 631 1729 ιχει
656 1694 782 1729 χρήμασι
799 1701 876 1728 κινη-

84 1744 176 1779 θῆναι,
193 1743 242 1777 τὴν
266 1742 295 1768 δὲ
322 1741 397 1768 θείαν
424 1740 577 1772 ἐπίπνοιαν,
595 1740 644 1775 τὴν
660 1740 707 1765 καὶ
723 1739 801 1766 τοῦδε
827 1737 874 1765 τοῦ

84 1790 245 1825 Πνεὺματος
267 1787 442 1823 παρακτικὴν
465 1787 513 1813 καὶ
538 1786 684 1821 κινητικὴν
700 1785 798 1819 οἰκτρὰ
814 1793 876 1810 τινα

81 1837 215 1873 χρήματα
237 1833 401 1862 καταϐαλὼν
430 1831 591 1866 πορίσεσθαι
618 1832 742 1866 ἤλπισεν.
773 1830 876 1857 Ἐδόκει

81 1891 114 1918 γε
141 1883 196 1917 μὴν
218 1881 233 1908 ὁ
260 1880 472 1916 μεγαλέμπορος
493 1877 616 1912 ἁσμένην
640 1877 696 1908 τοῖς
715 1875 876 1906 ἀποστόλοις

78 1929 132 1965 τὴν
151 1927 288 1963 ἐμπορίαν
305 1925 380 1961 αὐτῷ
399 1924 578 1959 γενήσεσθαι,
596 1923 643 1964 καὶ
658 1922 707 1957 τὴν
732 1930 876 1956 προσαγω-

77 1978 133 2011 γὴν
149 1975 205 2002 τῶν
221 1973 370 2009 χρημάτων
382 1971 575 2008 προχωρήσειν
591 1969 781 2004 εὐπρόσωπον·
798 1977 876 1995 πτω-

75 2023 123 2057 χοὶ
137 2022 194 2056 γὰρ
210 2018 251 2052 οἷς
263 2019 351 2046 ταῦτα
366 2019 532 2054 προσήγετο,
546 2016 593 2043 καὶ
605 2015 755 2051 χρημάτων
767 2014 876 2045 πάντως

76 2069 94 2104 ἢ
112 2067 186 2102 τάχα
208 2067 344 2102 δεόμενοι.
369 2064 516 2091 Ἐλάνθανε
535 2063 564 2090 δὲ
584 2063 677 2095 αὑτὸν,
696 2062 733 2093 ὡς
749 2061 876 2088 ἐντεῦθεν

76 2114 191 2145 τούτοις
203 2114 232 2140 τὸ
257 2111 402 2144 πένεσθαι,
429 2111 462 2137 ὲκ
476 2110 524 2137 τοῦ
550 2109 633 2144 μηδὲν
659 2108 736 2142 παρὰ
761 2107 876 2143 μηδενὸς

74 2160 238 2194 λαμΰὰνειν
252 2157 411 2193 ἀνέχεσθαι.
432 2157 464 2184 El
490 2156 544 2192 γὰρ
559 2156 620 2183 κατ’
634 2155 718 2190 ἄνδρα
740 2155 794 2181 τῶν
808 2154 877 2188 λαμ-

75 2205 223 2233 ϐανόντων
249 2204 279 2231 τὸ
304 2204 429 2239 χάρισμα
459 2201 580 2229 τοσαῦτα
609 2200 723 2232 τούτοις.
752 2201 802 2227 ὅσα
830 2200 878 2226 καὶ

73 2251 188 2286 Σίμων,
206 2250 340 2281 ἐδίδοσαν,
357 2248 413 2275 οὐδ’
430 2247 464 2275 ἂν
478 2247 596 2282 πτωχῶν
610 2246 689 2278 δόξαν
704 2245 801 2272 ἔλαϐον
815 2246 878 2280 παρ’

71 2297 169 2331 αὐτῷ,
189 2296 206 2331 ἢ
223 2296 278 2322 τῶν
293 2294 400 2322 ἐκείνου
417 2294 486 2328 πρὸς
503 2293 600 2328 χρείαν
614 2292 699 2328 ’ἥκειν
721 2291 806 2322 τινός.

120 2342 200 2370 ’Δλλ’
215 2343 229 2369 ὀ
245 2343 295 2377 μὲν
321 2342 414 2377 Σίμων
431 2341 502 2368 οὕτω
518 2341 565 2367 καὶ
583 2341 687 2375 Πέτρου
711 2338 814 2376 φαῦλον
833 2346 879 2371 φι-

70 2388 239 2424 λαργυρίας
256 2386 324 2423 ἦθος
340 2387 556 2422 κατεμαρτύρει,
574 2385 622 2413 καὶ
641 2385 673 2412 τὸ
689 2384 801 2418 Πνεῦμα
818 2382 880 2409 δοῦ-

69 2436 124 2463 λον
149 2436 201 2461 καὶ
227 2435 323 2470 μάγων
344 2433 442 2469 ἤλπισε
467 2433 602 2467 γίνεσθαι.
629 2431 732 2465 Πέτρος
757 2430 780 2456 δ’
807 2429 879 2464 ὑπὲρ

67 2483 184 2511 ἑαυτοῦ
204 2483 254 2518 μὲν
269 2483 321 2509 κᾶν
334 2483 466 2516 συνέγνω,
482 2480 531 2516 τὴν
541 2480 569 2507 δὲ
579 2480 652 2507 κατὰ
663 2479 711 2506 τοῦ
722 2478 880 2513 Πνεύματος

69 2531 144 2558 οὐδὲ
172 2530 272 2564 μέχρις
289 2529 376 2563 ἀκοῆς
402 2528 542 2563 ὑπήνεγκε
570 2525 757 2561 βλασφημίαν.
779 2523 850 2550 Ἀλλ’
866 2524 880 2550 ὁ

67 2577 173 2605 πάλαι
189 2577 255 2603 ποτὲ
271 2575 365 2607 ἁλιεὺς
379 2576 424 2602 καὶ
438 2575 522 2602 πάλιν
538 2574 631 2605 ἁλιεὺς
647 2572 748 2608 ἀγαθὸς
762 2571 878 2606 γίνεται,

67 2626 125 2651 καὶ
155 2624 191 2658 τῇ
215 2623 324 2658 τριαίνῃ
347 2622 396 2657 τῆς
424 2622 562 2656 ἀπωλείας
589 2620 635 2647 τὸν
649 2619 725 2651 ἄξιον
742 2617 880 2649 ἀπωλείας

66 2669 180 2706 βαλὼν
205 2669 315 2702 ἄφυκτα
332 2669 500 2704 περιπείρει.
523 2667 578 2702 Οὐχ
597 2667 639 2693 ὁτι
658 2666 712 2701 γὰρ
737 2663 874 2698 ὠνεῖσθαι,

64 2718 198 2748 πάντως
218 2716 246 2742 δέ
262 2724 314 2742 που
328 2716 373 2742 καὶ
389 2714 627 2749 μεταπιπράσκειν
646 2713 696 2748 τὴν
711 2712 793 2747 χάριν
809 2710 880 2744 ἔγνω

63 2762 292 2796 διανοοῦμενον.
321 2762 352 2788 El
380 2762 435 2796 γὰρ
466 2760 542 2792 ἄξιος
566 2757 645 2791 οὗτος
668 2758 808 2789 ἀπωλείας
832 2757 880 2783 καὶ

64 2809 209 2845 πρόσθεν
223 2806 266 2836 οἶα
283 2809 343 2840 ταῖς
358 2808 498 2844 γοητείαις
512 2807 629 2838 πολλοὺς
648 2803 878 2840 ἐξανδραποδιζό-

66 2865 183 2892 μενος,
200 2856 249 2890 τὴν
268 2856 312 2882 ἐπὶ
333 2855 436 2888 ταύτην
456 2855 561 2888 ἠγεῖτο,
584 2853 675 2879 πόσων
695 2852 814 2885 ὀλέθρων
828 2850 879 2877 οὐκ

926 913 1005 947 quasi
1020 913 1054 940 de
1068 913 1167 940 throno
1187 913 1334 940 deturbare
1357 918 1452 947 tentet,
1480 922 1542 942 cum
1560 914 1665 946 deceat,
1683 919 1712 941 ut

926 965 953 986 et
973 959 1071 993 exigua
1088 960 1160 986 dona
1176 959 1285 987 caelitus
1298 960 1361 987 data
1381 961 1416 996 (si
1431 961 1496 995 quid
1520 965 1609 988 tamen
1629 961 1711 995 hujus

927 1004 1036 1037 generis
1051 1004 1180 1039 exiguum
1201 1004 1253 1040 est)
1269 1010 1397 1040 tanquam
1412 1006 1530 1032 maxima
1559 1010 1586 1033 et
1611 1005 1712 1041 pretio-

927 1049 1035 1077 sissima
1073 1054 1259 1084 acceptemus.
1290 1051 1343 1078 Sed
1370 1051 1464 1078 talium
1495 1051 1587 1079 nullus
1615 1059 1712 1079 sensus

927 1100 985 1123 erat
996 1103 1087 1130 mago,
1101 1096 1148 1131 qui
1162 1103 1225 1122 cum
1242 1096 1322 1124 Petro
1334 1103 1510 1132 congressus,
1526 1097 1711 1128 existimabat,

928 1149 959 1169 se
975 1141 1002 1168 in
1018 1141 1158 1168 hominem
1179 1141 1278 1174 facilis,
1293 1142 1384 1170 mollis
1406 1146 1434 1170 et
1448 1143 1608 1177 cauponarii
1625 1142 1711 1169 animi

928 1187 1066 1215 incidisse.
1089 1187 1142 1215 Sed
1155 1195 1217 1216 mox
1232 1188 1339 1220 didicit,
1367 1195 1398 1216 se
1419 1188 1564 1223 impegisse
1591 1189 1620 1215 in
1640 1188 1712 1215 invi-

927 1238 1000 1261 ctum
1024 1237 1106 1268 atque
1142 1234 1391 1269 inexpugnabilem.
1422 1237 1450 1261 et
1474 1235 1520 1269 qui
1544 1234 1712 1262 vocationem

928 1288 1006 1308 suam
1025 1281 1092 1314 ipsis
1110 1280 1189 1308 factis
1219 1280 1355 1315 probaret.
1383 1279 1552 1308 Vanissimus
1576 1280 1668 1312 homo,
1689 1280 1712 1306 si

928 1327 1069 1362 apostolos
1097 1327 1222 1361 pecuniis
1247 1327 1403 1361 superiores
1428 1333 1490 1354 esse
1520 1334 1573 1354 non
1591 1326 1670 1358 vidit,
1685 1330 1714 1353 et

927 1373 1014 1406 gratia
1027 1373 1094 1399 adeo
1111 1380 1166 1399 non
1182 1377 1224 1400 est
1243 1372 1296 1399 sub
1314 1372 1458 1404 servitute,
1472 1375 1501 1399 ut
1522 1372 1642 1400 omnium
1668 1379 1713 1399 rc-

927 1425 988 1445 rum
1003 1419 1040 1446 sit
1061 1419 1210 1452 liberrima,
1245 1418 1285 1447 vel
1304 1419 1327 1446 si
1347 1417 1413 1454 quid
1441 1418 1531 1454 majus
1544 1427 1558 1446 a
1576 1426 1712 1458 ψιθιψιιιτὶ

927 1465 980 1492 dici
995 1469 1095 1500 potest.

965 1511 1016 1539 Sed
1034 1511 1166 1540 faciamus
1189 1512 1330 1547 apostolos
1351 1511 1481 1546 pecunias
1494 1516 1624 1537 amasse:
1643 1507 1714 1534 unde

928 1562 1018 1585 tamen
1033 1557 1097 1585 huic
1120 1558 1147 1585 in
1167 1562 1284 1586 mentem
1310 1557 1405 1585 venire
1422 1556 1511 1592 potuit
1536 1555 1581 1583 Dei
1599 1554 1714 1588 gramm]

929 1604 1054 1639 pecuniis
1071 1604 1256 1632 emi?Be|lus
1279 1605 1361 1632 homo
1375 1608 1445 1632 erat.
1473 1603 1502 1631 Si
1528 1602 1640 1638 spiritus
1666 1609 1714 1629 seu

927 1656 1035 1684 ventus,
1044 1651 1181 1685 aquilonis
1200 1655 1264 1686 puta
1276 1655 1323 1678 aut
1337 1651 1435 1683 austri,
1445 1652 1541 1685 sponte
1553 1656 1606 1676 non
1620 1652 1714 1684 spirct,

928 1705 980 1724 nou
1002 1697 1094 1729 ﬂabit,
1116 1696 1179 1724 licet
1192 1697 1276 1725 totius
1292 1697 1384 1724 mundi
1399 1696 1533 1732 pecunias
1548 1694 1714 1731 pollicearis.

926 1743 962 1771 At
978 1751 1042 1770 vero
1057 1743 1179 1770 divinum
1197 1742 1314 1770 afﬂatum
1332 1747 1360 1770 et
1372 1742 1551 1777 spiraculum,
1565 1740 1638 1776 quod
1655 1739 1716 1774 Spi-

926 1789 1010 1816 ritum
1026 1788 1128 1823 profert
1145 1793 1173 1816 et
1185 1794 1285 1820 movet,
1301 1789 1403 1817 oblatis
1419 1789 1530 1816 miseris
1546 1786 1714 1822 quibusdam

930 1835 1080 1863 nummulis
1095 1843 1126 1863 se
1141 1835 1301 1870 adepturum
1312 1835 1449 1869 sperabat.
1465 1834 1660 1861 Arbitrabatur
1674 1831 1717 1859 ni-

928 1881 1026 1909 mirum
1041 1881 1167 1916 εει·θείυθ
1188 1882 1239 1910 iste
1252 1885 1403 1912 mercator,
1419 1880 1553 1915 apostolis
1575 1883 1716 1907 mercatu-

927 1935 985 1955 ram
999 1933 1077 1954 suam
1091 1927 1252 1962 jucundam,
1279 1931 1307 1954 et
1336 1926 1503 1954 oblationem
1535 1925 1714 1960 pecuniarum

927 1980 1057 2008 perquam
1095 1976 1201 2008 gratam
1237 1976 1435 2008 acceptamquc
1468 1971 1548 2004 fore;
1583 1976 1718 2005 pauperes

927 2019 999 2047 enim
1011 2023 1101 2052 erant,
1117 2018 1217 2053 quibus
1245 2019 1388 2054 pecuniam
1413 2017 1555 2049 offerebat,
1575 2020 1603 2043 ct
1630 2022 1714 2050 pecu-

927 2066 1033 2093 niarum
1050 2072 1131 2100 quam
1159 2065 1278 2092 maxime
1308 2064 1404 2099 indigi.
1429 2063 1464 2091 At
1494 2061 1615 2096 fugiebat
1639 2067 1717 2092 etrtn,

928 2112 1025 2139 horum
1035 2115 1184 2146 egestatem
1201 2109 1265 2137 inde
1283 2109 1368 2141 nasci,
1383 2107 1455 2144 quod
1467 2107 1535 2135 nihil
1548 2114 1563 2134 a
1578 2112 1716 2141 quoquam

928 2158 1053 2194 accipere
1065 2157 1245 2185 sustinerent.
1261 2155 1289 2183 Si
1313 2156 1387 2183 enim
1402 2154 1505 2182 viritim
1536 2160 1586 2188 pro
1602 2159 1719 2180 numero

893 2211 918 2241 ι)
931 2212 1037 2236 eorum,
1059 2203 1105 2238 qui
1118 2203 1250 2238 Spiritum
1269 2206 1393 2230 sanctum
1419 2204 1593 2235 accoperant,
1610 2202 1716 2226 tantum

930 2252 1110 2286 accepissent,
1129 2255 1262 2285 quantum
1278 2247 1409 2276 oﬂ‘erebat
1433 2247 1540 2278 Simon,
1568 2245 1640 2273 haud
1666 2252 1714 2273 eos

930 2305 979 2334 pro
995 2297 1100 2333 egenis,
1114 2301 1142 2324 et
1156 2295 1203 2331 qui
1223 2302 1272 2323 sua
1290 2302 1342 2329 ope
1354 2297 1475 2329 egerent,
1492 2292 1644 2323 habuisset.

965 2344 998 2371 Et
1012 2343 1123 2378 quidem
1141 2341 1235 2369 Simon
1249 2341 1322 2369 hunc
1339 2341 1367 2368 in
1382 2341 1493 2368 modum
1518 2343 1636 2367 testatus
1663 2342 1705 2366 est

931 2390 1002 2424 quod
1017 2389 1127 2416 Petrum
1145 2394 1194 2421 pro
1214 2386 1302 2420 turpis
1318 2386 1386 2413 lucri
1402 2383 1502 2420 cupido
1515 2388 1542 2411 et
1569 2390 1652 2410 avaro
1675 2390 1708 2410 re

930 2436 1043 2470 putarit,
1060 2432 1234 2466 speraritque
1249 2431 1380 2466 Spiritum
1397 2431 1424 2458 in
1445 2429 1604 2457 servitutem
1635 2427 1719 2455 etiam

931 2481 1014 2516 Magis
1029 2480 1087 2506 dari
1103 2486 1195 2514 posse.
1211 2478 1245 2505 At
1257 2477 1353 2505 Petrus
1372 2475 1551 2504 commissum
1579 2475 1606 2502 in
1623 2482 1652 2502 se
1665 2474 1721 2501 cri-

931 2534 992 2554 men
1019 2524 1137 2552 libenter
1163 2524 1188 2551 ei
1223 2524 1398 2556 condonavit,
1429 2521 1627 2556 blasphemiam
1654 2527 1721 2547 vero

932 2577 1026 2601 contra
1042 2571 1174 2606 Spiritum
1191 2578 1225 2598 nc
1240 2571 1273 2598 ad
1287 2577 1368 2597 aures
1391 2569 1500 2604 quidem
1524 2567 1653 2599 admisit;
1671 2565 1719 2592 sed

930 2618 976 2653 qui
1000 2618 1064 2644 olim
1095 2616 1215 2651 piscator
1248 2615 1346 2646 fuerat,
1388 2621 1461 2641 nunc
1490 2613 1588 2640 iterum
1615 2617 1721 2646 gnavus

931 2664 1052 2698 piscator
1065 2661 1190 2692 edicitur,
1205 2664 1233 2687 et
1247 2660 1365 2687 tridente
1379 2657 1543 2693 perditionis
1561 2656 1717 2690 perculsum

931 2716 992 2736 eum
1010 2709 1053 2743 qui
1069 2707 1167 2742 dignus
1180 2709 1239 2733 erat
1248 2704 1410 2740 perditione,
1424 2702 1615 2731 inevitabilitcr
1627 2707 1716 2728 trans-

932 2754 998 2789 figit,
1012 2760 1064 2779 non
1080 2752 1168 2779 solum
1183 2751 1247 2784 quia
1273 2757 1374 2783 emere,
1391 2749 1439 2777 sed
1466 2752 1493 2775 et
1505 2747 1569 2782 quia
1595 2745 1718 2773 vendere

931 2799 1046 2835 gratiam
1060 2798 1206 2833 cogitabat.
1229 2796 1257 2823 Si
1274 2796 1346 2823 enim
1370 2796 1422 2823 iste
1444 2794 1521 2829 prius
1537 2799 1647 2828 qucque
1660 2790 1716 2817 cxi.

932 2848 968 2874 tio
986 2845 1083 2880 dignus
1106 2843 1204 2874 fuerat,
1238 2841 1308 2876 quod
1338 2841 1430 2868 multis
1444 2847 1492 2876 per
1520 2837 1717 2867 fuscinationcs
