1924 3092
234 134 301 168 ΙἛἸ

880 137 1022 168 MAXIM!
1038 137 1223 168 PLANUDJ!

1795 138 1858 171 10%

233 201 366 222 terrarum
394 195 466 230 plus,
484 204 565 231 quant
592 196 683 229 homo,
709 197 831 229 haberet,
859 202 885 224 et
908 198 1018 229 valeret,

1074 197 1194 232 θρώπου,
1209 198 1255 224 καὶ
1267 195 1304 225 ὧν
1315 197 1417 231 ἀπορία
1435 197 1492 228 τοῖς
1509 196 1599 229 ἄλλοις
1610 195 1696 224 ταῦτα
1705 197 1801 233 ἐκείνῳ
1814 199 1857 225 εῦ-

233 247 260 269 et
270 250 330 276 qum
344 242 404 269 aliis
425 243 547 277 prmslitu
564 249 641 271 erant
657 244 847 278 impossibilia,
870 244 927 271 haec
952 251 1022 278 prte-

233 293 307 315 starc
322 296 438 322 pronum
452 290 475 315 ei
492 297 524 316 ac
547 290 666 324 proclive
682 295 766 321 esset,
789 291 918 325 quodque
946 290 1020 318 dictu

234 335 384 360 maximum
393 339 419 361 et
431 334 609 362 admiratione
622 335 823 370 dignissimum,
835 335 961 370 captivus
978 339 1020 363 te-

235 383 367 415 no-buur;
386 390 474 417 neque
488 383 541 410 ulla
556 384 578 410 ei
594 383 620 410 iu
632 384 785 411 libertatem
808 391 867 411 sese
879 383 1019 412 asserendi

235 428 350 455 facultas
368 429 547 463 suppetebat;
574 437 623 456 nec
639 430 711 464 quod
730 437 762 456 co
777 430 906 460 venisset.
929 437 962 457 ex
981 437 1022 456 ar-

234 475 317 502 bitrio
332 472 391 509 ejus
409 476 555 507 acciderat,
571 483 621 503 nec
641 476 668 503 in
683 483 763 503 manu
780 476 838 509 ejus
852 482 921 509 erat,
937 476 1019 503 rebus

233 521 291 548 suis
306 523 393 553 uti,et
409 522 460 555 eis,
476 523 521 550 ubi
533 529 559 550 et
577 530 630 558 quo
647 523 728 550 modo
754 523 847 553 vellet.
870 530 920 557 pro
942 523 1019 550 libitu

235 567 342 593 adesso.
359 567 413 594 lstc
425 572 526 601 tamen,
544 568 571 595 in
582 569 632 596 hoc
643 572 715 596 statu
727 568 902 600 constitutus,
917 568 1020 595 morbis

233 613 402 644 medebatur.
419 618 447 640 et
472 613 600 641 facillime
633 614 761 642 restituta
792 614 909 641 sanitate
925 613 959 640 ab
972 613 1021 641 ad-

232 665 312 685 versa
339 658 497 686 valetudine
523 659 665 690 liberabat,
694 663 721 686 et
743 666 804 693 qua“:
835 658 897 693 quis
928 658 1020 685 iuliae

236 704 292 730 vita
306 708 401 738 optare
415 708 530 738 poterat,
546 704 749 739 promptissime
761 703 937 739 largiebatur.

271 749 333 775 llaec
348 753 374 776 et
391 749 442 776 alia
456 749 537 783 hujus
550 748 658 784 generis
684 749 805 783 Spiritus
820 748 885 775 fecit
906 748 933 774 in
956 755 1021 782 apo-

235 795 324 827 stolis,
343 803 403 829 quae
415 796 436 822 si
451 803 501 830 pro
523 796 654 831 dignitate
666 795 737 823 dicta
749 799 776 822 et
789 795 926 822 celebrata
941 798 1018 826 sunt,

234 843 320 877 gratia
339 843 451 878 Spiritui
471 853 477 871 :
496 844 519 871 si
536 848 637 876 autem,
653 844 722 878 quod
746 843 832 878 magis
846 843 979 878 suspicor.
1004 850 1019 869 a

234 889 364 924 dignitate
380 897 470 918 rerum
499 897 579 925 quam
610 889 769 925 longissime
788 889 923 921 aberravi,
940 889 1018 916 venia

235 935 302 962 mihi
317 936 405 969 detur,
420 943 502 970 quam
514 937 596 964 etiam
608 935 684 964 ﬂexis
695 935 809 971 genibus
827 940 854 962 et
869 935 943 962 humi
957 943 1020 970 pro-

233 980 364 1008 cumbens
375 986 435 1015 peto
446 989 453 1008 :
466 983 592 1010 conscius
608 982 674 1009 mibi
688 989 759 1014 Sum,
776 989 820 1009 me
834 981 1018 1013 mltileorum,

233 1034 294 1060 quae
315 1027 386 1054 vires
397 1035 464 1055 mea;
479 1027 610 1061 ferebant,
624 1027 841 1062 praetermisisse.
863 1026 917 1054 Vos
935 1034 1011 1058 vero,

233 1073 386 1105 auditores,
405 1074 503 1101 mentis
519 1079 615 1102 vestrae
627 1080 654 1101 ct
670 1073 811 1101 sententia».
833 1073 950 1105 domini,
971 1073 1019 1108 qui

235 1119 366 1146 hactenus
381 1127 426 1147 me
438 1127 535 1154 magna
548 1120 734 1148 benevolentia
748 1119 1017 1152 audiistis,eamdem

234 1162 267 1187 ad
282 1162 362 1190 tinem
393 1171 480 1198 usque
509 1164 574 1192 Inibi
604 1164 733 1192 exhibere
757 1163 920 1199 dignemini.
949 1164 1018 1197 Quid

232 1207 352 1240 amplius
369 1207 462 1235 dicere
478 1209 612 1244 oportet?
1001 1212 1003 1214 ’

269 1255 328 1281 Jam
349 1254 449 1282 dudum
463 1256 551 1283 sentio
582 1257 692 1291 aliquos
707 1261 876 1291 exspectare,
894 1263 928 1283 an
962 1263 1017 1283 non

234 1301 372 1335 apostolos
385 1309 541 1337 comparem
566 1303 611 1335 iis,
625 1303 674 1338 qui
690 1311 721 1330 ex
738 1304 813 1331 omni
834 1310 892 1330 mvo
917 1303 1018 1337 pietate

232 1351 260 1372 rt
273 1347 373 1374 virtute
382 1348 551 1376 claruerunt.
565 1348 598 1376 Et
614 1348 666 1375 hoc
695 1348 762 1376 mihi
777 1353 933 1383 promptum
949 1352 992 1375 est
1009 1356 1018 1376 :

235 1393 328 1420 nullus
339 1394 410 1420 enim
424 1394 556 1428 apostolis
569 1394 602 1422 de
617 1394 771 1429 principatu
795 1395 869 1422 litem
886 1395 1018 1427 movebit,

234 1446 322 1473 neque
335 1438 368 1466 de
388 1439 503 1466 victoria
517 1440 685 1467 concertsbit
696 1448 705 1474 ;
722 1440 768 1468 sed
796 1447 892 1468 omnes
920 1445 1017 1475 sponte

233 1486 343 1517 cedent,
360 1489 386 1513 ct
404 1485 497 1520 gloria:
512 1486 616 1522 primas
640 1487 771 1521 apostolis
787 1486 921 1514 tribuent.
938 1486 1016 1519 Quod

1073 252 1145 278 πορα
1160 241 1230 271 εἶναι
1247 242 1376 278 χρῆσθαι,
1390 243 1438 269 καὶ
1455 242 1484 269 τὸ
1496 242 1528 278 δὴ
1545 242 1655 270 πάντων
1682 243 1811 277 μέγιστον
1823 245 1858 270 si-

1074 290 1136 316 πεϊν
1153 290 1201 317 καὶ
1217 289 1369 324 θαυμάσαι.
1382 288 1525 324 δεσμώτης
1547 289 1597 323 μὲν
1610 287 1654 324 ἦν,
1671 289 1722 316 καὶ
1734 290 1789 316 οὐδ’
1801 291 1857 316 ὅσον

1073 336 1113 367 εἰς
1129 335 1214 372 ἄνδρα
1230 333 1296 372 ἧκεν
1312 334 1456 370 ἐλεύθερον
1481 336 1606 369 μετεῖχεν
1629 334 1733 366 ἀδείας,
1749 334 1804 362 οὐδ’
1818 336 1857 361 ἐπ’

1072 383 1147 417 αὐτῷ
1165 391 1197 416 γε
1212 379 1257 416 ἦν,
1273 382 1334 409 οὐδὲ
1358 382 1390 408 τὸ
1421 382 1512 407 ὲκεῖσε
1538 381 1661 416 ἀφῖχθαι,
1687 381 1744 407 ουδ’
1759 381 1858 415 αἵρεσις

1073 428 1222 464 προῦκειτο
1238 429 1296 459 τοῖς
1309 426 1371 455 καθ’
1383 427 1466 454 αὑτὸν
1477 427 1594 461 χρῆσθαι
1606 426 1652 453 καὶ
1663 427 1731 462 πρὸς
1749 427 1859 458 ἐκεινοις

1073 474 1196 509 γίνεσθαι
1214 474 1279 501 ἔνθα
1295 474 1328 501 ἂν
1344 474 1392 500 καὶ
1420 472 1483 500 καθ’
1497 472 1526 499 ὃν
1543 472 1672 507 βούληται
1698 472 1811 507 τρόπον.
1832 473 1858 500 '0

1072 521 1100 548 δὲ
1116 519 1237 551 τοιοῦτος
1256 520 1304 546 καὶ
1323 519 1395 545 οὕτω
1421 519 1476 546 τῶν
1491 519 1556 554 περὶ
1576 518 1659 546 αὐτὸν
1682 517 1764 553 ἔχων,
1784 527 1858 551 νοση-

1073 565 1167 600 μάτων
1191 565 1240 600 μὲν
1255 565 1369 599 ἀπέλυε,
1400 565 1469 599 πρὸς
1494 564 1523 591 δὲ
1552 564 1648 598 ὑγείαν
1677 564 1858 598 εὐχερέστατα

1073 612 1206 646 ἐπανῆγε,
1235 612 1281 637 καὶ
1298 611 1345 637 τοῦ
1371 610 1466 642 κακῶς
1493 610 1567 645 ἔχειν
1585 610 1771 645 ἀπήλλαττεν,
1790 610 1856 637 καὶὸ

1071 667 1114 689 τις
1131 657 1232 693 μᾶλλον
1247 657 1302 684 τῶν
1317 657 1345 683 ὲν
1358 657 1398 692 τῷ
1410 656 1461 692 βίῳ
1471 657 1581 684 πάντων
1593 656 1626 683 ἂν
1638 655 1758 689 εὖξαιτο,
1776 657 1857 692 ῥᾷστα

1072 704 1198 739 παρεῖχε.

1106 749 1226 776 Τοιαῦτα
1243 749 1289 777 ἐπὶ
1299 750 1355 782 τοῖς
1370 749 1529 782 ἀποστόλοις
1547 749 1596 777 καὶ
1613 749 1701 781 οὕτως
1715 750 1813 784 ἔχοντα
1827 749 1857 776 τὰ

1070 794 1117 822 τοῦ
1130 795 1298 829 Πνεύματος.
1313 795 1344 822 Εἰ
1362 795 1412 829 μὲν
1427 794 1465 830 μὴ
1479 795 1528 830 τῆς
1545 794 1623 827 ἀξίας
1635 795 1672 827 ὡς
1684 795 1857 831 πορρωτάτω

1071 841 1200 876 λεχθέντα
1217 841 1262 867 καὶ
1277 841 1440 876 ὖμνηθέντα,
1457 841 1496 876 τῷ
1518 841 1656 877 Πνεῦματι
1672 842 1766 877 χάρις·
1783 843 1806 868 ει
1822 842 1856 874 δ’,

1073 884 1096 922 ᾧ
1124 888 1171 914 καὶ
1202 887 1303 922 μᾶλλον
1341 888 1464 923 τίθεμαι,
1492 889 1673 924 πορρωτάτω,
1706 888 1856 923 συγγνώμη

1074 933 1171 968 πρῶτα
1187 935 1236 969 μὲν
1249 934 1356 962 ἐκεῖθεν
1370 935 1436 970 ἡμῖν
1451 936 1671 971 καταπέμποιτο,
1683 936 1729 963 καὶ
1751 936 1807 971 γὰρ
1817 933 1858 962 οὖν

1073 982 1138 1016 γόνυ
1152 981 1237 1008 κλινω
1252 982 1299 1008 καὶ
1316 981 1462 1009 ὑποπεσὼν
1484 981 1590 1017 δέομαι*
1616 982 1664 1009 καὶ
1686 982 1744 1018 γὰρ
1771 982 1817 1009 τοῦ
1831 990 1857 1015 γε

1072 1029 1144 1056 κατὰ
1158 1028 1273 1064 δύναμιν
1294 1029 1344 1056 οὐκ
1366 1029 1501 1057 ἐνέλιπον,
1530 1029 1646 1056 Ἔπειτα
1663 1029 1692 1056 δὲ
1704 1029 1755 1056 καὶ
1773 1029 1856 1064 ὑμεῖς,

1071 1071 1094 1102 ὧ
1109 1075 1251 1111 παρόντες,
1268 1075 1357 1109 κύριοι
1375 1075 1487 1110 γνώμης
1502 1075 1593 1108 ὄντες,
1608 1075 1858 1111 εὐγνωμονέστερον

1072 1121 1146 1156 εῐητέ
1165 1130 1215 1156 μου
1232 1122 1295 1153 τοὺς
1306 1121 1407 1158 λόγους
1424 1121 1585 1156 ἀκηκοότες,
1600 1121 1647 1148 καὶ
1664 1121 1749 1156 μέχρι
1765 1122 1797 1156 δὴ
1818 1123 1858 1148 καὶ

1071 1168 1111 1198 εἰς
1127 1167 1215 1201 πέρας
1228 1167 1390 1199 ἁκούσοντες
1403 1164 1475 1194 εἴτε.
1493 1167 1526 1194 τι
1539 1168 1570 1201 δὴ
1591 1176 1636 1202 μοι
1648 1167 1678 1194 τὸ
1694 1168 1742 1194 ἐπὶ
1759 1168 1858 1198 τούτοις

1071 1215 1158 1240 εἰπεῖν
1171 1220 1180 1246 ;

1105 1259 1272 1294 Αισθάνομαι
1286 1259 1335 1294 μὲν
1347 1259 1432 1286 πάλαι
1444 1259 1520 1291 τινὰς
1543 1257 1623 1286 τοῦτο
1642 1259 1859 1293 προσδοκῶντας,

1072 1306 1151 1332 εῐπου
1166 1307 1230 1337 τοὺς
1245 1306 1413 1338 ἀποστόλους
1428 1307 1484 1338 τοῖς
1512 1307 1544 1332 ὲκ
1566 1305 1613 1332 τοῦ
1632 1306 1736 1337 παντὸς
1768 1305 1858 1336 αἰῶνος

1072 1353 1115 1379 ἐπ’
1132 1352 1258 1389 εὐσεϐείᾳ
1273 1354 1321 1380 καὶ
1346 1354 1430 1390 ἀρετῇ
1445 1354 1570 1388 λάμψασι
1590 1353 1794 1388 παραϐάλοιμι,
1817 1352 1858 1379 καὶ

1070 1399 1100 1426 τό
1111 1408 1141 1434 γε
1154 1399 1201 1425 ἀπ’
1218 1399 1286 1434 ὲμοῦ
1300 1400 1450 1435 πρόθυμον.
1462 1400 1556 1432 Οὐδεὶς
1574 1400 1629 1434 γὶρ
1640 1400 1706 1434 ἡμῖν
1719 1399 1776 1426 τῶν
1790 1407 1858 1434 πρω-

1071 1448 1152 1474 τεῑων
1169 1446 1388 1481 ἀμφισϐητήσει,
1414 1445 1475 1472 οὐδὲ
1502 1446 1664 1479 ἀγωνιεῖται
1679 1446 1749 1480 περὶ
1758 1445 1809 1479 τῆς
1823 1442 1857 1469 νί-

1070 1501 1132 1524 κης,
1149 1491 1218 1527 πλὴν
1230 1492 1271 1518 ὅτι
1287 1491 1335 1518 καὶ
1347 1491 1489 1525 ὑπείξουσι
1500 1491 1613 1524 πάντες,
1630 1492 1678 1517 καὶ
1693 1489 1858 1526 παραχωρή-

235 1531 301 1558 mihi
320 1533 361 1559 vel
376 1532 494 1560 maxime
511 1531 671 1568 persuadet,
686 1537 814 1560 conatum
844 1533 918 1560 hunc
941 1540 1017 1560 com-

1074 1547 1149 1565 σουσι
1175 1539 1232 1570 τοῖς
1254 1538 1416 1570 ἀποστόλοις
1438 1537 1489 1572 τῆς
1515 1536 1604 1572 δόξης.
1638 1537 1704 1571 Ἐμὲ
1729 1537 1760 1564 δὲ
1785 1537 1858 1564 τοῦτο

234 1578 395 1611 paratiouis,
425 1585 479 1605 non
509 1585 571 1606 esse
599 1578 690 1605 studio
720 1585 820 1613 magno
840 1578 964 1613 dignum.
988 1578 1018 1606 Si

232 1622 304 1649 enim
321 1630 373 1650 non
386 1628 489 1658 pateret
507 1624 647 1654 omnibus.
665 1624 739 1658 quod
757 1624 811 1652 illis
825 1624 978 1651 decantatis
990 1628 1018 1652 et
1034 1621 1039 1624 ’

234 1669 378 1697 celebratis
406 1669 441 1696 ab
468 1670 596 1697 omnibus
612 1670 782 1701 conceditur,
810 1669 902 1697 forsan
928 1669 1018 1698 oratio

234 1715 335 1748 aliquid
370 1714 515 1741 levamenti
539 1715 707 1747 invenisset;
732 1722 795 1742 cum
821 1721 887 1742 vero
919 1715 1016 1743 borum

234 1760 353 1795 dignitas
368 1765 395 1788 et
411 1760 545 1789 celsitudo
560 1768 614 1788 non
629 1762 713 1793 sinat,
733 1766 762 1789 ut
777 1769 942 1796 quemquam
954 1767 1018 1789 ante

236 1807 297 1834 illos
311 1807 489 1839 admiremur.
505 1814 657 1843 omnesque
670 1807 724 1835 illis
741 1807 821 1841 quasi
835 1808 868 1835 de
877 1808 921 1836 via
938 1809 1018 1836 dece-

236 1853 312 1885 dant,
331 1852 396 1887 quid
414 1852 476 1887 quis
491 1852 606 1880 dicendo
632 1852 751 1887 amplius
770 1851 902 1884 ell‘ecerit,
935 1861 1017 1887 quam

237 1904 266 1926 ut
281 1898 436 1934 superﬂuus
449 1898 599 1933 judicetur,
610 1898 720 1933 quando
735 1898 819 1926 etiam
835 1898 884 1930 illi,
898 1899 947 1933 qui
971 1906 1018 1934 pe-

236 1945 312 1972 nitus
339 1945 412 1976 silet,
438 1944 479 1972 fas
494 1949 545 1977 est,
576 1944 679 1979 absque
710 1944 763 1971 ulla
788 1945 1016 1978 contradictione,

237 1992 360 2018 o-ruium
383 1991 507 2022 calculis,
522 1992 625 2026 primas
641 1991 769 2026 apostolis
795 1991 925 2026 elargiri?
949 1992 1017 2019 Nul-

235 2037 292 2063 lum
309 2036 381 2063 enim
402 2043 433 2063 cx
446 2035 519 2062 Ouini
534 2034 690 2062 mortalium
703 2041 817 2062 numero
828 2034 951 2062 invenire
964 2039 1016 2068 est,

234 2083 280 2117 qui
298 2089 358 2110 cum
381 2081 612 2116 auditapostolos
639 2080 800 2116 corypliaeos
828 2084 856 2108 et
877 2082 1017 2117 principes

236 2128 384 2161 nominari,
398 2127 489 2155 animo
504 2134 558 2154 non
586 2127 678 2154 statim
695 2131 832 2162 assurgat,
846 2127 1018 2161 pronuntiet-

238 2182 292 2209 quc
319 2182 366 2202 eos
383 2174 504 2201 omnium
519 2173 633 2200 aliorum
657 2177 814 2208 corypuacs
829 2176 856 2200 et
881 2173 1017 2208 principes

233 2226 305 2247 €550.

270 2265 302 2291 Et
317 2266 374 2292 haec
392 2265 498 2300 vulgata
514 2268 555 2293 est
573 2263 644 2300 apud
661 2264 731 2299 pios,
743 2267 771 2291 et
798 2264 920 2291 omnium
936 2265 1016 2292 tutis-

234 2312 304 2339 sima
332 2312 486 2346 persuasio,
505 2311 642 2339 neminem
659 2310 830 2343 mortalium,
851 2317 1017 2346 quocunque

235 2357 343 2384 laudent
382 2361 454 2384 statu
484 2357 651 2392 insignium,
686 2355 818 2391 apostolis
851 2355 1017 2391 aequiparari

236 2411 326 2438 posse.
352 2403 409 2431 Non
422 2403 494 2431 enim
522 2410 582 2435 eos,
599 2402 646 2437 qui
661 2402 762 2429 acriter
787 2409 844 2429 rem
868 2401 1018 2436 diiudicare

236 2455 347 2483 norunt,
363 2451 453 2482 decet,
479 2454 508 2477 ut
527 2456 589 2477 cum
616 2451 802 2483 apostolorum
819 2448 923 2476 mentio
950 2448 1019 2476 inci-

236 2496 287 2527 dit,
303 2496 440 2524 adducant
456 2496 534 2528 alios,
549 2495 730 2524 admiratione
762 2493 884 2530 quidem,
900 2494 948 2522 sed
964 2503 1019 2522 non

236 2543 321 2570 instar
337 2544 465 2575 istorum.
479 2543 588 2577 dignos.
601 2541 665 2577 quia
678 2542 720 2569 his
735 2548 843 2575 quoque
859 2541 886 2568 in
902 2548 1018 2576 compa-

236 2589 371 2616 rationem
388 2589 527 2621 adductis,
544 2588 658 2624 apostoli
670 2587 884 2615 excullcntiores
904 2593 1020 2622 appare-

237 2634 305 2661 bunt
321 2642 328 2666 ;
344 2634 575 2668 quemadmodum
593 2639 619 2661 et
641 2634 693 2661 hoc
715 2634 741 2661 in
757 2633 853 2668 primis
883 2632 1020 2668 aposmli-

237 2687 299 2706 cum
315 2684 367 2711 est,
380 2679 454 2706 omni
469 2679 606 2706 industria
620 2679 718 2709 adniti,
739 2683 769 2705 ut
793 2677 923 2705 omnibus
941 2681 1020 2704 ante-

238 2725 349 2757 cellunt,
366 2729 394 2752 ut
408 2725 443 2752 ob
462 2725 678 2759 magnitudinem
688 2728 716 2752 et
727 2724 932 2751 multitudinem
946 2729 1020 2751 recte

239 2771 374 2798 iacturum
385 2772 475 2798 nullus
484 2772 596 2798 omnino
612 2772 658 2798 ulli
671 2771 867 2806 comparationi
883 2771 1022 2806 relinqua-

239 2819 284 2841 tur
302 2817 389 2842 locus.
403 2814 498 2850 Neque
510 2815 533 2843 si
549 2816 632 2842 solent
644 2816 671 2842 iu
687 2816 807 2843 medium
823 2817 1018 2851 producamus,

240 2865 268 2887 ct
295 2867 354 2887 cum
384 2862 505 2896 qualibet
529 2862 606 2889 stella
629 2861 803 2889 conferunus
831 2867 857 2890 et
889 2867 1016 2890 accurate

1075 1586 1194 1620 μάλιστα
1216 1585 1300 1620 μηδέν
1314 1593 1340 1612 τι
1357 1584 1504 1611 σπουδαῖον
1517 1581 1587 1611 εῖναι
1610 1583 1641 1610 τδ
1662 1584 1783 1619 πρᾶγμα
1804 1583 1858 1609 πει-

1072 1630 1123 1657 θει.
1139 1630 1171 1656 Et
1188 1630 1242 1664 γὰρ
1262 1629 1300 1665 μὴ
1317 1629 1450 1664 πρόδηλον
1467 1630 1551 1657 πᾶσιν
1566 1626 1600 1664 ἦν
1617 1628 1647 1655 τὸ
1661 1628 1740 1663 παρὰ
1756 1629 1858 1655 πάντων

1073 1676 1287 1711 συγκεχωρηκὸς
1312 1676 1370 1707 τοῖς
1385 1675 1619 1711 εὐφημουμένοις,
1649 1675 1723 1709 τάχα
1739 1675 1774 1703 ἀν
1804 1683 1857 1701 τινα

1072 1721 1120 1747 καὶ
1135 1720 1314 1755 παραμυθίαν
1330 1719 1409 1747 τοῦτο
1423 1720 1461 1755 τῷ
1489 1720 1562 1755 λόγῳ
1590 1719 1751 1755 παρείχετο.
1787 1719 1857 1747 Ἐπεὶ

1071 1765 1100 1792 at
1110 1765 1139 1792 τὸ
1155 1765 1258 1792 τούτων
1274 1766 1383 1800 ἀξίωμα
1400 1765 1489 1792 καὶτὸ
1505 1765 1572 1800 ὕψος
1585 1766 1638 1799 πρὸ
1653 1765 1746 1792 αὐτῶν
1768 1765 1857 1792 οὐδένα

1072 1811 1225 1846 θαυμάζειν
1239 1811 1281 1846 ἐᾷ,
1298 1812 1346 1837 καὶ
1372 1810 1474 1843 πάντες
1490 1811 1582 1843 αὐτοῖς
1605 1811 1814 1844 ὐπεξῑστανται,
1834 1810 1858 1836 τι

1071 1864 1114 1888 τις
1131 1856 1164 1883 ἂν
1179 1856 1260 1882 πλέον
1288 1855 1361 1889 δόξαι
1388 1857 1488 1889 ποιεῖν,
1506 1857 1522 1891 ἢ
1540 1857 1567 1883 τι
1595 1856 1626 1890 δή
1641 1865 1707 1883 ποτε
1734 1856 1857 1892 περιττὸς

1071 1899 1141 1928 εἶναι
1157 1901 1300 1936 βουληθείη
1324 1902 1380 1933 τοῖς
1396 1901 1496 1935 λόγοις,
1514 1901 1595 1928 ὁπότε
1610 1902 1657 1928 καὶ
1687 1903 1776 1937 μηδὲν
1799 1903 1858 1938 περὶ

1071 1947 1168 1974 τούτου
1180 1956 1213 1981 γε
1232 1948 1337 1974 εἰπόντι
1354 1947 1484 1983 πρόσεστι
1500 1947 1531 1974 me
1549 1947 1654 1979 πάντας
1673 1949 1769 1981 αὐτοῖς
1785 1949 1858 1975 ἀναν-

1070 1994 1208 2029 τιρρήτιυς
1220 1995 1252 2020 τὰ
1263 1993 1361 2028 πρῶτα
1379 1994 1433 2020 τῶν
1447 1994 1547 2029 ψήφων
1561 1994 1654 2028 νέμειν
1666 2002 1674 2027 ;
1689 1995 1738 2021 καὶ
1753 1995 1808 2030 γάρ
1822 2003 1858 2021 τοι

1071 2040 1118 2066 καὶ
1133 2039 1221 2066 οὐδενὶ
1233 2039 1289 2066 τῶν
1303 2039 1433 2066 ἁπάντων
1458 2038 1518 2066 ἔστι
1548 2040 1720 2074 περιτυχεῖν,
1745 2039 1776 2072 ὃς
1799 2040 1858 2070 τοὺς

1072 2085 1241 2120 κορυφαίους
1256 2085 1312 2113 τῶν
1331 2085 1491 2112 ἀποστόλων
1513 2085 1644 2118 ἀκούσας,
1665 2085 1717 2112 οὐκ
1732 2086 1815 2117 εὐθὺς
1829 2087 1857 2119 τῇ

1073 2131 1146 2167 ψυχῇ
1158 2131 1337 2163 διανίσταται,
1353 2131 1401 2158 καὶ
1415 2130 1470 2158 τῶν
1483 2129 1573 2158 ἄλλων
1589 2130 1718 2158 ἁπάντων
1742 2131 1856 2166 ἀποφαί-

1070 2185 1146 2203 νεται
1171 2176 1345 2212 κορυφαίους.

1104 2265 1160 2292 Καὶ
1175 2264 1325 2301 δημοτελὴς
1341 2265 1411 2299 αὕτη
1432 2265 1464 2300 δὴ
1477 2265 1540 2298 δόξα
1560 2265 1637 2300 παρά
1659 2266 1715 2298 τοῖς
1739 2266 1857 2292 εὐσεϐέσι

1069 2310 1118 2337 καὶ
1132 2311 1329 2346 ἀσφαλέστατα
1342 2311 1438 2337 πασῶν
1453 2311 1566 2346 ἔχουσα,
1581 2311 1684 2346 μηδένα
1701 2312 1759 2338 τῶν
1775 2313 1803 2338 ὲν
1814 2312 1858 2345 οἵῳ

1069 2357 1102 2392 δή
1116 2365 1171 2383 τινι
1187 2356 1259 2383 τέλει
1270 2356 1500 2391 κατειλεγμένων,
1524 2356 1588 2392 μηδ’
1615 2356 1706 2389 ἑξίσου
1722 2359 1780 2389 τοῖς
1795 2357 1857 2384 ἀπο-

1073 2404 1178 2435 στόλοις
1196 2404 1339 2438 γιγνεσθαι
1363 2405 1448 2440 ἔχειν.
1462 2404 1500 2431 Οὐ
1522 2404 1577 2439 γὰρ
1594 2405 1683 2432 ἐκεῖνό
1698 2414 1730 2439 γε
1757 2405 1812 2432 τῶν
1829 2405 1857 2430 τὰ

1072 2451 1184 2486 ἀσφαλῆ
1198 2451 1304 2485 κρίνειν
1324 2450 1444 2484 εἰδότων,
1469 2451 1536 2478 ὅπου
1551 2450 1583 2486 δὴ
1598 2451 1692 2486 καιρὸς
1708 2451 1765 2478 τῶν
1795 2452 1856 2478 dm-

1073 2495 1177 2522 στόλων
1206 2495 1373 2530 μεμνῆσθαι,
1400 2495 1446 2522 και
1471 2504 1548 2527 τινας
1578 2496 1690 2531 ἑτέρους
1714 2498 1856 2531 παράγειν,

1073 2541 1138 2568 ἄλλο
1151 2540 1230 2567 τεᾶν
1250 2542 1297 2568 καὶ
1315 2544 1353 2576 μὴ
1374 2542 1444 2569 κατά
1463 2541 1551 2568 ταῦτα
1567 2541 1856 2578 θαυμασθησομὲνους,

1073 2585 1109 2617 ὡς
1123 2586 1155 2618 δὴ
1170 2587 1203 2621 τῇ
1214 2587 1318 2613 τούτων
1334 2586 1497 2622 παραθέσει.
1512 2586 1567 2613 τῶν
1579 2587 1741 2614 ἀποστόλων
1761 2589 1791 2614 τὸ
1806 2588 1857 2622 pii-

1074 2631 1120 2664 ζον
1138 2631 1253 2664 ὲξόντων
1267 2631 1362 2667 ὥσπερ
1376 2632 1437 2659 οὐδὲ
1450 2632 1531 2659 τοῦτό
1546 2641 1578 2666 γε
1590 2633 1645 2659 τῶν
1656 2633 1816 2660 ἀποστόλων
1831 2633 1856 2658 τὸ

1075 2679 1113 2713 μὴ
1127 2679 1217 2705 πᾶσαν
1233 2678 1330 2705 θέσθαι
1342 2678 1474 2714 σπουδὴν,
1488 2679 1594 2710 πάντας
1619 2678 1649 2705 ὲν
1667 2680 1753 2706 πᾶσιν
1779 2680 1854 2713 ὕπερ-

1075 2724 1215 2757 eaeeae”,
1231 2723 1268 2756 ὥς
1289 2725 1384 2760 μηδενὶ
1412 2725 1562 2760 διδόναιτῷ
1580 2725 1692 2760 μεγέθει
1704 2726 1755 2752 καὶ
1769 2726 1856 2760 πλήθει

1074 2771 1127 2796 τῶν
1143 2770 1381 2805 κατωρθωμένων,
1397 2771 1579 2806 παραθέσεως
1598 2772 1666 2805 πρὸς
1689 2771 1791 2802 αὐτοὺς
1809 2771 1854 2805 χώα

1077 2825 1136 2850 ραν,
1151 2815 1256 2842 Οὐκοῦν
1270 2816 1331 2843 οὐδὲ
1342 2816 1476 2852 τδνῆλιον
1494 2817 1670 2852 περιάγοντες
1687 2817 1734 2843 καὶ
1755 2818 1854 2848 ἑκάστῳ

1075 2862 1128 2889 τῶν
1144 2862 1266 2895 ἀστέρων
1296 2863 1491 2893 παρατιθέντες
1515 2871 1542 2889 τε
1569 2863 1614 2889 καὶ
1637 2862 1799 2894 ἀντεξετὰζο
1818 2870 1853 2888 :2:
