1924 3092
118 200 187 233 1081]

613 202 814 234 ENCOMIUM
837 206 878 235 SS
908 207 1023 237 PETRI
1044 208 1092 237 ET
1105 209 1229 240 PAULI.

1670 211 1739 246 1090

115 258 324 292 θαυμασόμεῦα.
345 257 423 290 ’Ἅλις
437 258 491 292 γὰρ
508 259 588 291 αὐτὸς
606 261 689 287 αὑτοῦ
709 263 841 297 μετρήσει
856 264 898 290 καὶ

954 274 1163 301 componamus,
1184 268 1270 302 magis
1285 274 1346 294 cum
1363 273 1504 302 propterea
1520 268 1714 298 admirabimur
1729 281 1737 305 ;

116 303 212 334 κάλλος
228 304 274 329 καὶ
297 302 423 338 μέγεθος.
439 304 501 340 Ἆρ’
515 302 561 331 οὖν
578 306 644 341 ὁρᾷν
666 307 751 338 ἐστιν,
780 308 854 340 ὅπως
870 309 900 334 οὺ

117 349 265 382 προσέσται
282 349 332 385 τὴν
356 349 425 385 πρὸς
449 351 512 382 τοὺς
537 351 633 384 ἄλλους
656 353 830 385 ἀντεξὲτσσιν
845 354 901 381 τῶν

115 395 271 422 ἀποστόλων
293 396 472 430 εὐπρόσωπον
499 398 531 424 ἂν
549 399 703 433 προσιέναι,
727 400 775 427 καὶ
793 401 901 435 προσίοι

118 443 180 478 μηδ’
207 443 288 478 ἔργον
312 439 383 469 εἶναι
407 443 512 478 ταύτης
541 445 570 470 ὲν
597 445 637 479 τῷ
661 447 776 480 παρόντι
805 447 898 481 μηδέν.

120 488 206 516 Τοῦτο
222 488 271 523 μὲν
285 486 331 514 οὖν
346 488 372 514 εί
381 496 421 520 τις
430 487 514 520 οὕτως
527 489 565 521 ὡς
579 489 634 524 ἐγώ
648 499 719 525 φημι
732 492 787 518 δεῖν
796 492 899 520 οἴεσθαι

117 535 217 570 κρίνει,
235 533 369 561 κάλλιστα
394 533 501 569 κρίνει·
516 534 564 561 καὶ
588 536 697 571 ἀπόχρη
719 536 802 571 μηδὲν
817 538 899 564 πλέον

115 583 172 613 τοῖς
187 581 228 612 εἰς
252 580 340 607 ταῦτα
360 579 470 615 ἔχουσιν
490 581 697 616 ὲμδραδύνοντα
716 582 816 617 λόγοις,
846 583 899 611 τῶν

115 628 210 663 πρόσω
224 627 343 662 ἔχεσθαι.

100 684 106 712 ι
152 674 270 700 Κάκεῖνο
282 673 310 699 δὲ
326 672 353 699 ετ
372 682 413 705 τις
432 674 492 708 ἐμοὶ
509 674 596 701 ταῦτα
613 675 762 701 σπουδάσαι
781 675 898 710 θελήσας

103 718 192 756 ίὲκτδς
213 719 260 745 τοῦ
277 719 368 750 καλῶς
393 718 498 753 ἔχοντος
516 720 612 751 οἴεται,
628 721 796 755 παραϐαλεῖν
812 722 897 757 ἀλλή-

114 764 170 795 λοις
186 764 249 795 τοὺς
260 764 439 797 ἀποστόλους,
457 765 533 799 μόνοι
550 766 617 800 γὰρ,
640 767 664 792 εί
690 766 770 801 θέμις
798 769 896 800 εἰπεῖν,

115 809 240 844 ἀλλήλοις
254 809 302 836 καὶ
318 810 371 836 τσοι
387 811 433 837 καὶ
443 809 595 846 κρείττους,
608 812 656 838 καὶ
669 809 757 846 οὗτος,
777 812 840 847 ἐμοὶ
855 814 898 839 δο-

116 856 171 887 κεῖ,
183 856 280 891 νόμους
292 855 326 882 ἃν
339 856 425 891 εἰδείη
436 856 593 891 παραϐολῆς
605 866 634 884 τε
646 857 693 884 καὶ
708 859 895 893 παραθέσεως.

117 902 163 928 Δεῖ
188 901 220 936 δὴ
243 902 452 937 τεθαρρηκότως
478 904 620 937 προσιέναι
642 904 697 934 τοῖς
722 903 822 937 λόγοις,
850 903 897 931 καὶ

115 947 237 982 νομίζειν
251 947 318 981 πρὸς
335 946 447 982 γνώμης
464 945 533 985 είνσι
557 947 636 974 τοῦτο
649 948 681 983 δὴ
696 949 743 975 καὶ
756 950 813 980 τοῖς
829 949 898 975 ἀπο·
915 944 936 971 Β

117 993 230 1026 στόλοις,
246 993 330 1024 εἴτις
354 993 520 1028 ὑψηλότερος
543 993 580 1020 ὢν
605 993 652 1020 τοῦ
675 1002 707 1028 γε
730 995 798 1029 πρὸς
819 995 899 1030 χάριν

116 1039 218 1072 λέγειν,
229 1038 326 1065 ἔπειτα
340 1038 387 1065 καὶ
400 1039 528 1074 ἀλλήλοις
544 1039 654 1072 αὐτοὺς,
668 1040 737 1074 ὅπερ
753 1039 836 1071 εἰσὶν,
851 1040 900 1074 ἐπὶ

117 1083 172 1110 τῶν
189 1086 360 1118 πραγμάτωι
376 1083 450 1115 icon;
472 1084 520 1111 καὶ
542 1085 598 1116 τοῖς
618 1084 707 1118 λόγοις
723 1085 780 1120 ἔχοι
795 1085 900 1112 δεικνύ-

118 1137 171 1156 ναι.
188 1129 241 1156 Καί
259 1137 298 1156 τοι
311 1129 389 1156 τοῦτο
402 1131 449 1156 καὶ
461 1130 652 1166 φανερώτατον
668 1132 727 1158 ἐστι
744 1132 811 1158 πᾶσι
827 1130 899 1165 γνῶ-

119 1184 174 1207 ναι,
189 1175 227 1206 ὡς
245 1175 401 1210 ἁπανταχοῦ
425 1184 455 1202 τε
478 1176 527 1211 τῆς
546 1176 594 1203 τοῦ
609 1177 689 1211 λόγου
707 1178 901 1212 πραγματείας

118 1219 185 1255 ἡμῖν
199 1220 379 1247 ἐσπούδασται
396 1221 443 1247 καὶ
457 1221 612 1255 τετίμηται.
627 1222 682 1248 Καὶ
701 1223 801 1254 σκοπος
823 1219 900 1254 οὗτος

119 1265 152 1299 δὴ
173 1267 229 1296 τοῖς
250 1266 383 1299 ἐπαίνοις,
401 1267 491 1293 πάντα
507 1266 575 1301 πρὸς
592 1266 621 1293 ἓν
635 1267 714 1294 τοῦτο
730 1268 900 1295 συνελαύνων

117 1319 146 1337 τε
163 1312 209 1338 καὶ
225 1312 388 1346 συνείργων·
404 1313 435 1338 οὗ
449 1312 502 1348 μὴν
515 1313 544 1340 δὲ
557 1313 625 1340 ἀλλὰ
640 1314 777 1341 κάνταῦθα
787 1315 901 1349 γενομέ-

117 1366 173 1389 νοις
184 1357 231 1384 τοῦ
244 1358 335 1391 λόγον,
349 1359 396 1384 καὶ
407 1355 437 1385 οὗ
452 1359 561 1385 πάντων
577 1359 694 1393 μάλιστα
704 1360 781 1386 τοῦτο
794 1361 899 1395 καιρὸς,

118 1403 252 1438 χρηστέον
268 1403 302 1430 ἂν
318 1404 361 1438 εἴη
386 1405 418 1438 τῇ
444 1404 572 1438 προθέσει
589 1405 772 1437 ἐπιτείνοντας
785 1406 816 1432 τὸ
832 1407 900 1441 ἐφάς

119 1448 279 1482 μιλλον,καί
295 1448 480 1480 ἀπολαύοντας
494 1449 542 1484 τῆς
567 1450 617 1484 τὴν
635 1449 746 1483 ἰσότητα
767 1451 900 1486 πρεσϐευ-

117 1494 201 1528 ούση;
209 1494 346 1529 εὐφημίας
359 1495 412 1521 τῶν
420 1491 588 1522 ἀποστόλων.
603 1496 635 1522 Τί
648 1495 679 1530 δή
692 1503 701 1529 ;
715 1496 819 1528 Παῦλος
834 1499 900 1531 ἡμῖν

116 1540 147 1566 τὸ
167 1539 264 1566 ἑαυτοῦ
285 1541 367 1575 μέρος
388 1540 505 1567 ἐνταῦθα
529 1541 693 1575 προϐάλλειν
717 1543 763 1569 καὶ
786 1543 898 1570 ἀκούετε

116 1585 154 1617 ὡς
170 1586 319 1620 ὑπερφυές.
342 1585 403 1612 Ehe
421 1587 475 1621 γὰρ
491 1588 537 1614 καὶ
551 1587 624 1622 ἄλλῳ
643 1596 682 1622 τῳ
709 1589 806 1615 σκοπεῖ
819 1598 860 1620 τις
874 1590 899 1616 ει

115 1632 273 1665 πρόσεστιν,
283 1631 377 1665 δψεται
392 1634 494 1666 προσὸν
505 1633 592 1659 οὐδενί
601 1641 607 1647 δ
620 1633 676 1659 εἴτε
687 1633 742 1660 τῶν
753 1634 797 1660 ἐπ’
808 1635 899 1666 ἄλλοις

115 1677 276 1712 παραδόξως
288 1677 447 1711 προϐάντων
458 1678 526 1712 πρὸς
538 1678 631 1713 θαῦμα
643 1679 797 1712 ἐφέλκεται,
809 1680 900 1707 πάντα

117 1724 204 1758 μικρὰ
218 1723 290 1755 δόξει
304 1723 484 1758 παραὸαλεῖν,
497 1725 544 1750 καὶ
562 1721 618 1751 οἷον
635 1726 703 1761 πρδς
719 1725 837 1760 πέλαγος
851 1735 900 1753 πο-

114 1769 211 1803 ταμός.
222 1777 232 1795 ‹
246 1767 322 1801 Οἶδα,
339 1770 434 1804 φησὶν,
446 1770 600 1804 ἄνθρωπον,
617 1780 626 1796 ι
641 1771 736 1797 ἐαιτον
762 1772 858 1806 λέγων,
885 1773 899 1798 ό

117 1815 188 1850 ὑπὲρ
202 1815 354 1851 ἄνθρωπον,
367 1825 377 1841 ι
392 1817 433 1846 είς
449 1817 539 1849 τριτον
552 1817 666 1850 οὑρανξιν
677 1817 843 1852 ἁρπαγέντα,
853 1818 898 1844 καὶ

115 1864 155 1894 εἰς
171 1863 335 1897 παράδεισον
357 1862 447 1895 αὖθις,
462 1862 509 1888 καὶ
527 1863 657 1897 ῥημάτων
673 1864 801 1899 ἀρῤήτων
816 1864 900 1890 ἀκού-

114 1908 229 1940 σαντα,ἁ
238 1908 361 1945 μὴθὲμις
368 1908 504 1944 ἀνθρώπῳ
514 1909 613 1935 λαλεῖν.
621 1918 631 1935 ι
648 1910 679 1936 Ὢ
688 1910 734 1936 τοῦ
749 1909 895 1944 θαύματοςῐ

115 1956 276 1993 Ἄνθρωπος
300 1956 341 1987 εις
358 1955 450 1991 τρίτον
464 1955 578 1991 οὐρανὸν
593 1956 696 1988 ἀναϐάς
709 1965 717 1990 ;
733 1957 770 1988 εἰς
784 1957 898 1992 οὐρανὸν

113 2003 257 2038 ἄνθρωπος
269 2010 278 2036 ;
295 2001 382 2033 ποίοις
406 2002 516 2036 πτεροῖς
539 2002 712 2036 κουφισθείς;
727 2003 793 2038 ποίᾳ
809 2011 899 2038 παρα-

113 2049 250 2084 πεμφθεὶς
265 2048 399 2083 κλίμαχι;
412 2048 464 2073 τίνι
479 2047 533 2073 τῶν
555 2047 730 2082 ὑψηλοτάτων
743 2048 814 2084 ὀρῶν
833 2049 899 2082 ἀφε-

112 2096 197 2130 τηρίᾳ
214 2096 386 2130 χρησάμενος
397 2102 404 2127 ;
414 2093 484 2120 Ἀλλ’
495 2093 545 2119 οὐκ
559 2093 661 2124 ἀναϐὰς
677 2091 766 2126 εἶπεν,
779 2093 836 2120 ἀλλ’
849 2095 899 2130 ἀρ-

116 2141 214 2174 παγείς
225 2148 232 2174 ;
246 2139 301 2166 Τοῦ
313 2140 466 2175 τεραστὶονί
483 2139 583 2171 Μεῖζον
597 2147 643 2174 μοι
655 2139 743 2174 λέγεις
754 2140 784 2167 τὸ
793 2140 896 2177 θαῦμα.

112 2187 191 2213 Θεῖον
205 2187 287 2219 διέξει
301 2187 332 2212 τὸ
349 2186 453 2221 χρῆμα.
473 2185 634 2220 Ἀνθρωπος
651 2186 712 2212 οὐδέ
725 2187 786 2213 ποτ’
799 2188 832 2214 ἂν
848 2188 898 2223 ἡρ-

112 2233 188 2268 πάγη
206 2233 244 2269 μὴ
258 2231 327 2260 Θεοῦ
343 2232 599 2267 προσλαμϐάνοντος
612 2239 620 2248 ·
641 2231 784 2268 ἄνθρωπος
799 2234 849 2261 οὐκ
864 2233 897 2261 ἂν

111 2280 224 2315 ἡρπάγη
251 2279 319 2314 προς
344 2279 471 2314 οὐρανὸν,
488 2278 526 2313 μὴ
541 2277 588 2304 τοῦ
606 2277 722 2312 οὐρανοῦ
752 2279 897 2314 γενόμενος
914 2272 934 2299 θ

111 2326 196 2358 ἄξιος,
209 2325 274 2356 Θεδς
287 2325 336 2351 οὐκ
352 2324 385 2351 ἂν
401 2325 509 2359 ἥρπασε
529 2323 576 2350 τὸν
589 2323 639 2358 οὐχ
653 2323 747 2350 ἑαυτδν
763 2324 836 2358 ἄξιον
851 2325 899 2351 αὑ-

110 2371 159 2398 τοῦ
187 2371 421 2406 παρεσκευακότα.
446 2370 567 2404 Οὐρανὸς
592 2369 642 2396 οὐκ
659 2369 692 2396 ἂν
709 2370 818 2402 ἐδέξατο
842 2371 899 2403 τὸν,

110 2418 140 2450 δς
153 2418 189 2453 μὴ
206 2417 322 2452 μελέτην
333 2418 375 2443 ἀεὶ
387 2417 436 2451 τὴν
447 2416 500 2443 τῶν
511 2416 613 2451 γηΐνων
623 2415 754 2443 ἀπόθεσιν
767 2417 897 2444 ἐποιεῖτο.

117 2463 268 2498 Ἀνελήφοη
285 2464 332 2490 καὶ
355 2463 458 2495 Ἠλίας,
472 2461 529 2488 ἀλλ’
542 2461 580 2493 ὡς
595 2461 636 2492 είς
649 2461 695 2488 τὸν
708 2462 833 2497 οὐρανὸν,
852 2465 900 2492 καὶ

110 2510 171 2536 οὐδὲ
186 2510 294 2545 πρῶτον
307 2509 421 2544 οὐρανὸν
434 2507 607 2543 ὑπερκύψας.
623 2507 728 2540 Παῦλος
740 2509 768 2536 δὲ
782 2511 828 2536 καὶ
840 2510 899 2545 τρί-

110 2564 156 2582 τον
171 2555 289 2590 διέσχεν.
729 2558 732 2561 ’

151 2603 221 2637 Ἤδη
245 2602 273 2629 δὲ
290 2602 337 2629 καὶ
363 2605 508 2640 προφήτης
532 2604 626 2639 ἓτερος
643 2605 719 2632 ἰδεῖν
745 2604 822 2632 εἶπεν
845 2605 895 2632 ἐπὶ

110 2649 219 2683 θρόνου
243 2649 297 2676 τὸν
311 2650 432 2684 Κύριον.
455 2650 526 2677 Ἀλλ’
551 2649 621 2677 εῖδεν
647 2652 738 2678 ὅντινα
766 2651 797 2686 δή
829 2660 894 2678 ποτε

109 2695 222 2730 τρόπον,
240 2693 311 2722 εἶδεν
336 2697 387 2731 οὐχ
409 2696 557 2731 ἁρπαγεὶς,
582 2697 643 2724 οὐδὲ
666 2697 704 2731 τῷ
736 2697 895 2732 βλεπομένῳ

110 2742 209 2769 συνών.
237 2742 340 2774 Παῦλος
353 2743 382 2769 δε
405 2742 508 2777 πηλικα
522 2752 551 2769 τε
568 2742 632 2775 εἶδε,
647 2744 692 2770 καὶ
708 2744 761 2770 τίνι
777 2745 895 2770 συνεῖναι

109 2788 184 2823 εἶχεν
198 2789 243 2815 ὶπὶ
260 2789 307 2815 τοῦ
321 2789 415 2824 τρίτου
432 2788 567 2825 οὐρανοῦ;
582 2791 632 2816 κᾶν
649 2790 686 2826 μὴ
703 2791 784 2823 λέγω,
803 2790 896 2817 συλλο-

109 2835 236 2870 γίζεσθαι
257 2835 362 2867 πάντας
378 2833 466 2871 οἶμαι.
491 2835 605 2868 Ἐνθους
621 2836 731 2872 γίνομαι
751 2835 838 2863 ταῦτα
854 2836 896 2862 λέ-

145 2926 167 2942 ”
184 2925 204 2952 ll
217 2925 279 2953 (lor.
294 2933 341 2958 xu,
354 2926 381 2956 3,
398 2925 423 2952 ιι.
477 2925 498 2941 ⁵³
511 2925 562 2952 lsa.
582 2933 618 2957 γι,
652 2926 675 2952 Ι.

956 313 1024 340 satis
1039 313 1111 340 enim
1128 313 1185 347 ipse
1202 320 1279 340 suam
1302 314 1517 347 magnitudinem
1531 320 1558 342 et
1582 316 1738 350 pulchritu-

955 359 1045 385 dinem
1061 363 1186 386 lestalur.
1201 358 1321 392 Apparet
1335 359 1418 394 igitur
1444 361 1616 388 collationem
1630 369 1738 396 aposto-

956 406 1042 432 lorum
1057 413 1117 432 cum
1133 406 1239 432 caeteris
1264 405 1370 433 decore
1382 414 1435 434 non
1449 414 1529 441 posse
1545 407 1661 438 inStitui,
1673 412 1699 435 et
1715 408 1736 434 si

955 451 1126 482 instituatur,
1145 451 1248 478 nullius
1270 451 1398 486 ponderis
1426 457 1451 478 et
1473 452 1573 479 valoris
1600 461 1672 480 esse.
1702 454 1739 480 De

955 497 997 524 his
1010 497 1093 531 igitur
1115 498 1137 525 si
1155 498 1217 532 quis
1239 506 1344 524 mecum
1375 499 1468 530 sentit,
1487 503 1560 525 recte
1582 499 1675 526 sentit.
1704 500 1739 526 At

954 547 1071 577 oportet,
1095 548 1124 570 ut
1149 544 1238 570 oratio
1259 544 1300 571 his
1319 544 1423 572 diutius
1446 552 1500 571 non
1527 546 1687 577 inuuorans,
1705 546 1737 572 ad

954 589 1083 615 ulteriora
1096 588 1297 623 progrediatur.

988 680 1100 714 Quodsi
1129 679 1191 714 quis
1230 679 1380 707 studiOsius
1418 680 1476 707 haec
1513 681 1605 707 excuti
1631 681 1736 714 volens,

952 727 1100 758 existimat,
1119 731 1217 762 prmter
1238 725 1367 752 decortun
1397 729 1489 753 actum
1510 725 1554 758 iri,
1577 726 1600 753 si
1623 728 1736 761 apostoli

953 774 1022 800 inter
1048 781 1078 800 se
1104 773 1291 804 centerautur,
1319 773 1391 800 solos
1421 773 1504 805 enim,
1522 773 1545 800 si
1570 773 1609 800 fas
1633 779 1675 800 est
1699 774 1739 800 di-

951 827 1031 850 cere,
1063 818 1116 846 sibi
1142 822 1169 845 et
1197 817 1316 852 aequales
1344 822 1371 845 et
1400 818 1499 852 seipsis
1534 819 1738 852 priestantiores

951 873 1023 897 esse,
1040 864 1085 892 hie
1119 864 1212 896 etiam,
1240 863 1345 899 judicio
1377 871 1455 896 meo,
1484 864 1556 899 leges
1584 865 1738 892 collationis

951 915 978 937 et
1002 909 1217 944 comparationis
1233 910 1332 937 nescit.
1358 909 1411 937 Par
1425 910 1497 937 enim
1529 914 1581 943 est,
1602 916 1631 938 ut
1655 912 1738 939 intre-

951 955 1013 991 pide
1039 957 1195 992 loquamur,
1226 956 1426 989 credamusque
1459 956 1511 983 hoc
1536 964 1569 984 ex
1602 957 1739 991 apostolo-

951 1010 1010 1029 rum
1036 1006 1127 1029 mente
1142 1009 1213 1034 esse,
1232 1001 1255 1029 si
1271 1000 1332 1036 quis
1356 1000 1390 1028 ad
1412 1001 1525 1036 gratiam
1551 1001 1619 1028 nihil
1635 1002 1738 1034 dicere,

950 1053 977 1076 et
998 1047 1065 1075 nihil
1080 1048 1192 1076 auribus
1221 1047 1287 1075 dare
1307 1047 1492 1080 consueverit,
1512 1047 1608 1082 deinde
1633 1049 1656 1076 si
1671 1049 1740 1076 invi-

950 1101 1020 1127 cem,
1044 1094 1070 1121 id
1100 1093 1173 1129 quod
1200 1100 1274 1125 sunt,
1302 1093 1383 1121 rebus
1410 1094 1493 1128 gestis
1519 1094 1639 1129 aequales
1678 1102 1739 1122 esse

951 1141 1141 1168 demonstrare
1161 1140 1281 1174 quiverit
1298 1147 1305 1166 :
1324 1147 1384 1166 nam
1401 1139 1530 1167 omnibus
1560 1141 1669 1173 cognitu
1697 1146 1739 1168 est

951 1184 1132 1218 facillimuml,
1170 1192 1221 1211 nos
1244 1184 1270 1211 in
1301 1183 1327 1210 iul
1359 1188 1415 1211 toto
1447 1185 1581 1212 orationis
1619 1185 1739 1212 decursu

952 1231 1031 1258 unice
1052 1230 1211 1257 incubuisse
1225 1250 1233 1263 ,
1248 1234 1274 1256 et
1299 1229 1502 1257 laudationibus
1524 1230 1575 1257 iste
1602 1230 1663 1257 linis
1678 1237 1739 1264 pro-

951 1277 1057 1312 positus
1080 1281 1132 1310 est,
1156 1281 1186 1304 ut
1218 1276 1309 1302 munia
1335 1276 1368 1303 ad
1402 1283 1486 1303 unum
1515 1276 1679 1303 contrahant
1711 1281 1739 1304 tt

951 1322 1115 1350 conducant.
1132 1324 1163 1350 Et
1179 1323 1242 1358 quia
1266 1323 1318 1350 huc
1339 1322 1473 1357 processit
1489 1323 1595 1355 oratio},
1610 1323 1740 1358 quodque

951 1369 1142 1402 opportunitas
1168 1368 1285 1395 maxime
1300 1368 1395 1402 exigit,
1411 1366 1542 1395 utendum
1566 1375 1626 1395 esse
1641 1375 1741 1395 censeo

952 1414 1068 1446 ratione,
1086 1421 1147 1447 qua:
1173 1413 1214 1443 ,ad
1244 1414 1387 1448 puritatem
1417 1413 1504 1444 ducit,
1538 1411 1739 1447 fruendumque

950 1458 1115 1492 aequalitatis
1136 1458 1207 1485 inter
1240 1459 1377 1493 apostolos
1401 1458 1547 1492 praeconio.
1578 1457 1609 1483 Et
1637 1457 1740 1485 Paulus

950 1504 1060 1539 quidem
1085 1511 1147 1531 suas
1173 1508 1265 1539 partes
1301 1503 1379 1530 nobis
1400 1503 1443 1529 hic
1473 1502 1620 1535 concedit;
1651 1506 1738 1529 atten-

951 1550 1017 1579 dite,
1032 1556 1113 1583 quatn
1127 1548 1278 1583 ingeniose.
1294 1547 1358 1574 Nam
1372 1547 1437 1574 licet.
1452 1548 1514 1582 quis
1524 1548 1737 1582 circumspiciat,

913 1603 1016 1635 cnuin
1045 1594 1124 1621 alteri
1161 1593 1288 1628 cuiquam
1338 1593 1494 1626 conveniat,
1530 1594 1738 1626 animadvertat,

951 1640 1019 1668 nulli
1051 1640 1130 1668 alteri
1157 1640 1316 1672 convenire,
1335 1644 1362 1666 et
1390 1639 1412 1666 si
1434 1639 1498 1674 quid
1535 1647 1618 1674 supra
1652 1640 1740 1666 admi-
1786 1654 1788 1656 τ

951 1686 1083 1714 rationem
1122 1693 1184 1712 cum
1212 1684 1274 1712 aliis
1302 1689 1408 1719 gestum
1448 1684 1610 1717 adducatur,
1645 1685 1737 1712 omnia

950 1731 982 1758 ad
1012 1730 1244 1765 comparationem
1272 1730 1376 1757 minuta
1424 1728 1598 1761 videbuntur,
1613 1732 1641 1756 et
1664 1729 1738 1756 velut

950 1776 1048 1804 ﬂuvius
1081 1776 1115 1803 ad
1145 1783 1230 1803 mare.
1249 1784 1259 1801 ι
1275 1775 1350 1807 Scio,
1368 1774 1467 1809 inquit,
1494 1774 1644 1805 hominem,
1666 1783 1676 1800 ι
1703 1775 1738 1801 de

949 1823 1039 1857 seipso
1067 1822 1191 1856 loquens.
1212 1822 1235 1848 is
1258 1821 1304 1855 qui
1325 1828 1407 1855 supra
1432 1820 1570 1848 hominem
1587 1826 1656 1852 erat,
1676 1830 1684 1846 ‹
1709 1822 1736 1847 in

950 1868 1059 1895 tertium
1086 1867 1186 1894 ct‘elum
1211 1871 1329 1900 raptum,
1345 1871 1374 1892 et
1390 1866 1415 1892 in
1438 1866 1608 1900 paradisum,
1628 1871 1654 1892 et
1669 1865 1737 1892 incf—

949 1914 1041 1942 fabilia
1067 1915 1146 1941 verba
1163 1913 1311 1945 audivisse,
1342 1920 1402 1947 qure
1426 1919 1480 1939 non
1507 1916 1550 1940 est.
1566 1911 1607 1939 fas
1643 1911 1735 1946 eloqui

949 1961 1050 1989 homini
1066 1962 1100 1987 ".
1119 1970 1127 1985 ι
1140 1960 1161 1987 0
1175 1959 1352 1986 miraculum!
1371 1958 1456 1985 I‘lnuto
1473 1959 1499 1985 in
1513 1959 1620 1986 tertium
1635 1960 1733 1986 coelum

950 2007 1122 2035 ascendens?
1136 2006 1164 2033 ln
1189 2006 1286 2032 ccehuu
1306 2005 1406 2031 homo?
1420 2004 1550 2037 Qualibus
1578 2005 1626 2031 alis
1641 2005 1734 2031 suble-

948 2054 1046 2082 vatus?
1069 2053 1174 2086 Quibus
1204 2051 1382 2079 transmissus
1415 2050 1497 2079 scalis
1517 2050 1529 2077 ?
1547 2049 1608 2083 Quo
1637 2050 1735 2077 altis~i-

949 2107 1055 2127 morum
1071 2098 1204 2126 montium
1219 2097 1387 2124 adminiculo
1403 2098 1478 2129 fusus
1489 2095 1500 2122 ?
1513 2095 1547 2123 At
1563 2103 1616 2122 non
1649 2096 1728 2126 dixit,

949 2145 1110 2179 ascendens,
1149 2144 1196 2172 sed
1219 2149 1323 2178 raptus.
1345 2142 1367 2170 0
1384 2142 1553 2178 prodigium!
1576 2141 1661 2176 Majus
1686 2142 1735 2168 mi.

949 2192 1070 2220 raculum
1089 2198 1196 2218 narras.
1214 2189 1338 2216 Divinam
1356 2196 1413 2217 rem
1438 2195 1643 2215 commemoras.
1660 2187 1735 2214 Nun-

949 2247 1030 2274 quam
1055 2238 1136 2265 homo
1153 2241 1247 2272 raptus
1275 2234 1384 2268 fuisset,
1408 2234 1463 2262 Deo
1489 2242 1544 2261 non
1564 2238 1731 2261 assumente.

950 2285 1037 2313 lloino
1054 2291 1195 2320 nunquam
1220 2282 1253 2310 ad
1266 2282 1366 2309 cmlum
1378 2285 1471 2316 raptus
1486 2285 1570 2313 esset,
1594 2280 1640 2315 qui
1662 2281 1732 2307 cmlo

948 2333 1046 2367 dignus
1059 2339 1115 2359 non
1128 2335 1207 2359 esset.
1221 2329 1291 2356 Deus
1301 2336 1353 2355 non
1366 2328 1512 2363 rapuisset,
1526 2327 1572 2362 qui
1591 2335 1620 2354 se
1631 2325 1684 2353 Deo
1693 2326 1734 2352 d1-

947 2386 1030 2413 gnum
1042 2385 1095 2404 non
1108 2376 1282 2404 reddidisset.
1296 2372 1635 2408 leumlnonirecupisset,
1645 2372 1688 2399 cui
1702 2371 1734 2398 de

948 2425 1031 2452 rebus
1067 2424 1184 2451 terrenis
1203 2420 1425 2455 derelinquendis
1453 2419 1564 2446 assidua
1593 2417 1734 2444 meditatio

949 2479 1004 2498 non
1043 2469 1149 2497 fuisset.
1180 2469 1344 2501 Assumptus
1371 2470 1412 2493 est
1453 2464 1533 2491 etiam
1565 2464 1656 2497 Elias;
1685 2462 1733 2489 sed

947 2516 1024 2552 quasi
1044 2516 1071 2542 in
1105 2515 1215 2546 cwlum,
1232 2519 1258 2541 ct
1277 2521 1365 2547 neque
1385 2511 1501 2547 primum
1518 2510 1617 2536 omium
1646 2513 1734 2535 traus<

947 2570 1065 2599 gressus.
1090 2562 1124 2588 At
1150 2561 1250 2587 Paulus
1279 2559 1388 2586 tertium
1406 2564 1513 2591 quoque
1529 2556 1624 2582 tenuit.

981 2607 1095 2641 Quidam
1127 2607 1217 2633 itidem
1243 2613 1276 2632 ex
1302 2602 1440 2638 prophetis
1463 2602 1551 2628 dicit.
1579 2608 1606 2627 se
1637 2600 1733 2626 vidisse

943 2656 1074 2681 sedentem
1106 2652 1244 2678 Dominum
1277 2657 1355 2683 super
1389 2648 1509 2674 thronum
1525 2647 1557 2672 ”.
1587 2646 1638 2673 Sed
1668 2646 1734 2672 vidit

954 2698 1208 2734 quomodocunque.
1234 2695 1317 2726 Vidit,
1345 2701 1398 2720 non
1417 2698 1520 2727 raptus,
1549 2698 1635 2724 neque
1664 2698 1734 2724 pra:-

954 2753 1016 2772 suts
1039 2744 1074 2776 ei,
1101 2750 1181 2778 quem
1198 2741 1274 2767 vidit.
1291 2740 1389 2766 Paulus
1418 2745 1481 2765 vero
1496 2737 1585 2771 qualia
1612 2736 1687 2767 vidit,
1707 2740 1734 2762 et

954 2792 996 2818 cui
1020 2790 1047 2817 in
1070 2789 1150 2816 tertio
1181 2788 1250 2814 uelo
1286 2784 1422 2820 praesens?
1449 2783 1531 2810 etiam
1561 2788 1603 2807 me
1626 2780 1733 2812 silente,

951 2845 1047 2864 omnes
1063 2835 1089 2863 id
1118 2835 1245 2869 colligere
1261 2837 1286 2860 et
1308 2830 1458 2866 intelligere
1489 2836 1560 2856 reor.
1579 2827 1661 2855 Extra
1690 2833 1735 2854 ")0
