1924 3092
209 175 278 207 1035

827 173 969 215 ΜΛέίΙΜΙ
991 173 1143 204 ΡιΑΝυῡ
1157 175 1178 204 Ε

1771 173 1829 203 10ῗῦ

207 235 241 263 Et
260 236 323 263 licet
335 234 435 263 Paulus
447 235 479 262 ad
495 234 635 262 Christum
652 233 677 259 in
704 232 804 260 ctelum
831 232 998 265 ascenderit,

1055 234 1090 264 εἰς
1106 234 1238 267 οὐρανοὺς
1253 233 1319 267 πρὸς
1335 231 1454 266 Χριστὸν
1480 231 1586 263 Παῦλος
1598 231 1672 267 ἀνίῃ,
1687 231 1755 266 παρ’
1766 233 1830 258 ὲκεί-

207 287 237 308 υι
253 282 380 313 disceret,
392 289 454 316 quae
477 280 584 307 discere
597 284 624 307 et
636 279 705 306 alios
721 278 819 306 docere
833 278 932 310 decet;
951 283 993 305 at-

209 332 300 354 tamen
313 327 409 354 Petrus
426 326 551 354 eumdem
563 325 619 358 jam
634 325 705 352 coelo
718 325 858 359 delapsum
871 331 992 360 praesut-

207 378 261 400 tem
278 373 403 404 habebat,
421 376 448 399 et
461 379 522 406 quae
539 371 664 399 facienda
688 375 792 404 essent,
805 376 832 398 et
847 378 908 405 quae
923 377 991 402 non,

210 423 402 453 exponentem,
411 417 519 452 sibique
526 417 618 445 ovium
631 416 820 452 prafecturam
831 416 992 448 tradentem,

209 471 302 492 coram
319 463 458 491 audiebat.

244 510 277 538 Et
294 517 341 538 cur
363 517 414 545 ego
446 510 497 537 hoc
509 508 618 544 patior?
632 507 739 535 Etenim
759 507 858 535 veritas
890 507 992 541 ubique

206 561 279 584 recte
298 556 465 591 praedicatur
483 559 511 583 et
524 555 709 590 quodcunque
729 555 826 581 horum
843 554 871 580 in
895 560 992 580 manus

205 603 239 630 ad
252 601 456 637 inquisitionem
472 608 562 634 sumo,
577 600 666 635 majus
686 600 752 627 mihi
776 599 872 630 altero.
892 602 920 626 et
942 599 995 626 hoc

206 656 260 675 Ion
274 649 324 675 hoc
341 648 441 682 exiguo
457 647 612 679 intervallo,
628 650 749 681 apparet.
766 645 837 678 Quid
849 645 932 680 igitur
948 645 994 671 hic

205 694 351 721 dicendum
364 693 426 721 ἳΔιι
438 692 476 725 id.
492 693 564 728 quod
573 693 630 727 jam
643 691 743 726 passim
762 691 788 718 in
801 691 882 726 hujus
893 691 996 718 oratio—

207 740 250 767 nis
261 739 377 767 decursu
389 739 490 767 dictutn
504 744 559 771 est,
572 738 705 773 apostolis
717 737 811 764 omnia
823 744 885 764 esse
895 736 972 771 paria
984 735 996 763 τ

205 790 233 813 et
247 786 299 813 hoc
313 792 345 813 eo
358 785 454 820 magis,
469 784 542 819 quod
559 789 705 819 utrumque
723 787 877 811 extremum
889 786 917 809 et
933 788 992 808 ma-

203 831 251 866 jus
264 836 292 859 et
315 831 408 859 minus
422 831 522 858 habere
533 831 668 863 videatur,
688 837 748 864 qua!
761 833 806 857 est
819 827 993 863 apertissima

205 878 361 913 aqualitas.
371 877 607 911 Quemadmodum
618 876 641 904 si
658 876 765 904 duobus
781 875 931 910 pentathlis
945 881 992 902 seu

1048 288 1093 306 νου
1111 279 1313 313 μαθησομένος,
1325 278 1344 305 ἃ
1357 279 1398 305 δεῖ
1420 278 1517 312 μαθεῖν
1543 278 1591 304 καὶ
1608 278 1671 308 τοὺς
1686 277 1782 307 ἀλλους
1796 277 1830 303 δι-

1046 325 1136 357 δάξαι,
1150 324 1197 352 καὶ
1214 325 1317 359 Πέτρος
1335 325 1465 352 κατιόντα
1483 324 1551 359 πρὸς
1566 323 1648 351 αὐτὸν
1671 323 1742 358 ἔχων
1764 324 1830 349 ἐκεῖ-

1047 379 1102 403 νον,
1116 371 1164 397 καὶ
1178 371 1213 398 τά
1227 379 1256 397 τε
1272 370 1389 405 ποιητέα
1413 370 1640 405 παιδοτριϐοῦντα
1656 370 1705 396 καὶ
1721 369 1770 405 μὴ,
1787 369 1831 395 καὶ

1045 417 1095 452 τὴν
1109 417 1164 444 τῶν
1179 417 1324 451 προϐάτων
1341 412 1530 451 ὲγχει“ρίζοντα
1548 416 1731 451 προστασίαν.

1085 510 1139 536 Καὶ
1153 509 1180 535 τί
1193 507 1266 535 τοῦτ’
1277 507 1333 541 ἐγὼ
1350 507 1462 542 πάσχοις
1480 507 1532 534 Καὶ
1546 507 1600 541 γὰρ
1618 507 1646 533 εὖ
1661 507 1716 542 ἔχει
1731 516 1828 533 παντα-

1046 555 1095 590 χοῦ
1113 555 1162 586 τὰς
1176 553 1304 589 ἀληθείας
1322 554 1420 585 εἰπεῖν,
1433 554 1563 589 ὁπότερον
1578 553 1680 579 τούτων
1703 554 1757 580 ἀνὰ
1779 556 1830 588 γεῖ-

1047 609 1097 635 ρας
1114 601 1184 634 προς
1211 599 1335 632 ἐξέτασιν
1353 598 1439 633 φέρω,
1464 597 1558 633 μεῖζόν
1585 607 1630 632 μοι
1656 598 1772 632 θατέρου
1789 601 1830 624 καὶ

1046 645 1118 672 τοῦτ’
1144 645 1204 680 οὐχὶ
1229 644 1328 680 μικρὸν
1343 645 1481 678 φαίνεται.
1497 645 1530 670 Τί
1547 652 1612 671 ποτε
1629 644 1676 672 οὖν
1702 645 1777 671 ἔστιν
1791 646 1829 670 ὲν-

1046 689 1143 716 ταυθοῖ
1156 689 1245 723 λέγειν
1260 697 1268 722 ;
1283 689 1299 724 ἢ
1317 688 1332 715 ὃ
1355 689 1402 715 καὶ
1421 689 1561 723 πανταχοῦ
1576 688 1623 715 τοῦ
1638 690 1717 722 λόγου
1735 689 1830 716 mlli-

1048 745 1102 768 κις,
1124 736 1162 767 ὡς
1188 736 1233 762 fc:
1254 737 1310 766 τοῖς
1331 735 1492 767 ἀποστόλοις
1507 735 1539 761 τὰ
1558 736 1664 768 πάντη
1688 736 1742 761 κᾶν
1759 736 1830 762 τοὶὀε

1049 781 1160 816 μᾶλλον,
1175 781 1208 807 ὲκ
1224 779 1271 807 τοῦ
1299 781 1333 807 τὰ
1361 781 1492 815 ἑκατέρου
1517 781 1572 806 τῶν
1597 780 1644 806 τοῦ
1669 780 1776 812 λοιποῦ,
1790 782 1834 807 καὶ

1047 827 1077 853 τὸ
1093 827 1186 861 μεῖζον
1213 827 1261 853 καὶ
1276 826 1306 852 τὸ
1333 826 1443 853 ἔλαττον
1466 826 1540 861 ἐχειν
1560 826 1666 853 δοκεῖν·
1683 827 1730 853 καὶ
1744 827 1833 860 ἰσότης

1047 874 1117 909 αὓτη
1134 873 1167 908 δὴ
1196 873 1355 908 σαφέστατα
1373 874 1470 899 πασῶν
1488 873 1597 908 ἔχουσα.
1613 874 1746 908 Καθάπερ
1764 874 1834 899 sum

207 909 392 951 luctatoribus
403 930 452 958 par
465 923 537 950 lucta
551 922 679 953 exsistat,
694 909 813 956 quorum
830 919 900 948 alter
910 919 991 947 citius

1055 919 1207 948 πεντάθλων
1221 919 1354 954 ίσοπαλής
1375 927 1416 950 τις
1431 918 1672 951 ἀντικατάστασις,
1686 928 1724 946 ων
1740 919 1835 945 θᾶττον

207 969 322 996 alterum
347 966 542 1001 admirabitur.
557 973 639 1001 quam
667 970 791 1001 superet,
806 966 843 992 ita
859 969 890 992 ut
905 971 995 1000 neque

209 1014 343 1042 vincendo
366 1013 454 1048 possit
465 1013 499 1040 de
509 1011 668 1040 adversario
679 1011 801 1044 gloriari,
811 1018 901 1046 neque
913 1011 995 1038 etiam

211 1061 283 1088 vinci
297 1059 370 1092 velit,
387 1059 459 1094 quod
476 1063 622 1086 metuatne
635 1057 792 1085 adversario
805 1055 997 1091 sesejactandi

209 1111 238 1134 οι
250 1105 395 1140 magniﬁce
420 1104 550 1132 etl‘erendi
566 1103 740 1132 occasionem
755 1102 885 1138 praebeat.
910 1102 948 1129 lta
968 1109 998 1129 se

211 1154 314 1180 habent
330 1159 373 1179 res
387 1151 476 1183 Pauli,
495 1151 532 1177 ita
554 1155 581 1177 et
594 1150 678 1178 Petri.
705 1148 740 1176 Et
756 1149 799 1176 hic
811 1148 910 1176 iterum
935 1155 998 1174 ora-

209 1199 277 1226 tioni
304 1205 380 1225 mora
405 1196 538 1232 injicitur,
572 1203 623 1223 nec
642 1195 757 1223 ulterius
784 1193 910 1229 progredi
932 1201 996 1228 pcr-

211 1246 339 1272 mittitur.

245 1290 413 1317 Salvator-em
427 1288 462 1316 de
482 1294 575 1316 amore
590 1286 663 1316 Petri
684 1294 718 1315 ex
734 1287 888 1322 ignorantia
914 1287 997 1315 inter-

216 1343 341 1372 rogasse,
354 1343 443 1367 nemo,
458 1333 511 1362 nisi
524 1335 649 1366 insanus,
663 1333 837 1361 aﬂirmaverit
846 1343 854 1367 ;
864 1334 912 1361 sed
925 1334 996 1368 quod

210 1384 262 1411 hoe
275 1382 370 1410 fecerit
383 1381 444 1409 aliis
457 1381 484 1408 in
497 1381 665 1416 exemplum,
681 1385 709 1408 et
725 1388 769 1414 ue,
785 1382 831 1416 qui
849 1388 998 1416 supremus

212 1429 334 1456 omnium
355 1432 408 1459 est,
423 1427 524 1462 injuste
542 1426 680 1454 videretur
703 1434 766 1453 eum
779 1427 824 1460 qui
841 1427 921 1461 paulo
935 1431 999 1453 ante

212 1475 360 1506 ceciderat,
374 1474 507 1501 vicarium
525 1481 576 1501 suo
597 1473 659 1500 loco
682 1475 863 1505 constituere,
879 1477 906 1500 et
928 1480 998 1507 pne-

213 1522 318 1549 fectttra
333 1521 360 1548 in
384 1527 481 1548 omnes
498 1519 613 1551 donare,
636 1519 719 1546 etiam
740 1518 786 1545 alii
800 1523 862 1545 ante
881 1525 931 1546 nos
949 1518 998 1545 do-

1048 967 1216 1002 θαυμάσειεν
1230 966 1361 1000 ἑκάτερος
1378 967 1409 992 ἂν
1436 965 1566 1000 ἑκάτερον
1581 965 1597 1000 ἢ
1615 965 1761 1000 ὑπέροχος,
1775 965 1835 991 οὒτε

1047 1013 1086 1048 τῷ
1102 1013 1211 1047 νικῆσαι
1229 1012 1355 1047 δυνηθεὶς
1374 1012 1408 1039 ἂν
1423 1011 1494 1038 κατὰ
1509 1011 1556 1038 τοῦ
1573 1011 1778 1044 ἀνταγωνιστοῦ
1794 1019 1836 1037 σε-

1050 1059 1213 1094 μνύνασθαι,
1225 1058 1281 1085 οὔτ’
1299 1058 1375 1093 αὺτῷ
1392 1057 1545 1093 ἡττηθῆναι
1557 1058 1607 1092 τὴν
1619 1056 1650 1089 ἐξ
1664 1057 1770 1084 ἐκείνου
1785 1058 1836 1084 δεί-

1049 1113 1098 1136 σας
1119 1105 1282 1140 ὑψηγορίαν.
1298 1103 1425 1131 Τοιοῦτον
1441 1103 1472 1130 τὸ
1493 1103 1540 1130 τοῦ
1567 1103 1688 1134 Παύλου,
1715 1103 1838 1131 τοιοῦτον

1048 1151 1078 1176 τὸ
1091 1150 1138 1177 τοῦ
1155 1150 1258 1184 Πέτρου
1271 1156 1278 1164 '
1290 1148 1370 1176 τοῦτο
1387 1157 1417 1182 γε
1435 1148 1489 1183 μὴν
1506 1148 1553 1174 καὶ
1569 1148 1608 1175 ἔτι
1623 1149 1750 1183 κατέχειν
1764 1150 1838 1183 ἡμᾶς

1050 1197 1174 1231 βούλεται
1187 1197 1235 1223 καὶ
1249 1196 1299 1223 οὐκ
1317 1196 1350 1230 ἑᾷ
1364 1203 1408 1221 πω
1425 1195 1470 1222 τὸν
1484 1195 1564 1227 λόγον
1576 1196 1750 1230 προσωτέρω
1763 1195 1838 1230 βαδὶ-

1049 1245 1117 1277 ζειν.

1089 1291 1117 1317 '0
1133 1291 1182 1324 μὲν
1197 1291 1229 1325 δὴ
1247 1289 1343 1324 Σωτὴρ
1358 1289 1398 1315 ὅτι
1428 1288 1477 1323 μὲν
1500 1288 1551 1314 οὐκ
1568 1287 1673 1322 ἀγνοῶν
1689 1287 1786 1323 ἠρώτα
1810 1289 1839 1316 τὸ

1049 1337 1154 1371 Πέτρου
1171 1336 1292 1370 φίλτρον,
1305 1334 1360 1361 οὐδ’
1377 1335 1410 1361 ἂν
1423 1332 1461 1365 εἷς
1477 1335 1637 1368 ἀρνήσαιτο,
1650 1335 1674 1361 εί
1692 1334 1730 1370 μὴ
1746 1335 1840 1369 μαίνε-

1050 1383 1112 1410 σθαι
1131 1382 1262 1416 βούλοιτο.
1278 1381 1342 1407 Ὀτι
1355 1380 1384 1406 δὲ
1411 1380 1458 1406 καὶ
1473 1381 1529 1411 τοῖς
1546 1380 1636 1412 ἄλλοις
1653 1381 1734 1406 τοῦτο
1752 1390 1840 1416 παρι-

1050 1428 1148 1461 σῖῆσαι
1168 1426 1406 1462 φιλοτιμούμενος,
1423 1427 1469 1453 καὶ
1493 1426 1540 1452 τοῦ
1567 1426 1604 1461 μὴ
1618 1426 1693 1458 δόξαι
1710 1427 1775 1458 τοὺς
1793 1427 1841 1453 ἀλ-

1049 1473 1110 1504 λους
1127 1472 1247 1508 ὑπερϐὰς
1263 1474 1294 1498 οὐ
1315 1472 1364 1498 σὺν
1391 1472 1464 1507 δίκῃ,
1477 1471 1523 1498 τὸν
1541 1472 1631 1508 μικρῷ
1647 1473 1769 1506 πρόσθεν
1794 1481 1841 1499 πε-

1052 1519 1133 1546 σόντα
1157 1519 1322 1553 χειροτονεῖν
1348 1517 1408 1544 ἀνθ’
1431 1516 1541 1551 ἑαυτοῦ,
1557 1519 1605 1544 καὶ
1631 1518 1682 1553 τὴν
1710 1518 1841 1545 ἁπάντων

212 1571 340 1595 cuorunt.
355 1565 410 1593 Nec
430 1565 503 1600 quod
530 1564 682 1600 negaverit,
696 1563 931 1591 considerandum
947 1569 998 1592 est.

1055 1565 1217 1600 ἐγχειρίζειν
1249 1564 1422 1596 ἐπιστασίαν,
1450 1563 1573 1596 ἐξέθεντο
1603 1563 1651 1590 xxi.
1683 1565 1736 1599 πρὸ
1763 1564 1842 1600 ἡμῶν

213 1613 266 1640 Sed
281 1613 352 1647 quod
364 1615 391 1639 et
404 1617 468 1638 ante
484 1614 511 1639 et
527 1615 591 1646 post
605 1609 779 1645 negationem
797 1614 851 1637 tam
867 1617 1000 1645 generoso

213 1663 323 1694 pectore
336 1657 470 1690 fuerit,ut
482 1663 543 1684 cum
557 1657 671 1683 Domino
691 1655 775 1682 simul
790 1655 817 1683 in
835 1662 950 1684 mortem
962 1656 1002 1684 ire

212 1704 327 1739 optarit,
341 1702 471 1737 quodque
493 1701 527 1729 ad
543 1709 572 1729 se
591 1708 719 1729 reversus
737 1709 799 1729 mox
813 1709 908 1730 amare
919 1703 1002 1731 ﬂeve-

213 1750 260 1777 rit.
276 1747 389 1776 Videtur
408 1746 477 1775 Deus
490 1747 618 1774 omnibus
636 1747 690 1775 illis
701 1747 747 1782 qui
764 1755 837 1775 nunc
853 1755 886 1775 ex
903 1755 1000 1783 pecca-

213 1801 303 1822 torum
318 1801 397 1822 ctnno
412 1793 446 1821 ad
463 1792 592 1828 pietatem
609 1794 650 1821 vel
667 1793 794 1821 virtutem
813 1794 937 1827 veniunt,
955 1798 1004 1822 aut

215 1840 374 1873 reveniunt,
395 1843 476 1875 atque
495 1839 563 1867 adeo
574 1839 652 1872 mihi,
669 1844 695 1867 et
713 1840 761 1868 tibi
778 1841 934 1875 ptenitenti.
948 1848 1005 1876 pue-

216 1886 358 1914 ttitentiam
374 1885 458 1918 Petri,
481 1885 526 1920 qui
543 1887 647 1920 primus
665 1890 735 1919 crat,
749 1894 798 1921 pro
810 1887 959 1922 exemplari
970 1887 1005 1915 ad

217 1931 396 1962 imitationem
413 1931 600 1966 proposuisse.
621 1935 648 1958 et
659 1935 788 1966 tanquam
802 1931 902 1959 fortem
917 1936 944 1960 et
961 1940 1007 1960 va-

216 1976 298 2003 lidum
312 1976 412 2004 cadere
427 1976 595 2011 permisisse,
611 1982 639 2003 ut
654 1977 727 2004 sicut
738 1976 765 2003 in
783 1977 856 2009 aliis,
872 1977 908 2004 ita
929 1983 957 2006 et
977 1979 1004 2006 in

217 2023 377 2059 ptenitentia
390 2022 502 2058 crepido
512 2027 539 2050 et
557 2021 765 2050 fundamentum
780 2028 864 2050 esset.

252 2155 322 2183 Num
337 2163 401 2182 vero
416 2155 477 2182 illu‘s
497 2155 543 2190 qui
559 2156 585 2183 in
604 2163 657 2184 uno
677 2156 786 2184 virtutis
806 2164 905 2192 genere
919 2158 1007 2186 excel-

219 2202 338 2233 luerunt,
355 2205 385 2228 ut
403 2201 539 2228 Abraham
554 2201 580 2228 in
599 2202 793 2237 hospitalitate,
807 2201 956 2238 Josephum
978 2205 1004 2231 in

219 2247 311 2274 studio
325 2246 519 2281 temperantiae.
532 2251 558 2274 et
577 2247 603 2274 in
616 2248 826 2276 mansuetudine
841 2247 961 2284 Moysen,
974 2256 1002 2277 et

219 2294 301 2320 :nlium
320 2293 345 2318 in
363 2293 416 2318 alio
432 2293 540 2319 virtutis
555 2300 654 2327 genere
669 2293 868 2321 admirahimur
880 2299 907 2322 et
927 2303 1002 2322 com-

223 2336 430 2368 mendahimus;
459 2343 521 2362 eum
546 2344 620 2369 vero,
641 2337 686 2372 qui
704 2338 882 2372 ptenitentiae,
908 2341 1003 2367 matris

220 2383 341 2409 omnium
362 2382 505 2415 vit-tutum,
522 2382 575 2410 dux
592 2387 619 2410 et
645 2391 745 2418 auspex
762 2389 814 2416 est.
834 2385 911 2419 quasi
938 2386 1007 2413 nihil

223 2428 351 2463 pra-clare
367 2427 470 2460 iecerit,
483 2427 592 2455 silentio
606 2430 849 2458 transmittelnus?
864 2431 922 2459 Hoc
931 2437 1007 2460 certe

222 2475 361 2501 hominum
380 2474 457 2501 valde
475 2474 662 2508 insipientium
680 2475 771 2503 fuerit.
792 2477 824 2504 Et
840 2477 861 2504 si
891 2479 1005 2513 aequali-

219 2525 301 2546 latent
323 2519 484 2553 statuimus;
501 2524 526 2546 at
541 2528 595 2546 non
612 2520 737 2553 dicimus.
751 2523 821 2556 quod
837 2525 936 2559 singuli
950 2525 1006 2552 sint

218 2570 300 2599 caput
316 2565 450 2596 omnium,
466 2566 538 2599 quod
560 2569 658 2594 merito
682 2569 823 2602 pesuimus
837 2575 864 2596 et
884 2572 1005 2598 asserui-

190 2609 194 2613 ’
222 2618 292 2636 ntus.
307 2610 364 2636 Alia
377 2610 498 2643 quidem,
515 2618 573 2645 qua:
589 2611 632 2639 hic
645 2612 810 2646 objicieutur
824 2616 924 2642 tacitus
937 2624 1006 2650 pra:-

220 2661 306 2688 ιρι-πο,
321 2662 433 2690 excepto
454 2656 510 2688 illo,
530 2658 602 2689 quod
632 2658 712 2686 alicui
742 2660 797 2687 hinc
815 2662 939 2697 apologis
957 2671 1004 2689 su-

221 2711 355 2738 perv-aena
375 2703 460 2730 videri
479 2708 581 2738 posset.
599 2704 669 2737 Quid
699 2706 782 2738 enim,
809 2708 908 2736 dixerit
935 2709 1003 2737 forte

221 2750 293 2783 quis,
306 2750 381 2783 plura
398 2750 489 2776 dicere
515 2751 641 2785 oportet?
672 2751 769 2779 Annon
790 2753 889 2781 sutlicit
915 2756 1004 2783 omnis

220 2795 447 2822 contmdictionis
466 2803 575 2829 expers,
602 2797 739 2824 Domiuiea
769 2801 915 2834 sententia,
941 2810 1002 2837 quae

1052 1611 1152 1644 ἕτεροι.
1168 1611 1222 1638 Καὶ
1236 1610 1290 1645 γὰρ
1304 1610 1354 1645 οὐχ
1376 1611 1417 1637 ὅτι
1441 1618 1472 1644 γε
1497 1610 1567 1645 ὴρνή
1574 1619 1648 1643 σατο,
1659 1610 1701 1636 δεῖ
1716 1612 1841 1644 σκοπεῖν,

1053 1658 1109 1684 ἀλλ’
1125 1659 1149 1684 ει
1167 1659 1204 1693 μὴ
1219 1659 1254 1695 τά
1267 1658 1319 1693 πρὸ
1341 1658 1437 1684 τούτου
1461 1659 1508 1684 καὶ
1535 1658 1605 1692 μετὰ
1627 1657 1706 1685 τοῦτο
1722 1658 1842 1689 τοιοῦτος

1054 1701 1099 1738 ἦν,
1115 1701 1171 1735 οἷος
1186 1705 1233 1730 καὶ
1244 1704 1314 1739 ὑπὲρ
1322 1703 1370 1730 τοῦ
1384 1703 1522 1730 Δεσπότου
1533 1704 1601 1737 πρὸς
1613 1703 1747 1735 Gauri-toti;
1759 1705 1842 1738 ὁμόσε

1055 1751 1166 1786 χωρεῖν,
1180 1751 1227 1776 καὶ
1243 1751 1267 1776 εἰ
1284 1751 1321 1785 μὴ
1336 1751 1507 1784 παραχρῆμα
1521 1749 1669 1784 γενόμενος
1683 1750 1782 1776 ἑαυτοῦ
1798 1759 1843 1776 πι-

1056 1795 1130 1830 κρῶς
1155 1795 1280 1822 ἔκλαυσε.
1304 1795 1359 1821 Καὶ
1383 1795 1420 1829 μή
1447 1802 1493 1829 μοι
1517 1795 1684 1830 δυτχεράνῃς
1698 1795 1738 1830 τῷ
1756 1797 1846 1830 πρὰγ-

1057 1850 1134 1876 ματι,
1155 1839 1178 1869 ὦ
1204 1843 1248 1869 τὸν
1275 1842 1355 1876 λόγον
1379 1841 1499 1874 ἀκούων,
1515 1841 1541 1868 ετ
1565 1843 1607 1874 τίς
1622 1850 1689 1870 ποτε
1706 1843 1756 1870 νῦν
1774 1843 1845 1877 πρὸς

1056 1888 1197 1915 εὐσέϐειαν
1223 1889 1239 1924 ἦ
1255 1887 1358 1923 ἀρετὴν
1377 1887 1445 1923 ἔρχῃ
1457 1887 1474 1922 ἢ
1491 1888 1642 1924 ἐπανέρχῃ,
1663 1889 1687 1915 εί
1701 1889 1753 1924 τὴν
1774 1889 1846 1923 ἐμὴν

1057 1935 1105 1962 καὶ
1121 1934 1170 1970 τὴν
1189 1935 1236 1961 καὶ
1251 1935 1354 1965 παντὸς
1373 1933 1530 1960 οὑτινοσοῦν
1555 1934 1694 1970 σωτηρίαν
1709 1935 1741 1961 ὲκ
1759 1944 1847 1970 μετα-

1056 1979 1141 2011 νοίας,
1158 1981 1204 2006 ἐπὶ
1218 1979 1320 2014 πρώτῳ
1332 1978 1495 2013 διεχείρισεν
1511 1980 1526 2014 ἡ
1542 1980 1656 2015 πρόνοια.
1674 1981 1784 2015 Πέτρῳ,
1799 1982 1848 2007 καὶ

1057 2025 1103 2051 τὸν
1116 2025 1186 2051 οὕτω
1214 2024 1329 2060 στερρὸν
1346 2024 1435 2059 ἀφῆκε
1451 2026 1556 2059 πεσεῖν,
1569 2026 1696 2052 κάκεῖνον
1722 2027 1848 2062 κρηπίξα

1058 2071 1103 2097 καὶ
1117 2070 1244 2106 θεμέλιον
1266 2070 1304 2102 ὡς
1323 2071 1353 2097 ὲν
1367 2071 1425 2102 τοῖς
1450 2071 1553 2104 ἄλλοις,
1569 2073 1615 2100 καὶ
1631 2073 1681 2107 τῆς
1705 2074 1849 2109 ἡμετέρας

1057 2116 1221 2143 κατεϐάλετο
1236 2117 1391 2151 μετανοίας.
1866 2114 1869 2118 ’

1093 2162 1159 2189 Οὺδε
1187 2163 1242 2198 γὰρ
1257 2163 1319 2194 τοὺς
1336 2163 1395 2194 ἑνός
1421 2172 1453 2198 γε
1478 2163 1524 2190 τοῦ
1548 2162 1598 2198 τῆς
1624 2165 1726 2199 ἀρετῆς
1743 2166 1850 2200 μέρους

1058 2209 1246 2244 κατάρξαντας
1262 2209 1300 2241 ὡς
1323 2210 1449 2244 Ἀϐραὰμ
1466 2211 1552 2237 είπεῖν
1570 2211 1616 2236 ἐπὶ
1631 2211 1782 2245 φιλοξενᾳ,
1801 2213 1850 2237 xal.

1062 2257 1160 2291 Ἰωσὴφ
1177 2257 1223 2283 ἐπὶ
1239 2256 1411 2292 σωφροσύνῃ,
1422 2257 1468 2283 ἐπὶ
1485 2257 1618 2291 πρᾳότητι
1640 2256 1770 2289 Μωῦσῆν,
1800 2260 1851 2284 καὶ

1057 2303 1099 2338 ἐφ’
1113 2303 1198 2338 ἑτέρῳ
1213 2302 1306 2335 ἕτερον
1317 2302 1515 2336 θαυμασόμεθα
1525 2309 1532 2316 ·
1561 2302 1606 2328 τὸν
1622 2302 1649 2328 δὲ
1669 2303 1775 2337 μητρὸς
1791 2303 1850 2328 τῶν

1060 2349 1173 2376 ἀπασῶν
1189 2348 1293 2383 ἀρετῶν
1316 2348 1472 2383 ἀρχηγέτην
1491 2348 1591 2382 Πέτρον
1609 2348 1681 2382 λέγω
1698 2350 1746 2383 τῆς
1761 2358 1852 2383 μετ,-

1057 2395 1143 2427 νοίας,
1153 2394 1189 2426 ὡς
1203 2394 1281 2421 οὐδὲν
1294 2394 1348 2420 τῶν
1363 2393 1496 2428 γενναίων
1516 2394 1725 2427 ’κατωρθωκότα
1755 2403 1852 2430 παρα.-

1057 2440 1250 2477 δραμούμεθας
1267 2439 1337 2467 Πολὺ
1351 2439 1402 2474 μὲν
1420 2439 1475 2466 ταδ’
1492 2439 1525 2466 ἂν
1539 2440 1644 2474 ἀνδρῶν
1668 2438 1703 2475 ἧν
1719 2441 1853 2476 ἀγνωμό-

1057 2494 1120 2513 νων.
1135 2487 1189 2512 Καὶ
1201 2487 1225 2511 εί
1236 2485 1290 2511 τῶν
1303 2485 1368 2512 τσων
1383 2484 1512 2519 ἠξιοῦμεν
1527 2493 1533 2499 ·
1544 2485 1612 2512 ἀλλὰ
1635 2485 1673 2520 μὴ
1695 2487 1852 2520 κεφάλαιον

1060 2531 1199 2563 ἁπάντων,
1219 2531 1232 2557 ὃ
1248 2531 1279 2565 δὴ
1293 2532 1340 2558 καὶ
1352 2531 1424 2561 ei.be
1437 2530 1593 2564 ἐτιθέμεθα,
1617 2531 1664 2556 καὶ
1685 2532 1768 2566 σιγᾷν
1804 2541 1852 2567 μοι

1060 2577 1144 2604 τάλλα
1157 2576 1228 2603 δοκῶ
1243 2577 1297 2603 τῶν
1312 2576 1428 2602 ἐνταῦθα
1454 2575 1672 2611 λεχθησομέυων.
1699 2577 1770 2612 Πρὶν
1802 2587 1854 2604 πε-

1061 2623 1155 2658 ριττήν
1166 2631 1219 2648 τινι
1235 2621 1309 2654 δόξαι
1325 2622 1371 2656 τὴν
1388 2622 1458 2656 ὑπὲρ
1475 2622 1574 2648 τούτων
1601 2622 1753 2655 ἀπολογίαν
1769 2630 1776 2637 ·
1813 2623 1853 2649 ἔτι

1059 2667 1112 2702 γὰρ
1129 2668 1211 2702 φήσει
1224 2675 1263 2698 τις
1282 2667 1345 2697 ἴσως
1361 2667 1446 2693 πλείω
1461 2667 1501 2693 δεῖ
1522 2667 1609 2701 λέγειν
1626 2675 1634 2684 ’
1658 2668 1707 2694 οὐκ
1737 2669 1853 2704 ἀπόχρη

1059 2713 1088 2739 δὲ
1104 2714 1136 2747 τῇ
1154 2714 1307 2746 Δεσποτικῇ
1323 2712 1414 2746 κρίσει
1431 2714 1574 2747 προσεῖναι
1587 2713 1616 2739 τὸ
1632 2713 1851 2750 ἀναντίρρητον,

1059 2759 1076 2793 ἢ
1093 2760 1139 2785 καὶ
1153 2759 1249 2793 Πέτρῳ
1264 2759 1297 2784 τὰ
1312 2759 1407 2794 πρῶτα
1433 2760 1488 2786 τῶν
1516 2759 1605 2787 ἄλλων
1630 2760 1755 2795 ἒνειμεν;
1778 2762 1853 2788 Ἀλλ’

1059 2805 1146 2831 ἐκεῖνο
1163 2805 1208 2831 καὶ
1224 2803 1301 2835 αὖθις
1319 2805 1350 2839 δὴ
1362 2805 1495 2840 λέγωμεν.

221 2842 300 2869 Petro
317 2842 416 2876 primas
429 2843 455 2870 in
473 2851 568 2882 omnes
585 2846 754 2874 concessit“;
767 2847 777 2873 ?
792 2848 889 2881 Vt:qu
905 2850 938 2880 de
959 2851 1001 2879 Itis
1020 2853 1119 2880 iterum
1135 2853 1315 2882 dim-ramus.

259 2900 291 2916 “‘
304 2900 385 2928 Joun.
403 2908 457 2934 HI,
473 2902 514 2929 l7.
