1924 3092
95 130 154 159 lldl

586 129 792 159 ENCOMIUM
814 129 865 158 SS,
884 128 1000 157 PETRI
1019 129 1064 157 ET
1089 129 1216 159 PAULI.

1654 129 1720 161 11οΞ

92 183 223 218 γελμένης
245 182 303 217 ἅμα
320 186 359 219 τῷ
373 184 497 219 Δεσπότῃ
518 183 664 220 καθέδρας,
681 185 734 210 τίνι
762 184 872 215 πλείους

939 185 1002 210 nino
1019 184 1152 215 promissa
1169 184 1302 215 sessione.
1324 184 1387 219 quis
1409 183 1534 218 pluribus
1562 190 1589 211 et
1607 185 1719 220 majori-

91 228 207 260 δόξουσιν
222 229 238 263 ἢ
258 229 368 263 μείζους
385 231 528 264 προσεῖναι
545 239 551 262 ;

123 275 276 310 Στρατηγοὶ
296 276 366 310 μετὰ
389 276 513 309 τούτους,
531 277 577 304 καὶ
595 277 645 304 ὃσα.
671 277 725 304 τῶν
747 279 875 314 ἡγεμονι-

92 321 142 347 κῶν
157 321 300 356 ὀνομάτων
326 321 360 348 τὰ
385 322 493 356 μεγάλα
513 324 676 358 χειρίζουσι,
699 324 825 358 πολέμων
837 325 875 350 oi-

92 367 218 401 χονομίας
233 367 264 402 δὴ
278 367 360 401 λέγω,
382 368 429 394 καὶ
452 369 640 402 στρατοπέδων
657 369 829 403 καταλόγους
846 378 876 396 τε

92 412 135 438 καὶ
155 412 306 445 συντάξεις,
330 413 370 439 ἔτι
394 421 424 439 τε
444 414 533 449 μάχης
548 414 657 448 ἀγῶνας
673 416 875 448 παντοδαποὺς,

92 459 134 484 καὶ
147 458 253 484 πόλεων
268 458 429 493 πολιορκίας
441 468 470 486 τε
486 462 533 486 καὶ
549 460 676 493 ἁλώσεις,
690 462 737 487 καὶ
749 462 799 488 ὅσα
813 463 878 497 περὶ

92 505 163 535 νίκας
181 505 227 531 καὶ
242 506 363 540 τρόπαια
379 506 426 532 καὶ.
444 506 494 542 τὴν
509 506 593 542 ἄλλην
615 508 775 540 ἐξετάζεται
791 508 876 535 λείαν.

92 551 206 585 Οὐκοῦν,
225 552 313 584 οὐδεὶς
328 552 383 578 τῶν
407 553 566 580 ἀποστόλων
593 555 736 588 παρόντων
759 562 878 588 στρατη-

92 597 151 632 γίαν
167 598 319 633 κομπάσει.
330 598 368 624 Οὐ
382 599 437 632 γὰρ
453 600 518 634 περὶ
534 599 653 634 μικρῶν,
668 599 727 626 οὐδὲ
741 601 808 635 πρὸς
823 600 879 627 ὀλί-

92 652 164 677 γους,
180 644 196 680 ἢ
214 643 274 678 μετ’
286 644 396 678 ὀλίγων,
415 644 431 680 ἥ
451 645 496 672 ἐπ’
510 645 602 679 ὀλίγον
617 647 709 677 αὐτοῖς
723 648 736 673 ό
749 647 878 682 πόλεμοτ,

93 691 158 717 ἀλλὰ.
186 691 252 724 ἰτερί⁸
268 690 411 724 βασιλείας
429 691 566 718 ἀθανάτου
591 691 646 718 τὼν
670 693 795 728 οὐρανῶν
810 713 816 725 ,
833 695 880 721 καὶ

94 736 160 771 πρὸς
179 737 272 767 πάσας
287 737 336 768 τὰς
350 736 397 763 τοῦ
412 737 525 769 σκότους
540 738 640 773 ἀρχὰς,
659 740 706 767 καὶ
735 739 794 774 μεθ’
810 741 880 766 ὅσων

93 785 106 811 ὁ
116 784 216 818 κόσμος
232 783 385 818 ἀνθρώπων
400 784 479 818 φέρει
496 785 543 812 καὶ
562 786 605 820 ἐφ’
625 786 687 812 ὅσον
702 786 735 813 ἂν
749 787 881 822 πρῃκραί-

94 837 133 855 νοι
152 829 187 855 τὰ
210 830 260 864 τῆς
280 829 426 863 γενέσεως.
452 829 489 855 Οὐ
507 829 571 865 ,γὰρ
593 830 702 865 ἄδηλον,
718 831 759 857 ὅτι
774 832 821 858 καὶ
834 832 882 858 νῦν

96 875 293 910 στρατηγοῦσιν

130 966 188 994 Οὐκ
211 966 311 1000 ἄτιμον
330 966 400 1001 μετὰ
423 966 536 999 τούτους
559 968 615 1002 ὁρῶ
629 969 724 1004 χρῆμα
738 970 785 996 τὸν
803 979 886 1006 στρασ

96 1015 205 1047 τιώτην.
222 1013 277 1039 Καὶ
298 1013 352 1048 γὰρ
380 1012 497 1039 ἔκτοπον
521 1011 597 1045 οὗτος
623 1014 714 1049 θέαμα
732 1016 780 1042 σὺν
793 1016 886 1047 ὅπλοις

96 1060 242 1095 ὁρώμενος,
261 1061 308 1086 καὶ
335 1061 391 1090 τοῖς
421 1061 528 1095 ἐχυροῖς
555 1061 595 1092 είς
626 1063 721 1096 χεῖρας
749 1063 808 1089 ίών.
832 1064 885 1090 Καὶ

95 1106 174 1132 τοῦτο
198 1107 226 1132 δὲ
245 1106 287 1137 τίς
304 1107 354 1133 οὐκ
379 1107 413 1133 ἂν
427 1107 485 1142 δοίη
499 1108 556 1139 τοῖς
575 1108 737 1140 ἀποστόλοις
752 1117 758 1142 ;
778 1110 814 1136 Οὐ
832 1110 886 1145 γὰρ

95 1154 168 1184 ὅπως
193 1153 257 1184 τοὺς
280 1153 378 1184 ἄλλους
404 1154 474 1189 πρὸς
490 1154 538 1180 τὸν
554 1156 746 1189 πνευματικὸν
762 1156 886 1191 παραθή-

95 1208 189 1233 γοντες
205 1199 335 1234 πόλεμον,
362 1200 439 1226 αὐτοί
456 1209 487 1234 γε
504 1201 625 1235 ἠμέλουν
638 1222 645 1234 ,
664 1202 733 1229 ἀλλὰ.
753 1205 801 1230 καὶ
820 1204 883 1231 καθ’

95 1245 192 1276 αὐτοὺς
210 1246 421 1280 παρετάττοντο,
446 1247 631 1273 Ἐδεδοίκεσαν
649 1247 715 1284 γὰρ,
741 1249 779 1281 ὠς
795 1250 885 1277 αὐτῶν

94 1291 151 1317 ἐστι
168 1291 302 1325 λεγόντων
328 1291 448 1324 ἀκούειν,
477 1292 578 1327 μήπως
600 1293 691 1325 ἄλλοις
706 1295 884 1329 κηρύξαντες,

97 1337 184 1369 αὐτοὶ,
199 1337 237 1371 τῷ
258 1337 293 1363 δι’
310 1337 432 1369 ἐκείνους
449 1338 546 1373 θάρρει
568 1339 743 1374 ψευσθέντες,
760 1341 885 1376 ἀδόκιμοι

93 1385 238 1415 γένωνται.
257 1384 312 1410 Καὶ
336 1384 390 1418 μὴν
413 1385 461 1412 καὶ
475 1385 605 1421 ἀριστεὺς
624 1387 791 1421 στρατιώτου
806 1396 885 1422 περι-

93 1430 271 1464 φανέστερος.
288 1430 320 1456 Τί
334 1431 388 1466 γὰρ
405 1430 501 1457 τούτου
515 1431 617 1466 μᾶλλον
631 1432 664 1459 ἄν
679 1441 721 1463 τις
738 1433 885 1467 ἀγάσαιτο,

93 1477 222 1510 φάλαγγα
244 1476 300 1502 τῶν
315 1477 447 1504 ἐναντίων
465 1477 626 1512 ρηγνύντος,
643 1480 692 1505 καὶ
709 1480 815 1514 τροπὴν
835 1481 885 1507 αὺ-

91 1523 146 1549 τῶν
169 1523 346 1559 ποιουμένου,
365 1524 413 1550 καὶ
439 1525 569 1556 νικῶντος
584 1546 590 1558 ,
608 1527 664 1556 τοῖς
684 1526 755 1558 ὅλοις
779 1527 828 1553 καὶ
847 1528 887 1554 οίς

94 1570 178 1600 xciet;
193 1557 258 1595 αὐτο
271 1569 351 1596 τοῦτο
366 1570 494 1602 διδόντος,
509 1572 556 1597 καὶ
576 1557 660 1606 ¹γέρας
673 1557 860 1606 λαμὸγάνοντος
875 1581 882 1607 ;
899 1557 920 1586 c

92 1616 122 1642 Ei
139 1616 167 1642 δὲ
193 1617 239 1642 καὶ
264 1617 342 1644 τοῦτο
358 1617 422 1648 τοὺς
444 1618 602 1644 ἀποστόλων
618 1618 730 1645 καλέσει
744 1627 797 1651 τις,
817 1620 884 1654 ἁλη-

92 1662 211 1688 Οέστατα
228 1662 336 1689 πάντων
352 1662 498 1699 κεκληκὼς
518 1664 606 1691 ἐσται.
626 1665 681 1696 Τάς
705 1673 737 1698 γε
755 1665 808 1700 μὴν
821 1667 884 1700 ἀρι-

93 1709 206 1742 στείας,
236 1709 269 1740 ἃς
296 1710 368 1735 κατὰ
394 1710 532 1746 δαιμόνων
557 1711 738 1746 ἠρίστευσαν,
755 1713 803 1738 καὶ
828 1713 884 1739 τῶν

92 1753 219 1780 ἐπάθλων
236 1754 267 1780 τὸ
287 1754 400 1788 πλῆθος,
416 1755 457 1781 ὅτι
484 1764 537 1790 περ
561 1757 740 1791 ἐκδηλότατα,
767 1758 814 1784 καὶ
838 1759 883 1784 ἄλ-

92 1800 151 1831 λοις
166 1800 204 1831 ὡς
219 1800 253 1827 ἂν
268 1802 324 1832 τοῖς
339 1801 501 1833 ἀποστόλοις
518 1803 686 1836 χαρίζοιντο.
701 1804 821 1838 παρίημι
836 1812 885 1830 κα-

91 1846 231 1879 ταλέγειν.
263 1845 372 1881 Ταύτης
398 1848 447 1882 τῆς
479 1848 576 1882 μοίρας
601 1850 651 1874 καὶ
671 1849 884 1884 Ὀλυμπιονίκης

91 1890 169 1925 ἆθλῳ
183 1891 351 1926 τιμώμενος,
379 1894 427 1919 καὶ
451 1893 476 1919 οι
500 1894 647 1920 ἀπόστολοι
675 1895 748 1921 κατὰ
774 1895 884 1922 πάντων

92 1938 304 1971 ἀνταγωνιστῶν
322 1939 558 1974 στεφανούμενοι·
577 1939 689 1974 ἔτρεχον
705 1940 760 1975 γὰρ
780 1941 818 1972 ὡς
834 1941 884 1967 οὐκ

91 1984 210 2019 ἀδήλως·
224 1985 376 2012 ἐπύκτευον
401 1985 439 2017 ὡς
466 1986 515 2012 οὐκ
539 1986 608 2021 ἀέρα
636 1986 763 2021 διακενῆς
788 1987 883 2014 παίον-

91 2039 150 2062 τες.

129 2077 260 2112 Πρώτους
286 2077 340 2103 τῶν
366 2078 431 2112 παρ’
445 2077 543 2108 αὐταῖς
562 2077 677 2112 ἄγουσιν
702 2079 731 2105 ai
749 2079 884 2106 πολιτεῖαι

91 2123 157 2155 τοὺς
175 2123 335 2158 νομοθέτας,
352 2121 396 2150 οἷα
412 2124 444 2158 δὴ
457 2123 492 2150 τὰ
506 2124 633 2159 πρακτέα
647 2125 696 2151 καὶ
713 2125 751 2160 μὴ
770 2125 885 2157 ταύταις

92 2170 314 2205 ὑφηγουμένους,
328 2171 376 2197 καὶ
393 2170 450 2196 τίσι
464 2171 527 2202 τοὺς
540 2170 662 2205 ἀγαθούς
677 2180 706 2198 τε
725 2172 772 2198 καὶ
788 2172 885 2206 χρησί-

93 2225 164 2250 μους
181 2217 380 2250 στεφανωτέον,
406 2218 455 2243 καὶ
479 2218 543 2248 τοὺς
561 2218 694 2244 τάναντία
720 2217 824 2245 τούτων
851 2218 884 2253 δὴ
902 2237 925 2266 D

92 2263 252 2289 κολαστέον.
276 2263 357 2289 Ἀλλὰ
383 2262 436 2289 κᾶν
457 2262 513 2296 ἐγὼ
530 2263 566 2297 μὴ
586 2263 658 2297 λέγω
671 2265 748 2290 τουτὶ
763 2264 885 2298 πεφυκέ-

93 2317 138 2334 vat
156 2307 221 2340 τοὺς
239 2308 417 2342 ἀποστόλους,
434 2309 536 2340 πάντες
560 2307 610 2335 οἷδ’
630 2310 672 2336 ὅτι
698 2309 811 2344 βοήσετε
839 2311 887 2335 καὶ

93 2354 250 2389 προθήσετε
280 2354 330 2385 τὰς
355 2355 504 2386 ἐπιστολάς
518 2362 526 2370 '
558 2356 606 2382 καὶ
619 2355 801 2390 προῦαλεῖσοε
823 2355 887 2386 τοὺς

93 2401 125 2426 ἐν
144 2400 242 2432 αὑταῖς
270 2400 383 2435 νόμους,
411 2401 428 2435 ἢ
461 2401 562 2436 μᾶλλον
587 2401 649 2432 ὅλας
679 2401 765 2432 αὑτὰς
789 2402 887 2436 νόμους

93 2445 168 2474 εῐναι
195 2447 362 2473 διατενείσυε
380 2455 387 2462 ο
404 2446 437 2472 δι’
451 2444 488 2472 ὢν
512 2447 573 2481 οὐχὶ
596 2447 676 2481 τήνδε
703 2447 753 2481 τὴν
776 2447 886 2483 πόλινῆ

93 2495 176 2529 τήνδε
196 2494 286 2525 καλῶς
298 2493 373 2520 ἐστιν
388 2493 535 2524 οἰκεῖσθαι,
552 2493 601 2528 τὴν
612 2492 636 2519 δ’
653 2494 817 2528 οἰκουμένην
836 2496 888 2522 πᾶ-

94 2549 148 2567 σαν
169 2539 249 2574 ὁμοῦ.

133 2587 284 2618 Δικασταῖς
308 2586 408 2612 οἰκεῖον
425 2585 533 2621 ἑκάστῳ
555 2585 649 2620 νέμειν
674 2585 708 2612 τὰ
728 2586 884 2622 πρόσφορα.

93 2633 130 2659 Τί
145 2633 174 2659 δέ
188 2641 196 2666 ;
217 2633 400 2666 ’Λπροσφυεῖς
417 2632 484 2666 πρός
501 2640 532 2665 γε
549 2632 628 2658 τοῦτο
643 2632 705 2663 τοὺς
724 2632 889 2664 ἀποστόλους

94 2680 219 2715 ἣκοντας
233 2678 307 2705 ἔστιν
327 2679 407 2712 ίδεῐν;
422 2677 523 2704 Πολλοῦ
539 2677 586 2704 καὶ
600 2678 657 2704 δεῖ·
671 2678 724 2705 κᾶν
737 2679 792 2713 γὰρ
806 2679 889 2705 τᾶλλα

94 2735 139 2756 τις
159 2725 251 2752 αὐτῶν
275 2726 340 2760 σιγῇ
356 2724 535 2759 παραδράμῃ,
554 2725 584 2750 τό
599 2732 630 2758 γε
645 2725 749 2759 κρινεῖν
764 2724 812 2751 ἐπὶ
829 2724 891 2759 ορά-

96 2781 154 2799 νων
180 2772 230 2803 τὰς
254 2771 341 2805 φυλὰς
371 2770 479 2804 Ἰσραὴλ
502 2770 614 2805 ἐξαρκεῖ
643 2770 693 2805 τὴν
727 2769 890 2805 δικαστικὴν

113 2818 224 2852 ξουσίαν
239 2817 404 2852 σοφωτάτων
419 2812 551 2850 δηλῶσαι.

928 229 978 257 bus
993 230 1146 257 cumulatus
1165 230 1238 256 luit?

964 275 1028 302 Post
1045 284 1123 310 reges
1142 280 1295 310 sequuntur
1324 275 1386 303 belli
1415 276 1510 309 duces,
1534 280 1561 303 et
1585 280 1720 310 quotquot

928 322 1043 348 illustria
1060 322 1246 357 praefectorum
1263 323 1422 350 militarium
1441 323 1551 350 nomina
1578 329 1603 350 et
1625 323 1718 349 munia

928 373 1037 402 gerunt,
1057 368 1188 395 bellorum
1217 369 1430 401 administratio.
1457 369 1581 403 inquam,
1613 369 1719 396 exerci-

929 417 1004 439 tuum
1022 414 1138 448 catalogi
1155 419 1180 441 et
1197 414 1318 446 ordines,
1347 415 1423 442 varia
1451 421 1604 449 pugnarum
1628 420 1718 441 certa-

930 459 1016 490 mina,
1035 459 1146 486 urbium
1168 459 1326 487 obsidiones
1352 466 1379 487 et
1411 460 1616 494 occupationes,
1633 464 1660 486 et
1683 466 1715 486 ea

930 512 990 539 quae
1006 505 1038 532 ad
1069 505 1208 536 victorias,
1234 506 1267 532 ad
1292 511 1394 541 tropica
1408 510 1434 534 et
1451 506 1483 533 ad
1501 510 1625 533 caeterum
1650 513 1719 539 pra:-

930 551 993 578 dam
1020 551 1167 585 pertinent.
1195 552 1228 578 At
1267 552 1340 579 enim
1379 552 1557 586 praesentibus
1590 553 1720 586 apostolis

931 598 1060 625 nemo'dc
1085 607 1114 625 re
1135 598 1232 626 bellica
1252 599 1332 626 facile
1355 606 1384 626 se
1398 598 1564 633 iactaverit:
1581 606 1633 626 non
1646 599 1719 625 eiiim

931 644 982 671 fuit
1003 644 1057 671 illis
1073 644 1175 672 bellum
1206 645 1239 672 de
1255 645 1338 672 rebus
1364 645 1482 679 exiguis,
1510 653 1598 679 neque
1624 649 1719 672 contra

932 698 1045 725 paucos,
1061 698 1150 725 neque
1167 698 1228 718 cum
1246 692 1350 725 paucis,
1371 699 1460 725 neque
1476 698 1564 726 pauco
1587 695 1720 725 tempore.

933 737 980 763 sed
1017 737 1051 764 de
1081 737 1228 764 immortali
1256 737 1389 765 caelorum
1416 744 1511 772 regno,
1531 741 1559 764 et
1589 737 1721 764 adversus
1761 735 1768 740 ’

933 789 1028 809 omnes
1061 782 1236 810 tenebrarum
1265 787 1426 817 potestates.
1445 789 1551 809 etcum
1582 785 1632 813 tot,
1656 785 1721 815 quot

934 829 1053 855 mundus
1067 828 1193 856 homines
1207 833 1378 862 progenerat,
1395 833 1421 855 et
1446 836 1588 862 quousque
1608 835 1721 862 genera-

899 873 923 904 B
938 875 975 902 tio
991 875 1132 902 hominum
1153 875 1242 902 durat.
1260 875 1319 902 Non
1334 876 1406 902 enim
1438 875 1584 902 obscurum
1600 878 1652 908 est,
1673 882 1721 902 eos

937 922 1019 949 etiam
1040 929 1114 949 uunc
1138 922 1268 950 militare.

973 967 1037 995 Post
1052 968 1102 996 hos
1125 970 1250 1003 sequitur
1265 969 1354 1001 miles,
1368 968 1439 996 haud
1456 968 1576 1004 ignobile
1589 973 1616 996 et
1641 968 1721 995 inho-

938 1022 1035 1041 norum
1048 1022 1146 1041 nomen
1159 1024 1166 1042 :
1183 1015 1290 1048 insigne
1301 1015 1371 1042 enim
1382 1015 1569 1049 spectaculum
1581 1018 1623 1042 est
1633 1014 1722 1042 videre

937 1066 1072 1088 armatura
1088 1061 1199 1088 militem
1211 1061 1239 1087 in
1251 1061 1343 1088 hostes
1355 1065 1428 1088 recta
1440 1060 1605 1088 tendentem.
1620 1060 1653 1087 Et
1663 1061 1722 1094 quis

938 1107 1007 1135 hanc
1025 1107 1130 1134 laudem
1155 1107 1287 1141 apostolis
1306 1115 1358 1134 uon
1373 1106 1561 1134 concesserit?
1576 1105 1636 1133 Non
1651 1106 1723 1133 enim

938 1153 1005 1180 alios
1022 1153 1048 1180 in
1069 1153 1171 1180 bellum
1188 1152 1330 1188 spirituale
1342 1153 1485 1184 acuebant,
1504 1152 1556 1187 ipsi
1570 1159 1634 1179 vero
1653 1151 1719 1178 otia-

938 1199 1048 1232 bantur,
1069 1201 1115 1227 sed
1129 1205 1155 1227 et
1172 1201 1278 1234 seipsos
1299 1200 1422 1227 hostibus
1441 1198 1616 1234 objiciebant.
1633 1197 1722 1225 Time-

937 1245 1002 1272 baut
1015 1253 1144 1281 namque,
1162 1251 1191 1273 ut
1207 1246 1315 1279 ipsimet
1330 1249 1477 1276 testantur.
1498 1252 1533 1272 ne
1547 1244 1608 1272 aliis
1625 1244 1721 1279 praedi-

936 1297 1031 1320 cantes
1040 1293 1103 1328 ipsi,
1113 1293 1224 1328 proprio
1232 1293 1328 1321 rob0re
1336 1291 1589 1324 falsi,ellicereutur
1600 1291 1714 1325 improbi

936 1339 1016 1373 Atqui
1056 1339 1142 1366 milite
1174 1338 1306 1366 illustrior
1330 1342 1382 1370 est.
1400 1338 1448 1372 qui
1473 1338 1580 1366 lacinus
1600 1337 1724 1365 omnium

937 1385 1177 1418 praeclarissimum
1210 1385 1321 1412 edidit:
1341 1391 1422 1419 quem
1455 1384 1528 1412 enim
1560 1384 1623 1419 quis
1640 1384 1723 1418 magis

938 1431 1070 1465 suspiciat
1086 1431 1150 1463 isto,
1167 1432 1213 1466 qui
1239 1430 1398 1465 phalangem
1414 1430 1540 1457 hostilem
1563 1431 1716 1464 perrumpit

937 1485 1052 1512 eamque
1068 1478 1093 1504 in
1106 1477 1196 1511 fugam
1207 1477 1299 1508 vertit.
1316 1477 1458 1504 victoriam
1473 1477 1597 1507 'obtinet,
1610 1483 1723 1510 eamque

938 1529 991 1551 tam
1027 1524 1176 1554 universis,
1196 1531 1278 1558 quam
1311 1522 1495 1550 familiaribus
1526 1523 1723 1553 communicat.

937 1574 1048 1602 accepto
1076 1577 1190 1596 munere
1228 1567 1398 1596 honorario?
1414 1569 1442 1595 Si
1474 1568 1538 1602 quis
1559 1569 1611 1596 hoc
1632 1568 1723 1596 itidem

936 1618 1047 1645 nomine
1063 1617 1202 1652 apostolos
1223 1617 1369 1652 indigitare
1380 1617 1461 1649 volet,
1488 1617 1512 1643 is
1526 1616 1724 1644 convenientis-

937 1665 1036 1692 simum
1057 1671 1154 1691 nomen
1176 1664 1306 1697 imponet.
1325 1662 1431 1690 Eximia
1455 1663 1528 1690 enim
1555 1663 1636 1696 facta,
1666 1671 1726 1698 quat

937 1715 1032 1738 contra
1048 1712 1185 1738 daemones
1202 1713 1357 1744 patrarunt,
1383 1713 1411 1736 et
1437 1708 1611 1743 praemiorum
1637 1710 1727 1736 multi‘

937 1757 1072 1788 tudinem,
1086 1761 1216 1789 tauquam
1236 1763 1282 1783 res
1297 1755 1468 1786 notissimas.
1497 1759 1524 1781 et
1540 1760 1568 1781 ut
1583 1756 1643 1782 aliis
1662 1763 1726 1790 apo-

936 1802 1013 1830 stolis
1029 1802 1123 1829 eadem
1154 1801 1347 1836 impertieriut,
1368 1800 1548 1834 praetermitto
1561 1808 1726 1829 commemo-

936 1855 1007 1878 rare.
1022 1846 1109 1882 Hujus
1124 1847 1208 1874 sortis
1222 1851 1263 1874 est
1278 1853 1387 1882 quoque
1396 1845 1600 1881 Olympionices
1613 1849 1726 1881 przemio

935 1892 1061 1925 allectus,
1091 1892 1208 1927 apostoli
1241 1900 1351 1927 quoque
1390 1899 1521 1920 coronam
1535 1895 1569 1920 ab
1597 1894 1726 1921 omnibus

934 1939 992 1966 suis
1006 1939 1172 1966 adversariis
1189 1943 1384 1974 reportarunt;
1405 1939 1552 1966 currebant
1568 1940 1641 1967 enim
1670 1949 1724 1968 non

936 1990 965 2012 ut
982 1986 1008 2012 in
1031 1986 1181 2019 incertum;
1196 1986 1364 2021 pugnabant,
1382 1992 1435 2012 non
1453 1985 1532 2020 quasi
1563 1991 1655 2013 aerelu
1680 1987 1724 2013 in-

935 2039 1044 2060 cassum
1061 2032 1248 2059 verberantes.

970 2078 1076 2104 Priums
1086 2083 1178 2104 tenent
1188 2078 1214 2104 iu
1231 2078 1313 2104 rebus
1322 2077 1727 2113 publicislsgislatores.quippe

935 2125 980 2159 qui
1001 2124 1123 2152 facienda
1147 2129 1174 2151 et
1189 2124 1316 2158 fugienda
1337 2125 1524 2158 praescribunt,
1543 2124 1726 2159 doceantque,

936 2172 1035 2206 quibus
1051 2171 1154 2198 laureis
1173 2171 1235 2197 boni
1252 2174 1278 2197 et
1298 2170 1380 2198 utiles
1401 2171 1560 2207 decorandi.
1576 2175 1603 2197 et
1626 2172 1726 2204 quibus

938 2217 1080 2253 suppliciis
1104 2218 1146 2245 his
1170 2216 1309 2244 contraria
1326 2216 1480 2243 factitantes
1509 2215 1643 2243 alliciendi
1660 2217 1724 2244 sint.

939 2264 967 2292 Si
989 2271 1040 2298 ego
1063 2263 1196 2290 atlirmem
1220 2262 1358 2297 apostolos
1384 2267 1435 2289 non
1465 2261 1549 2289 fuisse
1573 2262 1650 2294 tales,
1669 2272 1727 2289 oni-

939 2317 998 2341 ues,
1016 2311 1082 2336 satis
1109 2309 1181 2338 novi.
1198 2307 1401 2340 exclamabitis,
1415 2311 1442 2334 et
1455 2307 1568 2342 prolatis
1593 2307 1725 2341 epistolis.

939 2355 1022 2389 leges,
1040 2362 1108 2388 quas
1120 2354 1270 2386 continent,
1287 2353 1466 2387 deprometis,
1485 2353 1526 2379 vel
1537 2353 1640 2387 :potius
1655 2354 1728 2386 ipsus

940 2400 1068 2434 integras
1083 2398 1224 2433 epistolas,
1249 2398 1286 2425 nil
1304 2399 1376 2425 aliud
1395 2398 1449 2425 nisi
1474 2397 1547 2431 leges
1565 2404 1636 2429 esse,
1665 2404 1729 2423 cou-

940 2446 1065 2477 tendetis,
1086 2445 1186 2480 quibus
1205 2452 1258 2472 non
1286 2445 1344 2472 haec
1373 2444 1415 2471 vel
1453 2443 1497 2470 illa
1538 2443 1645 2475 civitas,
1683 2443 1729 2470 sed

940 2492 1087 2518 universus
1104 2491 1180 2518 orbis
1206 2490 1326 2525 legitime
1344 2489 1555 2516 administratur
1581 2492 1608 2515 et
1627 2487 1730 2522 guber-

941 2542 1033 2564 natur.

977 2582 1124 2610 Familiare
1152 2586 1194 2609 est
1220 2581 1370 2616 iudicibus.
1391 2585 1420 2607 ut
1442 2579 1592 2612 unicuique
1611 2578 1636 2605 id
1657 2578 1730 2612 quod

940 2630 1112 2658 conducibile
1127 2635 1177 2661 est,
1197 2628 1320 2655 reddant.
1346 2625 1416 2659 Quid
1440 2624 1524 2660 ergo?
1541 2624 1610 2651 Num
1630 2625 1664 2651 ad
1682 2625 1731 2650 hoc

942 2678 1048 2711 ineptos
1073 2675 1204 2703 accedere
1229 2673 1415 2709 iudicabimus
1442 2670 1603 2704 apostolus?
1619 2671 1651 2697 Et
1669 2670 1732 2696 lii-ct

942 2724 1003 2758 quis
1016 2723 1067 2750 alia
1083 2721 1193 2749 silentio
1209 2725 1364 2755 praetereat,
1377 2723 1497 2746 attamen
1514 2716 1586 2751 quod
1603 2716 1732 2743 sedentes

942 2777 1025 2804 super
1051 2770 1164 2795 thronos
1179 2766 1329 2802 juxlicaturi
1353 2769 1416 2791 sunt
1436 2763 1578 2791 duodecim
1597 2763 1684 2789 tribus
1697 2762 1722 2788 Is

943 2814 1009 2844 fuci,
1038 2814 1063 2840 id
1081 2814 1148 2840 satis
1171 2817 1212 2839 est
1234 2812 1266 2838 ad
1284 2819 1390 2842 eorum,
1411 2816 1541 2843 tauquam
1565 2808 1730 2842 sapientissi-
1762 2837 1764 2839 _

946 2868 1063 2892 Ill‘)l'lllll,
1078 2859 1251 2896 iudiciariam
1267 2862 1431 2893 potestatem
1458 2855 1663 2884 declarandam.
