1917 3092
186 158 252 191 llO'l

813 154 959 184 MAXlMl
983 153 1173 184 PLANUDlE

1743 145 1809 178 1108

182 215 278 250 πόρῤω
302 213 355 239 τῶν
382 211 480 247 ἰχθύων
497 209 721 246 ἐμφορουμένους
745 208 792 234 τοῦ
809 208 960 243 Θαύματος,
982 208 996 234 ὃ
1013 209 1059 236 καὶ
1078 208 1168 240 ἄλλοις
1183 209 1254 235 τισὶν
1279 206 1422 239 ὼνειδίσϐη
1437 214 1443 222 ·
1475 203 1585 240 Ζητεῖτέ
1611 211 1645 238 με
1686 202 1808 236 ἀκούειν,

181 259 232 294 οὐχ
246 259 287 285 ὅτι
304 259 405 291 σημεῖα
416 257 514 288 εἴδετε,
531 257 588 282 ἀλλ’
603 257 643 281 ὅτι
663 264 713 289 μου
729 255 775 280 τὸν
791 254 873 289 ἄρτον
890 254 1017 288 ἐφάγετε.

218 305 241 332 0
256 313 361 336 vocent,
387 305 429 331 cui
449 304 532 330 etiam
556 303 644 337 pisces
670 302 909 336 obtemperat-unt,
940 307 968 328 ut
983 304 1005 332 Α

183 356 263 378 antca
282 359 356 378 mare
373 355 399 377 et
417 350 507 377 venti!
534 349 556 376 0
575 349 754 382 discipulum,
770 348 815 382 qui
832 352 894 374 ante
909 355 968 374 om-

183 403 233 423 nes
252 395 414 422 miraculum
440 394 594 428 proﬁtetur,
619 394 683 428 quia
710 394 817 428 primus
830 393 968 419 exsilitad

184 439 344 475 Magistrum
360 441 366 466 !
385 439 407 467 Ο
423 439 591 473 discipulum
608 439 654 472 qui
671 439 753 465 etiam
774 445 867 465 contra
882 438 969 465 undas

183 486 285 520 aliquid
299 494 383 513 ausus
396 490 450 517 est,
485 493 546 512 cum
579 489 742 519 praesentem
767 490 893 511 cerneret
913 484 970 510 Ma-

183 532 316 566 gistrum!
338 531 360 559 Ο
377 532 467 558 zelum
495 531 626 558 ferventis
657 531 799 565 discipuli,
821 530 970 557 dilectione

185 578 300 608 incensi,
339 584 433 604 amore
472 577 598 603 indomiti
630 576 776 610 solumque
808 575 968 610 Magistrum

184 623 332 657 spirantis!
350 623 420 656 Quid
447 623 578 656 praeclare
604 622 637 649 de
666 630 695 649 se
718 621 858 656 cogitandi
881 627 907 648 et
930 621 972 648 lo-

184 669 284 704 quendi
301 670 353 696 istc
378 677 432 696 non
447 669 661 696 subministrat?
690 670 787 695 Annon
806 667 838 694 ad
869 668 970 694 cmlum

186 720 253 742 tunc
269 721 365 742 natare
379 714 537 748 videbatur,
553 715 663 750 quando
687 714 818 742 enatabat
835 713 867 740 ad
885 713 971 748 Magi-

186 760 295 788 strum?

222 850 257 877 At
286 851 436 884 permittite
467 851 533 878 mihi
565 855 595 878 ut
623 851 740 885 piscium
768 850 972 877 multitudinem

187 897 220 923 ad
234 905 414 924 numerorum
438 898 567 924 virtutem
593 897 741 928 excutiam,
760 896 824 930 quia
851 904 905 923 non
928 903 970 923 so-

189 942 246 968 lum
262 950 310 976 per
337 943 456 970 unitates
490 948 517 970 et
539 943 669 976 det-ades,
701 943 747 970 sed
765 947 793 968 et
818 949 865 976 per
875 946 973 969 centu-

189 988 256 1014 riam
269 988 403 1021 decurrit,
422 994 449 1016 et
464 990 554 1017 tribus
575 989 783 1023 quadrangulis,
798 993 828 1015 ut
844 989 973 1015 aritbme-
989 978 1011 1007 θ

187 1037 259 1061 ιίιιιιε
277 1036 414 1069 quispiam
432 1035 544 1067 dixerit,
567 1040 687 1062 constat.
708 1035 786 1068 Quod
811 1036 832 1061 si
851 1035 894 1062 cui
909 1042 974 1061 con-

188 1081 312 1113 templari
336 1081 490 1115 jucundum
507 1086 560 1114 est,
590 1090 605 1109 a
631 1081 732 1115 quibus
757 1087 807 1107 tria
829 1081 881 1108 ista
907 1088 974 1115 qua-

186 1125 319 1160 drangula
355 1131 588 1161 progenerantur,
616 1126 699 1160 hujus
729 1126 821 1152 statim
852 1126 972 1160 primum

186 1178 332 1198 numerum
340 1179 432 1206 parem
441 1178 466 1199 ct
476 1172 660 1207 undequaque
670 1172 823 1199 absolutum
835 1172 973 1204 inveniet;

188 1217 261 1244 illius
278 1224 354 1249 vero,
373 1225 435 1245 cum
464 1226 544 1253 quem
570 1219 702 1253 virginem
727 1219 882 1253 appellant;
900 1220 972 1246 tertii

186 1263 315 1298 :‘enique,
329 1271 474 1292 numerum
490 1265 652 1299 perfectum.
671 1266 742 1292 ultra
755 1274 836 1300 quem
851 1266 911 1293 sine
929 1273 973 1292 re-

186 1308 303 1335 llexione
321 1309 447 1344 progredi
466 1318 520 1337 non
543 1311 614 1338 licet.
629 1311 695 1342 Qum
726 1312 818 1338 omnia
834 1311 905 1338 l‘etri
934 1311 975 1346 pi-

187 1355 339 1382 scationem
368 1356 598 1390 perfectissimam
627 1357 713 1384 fuisse
738 1358 872 1390 indicant,
901 1358 974 1392 ejus-

187 1408 240 1434 que
274 1401 301 1427 in
334 1402 464 1430 omnibus
494 1403 702 1438 praerogativam
732 1408 759 1430 et
791 1403 972 1436 maiestatem,

186 1451 320 1481 quantum
344 1447 502 1482 conjectare
522 1448 564 1476 fas
590 1454 642 1480 est,
668 1448 817 1476 declarant.
843 1449 875 1476 Et
892 1450 915 1476 si
933 1449 975 1476 his

187 1493 282 1521 subest
312 1495 436 1528 quaedam
465 1495 547 1527 ratio,
575 1499 657 1529 pront
689 1503 781 1522 revera
808 1496 913 1525 subest.
930 1503 976 1522 ne-

187 1545 240 1573 que
254 1538 326 1565 enim
343 1543 446 1566 temere
462 1540 612 1574 quidquam
630 1540 727 1567 horum
756 1541 797 1567 vel
820 1545 910 1567 actum
934 1541 974 1567 vel

187 1584 320 1618 scriptum
345 1589 398 1617 est,
426 1589 514 1612 oratio
547 1590 635 1612 tamen
667 1588 700 1612 ad
720 1586 793 1612 illam
820 1586 974 1612 accuratio-

188 1637 263 1661 nem,
281 1638 360 1664 quam
381 1632 550 1665 propositam
571 1631 664 1662 habet,
691 1632 845 1666 pertingere
869 1633 973 1666 nequit.

191 1673 315 1702 Voluisse
335 1680 427 1702 autem
451 1683 512 1702 eum
529 1675 575 1710 qui
596 1676 652 1703 haec
678 1677 777 1703 litteris
795 1677 927 1710 prodidit,
948 1681 973 1704 et

189 1722 360 1748 multitudini
383 1727 411 1749 et
439 1723 622 1757 magnitudini
649 1727 771 1756 captura:
787 1723 973 1751 testimonium

191 1769 275 1801 dare,
300 1769 365 1796 inde
389 1775 502 1804 apparet
530 1769 603 1804 quod
634 1778 778 1796 numerum
803 1770 974 1804 perfectissi-

189 1822 265 1841 ntutn
282 1815 428 1842 adhibuit:
448 1823 501 1850 qtto
528 1823 593 1843 sane
615 1816 776 1843 immensam
802 1817 875 1843 illam
903 1817 976 1844 Petri

190 1861 369 1894 piscaturam,
395 1869 449 1896 qua
475 1862 600 1888 homines
616 1862 774 1896 piscaturus
801 1867 872 1896 erat,
891 1867 918 1890 et
934 1871 980 1890 sa-

190 1906 276 1933 lutem
291 1911 395 1941 partam
418 1907 636 1935 luculentissime
655 1908 735 1935 nobis
756 1908 889 1936 exhibuit.
903 1909 978 1936 Con-

191 1955 352 1980 sentaneum
372 1952 444 1978 enim
467 1953 569 1979 rationi
587 1952 743 1985 videbatur,
763 1958 795 1980 ut
814 1962 876 1988 qua:
895 1955 979 1982 mira-

192 1997 238 2023 bili
253 1997 345 2032 aliquo
365 1998 444 2024 modo
459 1997 556 2026 elIecta
582 2003 657 2030 snnt.
679 1999 724 2025 illa
741 1999 841 2027 litteris
865 2002 977 2028 manda-

192 2047 300 2075 retttur,
318 2048 345 2070 ει
368 2051 476 2076 εΟΙἹΙΙΙΙ,
492 2052 553 2078 qua:
579 2046 761 2072 maximarum
785 2054 874 2073 rerum
901 2053 978 2074 erant

192 2089 328 2123 symbola,
365 2089 434 2116 nihil
461 2091 726 2124 prmtermitterctur.
768 2090 843 2119 Talis
874 2092 934 2125 tibi,
961 2100 978 2120 ο

193 2134 287 2167 Paule,
303 2135 478 2169 coapostolus
500 2135 614 2170 obtigit;
636 2136 699 2163 talis
725 2136 785 2168 tibi,
802 2136 892 2169 Petre,
909 2137 979 2164 Pau-

194 2180 247 2211 lus,
264 2182 360 2215 quales
383 2182 472 2208 oratio
501 2182 693 2209 demoustrarc
724 2183 836 2217 quidem
866 2189 976 2217 conata,

192 2227 238 2254 sed
258 2235 432 2263 nequaquam
448 2233 575 2256 assecuta
588 2234 650 2262 est;
666 2230 775 2256 tametsi
797 2230 979 2259 nihilominus

193 2274 233 2300 sic
259 2282 370 2309 quoque
396 2275 497 2309 aliquid
526 2274 733 2303 demonstravit.
766 2274 848 2302 Tales
876 2284 923 2302 vos
953 2281 979 2303 et

988 1656 1011 1687 (Σ

1064 303 1154 336 Ἀλλ’,
1172 303 1194 330 ὣ
1214 303 1304 337 φωνῆς
1328 301 1456 336 ἐκείνηςί
1512 299 1558 325 καὶ
1576 297 1667 333 ἰχθύες
1691 297 1811 330 ὑπήκου-

1022 349 1133 381 σαν,ὡς
1149 350 1214 384 πρὶν
1230 350 1278 376 καὶ
1305 348 1444 381 θαλάσσης
1471 347 1543 380 ὓδωρ
1573 345 1619 370 καὶ
1645 343 1754 377 ἄνεμοι.
1777 340 1811 368 Ὦ

1023 396 1146 431 μαθητοῦ
1165 398 1218 431 πρὸ
1231 396 1342 422 πάντων
1358 393 1556 428 ὁμολογοῦντος
1581 391 1611 418 τδ
1638 390 1744 423 θαῦμα,
1773 388 1812 422 τῷ

1021 444 1138 477 πρώτως
1155 441 1308 476 ἐκπηδῆσαι
1322 440 1390 475 πρὺς
1403 440 1449 466 τδν
1464 437 1630 465 Διδάσκαλον
1644 437 1651 464 ε
1672 434 1707 462 Ὠ
1726 434 1813 469 μαθη-

1021 488 1067 515 τοῦ
1081 487 1255 522 κατατολμᾷν
1270 487 1316 514 καὶ
1333 486 1464 520 κυμάτων
1479 485 1530 519 ἤδη
1546 483 1689 517 γεγονότος
1699 483 1728 508 ὲν
1745 480 1810 513 ἔθει,

1022 534 1145 568 παρόντα.
1173 533 1218 560 τὸν
1241 533 1408 559 Διδάσκαλον
1434 530 1602 566 βλέποντος·
1635 526 1656 554 ὦ
1689 527 1812 562 μαθητοῦ

1023 580 1126 615 θερμοῦ
1146 581 1192 607 τὸν
1207 580 1299 613 ζῆλον,
1317 577 1416 604 πολλοῦ
1440 577 1469 604 τδ
1482 577 1603 611 φίλτρον,
1621 577 1737 610 ἀσχέτου
1768 575 1812 599 τὴν

1023 627 1122 662 ἔρωτα,
1138 627 1183 654 καὶ
1202 627 1280 660 μόνον
1303 626 1348 652 τὸν
1365 624 1530 651 Διδασκαλον
1548 623 1693 653 πνέοντοςῐ
1711 621 1744 646 Ti
1765 620 1813 654 μὲν

1022 674 1078 700 τῶν
1091 672 1202 707 ἀγαθῶν
1220 673 1250 699 οὗ
1270 672 1378 698 δίδωσιν
1391 671 1457 706 ἡμῖν
1475 671 1575 696 ἐννοεῖν
1595 668 1672 699 οὗτος
1688 668 1753 703 περὶ
1767 668 1813 693 αὖ·

1023 720 1088 753 τοῦ;
1106 720 1133 746 τι
1158 719 1186 746 δὲ
1202 719 1231 746 οὐ
1249 718 1359 752 λέγειν;
1383 715 1446 752 ’Ἆρ’
1464 717 1494 743 οὐ
1519 716 1587 750 πρὸς
1612 714 1726 748 οὐρανὸν
1749 714 1814 739 ἁνα-

1023 765 1154 802 νήχεσθαι
1169 764 1318 800 τηνικαῦτα
1333 764 1419 790 ἐδόκει
1437 762 1505 797 πρὸς
1519 762 1564 787 τὸν
1583 759 1751 787 Διδάσκαλον
1769 761 1815 785 ἐκ-

1024 813 1172 848 νηχόμενος
1185 821 1192 844 ς

1061 859 1117 886 Καὶ
1128 857 1240 894 παρίετέ
1258 865 1302 891 μοι
1315 857 1370 883 τῶν
1387 855 1486 890 ἰχθύων
1500 855 1529 881 τὸ
1544 854 1644 888 πλῆθος
1656 853 1717 880 κατ’
1738 851 1817 885 ἀριθ-

1027 905 1085 940 μῶν
1118 905 1233 938 δύναμιν
1245 903 1392 935 ἐξετάζειν,
1408 902 1444 933 ὡς
1458 902 1488 928 οὐ
1503 900 1655 935 μοναδικῶς
1683 898 1715 932 δὴ
1735 898 1816 933 μόνον

1026 953 1073 979 καὶ
1090 951 1250 981 δεκαδικῶς,
1267 949 1335 977 ἀλλὰ
1362 950 1410 976 καὶ
1433 947 1496 974 καθ’
1523 946 1690 974 ἐκατοντάδα
1718 953 1819 977 συγκο-

1026 998 1196 1034 ρυφούμενος
1210 996 1357 1027 δείκνυται,
1369 995 1416 1022 καὶ
1432 994 1470 1026 ὡς
1483 993 1557 1025 τρισὶ
1574 992 1606 1027 δὴ
1633 991 1818 1025 τετραγώνοις

1024 1044 1206 1078 ἀριθμητικὸς
1222 1043 1254 1070 ἄν
1283 1051 1325 1071 τις
1343 1042 1425 1071 εἴποι,
1454 1038 1624 1066 συντέθειται
1641 1046 1649 1054 ⁶
1673 1034 1712 1063 ὧν
1728 1037 1754 1062 sl
1764 1045 1818 1062 τινι

1024 1090 1086 1121 τοὺς
1098 1089 1251 1122 γεννῶντας
1263 1088 1360 1118 αὐτοὺς
1370 1087 1403 1114 ἂν
1414 1087 1526 1113 σκοπεῖν
1540 1081 1584 1120 ἦν,
1594 1084 1640 1110 τοῦ
1654 1083 1703 1119 μὲν
1713 1085 1727 1110 ὁ
1741 1083 1818 1117 πρῶ-

1024 1146 1069 1168 τος
1085 1136 1164 1168 εὐθὺς
1181 1135 1273 1170 ἄρτιος
1290 1134 1322 1160 ἂν
1344 1133 1467 1167 ἀνεφάνη
1479 1140 1486 1147 ⁸
1514 1132 1561 1158 τοῦ
1580 1130 1602 1157 δ’
1625 1131 1654 1157 δν
1681 1129 1819 1164 παρθένον

1024 1183 1181 1217 ὠνόμασαν,
1195 1182 1243 1208 τοῦ
1260 1181 1282 1207 δ’
1301 1181 1346 1206 ἐπ’
1361 1180 1453 1210 αὐτοῖς
1468 1179 1562 1213 τρίτου
1587 1179 1600 1203 ὁ
1630 1176 1745 1208 τέλειος,
1771 1176 1820 1202 καὶ.

1027 1228 1085 1263 μεθ’
1100 1227 1129 1254 ὃν
1145 1227 1194 1253 οὐκ
1208 1227 1265 1252 ἔστι
1289 1225 1448 1260 προϐαίνειν
1475 1223 1512 1258 μὴ
1540 1222 1767 1256 ἀνακάμπτοντα.
1785 1221 1821 1246 Ἀ

1025 1273 1056 1308 δὴ
1077 1273 1167 1299 πάντα
1180 1272 1229 1306 τὴν
1240 1270 1412 1304 τελεωτάτην
1426 1268 1519 1295 ἁλεῑαν
1534 1267 1680 1301 ὑποφαίνει
1696 1266 1743 1293 τοῦ
1769 1266 1822 1291 Πέ-

1024 1327 1107 1354 τρου,
1127 1318 1174 1344 καὶ
1191 1318 1222 1343 τὸ
1233 1317 1335 1351 ταύτης1
1359 1317 1387 1342 ἐν
1416 1316 1483 1341 πᾶσι
1509 1313 1666 1348 πρεσϐεῖον,
1694 1312 1741 1338 καὶ
1770 1311 1822 1346 τὴν

1025 1365 1074 1390 σὺν
1090 1363 1176 1398 τούτῳ
1188 1363 1352 1397 σεμνότητα,
1371 1363 1422 1387 ὅσα
1440 1369 1472 1394 γε
1485 1360 1531 1386 καὶ
1552 1359 1719 1394 συμϐάλλειν
1745 1359 1821 1385 τινά.

1025 1409 1118 1436 Ταῦτα
1134 1409 1188 1443 γὰρ
1202 1409 1226 1435 εἰ
1240 1408 1307 1443 πρός
1321 1417 1384 1434 τινα
1410 1407 1488 1441 φέρει
1515 1406 1605 1440 λόγον,
1631 1406 1678 1432 καὶ
1700 1405 1756 1440 γὰρ
1774 1403 1823 1431 οἷν

1026 1456 1113 1491 φέρει,
1129 1456 1169 1482 ὅτι
1184 1454 1245 1489 μηδ’
1256 1455 1289 1481 ἐκ
1303 1454 1350 1480 τοῦ
1365 1454 1538 1488 παρήκοντος
1561 1449 1639 1486 οἶμαι
1656 1451 1820 1486 πεπρᾶχθαί

1024 1512 1053 1529 τε
1070 1502 1117 1529 καὶ
1129 1499 1364 1536 γεγράφθαι,ἀλλ’
1377 1499 1424 1526 οὖν
1441 1499 1489 1534 οὐχ
1504 1498 1574 1525 ὥστε
1590 1498 1636 1525 καὶ
1666 1499 1717 1532 τῆς
1745 1506 1821 1532 γινο-

1028 1549 1110 1583 μένης
1123 1547 1280 1582 ἀκριϐείας,
1297 1546 1365 1579 πρὸς
1387 1545 1421 1580 ἢν
1435 1546 1449 1572 ὁ
1472 1545 1553 1578 λόγος
1573 1543 1702 1580 βούληται
1727 1553 1824 1579 χειρα-

1026 1596 1137 1628 γωγεῖν.
1156 1593 1337 1628 ἐφικνεῖσθαι.
1352 1592 1397 1627 Τῷ
1414 1592 1441 1618 δέ
1456 1592 1488 1626 δὴ
1505 1593 1553 1618 καὶ
1567 1591 1820 1626 προσμαρτυρῆσαι

1025 1640 1064 1675 τῷ
1081 1640 1178 1674 πλήθει
1193 1640 1240 1665 καὶ
1256 1637 1367 1673 μεγέθει
1381 1638 1431 1672 τῆς
1460 1637 1550 1671 ἄγρας
1579 1635 1646 1671 μηδέ
1670 1635 1752 1671 μέχρι
1773 1636 1823 1662 τοῦ

1028 1685 1074 1712 καὶ
1089 1686 1134 1711 τὸν
1147 1685 1346 1720 ἀκριϐέστατον
1363 1683 1481 1719 ἀριθμὸν
1497 1683 1656 1718 προσθεῖναι
1678 1683 1726 1707 τοῦ
1740 1681 1823 1714 λὲγου

1028 1732 1184 1766 φείσασθαι.
1217 1732 1296 1765 δῆλός
1323 1732 1398 1756 ἐστιν
1415 1731 1430 1756 ό
1458 1729 1546 1756 ταῦτα
1574 1729 1688 1763 γράφων
1704 1729 1755 1761 τὴν
1773 1728 1825 1763 οὐχ

1027 1779 1092 1812 ὅσην
1108 1778 1223 1804 ἂνεῐποι
1251 1786 1294 1808 τις
1325 1776 1435 1803 ἔσεσθαι
1464 1775 1614 1811 μέλλουσαν
1641 1774 1693 1800 ὗπδ
1717 1775 1824 1808 Πέτρου

1027 1824 1082 1852 τῶν
1098 1824 1249 1859 ἀνθρώπων
1262 1823 1355 1850 ἁλείαν
1382 1823 1429 1848 καὶ
1462 1821 1600 1856 σωτηρίαν
1629 1819 1826 1855 ἐκφανέστατα

1029 1870 1182 1906 παριστῶν.
1201 1870 1257 1896 Καὶ
1275 1870 1330 1904 γὰρ
1347 1868 1459 1900 εὔλογον
1474 1868 1562 1894 ἐδόκει
1580 1875 1648 1898 πως.
1667 1867 1684 1893 a
1701 1868 1761 1896 τοῖς
1780 1866 1827 1899 ἔρ-

1028 1927 1087 1952 γοις
1103 1917 1260 1952 θαυμαστὸν
1284 1916 1315 1951 δή
1338 1924 1399 1942 τινα
1416 1914 1518 1949 τρόπον
1548 1912 1684 1948 ἐπράχθη,
1718 1911 1828 1938 τούτων

1031 1963 1069 1993 εἰς
1102 1964 1184 1997 μέσον
1211 1961 1369 1995 προτιθέναι
1391 1960 1455 1990 τοὺς
1469 1960 1575 1992 λόγους,
1595 1959 1642 1985 καὶ
1662 1958 1680 1985 ἃ
1699 1958 1755 1984 τῶν
1776 1966 1826 1992 με-

1029 2009 1131 2042 γίστων
1147 2005 1182 2042 ἦν
1198 2007 1332 2042 σύμϐολα,
1352 2006 1496 2041 μηδοτιοῦν
1515 2005 1569 2031 τῶν
1585 2006 1613 2031 ὲν
1626 2005 1719 2036 αὐτοῖς
1736 2013 1830 2040 παρα-

1029 2053 1157 2080 λείπονται
1168 2053 1267 2087 λέγειν.
1279 2051 1406 2083 Τοιοῦτός
1424 2060 1476 2082 σοι,
1492 2051 1595 2083 Παῦλε,
1610 2051 1623 2077 ὁ
1649 2050 1827 2077 συναπόστο-

1030 2100 1075 2131 λος
1088 2107 1096 2115 ·
1107 2100 1230 2131 τοιοῦτός
1246 2108 1300 2132 σοι,
1318 2100 1417 2135 Πέτρε,
1437 2100 1450 2126 ὁ
1466 2099 1573 2130 Παῦλος
1593 2106 1600 2113 ·
1616 2098 1690 2129 οἴους
1705 2099 1720 2124 ὁ
1748 2098 1830 2132 λόγος

1029 2146 1115 2178 δεῖξαι
1131 2146 1342 2181 προτεθύμηται
1359 2146 1419 2181 μὲν,
1437 2146 1538 2181 ἥκιστα
1550 2146 1574 2172 δ’
1589 2144 1767 2180 ἐφικόμενος,
1784 2145 1830 2170 οὐ-

1030 2192 1075 2219 δὲν
1089 2190 1170 2228 ἦττον
1184 2192 1232 2219 καὶ
1243 2191 1331 2223 οὕτως
1344 2192 1440 2225 ἔδειξε,
1455 2192 1579 2219 Τοιοῦτοι
1605 2192 1696 2226 ὑμεῖς.
1725 2190 1830 2218 Τοσοῦ-

1030 2246 1076 2264 τον
1093 2238 1222 2271 ἐκάτερος
1237 2239 1265 2265 ἐν
1277 2239 1309 2272 τῇ
1331 2238 1482 2273 Ἐκκλησία
1504 2238 1550 2264 τοῦ
1566 2237 1687 2272 Χριστοῦ
1706 2237 1828 2272 ἔχοντες,

1032 2283 1121 2319 ὅσον-η
1136 2283 1236 2318 σελήνη
1254 2285 1282 2310 ἐν
1296 2284 1439 2318 ἄστρασιν.
1457 2282 1539 2318 Οἶμαι
1557 2284 1624 2318 γὰρ,
1641 2283 1747 2318 μηδένα
1762 2282 1829 2308 νοῦν
1855 2300 1858 2314 ε

194 2325 299 2347 tantum
318 2326 433 2354 uterque
457 2322 484 2347 in
506 2320 628 2348 Ecclesia
651 2319 754 2348 Christi
769 2321 876 2352 obinet.
889 2329 974 2356 quan-

1031 2329 1140 2363 ἔχοντα,
1154 2329 1191 2364 μὴ
1210 2330 1349 2365 Θαυμάσαι
1366 2330 1470 2356 τούτων
1486 2330 1515 2356 τὸ
1534 2329 1673 2364 φρόνημα,
1685 2329 1737 2363 τὴν
1753 2329 1829 2355 πολι-
1855 2321 1858 2323 Δ

194 2370 250 2393 tum
285 2368 347 2393 luna
384 2366 456 2393 inter
486 2366 587 2393 sidera.
614 2366 743 2393 Arbitror
766 2366 839 2393 cnim
873 2369 978 2394 nullum

192 2411 292 2438 mentis
309 2416 461 2445 compotem
478 2418 549 2442 esse,
581 2412 627 2446 qui
660 2418 754 2438 eorum
773 2411 857 2438 animi
873 2414 981 2447 inagui-

190 2459 326 2490 tudtnem,
344 2458 580 2485 conversationem
594 2462 622 2485 et
633 2465 716 2492 opera
728 2465 782 2485 non
801 2458 954 2486 admiretur
970 2468 976 2486 :

1034 2375 1120 2405 τειαν.
1143 2375 1172 2400 τὸ
1198 2374 1289 2409 ἔργον,
1311 2375 1341 2401 τὸ
1367 2376 1416 2411 μὲν
1431 2375 1496 2410 γὰρ,
1525 2373 1581 2401 οἷον
1606 2375 1655 2401 οὐκ
1678 2374 1784 2409 ἄλλο,ἡ
1799 2374 1827 2400 δὲ

1033 2420 1160 2453 ἀγγέλοις
1193 2421 1351 2456 ἐφάμιλλος,
1381 2421 1412 2448 τὺ
1438 2421 1466 2448 δὲ
1483 2420 1572 2448 οὐδενὶ
1602 2421 1658 2447 τῶν
1679 2421 1827 2455 πρωτείων

1033 2466 1227 2502 παραχωροῦν.

191 2505 408 2539 magnitudinem
420 2505 529 2540 quidem
542 2504 637 2536 animi,
655 2505 764 2539 qualem
789 2505 852 2532 alibi
880 2513 932 2532 non
954 2508 1077 2539 invenias
1091 2520 1100 2546 ;
1114 2513 1351 2541 conversationem
1365 2513 1469 2549 angelis
1488 2513 1627 2546 similem;
1648 2520 1746 2548 opera,
1768 2519 1828 2548 qua:

191 2552 258 2579 nulli
276 2551 386 2584 cedant,
408 2551 550 2586 multoque
565 2552 658 2579 minus
678 2551 782 2585 primas
797 2552 960 2579 concedant.

226 2651 296 2681 (1pm
313 2649 385 2677 enim
418 2649 503 2683 probe
533 2652 655 2681 nossent,
682 2647 736 2675 sibi
765 2649 888 2675 omnium
911 2656 980 2682 prm-

191 2696 327 2723 l‘ecturam
352 2702 511 2723 concessam
539 2702 612 2726 esse,
641 2694 765 2722 studiose
793 2696 979 2727 cnitcbantur,

192 2747 223 2769 ut
239 2750 335 2769 omnes
351 2742 419 2769 alios
439 2742 533 2769 labore
552 2742 704 2769 vincerent.
730 2742 788 2769 Scit
810 2742 881 2768 enim
898 2742 978 2768 Clialll

192 2788 248 2815 dux
262 2788 337 2821 belli,
361 2789 412 2815 sibi
438 2789 500 2824 plus
523 2788 706 2815 laborandum
731 2795 804 2819 esse,
825 2795 906 2821 quant
922 2789 980 2814 cui-

193 2834 234 2860 vis
246 2835 433 2868 gregariorum
462 2836 594 2863 militum.
611 2835 697 2869 Igitur
725 2840 752 2862 et
777 2835 893 2861 laborat.
921 2834 976 2860 Scit

192 2886 302 2915 quoque
332 2881 498 2914 gubernator
526 2882 612 2914 mnis,
641 2882 702 2916 plus
727 2881 778 2908 sibi
806 2880 972 2914 vigilandum

1073 2649 1127 2675 Καὶ
1142 2650 1196 2684 γάρ
1212 2658 1253 2676 τοι
1279 2649 1429 2680 συνειδότες
1451 2650 1557 2681 ἑαυτοῖς
1581 2649 1630 2685 τὴν
1657 2651 1827 2685 προστασίαν

1036 2696 1144 2722 ’πάντων
1155 2696 1349 2731 ἀνῃρημένοις,
1363 2697 1410 2722 καὶ
1431 2696 1502 2730 ὑπὲρ
1523 2696 1646 2728 ἅπαντας
1661 2698 1719 2728 τοῖς
1735 2699 1827 2729 πόνοις

1035 2743 1171 2777 ἐντρυφᾷν
1189 2742 1407 2776 ἐφιλοτιμοῦντο.
1423 2739 1484 2769 Οἵδε
1499 2743 1551 2777 μὲν
1569 2743 1624 2778 γὰρ
1638 2743 1686 2768 καὶ
1708 2751 1826 2778 στρατη-

1034 2789 1090 2821 γὺς,
1109 2787 1146 2818 ὡς
1158 2787 1286 2813 πλειόνων
1304 2787 1378 2822 αὐτῷ
1396 2787 1440 2814 δεῖ
1458 2789 1556 2820 πόνων,
1573 2789 1589 2823 ἢ
1606 2789 1660 2815 τῶν
1675 2789 1826 2823 ὑποτεταγ-

1034 2834 1121 2867 μένων
1137 2834 1272 2864 ἑκάστοις.
1293 2834 1399 2861 Οὐκοῦν
1426 2835 1471 2861 καὶ
1486 2837 1573 2862 πονεῖ.
1587 2833 1648 2862 Οἶδε
1673 2835 1703 2861 δὲ
1718 2836 1767 2862 καὶ
1778 2845 1825 2863 κυ-

1032 2880 1174 2916 ϐερνήτης,
1193 2881 1292 2916 μᾶλλον
1307 2881 1382 2917 αὐτῷ
1399 2882 1540 2917 προσῆκον
1553 2882 1607 2909 τῶν
1620 2882 1762 2909 ἐπιϐατῶν
1778 2882 1822 2909 καὶ
