1917 3092
118 142 189 173 “09

619 140 820 170 ENCOMlUM
842 141 897 171 S-S.
917 141 1030 170 PETRI
1054 141 1100 170 ET
1114 140 1238 170 PAULI.

1669 139 1735 170 illi)

117 200 223 227 ναυτῶν
240 200 391 233 ἀγρυπνεῖν
404 207 410 214 ·
426 200 523 225 οὐκοῦν
541 200 586 225 καὶ
602 199 765 233 ἐγρήγορεν.
798 200 898 231 Ὄντως

953 209 1025 234 esse,
1059 208 1139 235 quam
1173 199 1329 226 vectoribus
1362 203 1388 224 et
1421 196 1521 224 nautis.
1542 196 1639 230 Vigilat
1657 204 1734 228 ergo.

117 245 235 280 πρόσθεν
251 245 366 280 οὐρανὸς
382 246 462 279 φύσει
483 245 609 279 βοτάνας,
634 246 681 272 καὶ
707 246 824 280 ἀστέρες
849 247 901 280 γῆν

115 291 321 326 διαγράψουσιν,
339 291 355 326 ἢ
371 291 435 322 τοὺς
445 291 612 321 ἀποστόλους
630 291 718 324 ἔγωγε
741 291 825 325 φαίην
857 293 900 324 ἂν,

118 336 155 370 μὴ
173 336 260 362 πάντα
274 336 383 362 πάντων
402 336 538 370 προέχειν.
558 335 588 361 El
604 336 658 370 γὰρ
671 336 708 370 μὴ
720 336 814 370 καὶτῷ
839 336 901 371 χρό-

115 390 154 416 νῳ
169 381 274 412 πάντας
299 381 462 416 προέλαϐον,
490 381 546 407 ἐστι
569 380 592 407 δ’
607 379 644 408 ὧν
659 381 688 407 οὗ
719 382 836 416 μετρίων
854 381 901 407 καὶ

115 427 238 462 δεύτεροι
252 427 320 462 πρὸς
332 428 378 454 τὸν
395 427 451 462 βίον
469 428 608 462 ἀφίκοντο,
631 427 690 454 ἀλλ’
717 427 783 461 ὁμοῦ
812 427 900 453 πάντα

119 473 296 504 συλλαϐόντες
307 474 336 500 ὲν
351 474 458 504 ἑαυτοῖς
481 473 693 509 κατορθώματα,
717 473 763 499 καὶ
791 473 900 499 πάντων

116 519 153 550 ὡς
163 518 203 545 ἔνι
217 519 334 552 μάλιστα
349 520 552 554 ὑπερίδρυνται,
569 520 624 546 Καὶ
638 520 824 554 προκάθηνται
852 520 900 552 μὲν

117 564 275 597 προφητῶν,
287 564 473 599 κροκάθηνται
486 565 513 592 δὲ
525 565 580 591 τῶν
596 565 804 592 συναποστόλων
818 573 825 581 ’
846 565 900 591 τῶν

117 610 178 643 μὲν⁹
193 610 234 636 ὅτι
248 610 304 641 ἶτὰς
329 609 440 637 ἐκείνων
457 612 551 645 ῥήσεις
583 611 735 646 ἐκύρωσαν,
759 613 806 638 καὶ
829 611 900 642 ἅπερ

114 655 228 691 ἐκείνοις
242 653 276 690 ἦν
289 656 318 681 ὲν
329 657 432 689 ἐφέσει,
445 657 548 688 τούτοις
569 658 598 683 ἐν
612 657 770 689 ἀπολαύσει,
783 657 899 692 προέϐη,

113 700 169 727 τῶν
182 700 209 728 δὲ
222 702 262 728 ὅτι
275 710 304 728 τε
316 701 361 728 τὸν
372 703 508 737 Δεσπότην
526 703 657 738 ἐφίλησαν
670 703 752 729 πλέον
779 704 898 735 πάντων,

115 748 161 774 καὶ
197 748 366 782 ἠγωνίσαντο
391 748 472 776 πλέον
501 749 620 775 πάντων.
653 748 845 784 Προκάοηνται
871 748 899 774 δὲ

115 792 263 827 μαρτύρων
278 793 345 827 ὁμοῦ
362 793 409 819 καὶ
417 793 498 820 ὁσίων
513 801 521 809 ·
540 794 607 827 πρὸς
621 794 741 824 ἐκείνους
759 795 812 829 γὰρ
826 794 899 820 οὗτοι

114 837 268 871 βλέποντες,
284 839 309 865 ot
327 839 377 873 μὲν
391 839 459 874 πρὸς
474 840 587 873 opu-toi):
601 839 671 874 ὁμοῦ
694 841 741 866 καὶ
763 840 898 873 ἀοράτους

113 883 236 917 ἐχθροὺς,
253 884 276 910 οἱ
300 884 328 910 δὲ
346 885 414 918 πρὸς
442 885 540 920 μόνους
560 886 727 912 ἀπεδόσαντο
754 886 817 918 τοὺς
839 886 898 912 δευ-

112 929 218 964 τέρους.
242 930 432 965 Προκάϐηνται
461 932 495 958 δι’
518 931 624 966 ἱερέων,
648 932 698 958 ὅσα
720 932 767 958 καὶ
795 932 899 959 παίδων

114 976 232 1010 πατέρες
248 985 255 992 ·
269 977 456 1011 προκάθηνται
470 978 580 1005 πάντων
591 978 659 1011 ὁμοὖ
676 978 766 1005 πάντα
789 978 899 1005 πάντων

116 1021 346 1056 ὑπερϐαλόμενοι.
374 1023 428 1049 Καὶ
442 1024 511 1050 πᾶσι
530 1024 619 1050 πάντα
636 1025 691 1056 τοῖς
718 1024 900 1058 ἐπικαλουμέ-

114 1072 171 1096 νοις
187 1066 286 1097 αὐτοὺς
303 1067 435 1100 γίνονται.
454 1067 539 1094 Τοῦτο
562 1069 617 1103 γὰρ
631 1070 697 1095 αὐτὸ
721 1070 767 1096 καὶ
794 1070 901 1104 περιόν-

114 1119 158 1142 τες
172 1110 212 1138 ἔτι
228 1113 392 1148 παρείχοντο
406 1115 531 1146 ἑαυτοὺς,
549 1115 677 1149 καὶπρὸς
700 1115 778 1142 τοῦτο
795 1116 900 1151 «9006-

113 1165 178 1190 μους
197 1157 275 1193 ἴσμεν
291 1160 389 1190 αὐτοὺς
415 1161 605 1195 γιγνομένους,
622 1161 686 1192 τοὺς
706 1161 823 1195 Χριστοῦ
840 1163 901 1188 στό-

115 1211 152 1238 μα
166 1203 237 1237 λέγω
254 1205 470 1240 γεγενημένους,
495 1207 558 1238 τοὺς
583 1207 666 1241 σκεύη
694 1207 744 1241 τῆς
774 1208 900 1241 ἐκλογῆς,

111 1248 175 1279 τοὺς
192 1249 336 1284 θεμελίους
351 1251 399 1284 τῆς
416 1251 589 1286 Ἐκκλησίας,
602 1252 665 1282 τοὺς
678 1252 777 1286 ταμίας
792 1252 845 1278 τῶν
858 1252 901 1278 οὐ·

114 1295 214 1329 ρανῶν,
228 1295 289 1327 τοὺς
306 1296 351 1322 τοῦ
370 1297 496 1332 Σωτῆρος
518 1297 683 1329 ἀκολούθους
700 1298 747 1324 καὶ
768 1298 900 1332 μιμητὰς,

111 1341 174 1372 τοὺς
191 1342 251 1375 μετ’
262 1342 364 1369 ἐκεῖνον
376 1343 426 1374 τῆς
452 1343 616 1378 οἰκουμένης
646 1344 783 1377 σωτῆρας.
810 1344 902 1370 Ταῦτα

111 1387 159 1413 καὶ
173 1386 275 1414 τούτων
290 1387 331 1414 ἔτι
345 1389 429 1415 πλείω
445 1398 472 1414 τε
487 1390 534 1416 καὶ
555 1390 604 1424 οὐχ
630 1390 716 1424 ἥττω,
738 1386 786 1421 οἷς
800 1390 832 1416 ἄν
859 1397 902 1420 τις

112 1431 220 1467 θαρρῶν
232 1434 373 1468 χρήσαιτο,
398 1435 545 1469 ἀηττήτοις
568 1436 732 1470 προμάχοις,
768 1435 902 1471 ἁρῤαγέσι

112 1479 269 1513 προϐόλοις,
289 1481 440 1515 ἀγρύπνοις
466 1481 576 1515 φύλαξι,
601 1482 771 1517 παρηγόροις
797 1484 825 1508 ὲν
856 1482 902 1508 λύ-

112 1533 188 1556 παις,
202 1526 229 1551 ἐν
241 1526 376 1558 κινδύνοις
391 1527 514 1563 ῥύσταις,
540 1529 643 1563 ἰατροῖς
664 1529 693 1554 ἐν
715 1530 814 1562 νόσοις,
835 1537 896 1555 συν-

112 1570 250 1597 οδεύουσιν
269 1571 294 1597 εί
317 1572 416 1603 caedet,
431 1573 614 1608 κυϐερνήταις
626 1574 650 1600 εί
678 1574 764 1607 πλέοι,
779 1574 832 1606 ζῶν
844 1584 897 1610 κη-

111 1616 216 1652 δεμόσι,
233 1619 280 1644 καὶ
295 1618 382 1645 θανὼν
396 1620 615 1655 ἀντιλήπτορσιν.

113 1665 136 1691 si
152 1666 214 1700 quis
236 1668 287 1695 iter
311 1668 409 1701 faciat,
427 1669 633 1703 gubernatores,
652 1669 675 1697 si
689 1671 752 1705 quis
770 1671 897 1706 naviget,

114 1712 206 1738 habet.

149 1758 199 1787 Ὧν
211 1763 244 1796 τῇ
255 1763 408 1797 προστασίᾳ
419 1763 464 1790 καὶ
480 1764 592 1800 βοηθείᾳ
605 1765 655 1800 ήδη
671 1766 754 1799 κάμοὶ
769 1767 837 1801 πρὸς
852 1766 897 1792 τέ-

114 1806 158 1837 λος
175 1806 289 1840 ὁλόγος,
305 1807 343 1839 ὡς
374 1808 414 1839 εἱς
433 1807 532 1842 λιμένα
556 1810 692 1844 καταίρει.
725 1811 817 1837 Πάντα
849 1811 897 1846 μὲν

113 1851 160 1878 οὖν
175 1853 219 1879 διὰ
235 1853 353 1886 πάντων,
366 1854 395 1880 εὖ
415 1854 486 1888 μάλα
499 1856 553 1885 τοῖς
569 1855 728 1886 ἀποστόλοις
755 1857 897 1891 εἴργασται

114 1901 160 1926 καὶ
176 1901 339 1926 τετέλεσται.
358 1901 392 1927 Τί
405 1900 483 1935 γάρ;
505 1899 615 1936 ἓδείτῷ
644 1902 754 1936 Χριστῷ
784 1903 898 1936 προσελ-

113 1947 189 1978 Θεῖνς
215 1947 381 1981 Προσῆλθον.
407 1947 549 1982 Πανταχοῦ
567 1947 702 1982 κηρύξαις
731 1948 894 1982 Ἐκήρυξαν.

113 1991 206 2018 Πάντα
218 1992 308 2023 καλῶς
323 1992 527 2026 ἁγωνίσασθαις
553 1992 742 2025 Ἦγωνίσαντο.
766 1993 896 2027 Ἐφαμιλ-

112 2039 157 2064 λον
168 2038 197 2064 τὸ
210 2038 295 2073 πέρας
320 2039 379 2069 ταῖς
406 2038 538 2074 πράξεσιν
562 2039 710 2070 ὲπιθεῖναις
731 2038 895 2073 Ἐπέθηκαν.

111 2085 231 2116 Θάνατος
247 2085 300 2118 γὰρ
319 2085 389 2119 ὑπὲρ
405 2085 524 2119 Χριστοῦ
543 2084 628 2119 βίαιος
640 2085 804 2120 παρέπεμψε
828 2085 896 2119 πρὸς

113 2131 241 2165 Χριστόν.
255 2132 310 2157 Καὶ
332 2132 346 2158 ὁ
361 2130 440 2157 τοῦτο
451 2130 576 2165 ,κελεύων
592 2131 698 2166 Νέρων,
719 2132 748 2162 ὃς
777 2133 895 2165 ἐκφανέ-

113 2182 198 2200 στατα
215 2173 366 2208 ἀνθρώπων
380 2174 480 2207 ἔδειξεν
498 2176 513 2209 ἦ
533 2175 612 2209 μόνος
635 2175 651 2208 ἢ
686 2176 817 2210 μάλιστα,
845 2177 896 2202 ὅσα

113 2221 160 2246 καὶ
179 2220 259 2254 ἡλίκα
274 2222 360 2246 ποιεῖν
373 2222 444 2255 ἀρχὴ
460 2223 532 2255 κακὴ
548 2221 659 2248 δύναται
674 2222 760 2248 κακοῦ
776 2223 896 2258 τυχοῦσα

958 249 1022 274 Vere
1041 248 1140 275 cmlum
1158 247 1233 281 prius
1259 247 1365 280 plantas
1391 243 1592 279 progenerabit,
1605 248 1630 268 et
1647 243 1735 269 sti-llis

955 299 1025 320 terra
1047 293 1221 327 insignietur,
1242 299 1325 325 quam
1354 298 1404 324 ego
1427 289 1569 321 allirmem,
1594 289 1733 322 apostolos

953 341 1020 366 istos
1045 339 1071 365 in
1090 339 1217 365 omnibus
1246 343 1273 364 et
1299 344 1381 371 super
1406 343 1500 362 omnes
1521 342 1574 362 non
1600 334 1733 361 eminere.

952 385 1019 412 Nam
1036 385 1098 411 licet
1119 389 1239 417 tempore
1263 390 1316 409 non
1345 381 1545 408 anteverterim
1568 387 1673 411 omnes,
1696 384 1736 405 ta-

953 439 1014 458 men
1034 436 1061 457 et
1077 430 1205 457 secundis
1225 436 1277 455 non
1300 427 1446 455 mediocria
1473 426 1641 461 capessenda
1671 432 1734 458 pro-

952 483 1102 512 ponuntur.
1119 483 1146 504 et
1160 477 1204 504 isti
1225 476 1317 502 omnia
1331 474 1458 510 praeclare
1476 474 1545 500 facta
1562 473 1589 499 in
1610 479 1639 499 se
1662 479 1735 498 com—

953 523 1033 557 plexi,
1056 522 1195 552 omnibus,
1214 528 1295 551 quam
1321 520 1439 547 maxime
1463 519 1522 546 ﬁeri
1540 522 1640 552 potest.
1658 520 1734 543 ante-

953 574 1102 604 ponuntur.
1129 569 1280 596 Prmsident
1310 568 1461 602 prophetis,
1488 565 1632 600 praesident
1648 569 1674 591 et
1688 571 1733 590 ro-

952 615 1190 648 apostoliszillis,
1221 613 1284 648 quia
1316 620 1410 639 eorum
1441 611 1552 638 oracula
1585 610 1732 636 eonlirma-
1771 635 1779 642 ξ

952 665 1024 692 runt,
1039 664 1067 687 ct
1085 667 1144 694 qum
1169 658 1223 686 illis
1239 661 1318 684 erant
1338 658 1363 683 in
1382 655 1493 689 optatis,
1512 655 1608 681 horum
1626 654 1732 680 l‘ructus

951 707 1005 734 illis
1022 713 1174 734 concessus
1188 711 1245 737 est;
1266 705 1338 736 istis,
1361 703 1425 738 quia
1441 703 1501 737 plus
1517 701 1622 728 caeteris
1639 699 1731 726 Domi-

952 760 1014 779 num
1033 752 1188 778 dilexerunt
1216 755 1242 777 et
1267 750 1343 783 plura
1366 756 1447 780 quam
1475 747 1565 774 eaateri
1583 745 1732 773 certamina

951 798 1103 826 subierunt.
1123 796 1272 823 Prmsident
1297 795 1409 828 insuper
1435 792 1598 827 martyribus
1617 791 1732 825 aliisque

952 844 1064 870 sanctis.
1093 843 1131 870 Ad
1161 843 1222 869 illos
1253 841 1325 868 enim
1359 839 1537 874 respicientes
1561 837 1671 869 quidam
1704 841 1732 862 et

950 897 1012 916 cum
1029 888 1238 924 aspectabilibus
1255 892 1282 914 et
1306 894 1367 912 cum
1384 883 1623 919 inaspectabilihus
1638 882 1733 909 adver-

950 935 1031 962 sariis
1057 935 1082 960 in
1108 940 1217 960 arenam
1234 931 1448 962 descenderunt;
1477 930 1521 956 alii
1550 933 1654 956 tantum
1670 934 1732 953 cum

950 979 1204 1015 inaspectabililms.
1221 978 1372 1005 Prmsident
1394 975 1594 1005 sacerdotibus,
1614 977 1642 1000 ιιι
1657 978 1734 1007 pater

951 1027 1026 1054 ﬁliis.
1045 1025 1195 1053 Praesident
1211 1025 1339 1051 omnibus
1353 1023 1435 1051 simul
1452 1028 1547 1048 omnes
1561 1021 1587 1047 in
1606 1019 1734 1046 omnibus

951 1073 1134 1108 supergressi,
1152 1077 1179 1099 et
1203 1071 1331 1098 omnibus
1366 1078 1396 1097 se
1422 1067 1613 1095 invocantibus
1642 1066 1733 1092 omnia

951 1120 1025 1152 facti,
1043 1119 1134 1146 ethoc
1162 1118 1263 1152 ipsum,
1288 1124 1351 1144 cum
1383 1116 1473 1142 adhuc
1494 1115 1521 1141 iu
1544 1118 1616 1140 terra
1641 1119 1734 1146 super-

951 1166 1030 1193 stites
1055 1167 1156 1194 essent.
1188 1166 1313 1198 prompte
1344 1161 1472 1187 omnibus
1501 1159 1677 1194 praestabant,
1706 1161 1734 1183 et

951 1211 1057 1237 alacres
1072 1217 1111 1240 se,
1128 1213 1158 1235 ut
1170 1208 1285 1243 singulis
1302 1207 1532 1241 gratiﬁcarentur,
1555 1203 1732 1231 exhibebant.

951 1256 992 1283 llli
1009 1256 1124 1286 scilicet,
1143 1254 1189 1288 qui
1205 1262 1235 1280 os
1250 1253 1351 1279 Christi
1381 1256 1470 1283 erant,
1498 1257 1562 1277 vasa
1581 1248 1734 1280 rlectionis,

952 1302 1128 1330 fundamenta
1151 1300 1289 1332 Ecclesiae,
1313 1303 1464 1334 quaestores
1485 1297 1628 1328 ccclornm,
1642 1295 1721 1322 Salva

953 1349 1019 1375 toris
1034 1348 1110 1382 pedis
1127 1346 1190 1381 equi
1220 1351 1247 1373 et
1276 1344 1452 1377 imitatores;
1482 1348 1510 1370 et
1552 1348 1613 1377 post
1646 1341 1734 1373 illum,

953 1395 1028 1422 orbis
1055 1400 1189 1421 terrarum
1221 1398 1386 1420 servatores.
1421 1391 1485 1418 Ha'e
1513 1393 1618 1417 suntet
1647 1390 1735 1423 plura,

953 1438 1002 1467 nec
1022 1441 1127 1466 minora
1143 1439 1186 1466 his
1198 1441 1357 1473 supersunt.
1379 1437 1566 1470 apostolorum
1586 1435 1733 1470 przeconia,

953 1492 1022 1520 quos
1038 1485 1101 1519 quis
1121 1483 1235 1510 ﬁdenter
1268 1483 1318 1509 sibi
1348 1482 1475 1514 aseiscat,
1504 1485 1633 1514 tanquam
1664 1479 1734 1506 invi-

911 1542 933 1572 ε
953 1536 1011 1558 ctus
1026 1534 1253 1564 propugnatores,
1279 1527 1480 1562 propugnacula
1499 1525 1733 1563 inexpugnabilia,

951 1576 1081 1602 custodes
1093 1573 1246 1609 vigilantes,
1274 1572 1459 1598 consolatores
1486 1570 1512 1596 in
1541 1568 1675 1598 adversis,
1706 1567 1732 1594 in

953 1620 1085 1655 periculis
1102 1620 1273 1649 liberatores,
1292 1618 1317 1644 in
1338 1617 1440 1643 morbis
1457 1616 1588 1646 medicos,
1608 1615 1732 1646 comites,

918 1678 989 1706 quos
1011 1669 1073 1704 quis
1096 1668 1189 1694 vivens
1212 1669 1365 1698 curatores,
1387 1668 1416 1691 et
1438 1668 1561 1691 mortuos
1594 1662 1734 1696 adjutores

986 1761 1112 1796 Quorum‘
1140 1760 1225 1786 ductu
1259 1763 1285 1786 et
1313 1758 1415 1784 attxilio
1446 1756 1512 1783 mihi
1537 1756 1593 1790 jam
1624 1763 1733 1790 quoque

937 1810 1038 1837 oratio
1069 1807 1102 1834 ad
1132 1806 1223 1837 ﬁnem,
1250 1805 1324 1831 velut
1348 1805 1381 1830 ad
1410 1807 1530 1837 portum,
1563 1802 1730 1835 provehitur.

950 1855 1046 1882 Omnia
1064 1853 1147 1887 igitur
1169 1855 1197 1878 et
1228 1857 1275 1884 per
1307 1849 1399 1875 omnia
1428 1847 1559 1882 apostolis
1586 1847 1729 1874 admodum

951 1901 1035 1935 probe
1064 1901 1172 1932 peracta
1202 1900 1278 1924 sunt.
1309 1894 1379 1927 Quid
1410 1893 1503 1920 enim?
1530 1894 1570 1919 ΑιΙ
1591 1893 1730 1920 Christum

950 1946 1093 1982 oportebat
1115 1943 1264 1971 accedere?
1291 1942 1485 1968 Accesserunt.
1502 1940 1610 1974 Ubique
1635 1940 1735 1973 prtedi-

949 1993 1030 2020 care?
1053 1991 1250 2018 Prazdicarunt.
1275 1988 1303 2014 In
1332 1986 1460 2014 omnibus
1480 1986 1579 2013 bonum
1596 1991 1733 2012 cet-Lumen

948 2036 1244 2066 certare?Certarunt.
1261 2033 1383 2060 Similem
1407 2032 1487 2059 linem
1507 2031 1661 2058 actionibus
1681 2031 1732 2057 im-

949 2083 1072 2119 ponere?
1089 2082 1290 2116 lmposnierunt.
1305 2079 1430 2106 Violenta
1450 2079 1522 2105 enim
1550 2085 1599 2112 pro
1625 2077 1734 2104 Christo

949 2135 1077 2164 suscepta
1097 2136 1170 2155 mors
1187 2127 1220 2154 ad
1233 2126 1372 2154 Christum
1396 2125 1455 2151 illos
1471 2123 1632 2150 transmisit.
1647 2123 1732 2156 Cujus

950 2176 1046 2203 mortis
1074 2179 1169 2201 auctor
1193 2172 1275 2204 Nero,
1294 2171 1339 2206 qui
1363 2170 1403 2198 vel
1425 2171 1512 2201 solus,
1531 2170 1572 2197 vel
1597 2170 1732 2204 praecipuo

951 2222 1104 2249 luculenter
1126 2219 1258 2250 ostendit,
1274 2223 1377 2253 quanta
1393 2223 1420 2244 et
1440 2216 1530 2251 qualia
1546 2216 1666 2243 facinora
1682 2217 1732 2243 im<

112 2266 160 2293 τοῦ
177 2265 342 2300 ἐφεστῶτος.
356 2267 413 2293 Νῦν
426 2267 454 2293 δὲ
468 2267 507 2302 τῷ
528 2268 637 2303 Χριστῷ
654 2268 779 2299 συνόντες
808 2271 836 2295 ὲν
853 2270 896 2296 οὐ-

952 2271 1052 2305 perium
1072 2274 1180 2304 patrare
1196 2268 1291 2301 possit.
1307 2266 1329 2292 si
1353 2266 1453 2291 malum
1468 2264 1609 2298 prn‘sidem
1635 2265 1730 2290 nanci-

114 2313 216 2346 ρανοῖς,
229 2307 251 2345 ᾧ
265 2313 311 2339 καὶ
327 2312 373 2338 ἐπὶ
387 2313 438 2347 γῆς
455 2314 574 2347 συνῆσαν
593 2312 752 2348 ἀχώριστοι,
776 2314 896 2348 ἀπέραν-

110 2366 142 2384 τκ
154 2358 306 2393 χαίρουσιν.

151 2447 230 2482 Ἐμοὶ
243 2448 271 2474 δὲ
284 2448 356 2474 δοκεῖ
370 2446 418 2474 καὶ
442 2447 480 2478 ὡς
504 2447 533 2474 ὲν
559 2447 699 2483 κεφαλαίῳ
722 2448 777 2475 τῶν
809 2448 896 2483 λόγων

111 2495 296 2528 προσειπόντα
312 2494 375 2524 τοὺς
389 2495 555 2525 ἀποστόλους
570 2495 617 2520 καὶ
640 2493 835 2529 ἐπευξάμενον,
848 2496 895 2521 αὑ-

110 2540 174 2567 τῑκα
185 2540 275 2567 δοῦναι
288 2540 326 2575 τῷ
340 2541 410 2575 λόγῳ
422 2540 529 2573 στῆναι.
547 2540 664 2575 Χαίρετε
687 2539 745 2574 οὖν,
761 2538 783 2567 ὦ
808 2541 896 2576 μακά-

112 2595 177 2621 ριοι,
190 2587 310 2621 χαίρετε,
325 2585 442 2620 Χριστοῦ
458 2586 587 2620 μαθηταί.
605 2586 735 2622 Χαίρετε,
745 2587 793 2621 τῆς
805 2588 905 2627 οίκουχ

112 2632 196 2666 μένης
212 2632 377 2659 διδάσκαλοι.
399 2632 454 2658 Καὶ
469 2633 524 2666 γὰρ
540 2632 649 2666 χαίρετε
671 2632 738 2667 ’πρὸς1
759 2630 799 2663 οἷς
827 2634 896 2659 ἀπο-

111 2678 219 2712 λαύετε,
247 2679 278 2705 τὺ
308 2678 439 2713 ὑμέτερον
463 2678 589 2713 ποίμνιον
612 2678 715 2705 ἄνωθεν
743 2678 896 2713 ἐφορῶντες

110 2723 151 2754 εἰς
164 2721 221 2749 οἷον
245 2723 303 2749 ἀνθ’
324 2722 381 2749 οῐου
401 2724 460 2754 ταῖς
487 2723 531 2749 ἀεὶ
552 2723 721 2759 προσθήκαις
751 2724 895 2751 ἐπέδωκεν.

110 2769 143 2795 El.
159 2769 197 2804 μή
211 2777 237 2795 τι
252 2770 429 2804 παραιρεῖται
455 2769 503 2803 τῆς
519 2768 616 2804 ἡδονῆς
640 2769 669 2795 τὸ
688 2770 750 2800 τοὺς
774 2771 897 2797 ἁπαντα-

112 2811 162 2848 χοῦ
174 2813 225 2848 γῆς
240 2812 287 2840 τὸν
301 2813 351 2839 ἕνα
369 2813 487 2847 Χριστὸν
502 2813 755 2848 ἐπικαλεσαμένους
775 2814 843 2841 Θεὸν
862 2815 896 2841 δι’

114 2857 202 2893 ὑμῶν,
217 2859 249 2893 τῇ
262 2857 309 2885 τοῦ
339 2858 456 2892 πονηρτῦ
472 2860 634 2894 κακοτεχνιᾳ
650 2860 772 2895 πολλαχῆ
788 2861 895 2888 διεσπᾶι

951 2321 1053 2343 scatur.
1067 2314 1144 2342 Nunc
1158 2318 1249 2340 autem
1267 2320 1327 2339 cum
1339 2311 1448 2338 Christo
1461 2311 1487 2337 in
1498 2310 1575 2336 cmlis
1591 2309 1729 2343 degentes,

950 2362 994 2389 cui
1009 2362 1090 2389 etiam
1107 2362 1133 2387 in
1149 2360 1229 2387 terris
1242 2357 1464 2392 inseparabiliter
1475 2356 1656 2387 adhtcserant,
1672 2355 1732 2382 sine

950 2406 1004 2433 ﬁne
1015 2406 1164 2433 exsultant.

987 2452 1042 2486 Ego
1062 2458 1125 2478 vero
1139 2449 1295 2477 consultum
1315 2455 1413 2476 censeo
1431 2452 1472 2478 ut,
1492 2446 1555 2480 quia
1571 2444 1729 2471 intermino

951 2504 1108 2527 versamur,
1128 2496 1266 2531 apostolos
1282 2494 1442 2529 compellem
1464 2497 1491 2519 et
1507 2493 1640 2519 inrorcm,
1658 2497 1730 2516 mox-

950 2551 1003 2577 que
1016 2550 1127 2570 cursum
1153 2542 1260 2568 sistam.
1286 2540 1395 2566 Sulvete
1418 2538 1512 2571 igitur,
1534 2544 1550 2562 υ
1572 2535 1654 2562 beati.
1673 2535 1733 2560 Sal-

950 2593 1021 2622 vete,
1041 2588 1142 2615 Christi
1166 2587 1303 2621 discipuli,
1319 2586 1401 2612 totius
1420 2585 1494 2610 orbis
1512 2582 1643 2615 milglslri.
1660 2580 1731 2606 0.2!!—

949 2634 1020 2662 detis
1035 2633 1134 2661 etenim
1165 2634 1235 2660 inter
1267 2633 1374 2667 gaudia.
1402 2633 1502 2666 quibus
1520 2631 1546 2656 in
1572 2628 1642 2655 uelo
1664 2627 1732 2653 frui-

949 2680 1028 2712 mini,
1047 2680 1157 2714 quando
1179 2681 1297 2705 vestrum
1320 2685 1426 2712 gregem
1452 2674 1617 2710 qimtidianis
1641 2673 1732 2700 incre-

949 2726 1050 2752 mentis
1063 2730 1171 2752 aucmm
1191 2723 1330 2758 aspicitis;
1348 2723 1399 2751 nisi
1423 2721 1525 2756 aliquid
1541 2722 1572 2747 de
1594 2719 1732 2752 voluptate

949 2772 1086 2806 decerpat,
1110 2771 1183 2805 quod
1208 2771 1254 2804 qui
1282 2769 1381 2803 ubique
1408 2773 1540 2795 terrarum
1560 2775 1575 2793 a
1593 2766 1671 2793 vobis
1688 2766 1732 2791 in-

950 2816 1038 2843 stituti
1055 2823 1140 2842 unum
1155 2815 1304 2848 Christum,
1327 2819 1355 2841 ut
1381 2814 1477 2845 Deum,
1502 2815 1638 2845 invocant,
1654 2821 1733 2840 caco-

951 2862 1083 2890 dtcmonis
1108 2861 1209 2889 malitia
1233 2860 1410 2888 multilaiiam
1432 2859 1541 2886 dissecti
1562 2860 1635 2890 sunt;
1658 2863 1731 2885 recta
