1917 3092
169 119 236 151 1115

815 117 839 145 Μ
847 117 958 146 AXIMI
982 115 1169 146 PLANUDrﬁ

1736 105 1806 138 lllﬁ

127 177 131 179 ’
166 184 219 212 tur,
235 181 261 206 et
276 178 453 211 intcdigcntia
472 177 593 205 omnium
611 177 691 204 trium
708 177 804 210 Filius,
815 183 843 204 et
869 177 960 204 cliari-
976 177 1000 206 Δ
1014 176 1114 203 donum
1135 175 1180 202 Dei
1197 174 1249 201 nisi
1267 173 1387 209 Spiritus
1402 175 1515 199 sanctus
1529 178 1536 204 ;
1552 177 1603 196 nec
1614 168 1648 196 de
1659 176 1716 203 quo
1728 169 1805 202 geni-

169 230 209 253 tas
229 226 351 252 otnnium
379 226 459 252 ltllllll
480 226 598 259 Spiritus
615 229 738 254 sanctus,
767 225 846 259 quasi
877 225 957 251 Pater

169 280 218 299 nec
234 273 368 306 intelligat
385 273 435 299 sibi
454 280 502 298 nec
516 273 608 306 diligat
626 280 633 305 ;
648 272 694 298 sed
713 271 735 298 ei
754 270 840 297 Filius
855 271 956 298 iutclli-

167 324 222 351 eat.
241 325 264 345 ct
284 319 401 354 Spiritus
416 325 527 346 sanctus
543 319 566 346 ei
578 319 684 354 diligat,
696 319 753 353 ipse
769 325 859 345 autem
873 319 923 346 sibi
931 324 958 346 et

167 365 222 392 illis
236 369 341 392 tantum
356 365 524 398 meminerit;
537 371 563 391 rt
574 365 659 392 Filius
669 373 718 392 nec
734 366 897 396 tncminerit,
909 373 958 391 uec

168 413 260 447 diligat
274 414 335 445 sibi,
350 413 396 439 sed
411 411 565 439 meminerit
580 412 603 438 ei
625 403 716 442 Pater,
751 416 777 439 et
811 412 906 446 diligat
933 413 957 439 ei

168 459 286 494 Spiritus
307 464 430 488 sanctus,
447 458 504 493 ipse
521 463 648 485 autemet
664 458 716 485 sibi
730 465 754 486 et
768 458 820 485 illis
839 462 959 485 lantiun-

168 504 249 531 modo
261 505 407 539 intelligat;
425 505 545 538 itemque
564 503 683 539 Spiritus
698 509 814 531 sanctus
834 513 884 531 nec
901 513 958 532 tne-

167 550 286 580 tninerit,
302 558 352 578 nec
369 550 502 585 intelligat
519 550 582 582 sibi,
599 550 646 577 Sed
661 550 850 578 tnemineritei
867 550 956 583 Pater,

166 600 193 622 et
209 596 376 629 intelligatei
389 596 487 627 Filius,
501 596 559 631 ipse
572 601 662 624 autem
689 600 716 623 et
732 596 784 623 sibi
804 602 830 624 et
843 597 894 623 illis
905 605 958 624 non

167 642 219 668 nisi
232 641 325 677 diligat
339 650 346 669 :
365 643 410 669 sed
425 643 464 669 sic
481 643 582 676 potius,
601 646 629 669 ut
649 643 738 669 omnia
755 643 805 669 tria
821 646 847 670 et
864 651 960 671 omnes

167 691 192 712 ct
207 687 307 721 singuli
327 687 445 714 habeant
462 687 489 713 in
510 694 559 714 sua
576 686 692 722 quisque
710 692 808 715 natura
824 697 830 720 ;
850 696 901 716 nec
919 688 962 716 di-

167 736 240 758 stent
256 732 281 759 in
300 733 339 760 eis
356 733 420 765 ista,
436 733 507 760 sicut
523 734 549 759 in
570 733 647 759 nobis
665 733 738 760 aliud
756 738 798 761 est
817 737 959 768 memoria,

167 781 239 807 aliud
261 787 303 809 est
319 781 509 816 intelligentia.
526 781 602 808 aliud
613 782 722 808 dilectio
735 783 792 810 sive
819 783 959 817 Charitas;

168 827 214 854 sed
231 835 312 854 unum
328 828 430 862 aliquid
445 828 479 855 sit
495 828 570 863 quod
586 829 679 855 omnia
695 829 793 859 valeat.
817 831 888 857 sicut
915 840 961 858 sa-

168 871 282 905 pientia,
296 877 323 899 et
339 873 379 900 sic
394 872 528 900 habeatur
556 873 582 900 in
614 874 828 910 uniuscujusque
851 881 960 910 natura,

169 922 198 942 ut
230 919 276 952 qni
298 919 389 950 halwt,
412 920 463 947 hoc
477 920 596 954 sitquod
613 920 707 951 habet.
733 922 807 950 sicut
833 923 962 951 immuta-

169 963 230 990 bilis
247 965 419 1000 simplexque
434 967 600 994 substantia.

205 1010 232 1037 Si
253 1018 318 1046 ergo
333 1012 389 1039 hwe
402 1013 538 1041 intellecta
555 1020 629 1048 sunt,
646 1021 672 1044 et
691 1022 822 1052 quantum
842 1019 920 1045 nobis
932 1018 957 1045 in

169 1056 251 1084 rebus
268 1058 350 1085 tantis
364 1059 457 1086 videre
481 1065 509 1088 et
534 1062 693 1095 conjectare
721 1072 881 1091 concessum
906 1069 959 1097 est,

167 1109 231 1130 vera
250 1111 312 1131 esse
328 1105 496 1139 claruerunt,
514 1109 605 1135 nescio
620 1116 672 1136 cur
688 1117 742 1137 non
760 1112 832 1138 sicut
847 1111 959 1146 sapien-

169 1148 218 1182 tia,
239 1154 265 1176 et
281 1150 360 1177 Pater
375 1151 477 1179 dicitur
492 1157 519 1180 et
538 1153 637 1187 Filius,
648 1159 675 1182 et
691 1155 809 1190 Spiritus
834 1162 959 1190 sanctus,

168 1199 194 1220 et
213 1194 295 1222 simul
316 1191 411 1224 omnes
429 1205 482 1225 non
503 1203 569 1233 tres,
587 1200 633 1227 sed
661 1209 714 1228 una
745 1202 880 1236 sapientia
900 1211 907 1236 ;
925 1204 959 1230 ita

168 1238 299 1271 cltaritas.
309 1245 334 1267 et
347 1242 427 1268 Pater
440 1243 551 1270 dicatur
565 1248 591 1271 et
611 1245 695 1272 Filius
711 1250 738 1273 et
755 1246 874 1280 Spiritus
888 1256 937 1274 san
947 1263 960 1268 -

170 1293 185 1312 c
198 1293 242 1318 us,
255 1291 282 1313 et
293 1288 375 1315 simul
388 1297 482 1317 omnes
495 1299 546 1317 una
559 1291 690 1319 charitas.
702 1292 746 1320 Sic
757 1296 827 1320 cuitu
841 1298 866 1320 et
879 1294 961 1322 Pater

168 1330 250 1363 Dens,
269 1337 296 1359 et
311 1332 397 1361 Filius
423 1335 506 1366 Deus.
529 1342 555 1363 et
570 1337 692 1369 Spiritus
707 1344 820 1367 sanrtus
836 1339 918 1371 Deus,
933 1345 960 1368 et

170 1378 249 1403 simul
279 1386 372 1406 omnes
389 1389 461 1408 unus
479 1381 560 1410 Deus.
576 1383 607 1410 Et
627 1388 717 1410 tamen
736 1394 790 1412 non
814 1386 914 1413 frustra
933 1387 959 1414 in

170 1422 220 1450 hac
231 1423 363 1453 Trinitate
372 1434 425 1453 non
436 1427 535 1454 diritnr
547 1428 665 1457 Verbum
678 1430 724 1458 Dei
738 1432 790 1459 nisi
802 1432 899 1465 Filius,
911 1441 960 1461 nec

170 1512 218 1539 τοῦ
233 1515 292 1546 νοὸς
309 1515 390 1550 ἡμῶν
406 1516 598 1552 ὑπεδείξαμεν,
623 1520 661 1552 ὡς
680 1522 794 1558 μνήμην
816 1523 866 1558 μὲν
889 1522 960 1552 εἶναι

1013 227 1068 248 ιιιιιι
1088 226 1129 248 est
1147 220 1276 252 Verbum,
1290 227 1341 247 nec
1353 219 1387 246 de
1399 225 1454 253 quo
1472 217 1596 252 procedit
1613 215 1804 251 principaliter

1011 267 1129 301 Spirittts
1141 270 1261 298 sanctus,
1272 266 1324 292 nisi
1335 266 1404 292 Deus
1421 264 1512 292 Pater.
1526 263 1591 290 Ideo
1605 268 1696 291 autem
1709 262 1802 289 addidi

1013 312 1210 347 principaliter,
1222 312 1285 346 quia
1293 316 1319 338 et
1334 310 1367 338 de
1378 310 1448 337 Filio
1459 310 1576 345 Spiritus
1585 314 1698 336 sanctus
1708 316 1806 342 proce-

1011 360 1074 386 dere
1083 360 1228 392 reperitur.
1238 358 1290 385 Sed
1301 358 1353 384 hoc
1372 365 1482 392 quoque
1502 357 1540 383 illi
1553 356 1728 388 Paterdodit,
1747 363 1802 382 non

1010 405 1064 440 jam
1074 406 1259 437 exsistcuti,et
1271 404 1388 431 nomium
1398 403 1571 434 habenti,ced
1587 403 1719 437 quidquid
1738 401 1806 429 Uni—

1012 453 1103 487 genito
1129 451 1215 478 Verbo
1231 452 1315 484 dedit,
1329 451 1465 485 gignendo
1484 450 1569 477 ded't.
1590 449 1636 476 Sic
1658 457 1724 484 ergo
1736 457 1799 476 enm

1012 498 1116 533 genuit,
1129 503 1158 524 nt
1167 498 1248 524 etiam
1261 497 1294 524 de
1306 497 1351 524 illo
1366 498 1467 523 donum
1479 503 1623 523 commune
1635 495 1805 531 procederet,

1012 549 1039 570 et
1053 543 1172 577 Spiritus
1192 547 1316 571 sanctus.
1331 543 1452 576 Spiritus
1471 548 1542 569 esset
1556 543 1710 568 amborum.
1744 541 1802 567 Non

1012 596 1053 618 est
1081 592 1164 626 igitur
1192 590 1350 625 accipienda
1372 592 1561 620 transeunter,
1587 588 1633 615 sed
1660 588 1805 621 diligenter

1013 638 1142 665 intuenda
1172 637 1364 672 inseparabilis
1395 635 1538 662 Trinitatis
1570 635 1622 662 ista
1647 634 1803 660 distinctio.

1013 683 1082 711 "ine
1096 683 1168 710 enim
1179 683 1281 710 factum
1295 687 1337 710 est
1353 685 1382 709 ut
1397 682 1505 717 proprie
1515 681 1562 708 Dei
1579 679 1802 709 Verbuin.etiam

1013 731 1058 758 Dei
1078 731 1217 764 Sapientia
1233 731 1386 764 diceretur,
1403 738 1463 757 cum
1483 730 1518 756 sit
1528 729 1666 764 Sapientia
1680 732 1708 755 et
1725 728 1805 754 Pater

1013 781 1040 804 et
1060 778 1179 811 Spiritus
1199 782 1318 804 sanctus.
1337 776 1364 803 Si
1377 783 1442 810 ergo
1458 775 1566 810 proprie
1582 774 1683 808 aliquid
1703 773 1801 800 horum

1015 824 1096 850 trinut
1112 824 1232 851 Charitas
1250 823 1433 857 nuncupanda
1452 827 1504 854 est,
1521 821 1585 856 quid
1601 821 1692 854 aptius
1719 827 1803 853 quam

1015 875 1043 896 ut
1067 870 1119 897 hoc
1131 873 1166 897 sit
1193 870 1313 904 Spiritus
1343 868 1538 896 sauetus'PUt
1570 868 1675 894 scilicet
1701 867 1729 893 in
1760 866 1805 892 illa

1013 916 1178 953 (Trinitatis)
1208 917 1326 952 simplici
1362 923 1525 950 summaque
1558 921 1655 941 natura
1685 921 1739 940 non
1770 914 1807 939 sit

1012 963 1085 991 aliud
1106 963 1272 995 substantia,
1288 967 1315 989 et
1328 962 1402 989 aliud
1428 962 1560 993 charilas,
1589 961 1635 988 sed
1651 960 1806 988 substantia

1011 1011 1069 1045 ipsa
1083 1010 1120 1037 sit
1138 1009 1267 1042 Charitas,
1289 1013 1316 1036 et
1346 1008 1466 1036 charitas
1484 1008 1543 1042 ipse
1570 1007 1606 1034 sit
1634 1006 1805 1036 substantia,

1012 1057 1070 1084 sive
1089 1057 1116 1083 in
1139 1055 1230 1087 Patre,
1242 1055 1299 1082 sive
1312 1056 1338 1082 in
1354 1054 1436 1087 Filio,
1453 1054 1510 1081 sive
1530 1054 1557 1080 in
1577 1053 1680 1088 Spiritu
1694 1057 1806 1083 sancto,

1012 1108 1039 1130 et
1059 1107 1148 1129 tamen
1168 1102 1278 1136 proprie
1290 1102 1409 1134 Spiritus
1427 1104 1539 1127 sanctus
1550 1100 1672 1126 charitas
1695 1107 1808 1128 nuncu-

1012 1154 1103 1185 petur.
1123 1149 1199 1175 Sicut
1213 1149 1279 1182 legis
1291 1148 1402 1175 nomine
1430 1146 1576 1182 aliquando
1607 1147 1688 1173 simul
1713 1149 1806 1174 omnia

1010 1197 1112 1224 Veteris
1127 1196 1302 1223 instrumenti
1317 1199 1474 1222 sanctarum
1494 1192 1699 1228 Scripturarnm
1716 1195 1805 1230 signi-

1013 1243 1128 1269 ﬁcantur
1142 1241 1262 1276 eloquia.
1279 1240 1344 1268 Nam
1366 1248 1398 1268 ex
1425 1241 1558 1275 propheta
1587 1240 1654 1267 Isaia
1682 1242 1811 1268 testium-

1011 1290 1085 1316 nium
1105 1297 1210 1324 ponens
1222 1288 1380 1322 Apostolus,
1400 1287 1445 1314 ubi
1460 1288 1498 1314 ait
1515 1297 1522 1314 :
1542 1296 1552 1313 ι
1570 1287 1597 1314 In
1612 1287 1674 1314 aliis
1690 1288 1807 1322 linguis.

1011 1340 1038 1362 et
1062 1336 1089 1362 in
1107 1335 1168 1362 aliis
1183 1334 1265 1361 labiis
1288 1333 1382 1368 loquar
1403 1333 1502 1368 populo
1529 1333 1629 1365 huic’,
1647 1343 1656 1359 ι
1675 1334 1810 1367 prmmisit

1011 1386 1102 1409 tamen
1120 1390 1128 1408 :
1146 1390 1155 1407 ι
1175 1380 1203 1407 ln
1216 1380 1274 1415 lege
1290 1380 1424 1413 scriptum
1437 1385 1494 1407 est.
1512 1389 1521 1405 ι
1539 1380 1635 1414 Etipse
1650 1379 1810 1413 Dominus;

1014 1437 1024 1454 ι
1036 1428 1064 1455 ln
1078 1427 1145 1462 lege,
1162 1428 1260 1461 inquit,
1278 1434 1371 1454 eorum
1390 1426 1521 1460 scriptum
1538 1429 1591 1457 est,
1603 1426 1668 1459 quia
1681 1424 1807 1452 Oderunt

1012 1520 1081 1556 ὁμοῦ
1099 1521 1200 1551 πάντες
1219 1519 1269 1554 μία
1291 1519 1399 1553 ἀγάπη.
1430 1518 1509 1545 Οὕτω
1528 1518 1583 1553 γὰρ
1610 1518 1660 1545 καὶ
1682 1519 1696 1544 6
1712 1518 1812 1553 Πατὴρ

171 1560 226 1585 τῶν
239 1561 326 1595 τριῶν
338 1563 448 1590 πάντων
461 1564 505 1590 τὸν
515 1566 636 1601 Πατέρα,
649 1569 696 1594 καὶ
707 1571 801 1600 νόησιν
814 1571 867 1597 τῶν
878 1571 962 1605 τριῶν
977 1573 998 1602 C
1015 1568 1092 1599 Θεὸς.
1111 1567 1159 1594 καὶ
1187 1567 1199 1593 δ
1218 1566 1282 1597 Υἱὸς
1310 1565 1389 1597 θεὸς.
1411 1566 1459 1592 καὶ
1484 1565 1515 1591 τδ
1538 1564 1651 1598 Πνεῦμα
1673 1565 1704 1590 τδ
1730 1565 1811 1599 ἅγιον

172 1607 282 1633 πάντων
299 1607 344 1634 τὸν
369 1609 442 1642 Υἱὸν,
461 1611 509 1637 καὶ
530 1612 642 1648 ἀγάπην
665 1614 776 1641 πάντων
801 1616 857 1642 τῶν
873 1617 960 1650 τριῶν

172 1653 203 1678 ἐδ
231 1653 344 1689 Πνεῦμα
365 1655 395 1682 τὸ
413 1656 504 1690 ἅγιον,
525 1658 563 1688 ὡς
579 1659 625 1685 τὸν
650 1661 760 1696 Πατέρα
791 1663 861 1697 μήτε
888 1664 961 1690 νοεῖν

171 1698 272 1733 ἑαυτῷ,
290 1700 358 1734 μήτε
376 1701 501 1736 ἀγαπᾷν,
520 1703 587 1729 ἀλλὰ
609 1704 655 1730 τὸν
672 1705 736 1731 Υιδν
760 1706 861 1741 ἐκείνῳ
877 1708 960 1740 νοεῖν,

172 1744 220 1770 καὶ
238 1745 268 1770 τὸ
283 1746 397 1780 Πνεῦμα
416 1747 514 1783 ἐκεινῳ
531 1748 654 1784 ἀγαπᾷν,
670 1750 751 1777 αὐτὸν
763 1751 790 1777 δὲ
810 1752 858 1778 καὶ
871 1752 961 1786 ἐαυτῷ

173 1791 221 1817 καὶ
248 1791 365 1823 ἐκείνοις
389 1793 471 1827 μόνον
494 1796 671 1830 μεμνῆσθαι·
699 1797 746 1823 καὶ
766 1799 819 1832 μὴν
845 1799 894 1825 καὶ
914 1800 961 1825 τὸν

173 1837 237 1862 Υἱὸν
258 1838 328 1873 μήτε
352 1841 521 1874 μεμνῆσθαι,
548 1842 617 1876 μήτε
633 1842 746 1878 ἀγαπᾷν
765 1843 866 1876 ἐαυτῷ,
893 1844 961 1871 ἀλλὰ

173 1884 330 1919 μεμνῆσθαι
342 1886 418 1922 αὐτῷ
433 1887 480 1913 τὸν
497 1888 620 1923 Πατέρα,
646 1890 693 1915 καὶ
707 1890 817 1925 ἀγαπᾷν
836 1889 910 1925 αὑτῷ
931 1891 962 1917 τὸ

173 1930 286 1964 Πνεῦμα
304 1931 334 1957 τὸ
353 1932 431 1966 ἅγιον
447 1941 453 1948 ·
472 1934 594 1960 αὑτὸνδὲ
607 1936 655 1961 καὶ
671 1936 761 1969 ἑαυτῷ
775 1936 824 1962 καὶ
842 1937 961 1969 ἐκείνοις

174 1975 253 2009 μόνον
276 1978 347 2002 νοεῖν
359 1985 366 1992 ·
386 1977 426 2005 ἔτι
448 1978 476 2005 δὲ
495 1980 543 2005 καὶ
558 1980 589 2006 τὸ
605 1980 718 2014 Πνεῦμα
745 1982 776 2007 τὸ
790 1981 868 2015 ἆγιον
892 1984 962 2017 μήτε

174 2023 343 2057 μεμνῆσθαι,
384 2026 452 2059 μήτε
482 2027 553 2052 νοεῖν
581 2027 680 2061 ἑαυτῷ,
702 2027 771 2054 ἀλλὰ
802 2029 961 2063 μεμνῆσθαι

173 2068 248 2102 αὐτῷ
271 2070 316 2096 τὸν
339 2071 456 2106 Πατέρα,
473 2072 521 2098 καὶ
534 2073 604 2099 νοεῖν
621 2073 697 2109 αὐτῷ
723 2074 768 2100 τὸν
793 2074 857 2101 Υῐόν
871 2084 878 2092 ·
897 2076 964 2103 αὐτὸ

173 2114 202 2140 δὲ
218 2115 264 2141 καὶ
293 2115 383 2150 ἑαυτῷ
400 2117 449 2143 καὶ
470 2117 589 2149 ἐκεινοις
613 2119 691 2145 οὐδὲν
709 2119 750 2146 ὃτι
774 2120 812 2154 μὴ
830 2120 942 2158 ἀγαπᾷν
955 2129 962 2137 “

175 2160 234 2186 ἀλλ’
251 2160 324 2188 οὕτω
337 2162 439 2196 μᾶλλον
453 2163 490 2195 ὡς
505 2165 593 2191 πάντα
607 2165 640 2191 τὰ
651 2166 715 2201 τρια
737 2167 786 2194 καὶ
798 2167 903 2197 πάντας
917 2167 964 2194 καὶ

175 2206 291 2234 ἕκαστον
307 2207 379 2242 ἔχειν
391 2210 420 2235 ὲν
437 2212 469 2244 τῇ
486 2211 576 2246 οἰκείᾳ
589 2211 707 2239 ἕκαστον
723 2213 814 2246 φύσει.
831 2214 878 2239 καὶ
895 2214 964 2248 μηδὲ

1014 1614 1091 1646 Θεὸς,
1120 1614 1167 1640 καὶ
1193 1613 1261 1645 ὁμοῦ
1292 1613 1393 1643 πάντες
1423 1609 1463 1643 εἷς
1481 1612 1557 1643 Θεός.
1577 1611 1632 1638 Καιὶ¹
1662 1613 1757 1645 μέντοι
1777 1613 1809 1638 οὐ

1017 1661 1106 1695 μάτην
1120 1661 1149 1685 ὲν
1163 1660 1227 1695 τῇδε
1245 1660 1277 1693 τῇ
1289 1658 1385 1691 Τριάδι
1395 1658 1426 1684 οὺ
1437 1658 1548 1690 ὶέγεται
1560 1657 1645 1691 Λόγος
1661 1657 1709 1683 τοῦ
1724 1658 1809 1689 Θεοῦ,

1015 1707 1039 1732 εξ
1060 1707 1096 1741 μὴ
1113 1707 1126 1732 6
1141 1705 1216 1736 Υἱὸς,
1229 1704 1291 1731 οὐδὲ
1309 1704 1394 1737 δῶρον
1418 1702 1497 1734 Θεοῦ,
1509 1704 1533 1729 ει
1551 1704 1589 1737 μὴ
1605 1703 1636 1729 τὸ
1650 1703 1763 1737 Πνεῦμα
1777 1704 1810 1730 τὸ

1015 1753 1103 1786 ἅγιον.
1120 1751 1188 1778 Οὐδὲ
1206 1751 1235 1783 ἐξ
1247 1747 1277 1777 οὗ
1293 1749 1449 1784 ἐγεννήοηὸ
1466 1750 1563 1783 Λόγος,
1579 1749 1625 1775 καὶ
1637 1749 1666 1781 ἐξ
1681 1745 1711 1774 οὗ
1726 1750 1811 1776 ἐκπυ-

1017 1798 1126 1832 ρεύεται
1143 1797 1292 1832 ἀρχοειδιῦς
1310 1798 1340 1823 τὺ
1354 1796 1466 1830 Πνεῦμα
1479 1796 1509 1822 τὸ
1524 1795 1614 1829 ἆγιον,
1630 1797 1654 1822 εἰ
1668 1796 1706 1830 μὴ
1721 1797 1734 1822 6
1754 1797 1811 1822 Πα-

1015 1847 1067 1879 τήρ
1080 1853 1085 1859 ·
1099 1845 1142 1872 διὰ
1155 1844 1233 1870 τοῦτο
1248 1844 1277 1870 δὲ
1296 1843 1456 1877 προσέθηκα
1470 1843 1498 1868 τὸ
1517 1842 1693 1876 ἀρχοειόῶς,
1712 1843 1809 1878 ἐπειδὴ

1015 1891 1064 1916 καὶ
1083 1891 1114 1916 ἐκ
1137 1889 1182 1916 τοῦ
1205 1889 1270 1915 Υὶοῦ
1296 1889 1326 1915 τὸ
1355 1889 1468 1922 Πνεῦμα
1482 1888 1511 1914 τὸ
1535 1889 1615 1921 ἅγιον
1642 1888 1806 1922 εὑρίσκεται

1016 1936 1249 1970 ἐκπορευόμενον,
1262 1934 1321 1960 ἀλλ’
1336 1935 1431 1968 ἐπειδὴ
1444 1933 1492 1960 καὶ
1504 1934 1585 1960 τοῦτο
1594 1934 1668 1968 αὐτῷ
1685 1935 1700 1960 6
1712 1935 1812 1969 Πατὴρ

1016 1983 1129 2014 ἔδωκεν,
1147 1981 1196 2008 οὐκ
1215 1981 1265 2016 ἥδη
1279 1981 1459 2015 ὕφεστηκότι,
1473 1979 1520 2007 καὶ
1534 1980 1618 2014 μήπω
1632 1980 1734 2015 ἔχοντι,
1748 1981 1813 2007 ἀλλ’

1017 2030 1030 2056 ὅ
1042 2037 1069 2055 τι
1081 2028 1148 2055 πυτὲ
1166 2028 1205 2062 τῷ
1220 2028 1362 2062 μονογενεῖ
1375 2027 1454 2061 Λόγῳ
1470 2026 1596 2060 δέδωκεν,
1610 2026 1639 2052 ὲν
1654 2027 1694 2060 τῷ
1709 2029 1814 2063 γεννᾷν

1016 2074 1145 2105 δέδωκεν,
1162 2073 1248 2104 οὕτως
1264 2073 1319 2108 ἄρα
1347 2073 1431 2099 αὑτὸν
1458 2072 1619 2105 ἐγέννησεν,
1645 2072 1682 2104 ὡς
1698 2073 1757 2099 ’καὶ
1783 2074 1814 2107 ἐξ

1017 2119 1100 2146 αὑτοῦ
1125 2119 1155 2145 τὸ
1171 2119 1260 2153 δῶρον
1278 2119 1369 2144 κοινὸν
1388 2117 1589 2152 προέρχεσθαι,
1615 2118 1663 2145 καὶ
1697 2119 1814 2155 Πνεῦμα

1017 2166 1094 2199 ἆγιον
1110 2162 1180 2191 εἶναι
1201 2165 1315 2198 ἀμφοῖν.
1336 2163 1393 2190 Οὐκ
1409 2162 1464 2197 ἄρα
1480 2163 1638 2196 παροδικίυς
1657 2163 1723 2195 ἀξία
1737 2165 1811 2198 λαμ..

1016 2211 1159 2242 ϐάνεσθαι,
1183 2209 1241 2237 ἀλλ’
1268 2209 1408 2244 ἐπιμελῶς
1438 2209 1653 2235 ἐπισκοπεῖσθαι
1675 2211 1691 2242 ἡ
1720 2211 1810 2236 5151.2!-

173 2253 325 2280 διίστασθαι
346 2255 375 2281 ἐν
399 2256 607 2289 αὑτοῖς·ταῦτα,
622 2257 718 2293 ὥσπερ
748 2259 777 2284 ἐν
802 2260 869 2294 ἡμῖν
897 2260 962 2287 ἄλλο
979 2253 1001 2280 D
1018 2267 1096 2295 ρετος
1117 2257 1187 2292 αὕτη
1205 2257 1254 2292 τῆς
1273 2257 1389 2292 Τριάδος
1418 2255 1560 2287 διαστολή·
1589 2255 1732 2282 Ἐντεῦθεν
1753 2259 1810 2291 γὰρ

175 2300 224 2334 μὲν
239 2302 255 2335 ἡ
272 2302 378 2336 μνήμη,
394 2302 459 2329 ἄλλο
475 2303 503 2329 δὲ
520 2304 536 2338 ή
553 2304 657 2340 νόησις,
670 2304 765 2337 ἕτερον
780 2306 808 2332 δὲ
824 2307 840 2341 ἡ
855 2307 959 2342 ἀγάπη,

173 2345 232 2372 ἀλλ’
251 2344 322 2374 εἷναί
339 2356 365 2374 τι
381 2348 412 2374 τὺ
425 2349 516 2376 πάντα
530 2349 694 2385 δυνάμενον,
712 2351 806 2387 ὥσπερ
831 2353 847 2387 ή
867 2355 958 2388 σοφία,

174 2394 220 2419 καὶ
237 2393 324 2425 οὕτως
345 2393 455 2429 ἔχεσθαι
472 2396 502 2420 ὲν
531 2396 590 2427 ἐνὺς
605 2397 721 2424 ἑκάστου
740 2399 832 2432 φύσει,
859 2398 897 2430 ὡς
915 2400 960 2426 τὶν

172 2440 233 2467 τόδε
250 2449 276 2467 τι
298 2440 395 2475 ἔχοντα
410 2438 482 2469 εἶναι
494 2442 509 2468 ὃ
525 2442 591 2478 ἔχει,
607 2442 645 2474 ὡς
659 2443 796 2479 ἄτρεπτον
809 2446 960 2481 καὶάπλῆν

171 2487 276 2515 οὐσίαν.

208 2533 286 2560 Οὕτω
305 2534 355 2569 μὲν
375 2534 422 2562 οὖν
441 2535 529 2563 ταῦτα
546 2537 686 2573 νενόηται,
702 2539 749 2565 καὶ
779 2540 877 2566 ὁπόσον
895 2542 961 2575 ἡμῖν

170 2581 198 2606 ὲν
212 2580 382 2615 τηὶικούτοις
401 2582 564 2618 πράγμασιν
582 2584 646 2610 ἰδεῖν
665 2586 849 2620 στοχάσασθαι
862 2596 961 2621 συγκε-

172 2625 307 2662 χώρηται,
325 2627 414 2662 ἀληθῆ
428 2627 493 2654 ὄντα
515 2629 651 2664 ἀνεφάνη.
678 2631 734 2657 Οῖικ
750 2629 808 2658 οἶδα
821 2633 848 2658 δὲ
866 2633 891 2659 τι
915 2633 961 2667 δή-

174 2679 240 2697 ποτε
256 2672 294 2706 μὴ
312 2671 408 2707 ὥσπερ
422 2673 502 2706 σοφῐα
524 2675 571 2700 καὶ
587 2676 600 2701 6
616 2675 710 2711 Πατὴρ
733 2677 854 2710 λέγεται,
880 2679 929 2703 καὶ
947 2679 960 2704 ὀ

172 2717 248 2750 Υἱὸς,
270 2717 319 2744 καὶ
339 2718 369 2744 τὸ
383 2718 495 2753 Πνεῦμα
510 2726 541 2746 το
554 2719 642 2754 ἅγιον,
658 2722 706 2748 καὶ
725 2722 794 2755 ὁμοῦ
809 2724 910 2754 πάντες
929 2724 959 2750 οὐ

170 2764 256 2798 τρεῖς,
280 2764 350 2790 ἀλλὰ
368 2765 418 2800 μία
436 2766 531 2800 σοφία,
550 2766 637 2799 οὕτως
665 2768 759 2803 ἀγάπη
777 2769 824 2795 καὶ
838 2770 852 2795 6
867 2770 961 2804 Πατὴρ

171 2809 293 2842 λέγεται,
308 2811 357 2837 καὶ
380 2811 394 2837 6
409 2810 487 2845 Υἱὸς,
508 2813 557 2840 καὶ
575 2814 605 2840 τὸ
621 2814 735 2849 Πνεῦμα
751 2815 781 2842 τὸ
798 2816 888 2849 ἅγιον,
913 2817 962 2843 καὶ

208 2867 218 2883 ¹
234 2867 319 2896 lCor.
334 2876 390 2902 xtv,
407 2869 452 2898 21.

1015 2307 1127 2341 γέγονεν
1147 2305 1184 2337 ὡς
1200 2305 1305 2339 κυρίως
1319 2304 1365 2330 τὸν
1383 2302 1430 2328 τοῦ
1445 2302 1512 2328 Θεοῦ
1528 2303 1616 2335 Λόγον
1627 2303 1696 2328 Θεοῦ
1710 2304 1809 2337 σοφίαν

1015 2352 1153 2386 λέγεσθαι,
1170 2350 1260 2376 καίτοι
1274 2349 1320 2375 καὶ
1335 2348 1381 2374 τοῦ
1399 2347 1505 2381 “ergo;
1532 2348 1629 2379 σοξὶας
1653 2346 1743 2379 ὄντος,
1761 2349 1811 2374 καὶ

1015 2399 1061 2426 τοῦ
1083 2398 1161 2432 ἁγίου
1177 2396 1349 2431 Πνεύματος.
1366 2395 1397 2421 Εἰ
1414 2395 1506 2420 τοίνυν
1531 2393 1636 2428 κυρίως
1650 2395 1706 2420 τῶν
1723 2395 1811 2429 τριῶν

1014 2452 1041 2470 τι
1069 2443 1173 2470 τούτων
1194 2442 1307 2476 ἀγάπην
1323 2439 1509 2474 ὀνομάζεσοαι
1537 2439 1602 2473 χρὴ,
1629 2439 1657 2464 τί
1684 2441 1745 2465 ποτ’
1775 2441 1809 2467 ἂν

1015 2488 1219 2524 ἁρμοδιώτερον
1249 2487 1293 2520 εἴη
1317 2485 1390 2512 τοῦτ’
1425 2481 1496 2510 εἶναι
1531 2483 1548 2518 ἢ
1577 2483 1607 2509 τὸ
1633 2484 1748 2518 Πνεῦμα
1778 2486 1810 2511 τὸ

1015 2536 1113 2569 ἆγιον;
1129 2534 1167 2566 ὡς
1189 2535 1220 2560 ὲν
1233 2532 1328 2568 ἐκείνῃ
1343 2531 1443 2566 δηλαδὴ
1459 2531 1492 2565 τῇ
1507 2530 1580 2564 ἁπλῇ
1598 2531 1645 2556 καὶ
1663 2531 1806 2567 ἀκροτάτῃ

1016 2582 1097 2615 φύσει
1123 2579 1160 2615 μὴ
1183 2577 1253 2606 εἶναι
1273 2579 1367 2613 ἕτερον
1387 2578 1436 2612 μὲν
1464 2577 1513 2610 τὴν
1535 2577 1643 2609 οὐσίαν,
1659 2577 1755 2612 ἕτερον
1782 2580 1810 2606 δὲ

1015 2629 1063 2662 τὴν
1082 2628 1205 2661 ἀγάπην,
1234 2624 1293 2652 ἀλλ’
1330 2623 1425 2650 οὐσίαν
1452 2620 1524 2648 εἶναι
1544 2623 1594 2654 τὴν
1619 2622 1744 2658 ἀγάπην,
1763 2626 1810 2650 καὶ

1014 2673 1069 2708 τὴν-
1080 2674 1192 2707 ἀγάπην
1218 2670 1314 2697 οὐσίαν
1337 2670 1392 2695 εἴτε
1411 2670 1440 2694 ὲν
1464 2667 1504 2699 τῷ
1521 2668 1621 2703 Πατρὶ,
1634 2668 1690 2694 εἴτε
1715 2670 1745 2695 ἐν
1772 2670 1810 2704 τῷ

1018 2720 1085 2755 Υἱῷ,
1102 2719 1158 2746 εἴτε
1180 2720 1208 2744 ἐν
1225 2717 1265 2751 τῷ
1281 2716 1352 2750 ἁγίῳ
1369 2715 1530 2750 Πνεῦματι;
1556 2714 1655 2748 Ὅμως
1670 2715 1764 2749 μέντοι
1781 2718 1810 2742 τὸ

1015 2767 1129 2801 Πνεῦμα
1143 2765 1174 2791 τὸ
1188 2764 1266 2798 ἅγιον
1281 2764 1383 2798 κυρίως
1400 2763 1512 2796 ἀγάπην
1534 2763 1790 2797 προσαγορεύεσθαι
1800 2773 1807 2779 ·

1016 2815 1112 2849 ὥσπερ
1137 2813 1185 2840 καὶ
1209 2811 1248 2846 τῷ
1264 2810 1312 2837 τοῦ
1338 2810 1422 2844 νόμον
1445 2808 1560 2843 ὀνόματι
1582 2809 1659 2836 ἔστιν
1678 2810 1724 2838 ὅτε
1740 2810 1808 2844 ὁμοῦ
