1917 3092
138 137 206 169 1117

579 138 790 170 TRANSLAT.
807 140 836 170 S.
859 141 1076 172 AUGUSTINI
1101 143 1149 172 DE
1164 142 1312 174 TRINIT.

1687 142 1755 176 1118

137 203 180 224 me
202 194 285 230 gratis
299 194 310 210 ⁸
330 203 337 221 :
357 203 365 220 ι
385 201 444 221 cum
470 194 521 221 hoc
546 193 650 228 legatur
672 195 699 221 in
722 193 840 222 Pealmo.
864 195 921 221 Ali-
936 197 959 225 Α
975 199 1166 226 ttuivcrsaliler
1181 199 1301 227 cbaritas
1316 203 1343 226 et
1355 200 1436 226 Pater
1459 201 1485 225 et
1504 199 1598 226 Filius.
1629 199 1681 226 Sed
1713 200 1758 226 Dei

136 243 248 279 quando
265 247 357 270 autem
375 242 484 277 proprie
497 247 610 270 vocatur
623 242 675 274 lex,
692 250 753 277 qua:
780 243 844 270 data
878 247 921 270 est

138 299 185 323 per
197 290 306 324 Moysen
323 290 474 317 Secundum
490 290 561 324 quod
577 290 680 317 dictutn
699 295 742 317 est
761 299 768 317 ε
785 299 794 315 ‹
812 290 866 316 Lex
895 293 922 316 et

138 336 276 370 propheta
293 343 378 370 usque
400 337 432 363 ad
447 335 577 364 Joannem
591 337 613 363 ⁸.
631 346 640 363 ›
658 337 689 363 Et
706 345 713 364 :
731 346 740 362 ι
758 335 785 363 1η
805 336 846 362 bis
858 335 923 362 dno-

139 381 190 409 bus
201 383 345 417 prmceptis
359 386 415 409 tcta
432 383 474 409 lex
491 383 592 417 pendet
606 387 634 410 et
657 382 797 418 propheta-
809 383 830 408 '.
847 391 857 408 ι
876 382 924 409 llic

138 428 234 462 utique
245 429 354 463 proprie
370 428 410 455 lex
443 429 576 464 appellata
603 433 645 456 est
667 429 701 456 de
719 434 810 456 monte
834 427 897 455 Sina
915 435 924 461 ;

139 472 331 506 prophetarum
360 479 452 501 autem
476 476 584 502 nomine
600 474 682 502 etiam
714 473 809 508 psalmi
838 473 924 508 signi-

140 518 213 546 ﬁcati
226 523 301 551 sunt,
311 525 339 546 et
354 526 442 548 tamen
454 521 578 555 aliojloco
593 521 652 556 ipse
665 521 804 548 Salvator:
818 529 827 546 ι
840 519 926 554 Opur-

141 566 223 597 tebat,
240 566 339 601 inquit,
356 567 462 601 impleri
477 569 578 598 omnia.
597 575 657 601 quae
671 567 772 601 scripta
808 573 872 594 sunt
897 567 923 593 in

140 611 208 645 lege.
223 616 248 638 et
265 611 415 646 prophetis,
432 617 458 638 et
474 613 585 646 psalmis
602 613 636 640 de
652 619 695 639 me
708 612 730 638 ⁸.
747 622 756 638 ι
771 613 818 638 Hie
831 619 926 638 rursus

142 658 334 691 prophetarum
349 666 459 690 nomen,
474 659 598 692 exceptis
613 658 737 692 psalmis,
751 657 864 689 intelligi
876 665 926 683 vo-

142 702 203 730 luit.
220 702 324 730 Dicitur
340 711 404 738 ergo
418 704 460 730 lex
475 704 666 731 universaliter
695 711 757 730 cum
787 704 926 738 prophetis

141 753 168 776 et
182 750 297 784 psalmis
316 750 440 783 ;dicitur
455 755 482 777 et
504 750 625 785 proprie,
657 757 719 785 qua;
744 757 790 784 per
816 749 925 785 Moysen

140 795 203 823 data
220 801 272 824 est.
284 796 348 823 Item
362 797 491 824 dicuntur
501 797 686 824 communiter
698 797 835 830 propltctze
846 796 926 823 simul

141 849 202 868 (‘lllll
221 842 346 876 psalmis,
374 843 502 870 dicuntur
513 848 540 870 et
558 843 667 877 proprie
682 849 781 878 praeter
797 843 926 877 psalmos.

143 888 176 914 Et
194 889 285 915 multis
312 888 374 915 aliis
391 889 523 923 exemplis
547 889 639 916 doceri
667 893 756 923 potest
779 888 924 915 multarum

144 941 234 960 rerum
261 934 392 961 vocabula
414 939 437 960 et
455 934 646 961 universaliler
666 934 740 968 poni,
765 937 791 960 et
818 933 926 967 proprie

141 978 305 1013 quibusdam
321 980 402 1006 rebus
418 980 551 1012 adhiberi,
567 980 618 1007 nisi
630 981 656 1007 in
667 988 696 1007 re
709 985 802 1015 aperta
814 979 925 1007 vitanda

142 1024 178 1051 sit
194 1024 335 1058 longitudo
347 1025 493 1052 sermonis.
503 1025 565 1051 llaec
581 1025 642 1052 ideo
657 1026 724 1056 dixi,
737 1033 769 1052 nc
780 1025 925 1059 quisquam

143 1073 286 1104 propterea
303 1077 352 1096 nos
374 1070 598 1098 inconvenienter
614 1071 752 1098 existimes
766 1071 925 1097 charitatem

144 1115 282 1150 appellare
302 1115 434 1150 Spiritum
464 1118 720 1150 sanctum,quiart
750 1117 820 1142 Deus
848 1116 927 1143 Pater

144 1165 171 1188 et
196 1161 266 1187 Deus
287 1161 372 1189 Filius
401 1166 491 1196 potest.
513 1163 633 1189 charitas
661 1163 824 1196 nuneupari.
852 1162 928 1189 Sicut

143 1215 210 1241 ergo
226 1208 336 1235 unicum
351 1209 397 1235 Dei
412 1208 531 1235 Verbum
549 1209 658 1243 proprie
675 1217 804 1235 vocamus
818 1209 929 1235 nomine

144 1253 295 1285 sapientize,
307 1261 368 1279 cum
380 1253 416 1280 sit
433 1253 622 1280 universaliter
636 1259 661 1279 et
676 1253 795 1287 Spiritus
817 1259 928 1281 sanctus

145 1300 173 1322 et
189 1294 270 1322 Pater
286 1296 343 1330 ipsa
361 1296 498 1330 Sapientia
514 1306 520 1323 :
535 1297 571 1323 ita
595 1297 716 1332 Spiritus
733 1304 843 1325 sanctus
867 1306 931 1332 pro-

146 1341 205 1376 prie
241 1347 418 1376 nuncupatur
455 1343 588 1370 vocabnlo
618 1343 773 1375 charitatis,
803 1351 864 1370 cum
895 1345 931 1371 sit

147 1431 237 1459 πάντα
249 1431 284 1458 τὰ
300 1432 349 1468 τῆς
363 1432 482 1464 παλαιᾶς
499 1433 545 1460 καὶ
562 1433 637 1464 θείας
659 1433 772 1467 Γραφῆς
786 1433 930 1466 δηλοῦνται

147 1477 244 1511 λόγια·
259 1478 306 1504 καὶ
318 1478 373 1514 γὰρ
387 1479 419 1505 ὲκ
439 1479 489 1513 τῆς
507 1479 621 1513 Γραφῆς
633 1479 681 1505 τοῦ
703 1479 815 1506 Ἡσαΐου
829 1488 932 1514 μαρτυ-

149 1525 209 1560 ρίαν
225 1525 313 1556 τιθεὶς
340 1525 354 1551 ό
375 1525 538 1555 Ἀπόστολος
565 1525 630 1551 ἔνθα
660 1527 753 1560 φησὶν,
781 1535 791 1551 ι
817 1526 861 1552 Ἐν
875 1526 969 1572 ἑτι-α

150 1571 318 1607 ρογλὼσπαις
335 1571 383 1598 καὶ
396 1572 426 1597 ὲν
439 1572 558 1607 χείλεσιν
576 1572 683 1606 ἑτέροις
699 1572 810 1607 λαλήσω
827 1572 865 1607 τῷ
876 1572 934 1608 λαῷ

148 1618 254 1653 τούτῳ,
277 1627 286 1643 ν
318 1617 476 1653 προῦθηκεν
489 1618 576 1651 ὅμως,
596 1627 605 1642 ι
629 1617 673 1644 Ἐν
687 1617 725 1652 τῷ
745 1618 819 1652 νόμῳ
832 1619 934 1654 γέγρα-

149 1673 228 1692 πται.
247 1674 257 1690 ι
288 1665 343 1690 Καὶ
360 1664 444 1695 αὐτὸς
464 1664 520 1690 δὲὸ
544 1663 660 1698 Κῦριος..
679 1674 688 1690 ι
715 1664 759 1690 Ἐν
782 1664 820 1699 τῷ
850 1665 934 1700 νόμῳ,

150 1710 244 1744 φησὶν,
272 1711 362 1736 αὐτῶν
387 1711 554 1744 γέγραπται,
573 1710 627 1740 ὅτι.
655 1710 806 1745 Ἐμίσησάν
831 1719 865 1745 με
884 1711 935 1738 δω-

152 1758 228 1792 ρεὰν,
262 1765 271 1782 ι
301 1756 391 1784 καίτοι
422 1756 519 1782 τούτου
549 1757 810 1790 ἀναγινωσκομένου
840 1758 868 1783 ὲν
896 1756 936 1792 τῷ

151 1803 262 1838 ψαλμῷ.
285 1803 387 1829 Ἐνίοτε
400 1803 427 1828 δὲ
445 1802 528 1834 νόμος
543 1803 647 1835 κυρίως
661 1802 785 1828 καλεῖται
795 1802 838 1828 διὰ
853 1803 936 1830 Μωῦ-

152 1849 231 1882 σέως,
247 1849 317 1875 κατὰ
331 1848 361 1875 τὸ
374 1848 466 1883 ῥηθὲν,
481 1857 490 1872 ι
503 1847 531 1873 '0
542 1847 621 1880 νόμος
634 1848 679 1873 καὶ
692 1847 717 1873 οἱ
728 1849 866 1882 προφῆται
883 1848 937 1880 ἓως

157 1894 294 1921 Ἰωάννου,
308 1903 318 1921 ι
341 1894 411 1920 Καί·
432 1902 441 1918 ι
460 1893 506 1919 Ἐν
526 1892 638 1923 ταύταις
651 1893 708 1922 ταῖς
728 1892 802 1918 δυσὶν
818 1892 937 1923 ἐντολαῖς

151 1941 212 1972 ὅλος
223 1941 237 1967 6
247 1941 329 1975 νόμος
344 1940 391 1966 καὶ
404 1938 430 1966 οἱ
444 1939 584 1974 προφῆται
600 1939 764 1972 κρέμανται.
781 1947 789 1964 ι
805 1937 937 1964 Ἐνταῦθα

152 1987 206 2022 γὰρ
221 1987 330 2018 πάντως
346 1985 428 2020 νόμος
443 1985 545 2020 κυρίως
559 1983 795 2019 προσαγορεύεται
812 1985 826 2011 6
840 1985 872 2009 ὲκ
891 1983 937 2010 τοῦ

153 2034 234 2068 ὅρους
256 2034 339 2066 Σινᾶ,
361 2032 401 2067 τῷ
424 2032 479 2058 τῶν
496 2030 645 2066 προφητῶν
665 2031 693 2057 δὲ
714 2031 827 2065 ὀνόματι
845 2031 892 2057 καὶ
913 2031 937 2057 οἱ

154 2080 258 2115 ψαλμοὶ
281 2079 470 2113 σημαίνονται,
486 2078 530 2104 Ἐν
544 2077 629 2111 ἑτέρῳ
642 2077 732 2111 μέντοι
743 2076 823 2111 τύπῳ
835 2077 914 2108 αὐτὸς
925 2078 939 2104 6

154 2128 260 2162 Σωτὴρ.
272 2136 282 2152 ι
293 2126 377 2156 Ἔδει,
393 2135 402 2151 ι
421 2125 497 2159 φησὶ,
516 2133 525 2150 ι
551 2123 728 2158 πληρωθῆναι
751 2124 882 2151 πάντατὰ
893 2133 939 2159 γε-

153 2173 302 2208 γραμμένα
324 2173 352 2198 ὲν
372 2171 411 2206 τῷ
426 2172 502 2204 νόμῳ
530 2169 577 2195 καὶ
592 2170 745 2203 προφήταις
762 2169 808 2196 καὶ
823 2170 939 2204 ψαλμοῖς

153 2222 217 2256 περὶ
240 2218 318 2253 ὶμοῦ.
333 2227 342 2243 ι
369 2216 503 2243 Ἐνταῦθα
514 2215 567 2250 γὰρ
582 2214 664 2242 πάλιν
677 2215 707 2242 τὸ
723 2216 776 2241 τῶν
790 2216 938 2250 προφητῶν
954 2212 976 2238 ι)

152 2267 248 2300 ὖνομα,
264 2265 466 2300 ιεαιρουμένων
496 2262 550 2288 τῶν
578 2261 711 2297 ψαλμῶν,
729 2261 849 2288 νοεῖσθαι
877 2262 939 2298 ἠθέ-

151 2314 229 2349 λησε.
246 2313 364 2346 Λέγεται
379 2311 434 2345 ἄρα
449 2310 532 2344 νόμος
557 2308 711 2338 καθολικῶς
727 2307 776 2334 σὺν
790 2309 846 2340 τοῖς
871 2317 940 2343 προ-

152 2364 251 2397 φήταις
274 2361 322 2387 καὶ
334 2360 463 2394 ψαλμοῖς.
473 2358 592 2391 Λέγεται
607 2356 656 2384 καὶ
670 2355 771 2390 κυρίως
787 2356 801 2382 ὀ
814 2355 857 2382 διὰ
874 2356 939 2382 Μω-

153 2409 222 2438 σέως
244 2407 343 2436 δοθείς.
360 2406 421 2432 Ἔτι
437 2405 563 2438 λέγονται
579 2403 677 2434 κοινῶς
692 2402 718 2428 οι
732 2401 872 2437 προφῆται
889 2401 938 2428 σὺν

151 2455 207 2486 τιῖς
223 2453 351 2488 ψαλμοῖς.
365 2452 495 2484 Λέγονται
507 2450 536 2476 δὲ
550 2449 599 2476 καὶ
611 2448 683 2480 ἰδίως
710 2448 779 2483 πλὴν
800 2447 855 2474 τῶν
871 2447 939 2482 ψαλ-

154 2499 282 2534 μῶν.Καὶ
294 2497 402 2529 πολλοῖς
410 2497 438 2523 δὲ
451 2496 655 2530 παραδείγμασι
665 2495 713 2521 καὶ
724 2493 814 2525 ἄλλοις
825 2493 940 2520 δυνατὸν

153 2545 227 2580 ἡμᾶς
240 2544 354 2578 γνῶναι,
368 2543 405 2574 ὡς
425 2542 533 2568 πολλῶν
550 2541 723 2576 πραγμάτων
745 2540 867 2574 ὀνόματα
891 2539 938 2565 καὶ

153 2590 307 2621 καθολικῶς
323 2588 447 2615 τίθεσθαι
458 2607 466 2620 ,
486 2588 534 2614 καὶ
552 2587 625 2618 ἰδίως
641 2586 713 2613 τισὶν
729 2585 916 2619 ἀπονέμεσθαι
929 2593 936 2600 ·

155 2637 179 2662 εί
195 2637 231 2671 μὴ
246 2636 275 2662 ἐν
293 2636 437 2670 πράγματι
453 2633 565 2668 φανερῷ
583 2633 767 2667 φυλάττεσθαι
784 2631 838 2666 χρὴ
850 2630 937 2658 τὸτοῦ

153 2682 234 2716 λόγου
249 2682 344 2716 μῆκος.
362 2680 448 2706 Τοῦτο
470 2680 497 2706 δὲ
519 2679 563 2706 διὰ
581 2678 653 2705 τοῦτ’
669 2677 756 2709 εἷπον,
773 2679 817 2706 ἴνα
843 2679 880 2713 μή
897 2685 940 2708 τις

155 2728 228 2762 ἡμᾶς
244 2726 339 2752 τούτου
356 2725 437 2760 χάριν
451 2724 558 2759 οἰηθείη
571 2743 580 2757 ,
599 2724 636 2758 μὴ
665 2723 803 2758 ἁρμοδίως
827 2723 938 2757 ἀγάπην

154 2771 374 2807 προσαγορεύειν
398 2771 429 2798 τὸ
453 2770 565 2806 Πνεῦμα
582 2770 614 2797 τὸ
631 2770 725 2804 ἅγιον,
742 2769 834 2806 ἐπειδὴ
861 2770 907 2795 καὶ
924 2770 937 2795 ὀ

193 2865 202 2880 ³
218 2863 295 2891 Joau.
325 2870 369 2894 xv,
381 2861 425 2889 εὕ-
480 2860 490 2876 ³
509 2860 573 2888 Luc.
590 2867 643 2892 xvi,
660 2858 704 2885 16.

757 2858 767 2872 ⁵
780 2857 873 2885 Matth.
890 2866 945 2885 uti
978 2857 1021 2884 40.

974 243 1104 277 Verbum,
1123 244 1149 270 id
1162 249 1203 275 est
1217 244 1373 279 unigenitus
1388 243 1433 271 Dei
1446 244 1544 277 Filius,
1561 250 1653 278 aperte
1667 245 1757 271 dictus

974 296 1015 318 est.
1030 291 1076 318 Dei
1091 291 1240 326 Sapientia,
1253 299 1300 318 ore
1313 292 1474 326 apostolico.
1493 291 1538 318 ubi
1554 291 1601 321 ait.
1617 291 1757 318 (ἷΙιι-ἰςιιιιιι

977 337 1023 365 Dei
1042 338 1169 365 virtutem
1194 342 1220 364 ct
1247 337 1292 364 Dei
1319 337 1490 372 sapientiam.
1520 337 1638 369 Spiritus
1669 342 1757 363 attlrm

975 389 1088 412 sanctus
1103 384 1148 410 ubi
1162 384 1197 411 sit
1211 384 1300 411 dictus
1312 384 1442 415 charitas,
1466 384 1632 414 invenimus,
1659 384 1680 410 si
1699 383 1760 409 dili-

976 437 1070 465 genter
1084 430 1196 457 Joannis
1221 431 1336 464 apostoli
1356 435 1511 457 scrutemur
1526 430 1676 463 eloquium.
1706 429 1758 461 Qui

976 485 1037 503 cum
1062 477 1201 503 dixisset:
1226 488 1234 502 ι
1254 475 1439 508 Dilectissimi,
1464 477 1609 510 diligamus
1631 476 1758 506 invicem,

976 523 1039 557 quia
1054 523 1164 550 dilemio
1185 530 1216 548 ex
1235 522 1288 549 Deo
1311 528 1369 554 est,
1385 532 1395 548 ι
1419 526 1528 549 secutus
1548 521 1688 555 adjunxit:
1708 529 1716 545 ι
1731 519 1762 545 Et

976 571 1067 596 omnis
1082 569 1126 603 qui
1142 569 1238 602 diligit,
1256 577 1286 595 ex
1301 568 1356 595 Deo
1371 573 1450 595 natus
1464 573 1521 601 est;
1537 568 1582 602 qui
1599 574 1652 593 non
1665 566 1760 598 diligit,

978 621 1032 640 non
1045 613 1171 645 cognovit
1186 613 1277 645 Deum;
1300 613 1363 646 quia
1381 613 1452 639 Deus
1468 612 1578 639 dilectio
1593 616 1634 638 est
1650 612 1671 637 ⁷.
1687 621 1695 636 ι
1712 611 1762 638 llic

979 659 1163 685 manifestavit.
1186 665 1246 684 eam
1276 665 1305 684 se
1328 658 1431 684 dixisse
1457 656 1630 683 dilectionem
1666 655 1762 684 Deum.

977 714 1059 741 quam
1077 706 1145 732 dixit
1163 713 1195 732 ex
1210 704 1274 731 Deo.
1292 704 1364 731 Deus
1378 712 1443 737 ergo
1457 711 1489 729 ex
1505 702 1560 729 Deo
1574 705 1615 729 est
1640 701 1762 727 dilui-lio.

980 753 1032 780 Sed
1052 752 1117 787 quia
1133 757 1160 779 et
1171 752 1255 778 Filius
1269 759 1300 778 ex
1315 751 1370 777 Deo
1383 750 1462 777 Patre
1478 754 1558 776 natus
1572 754 1624 779 cst,
1652 753 1679 775 et
1704 747 1764 782 Spi-

979 801 1049 827 ritus
1065 804 1176 826 sanctus
1187 807 1219 825 ex
1239 799 1292 825 Deo
1310 796 1390 824 Patre
1411 796 1544 831 procedit,
1564 803 1643 830 quem
1675 795 1764 829 potius

980 855 1074 874 eorum
1093 846 1136 872 hic
1153 845 1303 872 debeamus
1332 845 1465 878 accipere,
1484 843 1588 869 dictum
1610 849 1671 868 esse
1697 841 1765 866 dile-

979 894 1097 920 etiouem
1118 893 1211 924 Deum,
1229 891 1326 918 merito
1337 891 1469 926 quaeritur
1487 898 1494 916 :
1509 889 1590 916 Pater
1606 887 1677 914 enim
1691 887 1765 913 solus

979 941 1016 967 ita
1032 939 1103 967 Deus
1113 943 1163 969 est.
1186 942 1214 965 ut
1228 945 1281 964 non
1298 938 1333 964 sit
1348 945 1379 963 ex
1394 935 1448 963 Deo
1461 942 1509 969 ;ac
1522 942 1569 968 per
1582 932 1763 963 hocdilectio,

980 993 1040 1022 qua:
1057 985 1093 1012 ita
1109 985 1183 1012 Deus
1199 987 1250 1015 est,
1273 987 1302 1009 ut
1318 990 1351 1009 ex
1366 982 1421 1009 Deo
1446 981 1494 1012 sit,
1526 984 1573 1006 aut
1598 977 1683 1005 Filius
1712 983 1764 1009 est,

980 1038 1026 1060 aut
1042 1031 1160 1066 Spiritus
1172 1033 1293 1057 sanctus.
1316 1027 1367 1055 Sed
1385 1028 1411 1054 in
1443 1024 1673 1060 consequentibus
1704 1030 1765 1050 cum

981 1076 1027 1103 Dei
1043 1075 1215 1102 dilectionem
1234 1076 1485 1103 conuucmorasset,
1496 1077 1551 1097 non
1564 1077 1615 1104 qua
1631 1077 1682 1096 nos
1691 1076 1766 1100 eum,

982 1122 1028 1150 sed
1043 1130 1094 1156 qua
1113 1121 1171 1155 ipse
1185 1119 1280 1146 dilexit
1295 1127 1355 1150 nos,
1373 1123 1399 1145 et
1415 1118 1489 1144 misit
1506 1116 1605 1144 Filium
1621 1123 1700 1142 suum
1731 1113 1748 1140 li
1759 1129 1767 1135 -

981 1169 1133 1195 beratorem
1153 1174 1201 1201 pro
1219 1164 1338 1200 peccatis
1356 1163 1468 1195 nostris,
1487 1166 1516 1190 et
1531 1162 1595 1188 hinc
1609 1161 1767 1188 exhortatus

981 1219 1053 1242 esset
1073 1219 1102 1240 ut
1128 1217 1155 1240 et
1171 1220 1218 1239 nos
1242 1211 1358 1238 invicem
1387 1210 1542 1244 diligamus,
1572 1211 1652 1240 atque
1676 1206 1712 1232 ita
1739 1205 1767 1231 in

983 1261 1063 1287 nobis
1078 1259 1149 1286 Dens
1162 1263 1270 1285 maneat
1283 1266 1291 1284 :
1308 1257 1371 1291 quia
1385 1257 1480 1289 utique
1493 1253 1666 1281 dilectionem
1683 1250 1766 1277 Deum

983 1307 1099 1339 dixerat,
1115 1304 1207 1333 statim
1223 1304 1318 1330 volens
1336 1302 1370 1329 de
1386 1302 1436 1328 hac
1461 1308 1490 1327 re
1519 1298 1639 1334 apertius
1664 1296 1768 1330 aliquid

983 1352 1074 1387 eloqui
1091 1360 1098 1378 :
1121 1360 1131 1377 ι
1144 1351 1174 1378 1η
1189 1351 1251 1381 hoc,
1268 1349 1366 1384 inquit,
1383 1346 1576 1382 cognoscimus
1590 1344 1653 1379 quia
1669 1344 1695 1370 in
1711 1343 1770 1377 ipso

984 1439 1050 1470 Θεὸς
1071 1438 1118 1464 καὶ
1142 1436 1248 1471 Πατὴρ,
1267 1436 1316 1462 καὶ
1340 1435 1354 1461 6
1374 1433 1440 1465 Θεδς
1457 1433 1522 1464 Υἱὸς
1538 1432 1649 1459 δύναται
1674 1431 1769 1465 ἀγάπη

985 1482 1260 1519 προσαγορεύεσθαιυ
1289 1482 1384 1516 ὥσπερ
1409 1480 1455 1506 οὖν
1483 1480 1530 1506 τὸν
1563 1478 1695 1513 μονογενῆ
1722 1476 1770 1502 τοῦ

985 1529 1053 1557 Θεοῦ
1069 1530 1156 1564 Λόγον
1173 1528 1274 1562 κυρίως
1289 1527 1426 1560 καλοῦμεν
1440 1525 1480 1560 τῷ
1493 1526 1543 1557 τῆς
1557 1524 1653 1558 σοφίας
1669 1523 1768 1557 ὀνόμα-

985 1584 1022 1608 τι,
1037 1575 1126 1602 καίτοι
1141 1574 1256 1601 καθόλου
1271 1573 1318 1599 καὶ
1335 1571 1382 1598 τοῦ
1396 1571 1476 1606 ἁγίου
1485 1569 1646 1605 Πνεύματος
1663 1569 1711 1595 καλ⁸
1723 1568 1771 1594 τοῦ

986 1619 1092 1654 Πατρὸς
1109 1617 1205 1652 σοφίας
1219 1617 1306 1649 ὄντος,
1323 1616 1393 1642 οὕτω
1409 1615 1455 1642 καὶ
1469 1615 1499 1641 τὸ
1515 1614 1630 1648 Πνεῦμα
1646 1613 1676 1640 τὸ
1693 1613 1772 1647 ἅγιον

985 1665 1090 1699 κυρίως
1105 1663 1144 1698 τῷ
1159 1663 1208 1698 τῆς
1224 1662 1337 1697 ἀγάπης
1358 1661 1483 1696 ὀνόματι,
1511 1660 1626 1687 καθόλου
1650 1660 1698 1685 καὶ
1725 1659 1772 1685 τοῦ

986 1713 1093 1747 Πατρδς
1120 1711 1168 1738 καὶ
1190 1710 1236 1737 τοῦ
1262 1708 1328 1736 Υἱοῦ
1355 1709 1467 1742 ἀγάπης
1485 1707 1572 1738 ὖντος.
1596 1705 1668 1732 Ἀλλ’
1688 1706 1702 1731 6
1724 1704 1772 1739 μὲν

987 1759 1073 1791 Λόγος
1099 1757 1146 1784 τοῦ
1173 1756 1242 1783 Θεοῦ
1255 1777 1262 1788 ,
1280 1755 1421 1782 τουτέστιν
1445 1755 1459 1780 6
1479 1751 1626 1788 μονογενὴς
1641 1751 1705 1782 Υἱὸς
1725 1751 1772 1776 τοῦ

986 1804 1064 1835 Θεοῦ,
1081 1801 1207 1837 φανερῶς
1223 1801 1332 1836 εἴρηται
1347 1800 1394 1826 τοῦ
1412 1798 1479 1825 Θεοῦ
1503 1799 1584 1832 σοφία
1597 1797 1635 1831 τῷ
1654 1797 1771 1823 ἀποστο-

987 1851 1056 1884 λικῷ
1073 1849 1197 1883 στόματι,
1213 1847 1278 1873 ἔνθα
1301 1847 1379 1879 φησὶ,
1396 1855 1405 1871 ι
1426 1844 1544 1880 Χριστὸν
1559 1843 1627 1870 Θεοῦ
1644 1843 1771 1876 δύναμιν,

987 1896 1034 1922 καὶ
1051 1894 1120 1920 Θεοῦ
1137 1893 1247 1927 σοφίαν.
1267 1901 1276 1918 ι
1293 1891 1330 1918 Τὸ
1341 1891 1370 1917 δὲ
1383 1890 1497 1924 Πνεῦμα
1508 1889 1537 1916 τδ
1549 1890 1627 1923 ἅγιον
1641 1889 1692 1915 ποῦ
1707 1895 1773 1914 ποτε

988 1940 1113 1975 εἰρῆσθαι
1132 1939 1243 1973 ἀγάπην
1258 1938 1439 1972 εὑρίσκομεν;
1463 1936 1496 1963 ἄν
1512 1943 1565 1970 περ
1585 1934 1722 1967 ἐπιμελῶς
1735 1933 1774 1967 τῷ

987 1985 1034 2012 τοῦ
1050 1983 1201 2011 ἀποστόλου
1231 1983 1360 2009 Ἰωάννου
1380 1981 1465 2016 λογίῳ
1483 1982 1676 2015 πρόσσχωμεν,
1689 1979 1718 2010 ὃς
1733 1981 1772 2004 εῖ-

989 2030 1060 2062 πὼν,
1074 2039 1084 2056 ι
1103 2029 1265 2063 Ἀγαπητοὶ,
1277 2027 1432 2062 ἀγαπῶμεν
1443 2025 1585 2060 ἀλλήλους,
1601 2025 1641 2052 ὅτι
1652 2025 1668 2058 ὴ
1680 2024 1773 2058 ἀγάπη

989 2079 1021 2104 ὲκ
1034 2077 1081 2103 τοῦ
1105 2075 1173 2103 Θεοῦ
1189 2076 1278 2106 ἐστιν,
1297 2085 1307 2101 ι
1324 2074 1465 2108 ἑπομένως
1482 2073 1596 2108 συνῆψε,
1619 2081 1627 2097 ι
1650 2073 1704 2099 Καὶ
1719 2073 1774 2103 πᾶς

989 2125 1003 2151 6
1019 2123 1134 2158 ἀγαπῶν
1148 2123 1180 2149 ὲκ
1197 2121 1244 2149 τοῦ
1260 2121 1328 2148 Θεοῦ
1348 2120 1493 2155 ἐγεννήθη·
1507 2121 1521 2146 6
1546 2120 1574 2146 δὲ
1602 2119 1639 2154 μὴ
1658 2119 1775 2153 ἀγαπῶν

990 2170 1042 2196 οὐκ
1058 2169 1130 2203 ἐγνω
1145 2168 1189 2195 τὸν
1202 2167 1280 2199 Θεὸν,
1299 2167 1340 2194 ὃτι
1360 2167 1374 2193 6
1385 2166 1453 2197 Θεὸς
1469 2167 1564 2201 ἀγάπη
1581 2164 1666 2192 ἐστιν.
1687 2175 1695 2190 ι
1716 2165 1774 2190 Ἐν-

990 2217 1079 2244 ταῦθα
1094 2215 1271 2250 ἐφανέρωσεν
1287 2213 1387 2240 ἐαυτὺν
1406 2213 1492 2248 αὐτὴν
1508 2211 1650 2247 εἰρηκέναι
1663 2211 1774 2246 ἀγάπην

989 2263 1035 2290 τὸν
1049 2262 1127 2294 Θεὸν,
1145 2262 1177 2297 ῆν
1193 2259 1270 2287 εἶπεν
1288 2261 1320 2286 ἐκ
1334 2258 1381 2286 τοῦ
1407 2258 1487 2285 Θεοῦ.
1513 2258 1578 2287 Θεὸς
1594 2258 1647 2292 ἄρα
1663 2257 1693 2282 ἐκ
1707 2255 1774 2282 Θεοῦ

989 2310 1065 2336 ἐστιν
1089 2309 1106 2343 ἡ
1129 2308 1222 2343 ἀγάπη
1235 2315 1242 2322 ·
1262 2304 1321 2333 ἀλλ’
1337 2305 1399 2332 ἐπεὶ
1419 2305 1467 2331 καὶ
1482 2305 1497 2331 6
1514 2303 1577 2335 Υἱὸς
1600 2304 1631 2329 ἐκ
1645 2302 1692 2328 τοῦ
1706 2301 1775 2327 Θεοῦ

991 2356 1039 2382 καὶ
1057 2354 1162 2388 Πατρδς
1176 2352 1320 2387 ἐγεννήθη1
1335 2352 1383 2379 καὶ
1405 2351 1436 2377 τὸ
1464 2350 1576 2384 Πνεῦμα
1598 2349 1627 2375 τὸ
1648 2348 1726 2381 ἆγιον
1742 2348 1776 2373 ὲκ

989 2401 1037 2428 τοῦ
1066 2399 1134 2426 Θεοῦ
1164 2400 1212 2426 καὶ
1236 2398 1343 2433 [ἰατρὸς
1369 2396 1564 2430 ἐκπορεύεται,
1585 2395 1644 2420 τίνα
1668 2392 1773 2419 τούτων

996 2445 1095 2479 μᾶλλον
1111 2443 1229 2470 ἐνταῦθα
1246 2442 1373 2469 ἐκλαϐεῖν
1388 2441 1538 2475 ὀφείλομεν
1555 2438 1684 2474 είρῆσθαι
1707 2438 1776 2472 ἀγά-

993 2501 1049 2526 πην
1060 2491 1104 2518 τὸν
1123 2491 1199 2522 Θεὸν,
1217 2489 1330 2520 δικαίως
1346 2488 1482 2522 ζητεῖται.
1501 2486 1532 2514 ’0
1549 2486 1603 2520 γὰρ
1620 2485 1714 2518 Πατὴρ
1730 2485 1778 2519 μό-

993 2547 1036 2570 νος
1048 2538 1122 2564 ἐστὶν
1140 2537 1212 2563 οὕτω
1229 2536 1304 2568 Θεὸς,
1320 2535 1358 2566 ὼς
1377 2534 1414 2569 μὴ
1441 2535 1472 2560 ὲκ
1496 2533 1564 2559 Θεοῦ
1578 2529 1658 2563 εἷναι,
1671 2531 1716 2557 καὶ
1732 2531 1776 2556 διὰ

993 2585 1080 2612 ταῦτα
1097 2585 1113 2618 ὴ
1139 2583 1247 2616 ἀγάπη,
1262 2582 1322 2616 ἥτις
1343 2581 1416 2607 οὓτω
1432 2579 1497 2610 Θεός
1514 2580 1598 2610 ὲστιν,
1614 2577 1652 2608 ὡς
1675 2577 1706 2602 ὲκ
1729 2576 1775 2602 τοῦ

994 2632 1062 2659 Θεοῦ
1080 2629 1161 2662 εἷναι,
1180 2629 1196 2664 ἢ
1216 2629 1280 2659 Υἱός
1304 2629 1390 2660 ἐστιν,
1409 2627 1424 2662 ἢ
1449 2627 1480 2652 τὸ
1503 2624 1616 2658 Πνεῦμα
1643 2623 1672 2649 τὸ
1688 2623 1775 2656 ἅγιον,

995 2677 1054 2704 ἀλλ’
1074 2677 1101 2702 ὲν
1116 2675 1172 2706 τοῖς
1192 2673 1336 2708 ἑπομένοις
1360 2673 1409 2704 τὴν
1431 2671 1540 2704 ἀγάπην
1556 2668 1603 2695 τοῦ
1624 2667 1691 2694 Θεοῦ
1707 2668 1775 2694 ἀνα·

996 2724 1110 2758 μνήσας,
1126 2721 1156 2747 οὐ
1169 2719 1229 2746 καθ’
1241 2720 1274 2753 ἥν
1291 2719 1371 2753 ἡμεῖς
1385 2717 1478 2748 αὑτὸν,
1493 2715 1559 2742 ἀλλὰ
1571 2714 1632 2741 καθ’
1647 2715 1680 2749 ἢν
1695 2713 1776 2744 αὐτὸς

993 2769 1137 2804 ἠγάπησεν
1154 2765 1239 2801 ἡμᾶς,
1260 2773 1270 2790 ι
1289 2764 1345 2791 Καὶ
1357 2762 1500 2790 ἀπέστειλε
1513 2761 1557 2788 τὸν
1574 2760 1638 2787 Υἱὸν
1650 2758 1746 2792 αὐτοῦ,
1761 2767 1771 2784 ι

1071 2857 1080 2872 ⁸
1095 2855 1150 2883 Luc
1186 2863 1260 2887 xxw,
1278 2854 1322 2882 44.
1373 2853 1382 2869 ⁷
1399 2852 1406 2879 l
1423 2851 1501 2880 Joan.
1520 2859 1557 2885 Iv,
1579 2850 1605 2884 7,
1635 2850 1662 2878 8.
