1917 3092
176 140 244 172 11.3

824 134 967 163 MAXlMl
983 134 1168 163 PLANUDE

1734 128 1802 160 11-34

176 196 251 223 dedit
268 196 336 221 dona
354 193 509 221 hominibus
521 192 554 220 i"'.
573 201 582 218 ι
599 191 779 218 Notissimum
794 194 837 216 est
852 196 956 222 autem,
975 192 996 220 Α
1011 181 1052 216 est
1069 190 1189 225 Spiritus
1206 194 1328 222 sanctus,
1353 189 1380 216 in
1396 195 1540 216 commune
1566 187 1693 214 omnibus
1710 193 1797 213 mem-

178 241 321 267 Dominmn
337 238 440 270 Jcsum,
458 245 519 264 cum
534 240 594 271 post
607 236 838 263 resurrectionem
857 243 870 261 a
890 242 961 260 mor-

178 287 233 313 tuis
251 285 422 312 ascendisset
447 285 472 310 in
488 283 599 315 coelum,
620 282 729 309 dedisse
747 281 879 316 Spiritum
899 287 963 307 sau-

177 337 263 365 ctnm,
284 339 338 366 quo
354 331 455 364 impleti
471 330 516 364 qtti
532 329 705 355 crediderant
722 328 825 362 linguis
839 328 962 354 omnium

178 379 297 413 gentium
314 377 505 411 loquebamur.
518 374 574 401 Nec
587 381 703 406 mowat,
714 374 787 408 quod
811 374 860 405 ait,
875 373 963 404 Dona,

180 433 233 451 non
248 425 347 450 donum
371 431 377 454 ;
396 422 421 448 id
442 422 513 447 cnim
533 420 718 446 trstimonium
740 427 772 445 ex
790 420 894 453 psalmo
916 426 965 452 po.

178 471 242 496 sttit.
255 469 310 494 Hoc
325 472 415 494 autem
435 467 461 492 in
478 468 584 499 psalmo
601 467 636 492 ita
651 467 766 499 legitur:
786 474 795 490 1
811 465 964 492 Ascendisli

179 517 205 543 io
223 515 318 546 allum,
344 513 486 548 captivasti
512 513 709 546 captivitatem,
731 511 860 545 accepisti
889 511 963 537 dona

179 563 205 588 in
227 560 382 587 hominilms
395 559 426 585 ¹⁹.
447 567 456 584 ι
473 558 518 585 διε
535 559 608 584 enim
625 558 715 592 plures
731 558 840 584 codices
853 557 964 587 habent,

178 611 205 633 et
225 606 341 632 maxime
357 604 454 635 Gratci,
471 609 498 631 et
511 612 543 630 ex
561 603 674 630 llebrtco
691 603 730 629 sic
753 602 963 636 interpretatum

180 652 321 678 habemus.
339 650 413 677 Dona
443 651 536 684 itaque
558 649 628 676 dixit
651 649 810 683 Apostolus,
833 647 965 682 quemad-

182 698 293 724 modum
311 696 458 730 Prophcta,
475 703 529 722 non
548 695 663 721 donum.
680 694 731 720 Sed
747 701 809 720 cum
826 693 962 727 Propheta

180 743 301 770 dixerit:
319 751 328 768 1
345 741 481 776 Accepisti
495 742 521 767 in
538 741 704 770 hominibus,
719 748 728 764 ι
746 739 895 774 Apostolus
911 746 967 765 ma-

181 789 343 819 luitdicerc,
358 798 367 814 1
380 788 459 814 Dedit
471 786 719 817 donahominibus,
736 795 745 811 ›
760 792 789 812 lll
801 794 833 812 ex
850 791 966 818 utroque

181 834 284 861 scilicet
304 834 399 866 verbo,
425 842 478 859 uno
501 833 672 868 prophetico,
690 832 842 866 apostolico
867 833 964 862 altero,

181 879 245 912 quia
272 880 299 904 in
319 883 437 912 utroque
462 884 504 905 est
530 877 616 904 divini
641 876 776 903 sermonis
803 876 966 907 auctoritas,

181 931 277 951 sensus
304 923 478 957 plenissimus
499 924 672 950 redderetur.
703 921 858 954 Utrumque
885 923 959 948 enim

181 977 276 996 verum
295 973 345 1000 est,
359 974 384 996 et
400 969 463 1003 quia
480 969 555 995 dedit
570 968 737 999 hominibus,
749 972 775 994 et
787 969 851 1001 quia
863 966 968 1000 accepit

184 1014 211 1039 in
241 1013 410 1040 hominibus.
436 1013 514 1039 Dedit
538 1013 706 1043 hominibus,
735 1017 865 1045 tanquam
884 1019 966 1046 caput

185 1059 316 1085 membris
347 1059 417 1085 suis.
437 1059 550 1093 Accepit
573 1059 599 1085 in
630 1057 788 1085 hominibus
815 1057 884 1084 idem
912 1058 969 1090 ipse

186 1105 281 1139 Illique
298 1105 323 1130 in
338 1098 472 1132 Intentbris
493 1105 562 1136 suis,
585 1109 696 1139 propter
709 1112 769 1138 qua:
783 1104 904 1130 membra
918 1110 967 1130 sua

182 1151 356 1177 elamavitde
376 1152 445 1178 cmlo
462 1160 469 1178 :
490 1161 498 1176 ι
518 1151 609 1183 Saule,
628 1151 719 1181 Saule,
735 1150 799 1184 quid
819 1158 860 1177 me
876 1157 969 1184 perse-

182 1197 325 1231 queris"?
337 1206 346 1222 ι
361 1196 433 1224 Etde
443 1197 544 1231 quibus
557 1197 687 1224 membris
695 1197 753 1223 suis
762 1197 817 1222 ait:
834 1205 843 1221 1
855 1195 968 1228 Quando

185 1242 230 1268 uni
252 1249 285 1268 ex
311 1243 432 1269 minimis
461 1244 529 1269 meis
559 1241 672 1274 fecistis,
695 1242 761 1268 mihi
788 1241 935 1268 fecistis“.
957 1251 966 1267 I

184 1288 243 1322 Ipse
260 1296 325 1322 ergo
339 1288 466 1315 Christus
485 1292 512 1314 et
532 1288 608 1314 dedit
624 1289 656 1314 de
673 1289 753 1320 coelo,
769 1293 797 1315 et
813 1288 920 1322 accepit
941 1287 968 1315 in

183 1338 266 1360 terra.
282 1333 368 1361 Porro
388 1339 479 1361 autem
493 1334 563 1361 dona
589 1335 624 1360 ob
654 1334 705 1361 hoc
725 1335 805 1360 ambo
829 1335 969 1364 dixerunt,

182 1385 210 1406 et
224 1381 369 1414 propheta,
388 1385 416 1408 et
431 1380 592 1414 Apostolus,
613 1380 677 1415 quia
697 1388 745 1415 per
763 1380 879 1414 donum,
896 1381 969 1415 quod

183 1470 260 1505 πηγὴ
284 1470 379 1501 ὓδατος
400 1470 549 1505 ἁλλομένου
577 1472 617 1503 εἰς
643 1471 716 1507 ζωὴν
733 1473 853 1513 αἰώνιον.
883 1483 892 1500 ι
914 1475 970 1500 Καὶ

1015 236 1072 263 bris
1084 236 1187 263 Christi
1206 235 1292 262 multa
1315 235 1385 262 dona
1407 242 1468 269 qua:
1485 239 1547 261 sunt
1564 233 1721 268 quibusque
1737 239 1801 266 pro-

1015 283 1072 317 pria
1093 283 1262 308 dividttntnr.
1279 281 1338 308 Non
1359 280 1431 307 enim
1450 280 1549 314 singuli
1571 279 1674 313 quique
1695 277 1800 304 habent

1015 329 1119 358 omnia,
1135 328 1182 355 sed
1201 328 1227 354 hi
1247 328 1305 357 illa,
1322 331 1349 354 et
1366 326 1411 353 alii
1425 326 1486 357 alia,
1506 325 1633 359 quamvis
1645 323 1735 357 ipsum
1752 323 1802 349 do‘

1015 382 1093 406 num,
1126 382 1140 400 a
1170 381 1224 407 quo
1244 374 1343 407 cuique
1370 372 1481 407 propria
1505 371 1680 399 dividuntur,
1705 376 1801 395 mones

1018 422 1148 452 habeant.
1164 421 1191 448 id
1216 425 1258 447 est
1280 419 1412 454 Spirilum
1434 423 1571 446 sanctum.
1599 417 1665 443 Nam
1686 421 1713 443 et
1736 415 1800 441 alibi

1015 475 1078 494 cutn
1094 467 1177 493 multa
1191 467 1262 494 dona
1274 470 1537 493 commemorasset:
1551 473 1560 488 1
1575 463 1681 495 Omnia,
1698 462 1799 495 inquit,

1015 513 1074 540 haec
1101 516 1232 547 operatur
1250 519 1322 538 unus
1336 515 1417 545 atque
1438 510 1510 537 idem
1530 509 1660 544 Spiritus,
1677 507 1801 534 dividens

1017 559 1129 594 propria
1146 557 1307 592 unicuique,
1332 561 1412 592 prout
1435 555 1538 582 vult".
1554 563 1564 580 ›
1585 553 1663 586 Quod
1686 552 1799 579 verbum

1016 611 1042 632 et
1057 604 1085 631 in
1101 603 1233 638 Epistola,
1249 609 1309 636 quae
1326 603 1358 628 ad
1373 600 1504 628 Hebraeos
1519 604 1571 632 est,
1592 598 1743 629 invenitur,
1756 597 1800 623 ubi

1017 649 1150 683 scriptum
1165 653 1207 676 est
1225 657 1232 675 :
1256 657 1265 673 1
1285 648 1439 675 Attestanle
1459 645 1514 673 Deo
1528 645 1615 679 signis
1628 648 1655 671 et
1675 644 1800 673 ostentis,

1017 697 1043 720 et
1061 694 1146 720 variis
1172 693 1336 723 virtutibus,
1351 697 1378 719 et
1396 691 1515 726 Spiritus
1527 690 1617 716 sancti
1628 688 1800 715 distributio-

1017 739 1098 767 nibus
1110 739 1144 765 ³³.
1165 748 1174 764 ›
1199 738 1232 764 Et
1254 738 1298 765 hic
1321 745 1382 765 cum
1410 737 1545 764 dixisset:
1574 734 1697 761 Ascendit
1715 733 1742 758 in
1759 731 1802 758 al-

1018 791 1090 819 tum,
1111 786 1252 820 captivnuit
1279 785 1480 818 captivitatem,
1500 783 1571 809 dedit
1598 783 1667 807 dona
1692 779 1804 806 homini-

1019 831 1066 858 bus
1078 840 1087 858 :
1106 841 1115 857 1
1130 831 1206 864 Quod
1222 835 1311 858 autem
1329 830 1453 857 ascendit
1470 830 1516 861 ait,
1537 828 1601 862 quid
1617 832 1658 854 est
1674 826 1725 852 nisi
1740 825 1803 858 quia

1018 882 1046 904 et
1073 877 1212 904 descendit
1250 877 1278 903 in
1315 876 1458 903 inferiores
1487 881 1578 909 partes
1613 872 1719 900 terrae?
1751 871 1804 904 Qui

1020 923 1172 955 descendit,
1194 923 1251 957 ipse
1277 926 1320 950 est
1339 927 1367 949 et
1388 921 1434 956 qui
1461 921 1584 948 ascendit
1601 927 1682 954 super
1707 925 1804 945 omnes

1021 971 1115 1001 (113105.
1125 975 1155 998 ut
1173 971 1336 1005 adimpleret
1347 971 1448 996 omnia.
1463 969 1496 995 Et
1511 968 1568 1002 ipse
1581 967 1656 994 dedit
1668 966 1801 999 quosdam

1020 1017 1133 1051 quidem
1164 1016 1315 1051 apostolos,
1345 1015 1481 1050 quosdam
1514 1018 1605 1040 autem
1642 1013 1802 1046 prophetas,

1020 1063 1154 1097 qttosdam
1174 1070 1238 1089 vero
1259 1061 1456 1096 evangelistas,
1486 1059 1621 1094 quosdam
1647 1062 1738 1084 autetn
1754 1064 1804 1090 pa-

1021 1114 1108 1135 stores
1126 1112 1152 1135 et
1169 1108 1305 1135 doctores.
1321 1116 1330 1133 ι
1347 1107 1416 1133 Ecce
1442 1113 1530 1139 quare
1553 1105 1623 1131 dicta
1642 1108 1705 1130 sunt
1721 1103 1806 1133 dona,

1020 1154 1084 1187 quia
1099 1154 1171 1181 sicut
1190 1153 1255 1180 alibi
1278 1153 1346 1180 dicit
1361 1162 1367 1178 :
1385 1162 1394 1177 1
1410 1151 1539 1185 Nunquid
1560 1157 1656 1177 omnes
1672 1150 1808 1184 apostoli?

1020 1199 1148 1235 Nunquid
1156 1207 1252 1227 omnes
1267 1199 1405 1234 propheta:
1413 1198 1454 1224 "1
1470 1207 1479 1223 ι
1496 1202 1647 1224 etcaetera:
1663 1198 1707 1223 hic
1717 1202 1808 1223 autent

1021 1237 1171 1282 adjunxit:
1200 1247 1263 1274 1Ad
1293 1245 1558 1273 consummationem
1585 1249 1754 1275 sanctorum,
1781 1244 1808 1270 in

1021 1301 1090 1328 opus
1108 1293 1264 1326 ministerii,
1282 1293 1311 1319 in
1345 1291 1556 1319 aediﬁcationem
1585 1290 1712 1324 corporis
1727 1290 1808 1316 Chri-

1022 1339 1055 1365 sti
1064 1339 1098 1365 ’⁸.
1118 1347 1127 1364 ›
1144 1337 1206 1366 Haec
1221 1338 1389 1369 estdomus,
1411 1345 1482 1372 qum,
1497 1337 1569 1364 sicut
1582 1336 1709 1363 Psahnus
1722 1336 1809 1366 canit,

1022 1383 1176 1411 aediﬁcatur
1195 1388 1258 1418 post
1271 1383 1458 1418 captivitatem
1473 1391 1482 1417 ;
1500 1383 1630 1417 quoniam
1652 1383 1696 1416 qui
1715 1385 1782 1409 sunt
1795 1388 1811 1407 a

1025 1473 1127 1508 μέλεσι,
1145 1475 1180 1500 δι’
1204 1474 1276 1509 ἅπερ
1304 1474 1391 1500 οἰκεῖα
1413 1473 1480 1508 μέλη
1505 1473 1534 1506 ἐξ
1557 1472 1673 1507 οὖρανοῦ
1697 1472 1810 1507 ἐϐόησε,

183 1516 288 1546 Παῦλος
311 1517 324 1542 ὁ
343 1516 504 1547 ἀπόστολος.
525 1526 533 1542 1
557 1517 692 1552 Ἐκάστῳ,
713 1527 721 1543 ι
742 1519 835 1553 φησὶν,
854 1528 864 1544 1
891 1520 970 1554 ἡμῶν
985 1528 1006 1557 α
1027 1529 1036 1545 1
1051 1520 1149 1553 Σαῦλε,
1167 1519 1264 1552 Σαῧλε,
1276 1520 1302 1546 τί
1321 1528 1355 1553 με
1373 1519 1503 1552 διώκεις;
1519 1528 1529 1544 ι
1554 1519 1607 1544 Καὶ
1623 1520 1687 1552 περὶ
1703 1518 1759 1544 τῶν
1775 1519 1813 1545 οἱ-

182 1562 283 1588 δίδοται
299 1562 378 1596 χάρις
399 1563 470 1588 κατὰ
491 1563 521 1588 τὸ
540 1564 638 1597 μέτρον
656 1564 705 1598 τῆς
718 1565 823 1599 δωρεᾶς
841 1566 887 1592 τοῦ
904 1567 971 1601 Χρι-

184 1607 258 1633 στοῦ.
278 1616 287 1632 ι
307 1608 360 1634 Καὶ
376 1608 418 1634 ἵνα
430 1608 478 1642 τὴν
493 1609 598 1642 δωρεὰν
614 1609 660 1635 τοῦ
675 1610 796 1644 Χριστοῦ
811 1612 840 1637 τὸ
855 1613 970 1646 Πνεῦμα

183 1653 213 1678 τὸ
230 1652 307 1686 ἅγιον
330 1651 399 1679 εἶναι
425 1654 565 1688 ἀποδείξῃ,
584 1655 717 1688 ἑπόμενος
746 1657 860 1691 συνῆψε,
888 1667 897 1683 1
925 1659 970 1684 Διδ

183 1699 230 1723 καὶ
246 1698 339 1732 ςρησὶν,
356 1697 472 1728 Ἀναϐὰς
488 1699 528 1729 εἰς
553 1698 618 1731 ὕψος
635 1699 850 1733 ᾐχμαλώτευσεν
868 1702 972 1736 αίχμα-

183 1743 296 1776 λωσίαν,
321 1743 404 1769 ἔδωκε
432 1743 535 1778 δόματα
561 1745 618 1774 τοῖς
643 1744 810 1778 ἀνθρώποις.
832 1755 841 1771 ι
869 1747 971 1781 Γνωρι-

185 1791 307 1823 μὼτατον
321 1790 348 1816 δέ
367 1791 436 1820 ἐστι,
452 1790 496 1815 τὸν
514 1790 615 1825 Κύριον
642 1790 761 1824 Ἰησοῦν,
778 1792 848 1826 μετὰ
871 1793 921 1825 τὴν
939 1793 972 1818 ἐκ

183 1837 289 1870 νεκρῶν
303 1837 452 1863 ἀνάστασιν
466 1838 505 1867 εἰς
522 1837 636 1871 οὐρανὸν
655 1837 814 1869 ἀνελθόντα,
835 1838 927 1864 δοῦναι
942 1838 972 1864 τὸ

185 1879 296 1916 Πνεῦμα
317 1883 346 1908 τὸ
372 1882 462 1916 ἅγιον,
482 1879 513 1909 οὗ
531 1882 698 1917 πλησθέντες
723 1883 747 1909 οί
763 1884 970 1916 πιστεύσαντες,

183 1929 242 1959 ταῖς
259 1927 314 1954 τῶν
339 1927 425 1953 ἐθνῶν
448 1926 586 1961 γλώσσαις
611 1929 720 1954 πάντων
743 1929 856 1955 ἐλάλουν
870 1938 876 1944 ·
893 1932 930 1964 μὴ
945 1930 973 1956 δὲ

184 1973 298 2008 θροείτω
312 1973 398 2008 ἡμᾶς,
411 1973 452 1999 ὅτι
468 1974 545 2008 φησὶ,
563 1974 679 2007 δόματα,
693 1975 752 2009 οὐχὶ
767 1975 848 2009 δόμα.
863 1975 972 2010 Ταύτην

184 2022 238 2054 γὰρ
252 2022 303 2055 τὴν
334 2019 488 2055 μαρτυρίαν
505 2022 536 2046 ἐκ
555 2020 602 2046 τοῦ
626 2020 735 2054 ψαλμοῦ
759 2021 878 2053 τέθεικε,
893 2021 972 2048 τοῦτο

184 2066 205 2091 δ’
221 2068 248 2092 ὲν
263 2067 299 2101 τῷ
313 2066 414 2100 ψαλμῷ
429 2066 514 2097 οὕτως
533 2066 763 2099 ἀναγινώσκεται,
783 2077 792 2093 ι
807 2067 920 2101 Ἀνέσης
934 2069 973 2099 εἰς

185 2113 260 2148 ὕψος,
276 2113 492 2148 ᾐχμαλώτευσας
515 2113 718 2146 αἰχμαλωσίαν,
745 2113 841 2144 ἔλαϐες
863 2115 972 2149 δόματα

185 2159 213 2184 ὲν
228 2157 392 2193 ἀνθρώποις.
413 2167 421 2183 ι
440 2156 518 2183 Οὒτω
533 2159 586 2192 γὰρ
606 2158 640 2184 τὰ
655 2159 772 2185 πλεῖστα
791 2159 844 2185 τῶν
859 2159 971 2194 βισλίων

185 2203 292 2238 ἔχουσι,
332 2203 380 2229 καὶ
422 2203 541 2237 μάλιστα
581 2203 637 2230 τῶν
671 2204 796 2238 Γραικῶν
833 2205 879 2230 καὶ
919 2206 974 2231 τῶν

191 2250 324 2284 Ἐὕραίων
342 2249 426 2279 οὕτως
443 2249 610 2284 ὲρμηνευθὲν
626 2250 736 2284 ἔχομεν.
757 2251 866 2285 Δόματα
882 2251 973 2277 τοίνυν

187 2298 267 2330 φησὶν
281 2296 294 2321 ὀ
309 2294 470 2326 Ἀπόστολος
482 2296 512 2321 ὃν
523 2296 623 2330 τρόπον
644 2297 657 2321 6
677 2297 831 2330 προφήτης1
845 2297 875 2323 οὐ
892 2297 973 2331 δόμα⁹

185 2341 253 2367 ἀλλὰ
269 2340 313 2366 τοῦ
330 2341 469 2374 προφήτου
498 2341 631 2374 φαμένου,
651 2349 659 2366 1
680 2341 796 2373 Ἐλαὸες
823 2344 851 2368 ἐν
873 2343 976 2379 ἀνθρώ-

188 2396 257 2418 ποις,
277 2396 285 2411 ι
305 2388 318 2413 ὀ
329 2387 490 2418 Ἀτιόστολος
508 2388 608 2421 μᾶλλον
626 2388 714 2414 είλετο
728 2390 827 2422 εἰπεῖν,
844 2399 853 2415 1
871 2390 975 2417 Ἔδωκε

187 2435 242 2464 τοῖς
258 2433 433 2467 ἀνθρώποις·
456 2443 465 2459 ι
481 2433 519 2465 ὡς
541 2434 570 2466 ἐξ
593 2434 723 2469 ἐκατέρου
749 2435 851 2471 δηλαδὴ
880 2436 972 2470 λόγου,

187 2479 245 2509 ὲιὺς
262 2480 310 2513 μὲν
337 2479 382 2505 τοῦ
402 2479 584 2514 προφητικοῦ,
612 2481 706 2515 ἐτέρου
737 2480 765 2507 δὲ
789 2482 835 2507 τοῦ
858 2482 975 2509 ἀποστο-

187 2525 264 2551 λικοῦ
297 2526 355 2560 (καὶ
379 2525 433 2562 γὰρ
461 2527 490 2552 ὲν
515 2527 639 2562 ἑκατέρῳ
669 2527 797 2554 αὑθεντία
824 2528 871 2555 τοῦ
900 2529 972 2556 θείου

186 2571 276 2606 λόγου)
304 2571 479 2607 πληρεστάτη
509 2573 627 2607 ἀποδοθῇ
654 2574 669 2608 ἡ
700 2573 813 2601 ἑννοία-
842 2576 973 2610 ἑκάτερον

187 2618 240 2652 γὰρ
257 2618 356 2652 ἀληθὲς
373 2619 420 2645 καὶ
441 2619 482 2645 ὄτι
499 2619 600 2645 δέδωκε
613 2620 671 2650 τοῖς
687 2620 854 2654 ἀνθρώποις,
870 2623 973 2649 καὶότι

187 2663 282 2690 ἔλαϐεν
298 2665 326 2691 ὲν
348 2665 512 2700 ἀνθρώποις.
536 2666 639 2692 Ἔδωκε
655 2666 705 2701 μὲν
720 2668 772 2702 γὰρ
799 2669 854 2699 ’τοῖς
869 2669 975 2704 ἀνθρώ-

187 2717 260 2740 ποις.
275 2710 312 2740 ὡς
327 2710 360 2736 ἂν
385 2711 489 2745 κεφαλὴ
506 2712 562 2742 τοῖς
582 2712 690 2743 οἰκείοις
711 2712 831 2747 μέλεσιν,
847 2715 928 2741 ἔλαϐε
942 2717 969 2743 δὲ

191 2755 219 2779 ἐν
245 2754 400 2789 ἀνθρώποις
424 2757 438 2781 6
465 2756 556 2788 αὐτὸς,
573 2757 694 2791 δηλονότι
721 2759 751 2784 έν
776 2761 831 2789 τοῖς
862 2751 973 2793 οίκείοις

225 2810 245 2846 ξ²
260 2811 327 2846 riph.
343 2820 381 2843 ιν,
395 2811 421 2838 8.
462 2813 483 2829 ¹⁹
500 2812 571 2839 Psnl.
596 2822 666 2840 um.
690 2815 730 2841 l9.
768 2816 790 2831 ¹⁰
810 2817 868 2843 Arl.
883 2827 920 2846 ix.
937 2820 963 2846 4.

190 2845 211 2858 ’⁸
225 2844 231 2870 1
246 2839 309 2871 ίὶυίκ
324 2839 429 2879 λιιίνξζ,
448 2848 494 2875 ‘29.
541 2849 562 2864 “
577 2839 674 2880 Εὗίιυε.
753 2851 794 2876 12.
810 2839 840 2842 ’.ἡ
851 2839 868 2843 ﬂ
884 2839 920 2852 ἠ’

1023 1567 1104 1593 κείων
1121 1567 1210 1601 μελῶν
1236 1575 1331 1602 φησιν,
1347 1575 1357 1592 1
1376 1566 1435 1599 Ἐφ’
1448 1566 1510 1592 ὅσον
1525 1566 1565 1592 ἑνὶ
1591 1566 1645 1592 τῶν
1660 1565 1811 1599 ἐλαχίστων

1023 1621 1074 1647 μου
1102 1614 1258 1647 ἐποιήσατε,
1275 1613 1338 1646 ἐμοὶ
1368 1613 1526 1646 ἐποιήσατε.
1547 1620 1557 1637 ι
1590 1611 1676 1642 Αὐτος
1711 1612 1767 1645 ἄρα
1797 1613 1812 1638 6

1021 1660 1139 1694 Χριστὸς
1161 1662 1209 1687 καί
1233 1660 1334 1687 ἔδωκεν
1358 1660 1386 1693 ἐξ
1406 1660 1534 1694 οὐρανοῦ,
1551 1660 1598 1686 καὶ
1615 1659 1712 1685 ἐλαόεν
1729 1660 1759 1686 ὲν
1774 1660 1808 1694 τῇ

1022 1707 1068 1740 γῇ.
1084 1706 1133 1732 Διὰ
1160 1705 1245 1732 ταῦτα
1272 1706 1301 1732 δὲ
1329 1706 1434 1740 δόματα
1462 1705 1510 1732 καὶ
1534 1706 1617 1740 ἄμφω
1643 1703 1733 1737 εἶπον,
1752 1706 1810 1732 ὅτε

1023 1753 1167 1787 προφήτης
1192 1753 1239 1778 καὶ
1259 1754 1273 1778 6
1296 1752 1471 1784 Ἀπόστολος,
1498 1753 1540 1778 ὅτι
1568 1752 1612 1778 διὰ
1635 1751 1681 1778 τοῦ
1710 1751 1811 1786 δώρου,

1021 1799 1146 1824 τουτέστι
1169 1798 1219 1836 τοῦ.
1237 1799 1315 1834 ἁγίου
1333 1799 1501 1832 Πνεύματος,
1519 1799 1559 1829 είς
1576 1798 1666 1825 κοινὸν
1682 1800 1739 1830 τοῖς
1764 1799 1814 1826 ἀν-

1024 1844 1142 1878 θρώποις
1172 1846 1229 1876 τοῖς
1260 1844 1307 1872 τοῦ
1332 1841 1451 1880 Χριστοῦ
1486 1845 1581 1879 μέλεσι
1613 1844 1698 1871 πολλὰ
1725 1845 1812 1880 δῶρα,

1024 1890 1095 1924 ἅπερ
1124 1891 1192 1916 εἰσὶν
1220 1891 1327 1924 ἑκάστῳ
1354 1891 1418 1923 ῖδια,
1444 1889 1612 1924 διαιροῦνται
1628 1898 1634 1905 ·
1662 1891 1722 1917 οὐδὲ
1757 1892 1814 1926 γὰρ

1023 1936 1132 1963 ἕκαστοι
1162 1937 1250 1964 πάντα
1272 1936 1391 1971 ἔχουσιν,
1421 1936 1479 1962 ἀλλ’
1501 1937 1525 1963 oi
1556 1937 1606 1970 μὲν
1636 1937 1709 1967 τάδε,
1734 1938 1758 1964 oi.
1786 1937 1814 1964 δὲ

1023 1982 1097 2015 τάδε,
1113 1982 1214 2018 καίπερ
1237 1983 1303 2009 αὐτὸ
1328 1984 1358 2009 τὺ
1380 1983 1478 2016 δῶρον,
1496 1982 1543 2016 ἀφ’
1565 1979 1595 2009 οὗ
1622 1983 1732 2016 ἑκάστῳ
1759 1982 1815 2009 [δια

1023 2029 1204 2064 διαιροῦνται.
1222 2030 1323 2060 πάντες
1341 2029 1445 2063 ἔχουσι,
1460 2030 1583 2056 τουτέστι
1599 2029 1629 2055 τὸ
1645 2029 1761 2063 Πνεῦμα
1783 2030 1815 2056 τὸ

1024 2077 1112 2110 ἆγιον.
1139 2075 1191 2101 Καὶ
1217 2075 1272 2110 γὰρ
1300 2075 1417 2110 ἀλλαχοῦ
1443 2075 1549 2102 πολλῶν
1574 2075 1669 2110 δώρων
1686 2075 1737 2101 εἴτ’
1766 2074 1815 2102 οὖν

1024 2121 1200 2157 χαρισμάτων
1229 2121 1436 2156 μνημονεύσας,
1464 2131 1473 2146 1
1505 2121 1598 2148 Πάντα
1621 2121 1649 2147 δὲ
1678 2121 1776 2153 ταῦτα,
1803 2131 1812 2147 ι

1027 2169 1120 2203 φησὶν.
1145 2176 1155 2192 1
1184 2168 1289 2203 ἐνεργεῖ
1318 2167 1347 2194 ἓν
1362 2168 1409 2194 καὶ
1425 2167 1456 2194 τὸ
1473 2167 1538 2193 αὐτὸ
1554 2167 1677 2202 Πνεῦμα,
1691 2167 1816 2202 διαιροῦν

1028 2215 1139 2248 ἑκάστῳ
1159 2214 1250 2243 καθὼς
1270 2213 1403 2248 βούλεται.
1424 2223 1435 2251 ρ
1455 2214 1487 2238 '0
1507 2213 1583 2247 ῥῆμα
1608 2213 1659 2239 κάν
1684 2215 1717 2248 τῇ
1744 2215 1815 2248 πρὸς

1031 2260 1174 2294 Ἐϐραίους
1199 2260 1342 2295 Ἐπιστολῇ
1374 2260 1542 2294 εὑρίσκεται,
1566 2258 1629 2285 ἔνθα
1649 2259 1815 2293 γέγραπται,

1029 2315 1039 2331 1
1065 2305 1373 2341 Συνεπιμαρτυροῦντος
1400 2305 1447 2331 τοῦ
1463 2304 1531 2331 Θεοῦ
1556 2305 1681 2339 σημείοις
1704 2305 1752 2331 καὶ
1768 2305 1813 2331 τέ-

1028 2360 1102 2386 ρασι,
1120 2353 1167 2378 καὶ
1186 2351 1324 2382 ποικίλαις
1335 2351 1478 2385 δυνάμεσι,
1493 2351 1539 2377 καὶ.
1555 2350 1714 2385 Πνεῦματος
1729 2350 1810 2385 ἁγίου

1029 2399 1194 2434 μερισμοῖς·
1225 2407 1235 2424 ›
1262 2397 1402 2425 κάνταῦθα
1426 2397 1454 2423 δὲ
1479 2396 1576 2430 είπὼν,
1597 2406 1606 2422 1
1636 2396 1753 2427 ’Δναὸὰς
1776 2398 1817 2428 είς

1029 2444 1094 2478 ὕψος
1122 2443 1334 2478 ᾐχμαλώτευσεν
1356 2442 1565 2478 αἰχμαλωσίαν,
1592 2442 1675 2468 ἔδωκε
1708 2442 1816 2477 δόματα

1027 2492 1083 2521 τοῖς
1096 2490 1262 2524 ἀνθρώποις,
1275 2498 1285 2515 ι
1296 2504 1332 2510 -
1343 2498 1352 2514 1
1365 2489 1401 2515 Τὸ
1412 2488 1441 2514 δὲ
1451 2487 1552 2521 ἀνέϐη,
1567 2489 1645 2522 φησὶ.
1657 2489 1684 2513 τί
1699 2489 1784 2519 ἑστιν,
1795 2489 1819 2515 εί

1030 2536 1066 2571 μὴ
1081 2537 1122 2562 ὅτι
1138 2536 1185 2561 καὶ
1197 2535 1301 2570 κατέϐη
1315 2535 1355 2566 είς
1370 2534 1404 2560 τὰ
1419 2533 1562 2568 κατώτερα
1583 2533 1651 2568 μέρη
1675 2533 1727 2567 τῆς
1742 2533 1815 2568 γῆς,

1033 2584 1062 2609 '0
1076 2583 1103 2608 δὲ
1120 2582 1242 2612 καταϐὰς
1270 2581 1350 2612 αὐτός
1370 2582 1428 2607 ἐστι
1456 2581 1503 2606 καὶ
1525 2581 1540 2606 6
1563 2580 1666 2610 ἀνασὰς
1688 2580 1818 2614 ὑπεράνω

1028 2628 1138 2655 πάντων
1153 2628 1206 2654 τῶν
1218 2627 1351 2662 οὐρανῶν,
1368 2627 1412 2653 ἴνα
1439 2626 1572 2662 πληρώσῃ
1588 2626 1624 2652 τὰ
1641 2626 1742 2652 πάντα.
1761 2626 1816 2652 Καὶ

1029 2673 1108 2703 αὐτὸς
1119 2673 1235 2699 δέδωκεν
1246 2671 1291 2702 οὓς
1307 2672 1358 2706 μὲν
1371 2671 1550 2703 ἀποστόλους,
1560 2670 1606 2702 οὓς
1616 2670 1645 2697 δὲ
1662 2671 1820 2704 προφήτας,

1026 2718 1072 2750 οὓς
1085 2718 1106 2744 δ’
1121 2717 1326 2751 εὐαγγελιστάς,
1344 2716 1391 2748 οὓς
1406 2717 1435 2744 δὲ
1462 2717 1594 2752 ποιμένας
1617 2717 1665 2743 καὶ
1688 2716 1820 2742 διδασκά-

1025 2765 1099 2796 λους.
1119 2773 1127 2789 ι
1144 2764 1213 2790 Ἰδοὺ
1233 2763 1304 2795 τινος
1320 2763 1414 2790 ἕνεκεν
1430 2764 1556 2799 εἴρηνται
1569 2763 1686 2798 δόματα.
1696 2763 1753 2789 Καὶ
1766 2763 1819 2796 γὰρ

1015 2821 1047 2857 "_
1056 2820 1150 2848 Matth.
1162 2827 1223 2854 xxv,
1240 2819 1285 2848 40.
1326 2819 1369 2848 "l
1388 2820 1452 2849 Cor.
1470 2821 1567 2854 xtt,ll.
1610 2821 1632 2836 "
1646 2817 1731 2846 Hebr.
1749 2827 1778 2852 u,
1794 2820 1821 2847 4.
