4156 6196
106 6002 247 6153 Ψ

263 345 3595 379 Μὴ

1610 482 1754 524 ANNO
1794 484 1985 527 DOMINI
2023 485 2222 527 num

1411 647 2410 814 JOANNES

1230 919 1747 984 ABRINCENSIS
1806 925 2116 984 PRIMUM
2176 922 2602 984 EPISCOPUS

1755 1122 2079 1164 POSTMODUM

859 1299 1926 1404 ARCHIEPISCOPUS
2019 1304 2982 1404 ROTOMAGENSIS

1081 1703 1780 1830 NOTITIA
1859 1705 2778 1832 HISTOBICA

1017 1970 1235 2040 (Gallia
1293 1973 1592 2030 Christmna
1643 1987 1799 2030 nova:
1850 1973 2131 2041 editionis,
2192 1980 2325 2030 tom.
2381 1975 2470 2040 XI,
2525 1988 2648 2045 pag.
2710 1973 2844 2043 31.)

303 2283 526 2339 Mortuo
569 2284 839 2351 Maurilio,
899 2287 1082 2342 clerus
1145 2289 1566 2358 Rotomagensis
1622 2287 2246 2356 Lanfran-Aquatenus
2283 2287 2672 2356 exemplariter
2700 2289 2965 2357 correpti,
2998 2294 3053 2343 et
3082 2289 3320 2358 posteris
3347 2287 3620 2343 similibus

235 2383 353 2424 cum
385 2372 791 2429 Cadomensem
830 2375 1082 2431 abbatem
1113 2377 1220 2431 sibi
1252 2377 1729 2447 archiepiscopum
1772 2378 1890 2433 ele-

233 2458 328 2526 git,
391 2461 519 2530 qui,
573 2467 714 2516 teste
776 2463 1040 2520 Orderico
1085 2465 1266 2530 Vitali,
1318 2467 1608 2532 recusavit,
1651 2468 1890 2536 totisque

231 2547 435 2617 sategit
495 2548 710 2602 viribus
767 2555 822 2604 et
875 2552 1020 2619 apud
1061 2553 1311 2606 eumdem
1359 2553 1585 2620 clerum,
1648 2561 1704 2608 et
1746 2553 1890 2622 apud

228 2635 690 2689 Normannorum
721 2636 914 2691 ducem
962 2639 1328 2706 Guillelmum,
1363 2647 1418 2694 et
1446 2643 1589 2709 apud
1623 2657 1892 2696 summum

228 2722 562 2790 pontificem
603 2723 969 2779 Alexandrum
1009 2727 1075 2792 II,
1114 2733 1171 2781 ut
1211 2727 1470 2782 Ecclesiae
1501 2729 1677 2782 vidua:
1710 2730 1894 2796 praeti-

225 2817 455 2865 ceretur
526 2811 772 2866 Joannes
829 2813 1125 2882 episcopus
1171 2815 1564 2881 Abrincensis;
1625 2815 1774 2883 quod
1842 2821 1898 2869 et

223 2907 524 2954 assecutus
569 2906 672 2966 est,
724 2901 948 2956 Romam
993 2901 1363 2957 ordinationis
1410 2904 1570 2972 hujus
1619 2902 1893 2958 licentiam

220 2988 436 3056 petenti
502 3003 675 3044 causa
723 3003 753 3043 a
811 2989 952 3045 duce
1000 2991 1219 3057 missus,
1282 2992 1428 3047 unde
1478 2991 1706 3061 pallium
1767 3006 1892 3047 cum

219 3074 450 3131 licentia
485 3077 828 3146 deportavit.

279 3167 537 3221 Joannes
607 3180 741 3222 vero
799 3167 1096 3237 episcopus
1140 3169 1447 3238 apostolica
1473 3168 1748 3239 legatione
1805 3183 1888 3224 re-

214 3262 395 3324 cepta,
471 3263 533 3311 et
585 3256 833 3311 omnium
890 3257 1437 3326 comprovincialium
1499 3257 1887 3327 episcoporum

213 3349 675 3414 cunctorumque
718 3345 880 3399 etiam
922 3345 1168 3414 ejusdem
1200 3345 1461 3401 Ecclesia:
1493 3346 1887 3401 canonicorum

212 3431 492 3488 electione
544 3433 834 3489 communi
879 3447 1152 3489 consensu
1198 3433 1358 3501 facta,
1408 3434 1887 3504 metropolitanam

209 3521 448 3591 adeptus
499 3529 594 3578 est
651 3522 860 3589 sedem,
901 3523 1359 3592 quemadmodum
1409 3523 1609 3594 legitur
1655 3525 1710 3578 in
1749 3524 1888 3579 actis

1973 2376 2085 2430 sint
2119 2375 2343 2442 terrori,
2381 2382 2435 2430 et
2477 2375 2715 2444 parvulis
2759 2377 2896 2445 spei.
2931 2377 3084 2442 Quod
3118 2383 3290 2432 totum
3323 2377 3381 2431 in
3405 2377 3511 2432 hoc
3549 2376 3618 2432 de

1974 2478 2084 2534 quo
2159 2465 2341 2535 agitur
2385 2466 2594 2519 Joanne
2659 2465 3080 2534 archiepiscopo
3147 2465 3330 2520 divina
3387 2479 3620 2520 censura

1974 2553 2224 2608 exhibuit
2275 2554 2332 2608 in
2383 2568 2470 2620 eo,
2523 2568 2684 2623 quem
2738 2554 2786 2609 is
2832 2554 3093 2609 adversus
3138 2555 3314 2610 sancti
3369 2553 3620 2610 Audoeni

1975 2643 2280 2697 cmnobitas
2317 2643 2627 2699 inconsulte
2667 2643 2956 2698 tumultum
3005 2644 3271 2700 exercuit.
3307 2643 3464 2710 Quod
3509 2656 3620 2698 non

1978 2727 2346 2796 derogatorie,
2377 2742 2488 2783 non
2546 2730 2911 2796 insultatorie,
2971 2730 3067 2785 sed
3118 2729 3455 2785 consultorie
3493 2743 3623 2784 cen-

1977 2814 2186 2868 suimus
2216 2815 2478 2869 scribere.
2527 2816 2728 2882 Primo,
2761 2818 2890 2886 quia
2921 2817 3222 2882 insolitum,
3274 2817 3620 2885 incredibile,

1977 2906 2032 2954 et
2063 2901 2219 2969 quasi
2272 2907 2519 2956 monstro
2576 2903 2775 2965 simile,
2809 2911 3017 2958 tantum
3065 2905 3375 2968 tumultum,
3418 2910 3622 2960 tantam

1975 2989 2190 3044 turbam
2221 3003 2288 3044 eo
2329 2990 2418 3044 die
2449 2991 2568 3045 sine
2607 2992 2871 3062 sanguine
2918 2993 3207 3049 accidisse.
3257 2995 3530 3061 Secundo,
3563 3003 3625 3050 ut

1976 3078 2102 3134 loco
2133 3078 2499 3143 nobilissimo,
2543 3086 2597 3135 et
2644 3081 2711 3134 ab
2743 3083 2892 3136 omni
2935 3084 3059 3151 jure
3094 3097 3191 3138 seu
3222 3084 3622 3140 consuetudine

1975 3168 2427 3237 archipraasulum
2477 3168 2640 3238 hujus
2677 3171 2832 3225 urbis
2880 3171 3166 3242 privilegio
3214 3174 3396 3229 Caroli
3445 3173 3621 3244 Magni

1971 3257 2148 3312 libero
2179 3259 2253 3312 sit
2283 3258 2620 3325 memoriale,
2669 3274 2779 3328 quo
2819 3275 2878 3314 se
2920 3261 3154 3330 prebent
3192 3277 3294 3317 nec
3325 3263 3380 3316 in
3412 3263 3624 3332 magnis

1971 3347 2288 3402 excessibus
2335 3348 2578 3416 ipsorum
2630 3348 2838 3417 aliquid
2887 3349 3116 3417 justitiaa
3175 3349 3398 3406 debere.
3449 3353 3622 3406 Causa

1970 3442 2106 3501 erat,
2139 3419 2254 3505 qua
2279 3436 2628 3501 Guillelmus,
2684 3437 3150 3492 Nortmannorum
3201 3451 3388 3493 comes
3414 3444 3468 3492 et
3514 3440 3623 3492 An-

1964 3525 2179 3596 glorum
2227 3538 2324 3579 rex
2369 3525 2663 3593 gloriosus,
2713 3526 3079 3580 Cenomannis
3109 3540 3233 3580 cum
3269 3526 3621 3595 expeditione

209 3610 460 3681 archiep.
515 3613 755 3667 Rotom.
806 3612 1043 3666 Transiit
1081 3613 1250 3682 igitur
1296 3625 1327 3666 a
1365 3613 1496 3667 sede
1536 3610 2071 3674 Abrincensi,Bsua
2121 3613 2456 3666 morabatur.
2507 3611 2748 3663 Aderant
2797 3612 2846 3663 ei
2897 3611 3041 3664 inter
3081 3611 3326 3678 reliquos
3363 3626 3623 3679 proceres

208 3699 354 3754 unde
372 3707 427 3755 et
461 3701 820 3770 plerumque.
831 3701 1052 3755 Joannis
1071 3699 1412 3754 Abrincensis
1433 3714 1632 3755 nomen
1654 3700 1886 3754 sortitus

209 3793 313 3854 est,
344 3789 412 3843 ad
447 3790 665 3844 sedem
711 3789 1170 3858 Rotomagensem
1210 3790 1470 3852 Joannes,
1505 3787 1649 3842 ﬁlius
1676 3785 1888 3841 Radnlﬁ

206 3877 430 3931 comitis
468 3877 818 3933 Baiocarum
868 3881 923 3931 et
953 3876 1138 3942 lbreii,
1171 3875 1356 3930 fratris
1397 3876 1598 3931 uterini
1629 3875 1889 3930 Richardi

203 3964 569 4023 Normannize
654 3965 833 4031 ducis,
877 3966 1033 4034 cujus
1089 3965 1492 4034 archiepiscopi
1559 3967 1614 4020 in
1682 3965 1888 4020 curiam

201 4067 295 4108 xm
345 4055 660 4112 Kalendas
698 4053 875 4127 Martii
929 4052 1066 4107 1070
1103 4061 1276 4108 tracta
1323 4061 1407 4109 est
1446 4069 1610 4109 causa
1652 4054 1719 4110 de
1751 4054 1888 4109 cella

199 4146 251 4198 S.
284 4146 554 4202 Audoeni
610 4144 696 4199 de
725 4143 962 4199 Gisortio
1003 4143 1148 4198 inter
1178 4144 1478 4199 monachos
1506 4143 1688 4199 Sancti
1720 4146 1892 4199 Leut-

195 4230 338 4290 fredi
389 4241 451 4292 et
501 4233 755 4305 Majoris
802 4233 1138 4288 Monasterii.
1199 4237 1355 4288 Anno
1401 4231 1534 4286 1072
1582 4234 1637 4288 in
1696 4234 1889 4302 majori

195 4323 435 4380 basilica
467 4340 578 4380 sua
639 4322 939 4379 concilium
972 4322 1162 4377 habuit
1215 4336 1337 4376 cum
1386 4323 1501 4377 suis
1534 4322 1891 4392 suifraganeis

201 4426 306 4482 pro
339 4413 719 4471 restituenda
750 4411 1126 4466 ecclesiastica
1157 4411 1469 4480 disciplina.

278 4523 304 4550 ιι
339 4505 450 4558 Hic
479 4516 653 4568 vero,
701 4515 770 4555 ex
799 4501 938 4555 actis
984 4499 1527 4569 archiepiscoporum
1576 4501 1888 4570 Rotomag,

197 4589 311 4645 fuit
354 4592 446 4645 vir
485 4589 773 4662 progenie
814 4588 1039 4654 nobilis,
1093 4589 1416 4644 liberalibus
1445 4589 1688 4644 imbutus
1718 4589 1891 4644 disci-

195 4679 404 4749 plinis.
442 4682 520 4747 Is,
578 4681 728 4735 alias
766 4678 901 4733 satis
931 4684 1210 4743 strenuus,
1255 4679 1420 4732 animi
1455 4677 1569 4733 fuit
1597 4678 1892 4748 impatien-

193 4769 482 4825 tissimus.
519 4768 914 4825 Crudescebat
964 4768 1020 4822 in
1065 4781 1130 4822 eo
1179 4767 1269 4821 hic
1311 4768 1555 4829 morbus,
1589 4774 1662 4831 et,
1714 4775 1772 4822 ut
1820 4768 1893 4821 ita

195 4859 470 4928 dixerim,
530 4857 990 4926 exaggerabatur
1037 4863 1150 4910 tum
1201 4857 1383 4910 carnis
1430 4855 1738 4919 nobilitate,
1780 4862 1894 4910 tum

191 4949 571 5019 praelationis
616 4945 916 5014 dignitate.
958 4944 1146 4999 Solent
1187 4944 1330 4999 enim
1361 4944 1479 4999 haec
1509 4944 1618 4999 duo
1658 4939 2154 5013 plerum-Cturum
2213 4956 2272 4996 se
2339 4941 2706 5006 mandaverat,
2765 4939 3008 4993 solemne
3066 4938 3348 4996 missarum
3399 4944 3615 4998 interim
3702 4995 3710 5004 ,

190 5053 301 5108 que
337 5041 581 5108 positos
651 5035 714 5088 in
766 5033 1002 5089 culmine
1056 5034 1111 5088 in
1161 5034 1356 5088 ﬂexum
1387 5047 1560 5102 usque
1589 5034 1885 5102 superbiae,

187 5127 319 5198 ipso
384 5124 692 5197 potentia:
762 5119 980 5190 fastigio
1048 5121 1414 5189 lenocinante,
1475 5135 1884 5190 corrumpere:

184 5217 334 5272 adeo
378 5225 448 5272 ut
481 5225 725 5270 normae
755 5209 914 5264 obliti
953 5211 1206 5279 justitiae,
1248 5211 1394 5266 unde
1425 5211 1590 5265 animi
1623 5210 1706 5265 sui
1739 5209 1888 5266 furo-

185 5319 307 5360 rem
337 5304 641 5359 videntur
688 5311 938 5368 pascere,
982 5299 1087 5353 hoc
1117 5297 1233 5352 zelo
1263 5298 1494 5367 justitize
1514 5298 1683 5354 velint
1711 5297 1890 5368 depu-

175 5399 328 5451 tare.
389 5392 619 5450 Evenit
653 5394 844 5443 autem
883 5387 1202 5457 aliquando,
1253 5393 1314 5441 ut
1359 5387 1415 5442 hi
1463 5388 1624 5453 tales,
1657 5401 1766 5443 non
1799 5403 1893 5457 pa-

180 5491 402 5551 stores,
459 5480 574 5537 sed
635 5475 904 5533 crudeles
951 5482 1259 5542 exactores,
1309 5475 1529 5532 occulto
1561 5477 1654 5532 Dei
1679 5477 1892 5546 judicio

177 5589 383 5633 coram
417 5569 605 5642 ipsis,
657 5579 808 5634 quos
853 5565 1056 5634 injuste
1101 5570 1452 5630 vexaverunt,
1484 5566 1890 5636 corripiantur:

419 5680 705 5735 ΡΑ-ινιιοι..
737 5673 978 5728 CXLVII.

222 5921 339 6032 Τὸ

1971 3701 2074 3753 iste
2102 3701 2343 3752 Joannes
2390 3695 2540 3750 sedis
2588 3695 2752 3765 hujus
2799 3696 3273 3765 archiepiscopus,
3316 3705 3374 3753 ut
3403 3699 3485 3752 vir
3520 3713 3620 3753 ex-

1973 3785 2225 3842 cellentis
2273 3785 2501 3856 ingenii,
2551 3791 2607 3840 et
2653 3798 2764 3840 non
2803 3784 3100 3841 mediocris
3146 3787 3409 3842 consilii:
3461 3788 3624 3843 Nico-

1971 3877 2091 3932 laus
2139 3888 2360 3945 quoque
2409 3874 2744 3929 reverendus
2790 3875 2961 3929 abbas
3015 3875 3318 3944 supradicti
3357 3877 3618 3932 cmuobii.

1970 3965 2332 4019 Imminebant
2393 3963 2753 4019 celeberrima
2805 3965 3048 4033 totisque
3111 3965 3253 4020 votis
3297 3967 3622 4036 excipienda

1970 4051 2300 4108 sanctissimi
2342 4052 2592 4106 Audoeni
2647 4052 2767 4107 dies
2815 4051 3098 4107 natalitia:
3159 4059 3214 4108 et
3278 4056 3405 4124 quia
3454 4056 3623 4111 moris

1971 4147 2054 4196 est
2111 4147 2168 4195 ut
2208 4140 2659 4210 archiepiscopus
2697 4142 2816 4209 ipsa
2849 4140 2939 4196 die
2988 4141 3124 4196 inibi
3183 4143 3468 4199 missarum
3533 4159 3622 4200 so-

1972 4229 2173 4285 lemnia
2202 4229 2468 4296 celebret,
2528 4243 2639 4284 non
2699 4244 2800 4299 pro
2854 4229 2962 4284 ulla
3019 4230 3240 4300 quidem
3305 4233 3390 4289 vel
3448 4234 3622 4304 ipsius

1967 4318 2232 4388 jentaculi
2271 4319 2672 4384 vicissitudine,
2723 4319 2820 4374 sed
2869 4320 3024 4388 quasi
3055 4320 3110 4374 in
3161 4325 3624 4392 recompensatio-

1973 4421 2097 4463 nem
2155 4408 2590 4463 consecrationis
2644 4421 2780 4474 suae,
2830 4421 2993 4476 quam
3024 4411 3241 4465 nonnisi
3291 4411 3344 4465 in
3394 4411 3621 4480 praefata

1974 4497 2208 4554 ecclesia
2239 4497 2412 4552 cuivis
2456 4496 2606 4552 sedis
2654 4502 2968 4553 memorate
3016 4497 3147 4554 licet
3173 4501 3458 4569 accipere;
3493 4497 3620 4552 mis-

1975 4587 2130 4641 sione
2176 4599 2207 4641 a
2253 4600 2380 4656 rege
2415 4586 2584 4655 petita
2622 4586 2837 4641 redibat
2883 4587 3120 4654 concite,
3170 4589 3366 4641 abbate
3406 4600 3621 4654 pramo-
3675 4585 3677 4587 ’

1975 4676 2182 4730 minato
2251 4674 2467 4729 interim
2528 4673 2596 4728 ad
2655 4676 3011 4744 occupatiora
3075 4678 3410 4729 remanente.
3479 4675 3618 4742 Quid

1976 4764 2176 4832 plura?
2212 4763 2369 4818 adest
2399 4763 2518 4818 dies
2546 4764 2879 4830 veneranda,
2913 4762 3099 4818 clerici
3123 4761 3345 4830 majoris
3368 4763 3618 4822 ecclesiae

1977 4853 2141 4908 solito
2172 4866 2238 4908 eo
2269 4853 2639 4908 conveniunt:
2675 4859 2730 4907 et
2759 4852 2886 4921 quia
2934 4849 3218 4918 praemisso
3267 4853 3460 4909 nuntio
3489 4869 3620 4910 ven-

1970 5031 2242 5086 dill‘ertur.
2275 5031 2405 5086 Post
2434 5029 2749 5099 aliquandiu
2806 5038 2936 5080 vero
2983 5040 3012 5081 e
3042 5033 3317 5086 communi
3361 5031 3614 5096 consilio,

1972 5134 2040 5175 ne
2089 5119 2220 5188 quid
2263 5126 2427 5174 tanta:
2459 5119 2568 5172 diei
2611 5113 3047 5184 subtraheretur,
3099 5119 3224 5174 dum
3256 5120 3456 5184 veniat,
3507 5120 3622 5174 ini-

1973 5209 2161 5263 tiatur.
2211 5209 2379 5263 Tanta
2435 5221 2565 5263 vero
2597 5205 2936 5272 morositate,
2997 5215 3146 5262 tanta
3199 5208 3252 5262 id
3292 5206 3492 5261 factum
3537 5214 3620 5264 est

1975 5297 2300 5364 devotione;
2351 5303 2410 5351 ut
2457 5309 2567 5349 non
2619 5293 2812 5347 mirum
2863 5297 2996 5350 totis
3023 5296 3219 5350 animis
3257 5295 3468 5350 hostem
3519 5297 3618 5352 hu-

1975 5385 2121 5440 mani
2158 5385 2378 5455 generis
2405 5383 2473 5437 ad
2505 5382 2645 5436 hanc
2677 5381 2921 5437 lzetitiam
2951 5381 3275 5438 turbandam
3308 5383 3575 5440 exarsisse
3602 5404 3615 5438 :

1975 5475 2070 5545 qui
2101 5475 2333 5529 miximo
2381 5471 2485 5526 sibi
2536 5469 2691 5527 lucro
2720 5471 2957 5526 credidit
3012 5471 3298 5538 accedere,
3352 5473 3432 5528 sic
3481 5472 3615 5528 illud

1976 5577 2190 5620 veneno
2219 5577 2334 5619 sua:
2365 5560 2626 5632 nequitia:
2657 5568 2870 5631 tempus
2910 5561 3154 5626 inﬁcere,
3203 5561 3351 5628 quod
3398 5563 3616 5618 interim

3380 5671 3399 5723 1
