4156 6196
450 340 453 343 _
503 281 561 367 it
1574 279 1867 336 JOANNES
1905 278 2217 357 ARCHIEP.
2259 281 2782 355 RO'IOMAGENSIS.
3802 280 3865 339 12

496 380 603 463 sibi
632 403 856 461 dolebat
884 403 1164 475 deperire.
1195 402 1377 460 Finito
1424 403 1611 474 itaque
1656 407 1823 475 Kyrie
1853 420 1974 460 cum
2005 407 2426 471 duo-Aratur;
2464 409 2587 476 jure
2646 406 2751 461 hoc
2798 406 2852 460 in
2899 408 3016 475 ipsa
3065 408 3210 461 nube
3242 406 3693 475 portendebatur.
3729 406 3867 461 Hinc

497 496 601 552 bus
646 494 934 565 rhythmis,
989 499 1181 557 exacto
1228 493 1411 550 Gloria
1458 494 1512 548 in
1560 493 1783 548 excelsis
1812 496 1943 562 Deo,
1995 496 2143 564 quod

498 584 799 654 ineaptum
847 583 916 638 ab
945 583 1144 639 abbate
1175 582 1452 639 Riehardo
1483 583 1727 651 Sagiensi
1760 576 2146 639 chorus'eele-

500 674 736 729 berrime
767 671 943 727 fuerat
982 676 1274 728 exsecutus
1298 685 1421 727 cum
1468 670 1722 725 laudibus
1752 671 1867 725 suis
1907 671 1988 743 (id
2018 687 2149 729 vero

499 769 674 820 totum
701 761 1115 831 expendebatur
1144 761 1200 815 in
1241 759 1651 830 prastolatione
1691 759 2148 831 archiprasulis),

502 866 631 909 ecce
661 851 901 907 accurrit
948 850 1004 905 in
1055 850 1217 905 turbo
1257 848 1617 917 tempestatis,
1668 861 1885 903 omnem
1924 850 2153 905 confun-

503 942 641 998 dens
687 940 917 1011 gratiam
956 939 1107 995 illius
1152 936 1508 993 celebritatis.
1559 936 1660 995 Hic
1698 950 1931 1008 namque
1982 946 2150 996 totam

503 1030 704 1087 mentis
730 1029 1161 1100 indignationem
1214 1024 1395 1081 animo
1453 1026 1795 1095 concipiens,
1837 1028 1985 1095 quod
2040 1041 2151 1083 non

502 1132 895 1189 usquequaque
933 1115 1125 1171 fuisset
1170 1119 1542 1183 exspectatus,
1585 1115 1756 1169 torvis
1805 1116 2001 1181 oculis,
2054 1130 2151 1172 ore

500 1207 799 1264 furibundo
829 1204 1041 1260 eunetis
1069 1202 1390 1268 maledixit;
1444 1215 1851 1272 conversusque
1900 1205 1966 1259 ad
1999 1206 2153 1274 ipsos

504 1296 803 1353 monachos
839 1291 1353 1357 exeommunicavit,
1414 1306 1480 1347 ex
1548 1294 1877 1348 auctoritate
1943 1294 2039 1349 Dei
2098 1298 2153 1349 et

504 1400 601 1443 sua
639 1383 878 1440 ofﬁcium
930 1393 1179 1451 prasens
1214 1380 1553 1436 interdicens
1601 1396 1815 1436 cessare
1854 1380 2005 1449 fecit,
2046 1383 2149 1437 ab-

504 1475 682 1531 batem
739 1473 807 1527 ab
845 1471 1004 1526 altari
1062 1469 1323 1539 evellens,
1365 1469 1535 1525 divini
1582 1470 1822 1526 ofﬁcium
1861 1472 2151 1527 ministerii

504 1562 810 1634 prohibuit.
843 1559 1095 1615 Maeroris
1132 1564 1251 1614 erat
1296 1558 1517 1629 plenum
1549 1565 1604 1615 et
1640 1561 1885 1629 stuporis
1922 1572 2152 1615 cernere

505 1654 674 1706 tanta
704 1647 903 1703 festum
943 1646 1172 1713 latitia,
1215 1651 1297 1702 tot
1344 1652 1399 1701 et
1437 1651 1614 1702 tantas
1651 1661 1815 1702 voces
1858 1662 1976 1703 eam
2016 1663 2156 1717 pra-

2228 511 2426 565 nempe
2457 494 2853 550 insensibiliter
2901 493 3197 550 furentium
3236 495 3484 550 nubilum
3516 495 3663 550 velut
3691 494 3870 549 fumus

2230 585 2556 650 ascendens,
2589 584 2789 639 divina
2840 584 3031 653 gratia
3080 598 3335 639 serenum
3392 584 3693 639 turbabat:
3742 583 3870 638 hinc

2233 688 2451 730 manum
2508 672 2721 729 Domini
2772 679 2926 727 reatu
2984 675 3227 741 ipsorum
3275 675 3343 728 ad
3391 672 3696 728 feriendum
3737 686 3873 741 pro-

2232 770 2478 818 vocatam
2516 770 2739 816 sanctus
2792 762 3090 817 Audoenus
3128 762 3339 816 meritis
3377 762 3491 817 suis
3530 761 3870 831 protegendo

2234 852 2570 907 continebat.
2629 851 2785 905 Dicto
2851 851 2927 905 nil
2986 851 3225 920 subripit
3282 851 3428 920 quod
3500 849 3806 920 refragetur
3856 870 3869 905 :

2236 946 2442 996 tantum
2483 940 2622 995 ratio
2661 940 2781 1008 ipsa
2828 953 2859 994 a
2917 946 3034 996 toto
3075 941 3323 1010 pendens
3360 940 3705 1010 suffragatur.
3766 938 3875 1009 ipsi

2233 1043 2385 1094 sane,
2427 1031 2584 1097 cujus
2632 1030 2910 1097 patientia
2972 1030 3043 1083 sit
3074 1029 3382 1085 Altissimus
3418 1028 3687 1095 redditor,
3722 1028 3879 1082 asti-

2234 1132 2381 1173 mare
2421 1117 2686 1183 licuisset,
2728 1119 2782 1171 ni
2831 1132 2889 1171 se
2929 1118 2983 1171 in
3031 1132 3127 1173 sua
3174 1118 3477 1186 pertinacia
3528 1117 3820 1172 continens
3847 1129 3878 1169 a

2234 1207 2678 1262 consideratione
2745 1207 2975 1261 rationis
3037 1207 3277 1261 animum
3355 1211 3684 1261 revocasset.
3770 1204 3875 1259 Sed

2234 1296 2598 1351 animositatis
2654 1299 2773 1363 ejus
2818 1295 3128 1359 immanitas
3178 1308 3287 1351 non
3336 1296 3549 1349 destitit
3579 1308 3646 1349 eo
3679 1308 3875 1362 usque,

2235 1399 2345 1454 quo
2374 1400 2433 1439 se
2478 1383 2741 1440 invehens
2769 1385 2929 1439 irruit
2977 1370 3143 1440 inse.
3201 1386 3375 1455 Igitur
3403 1385 3711 1439 vicecomes
3739 1383 3903 1438 civi-’

2235 1473 2363 1528 tatis
2408 1474 2882 1543 archiepiscopum
2931 1475 3011 1528 sie
3068 1474 3498 1529 circumventum
3533 1480 3593 1529 ut
3650 1472 3876 1538 audivit,

2234 1564 2439 1617 veritus
2486 1577 2553 1617 ne
2594 1563 2726 1632 quid
2786 1563 3153 1618 inconsultius
3209 1563 3472 1617 adversus
3518 1561 3697 1631 ipsum
3754 1574 3881 1631 age-

2235 1656 2408 1717 retur,
2467 1656 2521 1704 et
2587 1650 2703 1719 ipse
2770 1656 2895 1719 post
2962 1664 3122 1706 noxa
3178 1658 3538 1720 argueretur;
3588 1648 3878 1703 militarem

505 1742 771 1795 conantes
820 1736 877 1791 in
916 1735 1156 1823 subitum
1195 1735 1472 1823 silentium
1512 1736 1872 1817 obmutuisse.
1921 1736 2044 1806 Ipse
2081 1735 2457 1821 adBmanum
2514 1739 2681 1811 cogit,
2750 1739 2897 1808 regis
2950 1728 3190 1795 bannum
3247 1740 3503 1795 omnibus
3559 1737 3875 1808 pratendit,

505 1824 893 1895 complendum
951 1837 1009 1879 se
1052 1821 1292 1879 ofﬁcium
1349 1821 1623 1893 praparat
1670 1844 1682 1878 :
1752 1824 1971 1879 clericis
2016 1823 2179 1891 suis,

505 1920 565 1972 ut
612 1930 644 1970 a
704 1913 830 1970 loco
885 1914 1129 1983 incapto
1189 1918 1535 1982 peragerent,
1577 1913 1831 1982 imperat.
1880 1913 2026 1968 Nihil
2067 1913 2157 1967 hic

503 2003 846 2060 reticendum
884 2000 1003 2057 fore
1056 2014 1365 2068 censemus,
1407 2001 1558 2070 quod
1618 2002 1747 2057 dum
1806 2001 1967 2057 alteri
2006 2002 2153 2070 parti

503 2091 735 2148 favendo
793 2089 1217 2155 dissimulamus,
1276 2088 1437 2145 alteri
1489 2094 1662 2145 totum
1702 2090 2021 2160 derogando
2062 2090 2159 2144 im-

506 2187 699 2251 putare
736 2179 1039 2235 videamur.
1082 2180 1279 2233 Verum
1326 2176 1446 2233 falsi
1496 2178 1884 2248 astipulatione
1924 2192 2034 2234 non
2075 2180 2158 2233 in-

436 2256 447 2269 ,
505 2270 675 2341 diget.
717 2271 956 2349 Fratres,
997 2267 1100 2343 etsi
1140 2267 1396 2322 decorem
1436 2267 1542 2349 sibi
1600 2268 1736 2321 tanti
1774 2268 1960 2339 gaudii
2021 2282 2159 2336 pra-

504 2356 612 2429 ripi
652 2346 924 2424 dolentes,
967 2354 1270 2427 pontiﬁcali
1328 2346 1508 2411 tamen
1564 2355 1880 2411 auctoritati
1930 2357 2154 2421 cedunt,

503 2432 711 2504 festivis
739 2434 815 2502 se
861 2446 1146 2502 ornatibus
1184 2451 1410 2511 exuunt,
1442 2444 1577 2499 satis
1617 2459 1740 2499 eum
1781 2444 2020 2499 tumultu
2070 2459 2157 2499 ee-

503 2530 726 2591 clesiam
747 2531 1133 2603 egrediuntur;
1166 2532 1274 2588 huc
1304 2531 1546 2602 quidam,
1591 2547 1716 2602 pars
1755 2532 1873 2598 illo,
1906 2532 2002 2588 alii
2040 2531 2151 2587 alio

502 2620 828 2713 succedunt,
876 2613 1109 2676 invicem
1164 2627 1220 2675 et
1274 2618 1343 2675 ad
1382 2632 1512 2675 suos
1567 2602 1735 2690 super
1789 2606 1889 2675 suo
1944 2620 2157 2689 pudore

505 2704 805 2766 marentes
854 2712 1288 2779 conqueruntur.
1340 2709 1472 2764 Cum
1530 2708 1714 2764 subito
1773 2708 1993 2780 quidam
2034 2723 2161 2763 ma-

510 2799 656 2857 roris
711 2800 1025 2872 impatiens,
1077 2800 1305 2856 dubium
1362 2798 1585 2869 quidem
1642 2813 1710 2853 an
1759 2813 1825 2853 ex
1877 2798 2033 2867 ipsis,
2072 2797 2159 2853 vel

510 2874 701 2967 eorum
748 2876 986 2967 famulis,
1050 2887 1174 2957 plus
1221 2886 1445 2952 furoris,
1498 2886 1680 2941 minus
1727 2886 1945 2941 consilii
1975 2886 2158 2939 animo

507 2966 796 3050 colligens,
845 2964 1040 3033 turrim
1098 2982 1378 3047 properat,
1428 2976 1604 3045 majus
1650 2974 1901 3031 ecclesia
1945 2975 2159 3045 signum

2238 1828 2520 1897 suppetias
2575 1828 2851 1893 accurrit;
2887 1828 2998 1896 jam
3058 1827 3134 1882 nil
3192 1827 3573 1894 reluctantem,
3616 1827 3725 1881 imo
3773 1824 3880 1879 sibi

2240 1916 2460 1985 penitus
2520 1913 2856 1969 difﬁdentem
2898 1915 3146 1983 periculo
3186 1915 3394 1969 eximit.
3436 1916 3508 1969 lis
3547 1914 3879 1969 tumultuum

2239 2005 2533 2061 dementiis
2570 2009 2759 2059 exacta
2800 2010 2884 2058 est
2922 2003 3040 2058 dies
3078 2008 3244 2059 tanta
3284 2003 3642 2057 celebritatis.

2313 2113 2341 2145 «
2382 2094 2631 2149 .Estimet
2669 2094 2763 2163 qui
2795 2092 2938 2147 valet
2975 2108 3099 2162 qua
3137 2091 3305 2147 facies
3342 2098 3472 2147 tunc
3510 2091 3677 2147 fuerit
3712 2092 3881 2147 curia

2241 2183 2504 2250 coelestis,
2546 2196 2707 2251 quam
2760 2182 2985 2251 indigne
3034 2182 3223 2236 tulerit
3259 2181 3345 2235 sui
3385 2179 3884 2249 praeellentissimi

2241 2272 2374 2327 eivis
2410 2271 2659 2327 Audoeni
2699 2271 2780 2326 sic
2828 2270 3132 2336 confusam,
3171 2270 3251 2325 sic
3290 2267 3568 2335 fadatam,
3614 2269 3695 2325 sic
3734 2282 3882 2339 pra-

2241 2367 2449 2430 reptam
2507 2360 2650 2415 diem
2721 2373 2834 2415 sua
2893 2359 3370 2415 remunerationis.
3425 2358 3677 2419 IEstimet
3750 2357 3883 2428 quid

2243 2450 2519 2505 exstiterit
2557 2448 2814 2514 miseria,
2875 2454 3087 2503 tantum
3126 2454 3416 2517 patronum
3455 2447 3533 2503 nil
3572 2448 3793 2516 penitus
3830 2447 3886 2501 in

2241 2539 2369 2595 ﬁliis
2406 2540 2520 2593 suis
2558 2538 2702 2609 quod
2746 2537 2962 2594 Domini
3026 2536 3222 2592 faciem
3278 2537 3595 2606 placaturus
3639 2536 3880 2602 offerret,

2242 2642 2308 2684 eo
2348 2628 2436 2685 die
2490 2629 2789 2697 accepisse.
2850 2629 2961 2683 Nos
3018 2628 3339 2698 ignorantes
3393 2627 3565 2683 divini
3610 2632 3883 2683 secretum

2242 2717 2459 2772 consilii
2499 2717 2820 2782 omittimus,
2845 2717 2913 2772 de
2953 2716 3269 2772 hominibus
3307 2716 3542 2771 humana
3571 2728 3882 2785 pensamus.

2241 2806 2300 2861 In
2341 2811 2489 2861 tanta
2528 2805 2878 2859 multitudine
2918 2803 3156 2859 discreta
3183 2818 3337 2869 sexu,
3369 2808 3534 2859 atate
3572 2809 3629 2858 et
3666 2803 3883 2869 ordine,

2242 2906 2352 2947 non
2392 2892 2668 2947 credimus
2705 2890 2966 2956 defuisse,
3008 2896 3063 2945 et
3102 2891 3197 2960 qui
3235 2897 3418 2946 mente
3449 2891 3658 2947 carnali
3698 2906 3757 2948 se
3787 2892 3887 2948 mi-

2243 2995 2346 3036 nus
2392 2980 2646 3036 nocuisse
2706 2980 3084 3049 panituerint,
3129 2980 3259 3036 dum
3314 2979 3393 3034 nil
3450 2979 3712 3047 medium,
3754 2980 3886 3050 quin

508 3058 711 3143 pulsat.
762 3067 903 3143 Hinc
953 3065 1133 3121 forum
1179 3066 1326 3121 otior
1372 3065 1634 3120 advolat:
1683 3064 2350 3135 archiepiscopumCtam
2408 3067 2634 3138 speciali
2674 3068 2874 3137 gaudio
2934 3068 3129 3137 privati
3168 3067 3368 3133 forent,
3410 3067 3791 3134 attenderint;
3834 3071 3890 3123 et

509 3148 685 3213 sancti
715 3150 965 3211 Audoeni
994 3154 1210 3226 glebam
1248 3153 1316 3209 ad
1347 3154 1607 3224 majorem
1640 3152 1928 3209 ecclesiam
1959 3168 2160 3223 aspor-

505 3249 624 3302 tare
669 3244 810 3300 velle
857 3241 1179 3315 proclamat.
1230 3241 1533 3297 Prosiliunt
1580 3256 1773 3297 omnes
1803 3256 1833 3297 e
1879 3242 2158 3310 domibus,

509 3330 650 3390 alius
669 3332 931 3404 gladium,
994 3331 1085 3387 hic
1116 3331 1435 3402 bipennem,
1469 3331 1672 3405 diversi
1723 3332 1873 3401 quod
1924 3330 2161 3400 primum

511 3422 763 3479 manibus
820 3428 1158 3490 occurrerat,
1208 3420 1520 3491 arripiunt;
1583 3420 1872 3476 ecclesiam
1924 3434 2048 3475 cum
2078 3417 2163 3473 fu-

513 3527 641 3570 rore
670 3512 1002 3582 irrumpunt.
1059 3510 1287 3585 Quidam
1319 3510 1640 3567 curiositate
1669 3509 1798 3575 acti,
1834 3509 2008 3563 celata
2039 3522 2161 3563 mo-

514 3600 741 3658 nasterii
771 3601 1172 3668 conscendunt,
1206 3599 1458 3679 quadam
1489 3614 1555 3655 ex
1586 3598 1847 3667 tabulatis
1866 3596 2121 3653 auferunt
2146 3616 2158 3651 :

514 3692 648 3764 quid
686 3691 767 3747 sic
812 3689 1001 3747 furens
1031 3689 1271 3762 populus
1300 3704 1462 3761 agere
1491 3688 1678 3756 vellet,
1708 3688 1994 3743 rimantur.
2028 3685 2161 3741 Plu-

515 3782 641 3839 rimi
671 3781 791 3850 ejus
832 3779 1160 3836 intentionis
1206 3787 1383 3845 erant,
1436 3784 1495 3834 ut
1542 3777 1671 3848 quia
1719 3778 1799 3831 eis
1830 3784 1993 3830 tanta
2024 3789 2163 3830 con-

517 3870 880 3927 tinuationem
926 3867 1135 3922 latitia
1194 3865 1601 3937 interrupisset,
1634 3878 1735 3919 nec
1765 3864 1871 3919 sibi
1902 3864 2165 3932 perﬁcere

518 3958 733 4015 liceret.
808 3953 1278 4024 Archiepiscopus
1333 3951 1694 4009 circumcirca
1752 3950 2049 4006 furentium
2107 3965 2166 4006 se

523 4045 719 4103 turmis
747 4044 933 4116 appeti
981 4056 1372 4114 expavescens,
1422 4041 1547 4115 plus
1591 4045 1773 4096 tamen
1806 4039 2169 4110 desuperim-

521 4135 794 4192 minentes
839 4118 1112 4217 metuens,
1160 4133 1230 4188 ab
1287 4130 1447 4187 altari
1494 4129 1563 4187 ad
1611 4128 1792 4186 valvas
1848 4128 2167 4184 monasterii

520 4223 702 4299 fugam
747 4222 981 4295 arripuit
1016 4243 1030 4278 :
1072 4220 1161 4278 vix
1208 4221 1427 4292 elapsus
1475 4218 1614 4275 infra
1661 4217 1922 4274 ambitum
1981 4231 2168 4272 earum

522 4316 660 4387 ipsis
706 4315 861 4389 prius
907 4312 1110 4368 clausis
1155 4326 1214 4368 se
1261 4310 1471 4382 recepit
1514 4330 1525 4381 ;
1562 4307 1803 4379 undique
1852 4306 2056 4362 circum
2108 4321 2167 4362 se

2243 3157 2337 3228 qui
2378 3156 2614 3212 sanioris
2652 3156 2890 3223 consilii,
2936 3158 3176 3227 peccatis
3214 3158 3329 3215 suis
3367 3171 3486 3213 eam
3527 3157 3743 3215 turbam
3782 3156 3891 3212 im-

2243 3246 2573 3317 putaverint,
2612 3252 2738 3302 vota
2777 3260 2874 3300 sua
2913 3252 3188 3316 praerepta
3227 3247 3535 3317 gemuerint
3573 3260 3604 3301 a
3641 3260 3742 3301 suo
3783 3258 3888 3314 pa-

2245 3343 2406 3391 trono
2462 3335 2711 3401 veniam,
2737 3335 3077 3406 suspirantes
3128 3350 3295 3404 super
3351 3336 3466 3391 suis
3512 3335 3727 3391 actibus
3764 3349 3891 3390 eru-

2244 3423 2487 3478 buerint.
2549 3425 2768 3483 Fratres
2824 3424 2880 3477 in
2920 3425 3220 3479 crastinum
3259 3423 3327 3479 de
3368 3424 3483 3479 suis
3520 3423 3749 3493 eligunt,
3792 3437 3891 3493 per

2244 3526 2384 3581 quos
2421 3512 2605 3566 abbati
2645 3526 2744 3566 suo
2784 3512 2932 3580 quod
2990 3510 3191 3567 factum
3256 3511 3454 3579 fuerat,
3493 3512 3886 3577 innotesceret,

2245 3606 2301 3655 et
2340 3614 2522 3671 regem
2562 3614 2729 3670 super
2766 3601 2873 3656 hoc
2910 3609 3268 3673 suggesturus
3289 3601 3502 3668 adiret;
3542 3599 3639 3656 sed
3679 3599 3893 3655 archie-

2246 3690 2460 3760 piscopi
2509 3689 2735 3744 nuntius
2802 3698 3185 3760 praeesserat,
3254 3689 3513 3775 in'vidiam
3574 3701 3791 3744 omnem
3831 3689 3889 3744 in

2246 3778 2545 3834 monachos
2599 3784 2899 3834 retorserat
2940 3800 2951 3833 :
2995 3780 3075 3834 sic
3131 3778 3335 3835 infecto
3393 3779 3617 3850 negotio
3655 3777 3893 3833 reditum

2248 3873 2352 3924 est.
2394 3869 2509 3923 Rex
2548 3867 2677 3923 licet
2718 3874 2842 3937 post
2881 3869 3054 3936 ipsius
3090 3868 3497 3936 archiepiscopi
3538 3872 3593 3921 et
3632 3880 3893 3935 quorum-

2249 3957 2373 4013 dam
2410 3956 2713 4012 aulicorum
2754 3956 3019 4010 instinetu
3057 3954 3239 4008 animo
3270 3953 3328 4007 in
3348 3954 3650 4009 monachos
3669 3960 3889 4022 motus;

2250 4060 2365 4101 rem
2405 4051 2585 4101 tamen
2644 4059 2710 4100 ex
2757 4057 2916 4113 aquo
2975 4055 3233 4113 pensans,
3297 4042 3428 4098 hinc
3476 4041 3892 4099 immoderatam

2250 4135 2637 4204 arrogantiam,
2717 4134 2845 4188 hinc
2919 4131 3292 4188 inconsultum
3367 4131 3661 4189 tumultum
3732 4132 3897 4201 justis

2250 4224 2636 4280 librationibus
2694 4222 3100 4292 praponderat.
3159 4221 3323 4277 iubet
3362 4222 3531 4292 igitur
3567 4220 3752 4276 statim
3802 4234 3900 4275 ee-

2251 4313 2471 4368 clesiam
2539 4313 2606 4368 ab
2662 4313 3083 4383 archiepiscopo
3132 4311 3503 4369 reconciliari.
3561 4308 3719 4377 Quod
3775 4323 3899 4365 cum

522 4404 719 4462 sedilia
748 4408 803 4473 et
830 4401 1034 4459 formas
1071 4399 1323 4477 aggerari
1370 4396 1519 4455 fecit.
1554 4396 1815 4453 Nonnulli
1842 4402 2023 4452 tamen
2055 4402 2388 4475 par-Dsatis
2426 4400 2567 4456 irato
2625 4406 2681 4455 et
2737 4400 3032 4456 reluctanti
3085 4401 3269 4457 animo
3326 4400 3619 4465 abnueret,
3661 4411 3756 4453 rex
3794 4398 3898 4453 Mi-

524 4495 596 4551 tis
640 4494 818 4565 ipsius
868 4492 1105 4562 arreptis
1132 4489 1501 4556 candelabris,
1535 4486 1713 4543 cereis
1751 4493 1806 4541 et
1834 4484 2081 4555 perticis,
2113 4485 2170 4539 in

478 4636 482 4640 .
524 4582 825 4661 monachos
854 4579 1087 4657 efferati,
1118 4580 1217 4637 sed
1269 4580 1338 4636 ab
1387 4579 1468 4635 eis
1508 4590 1620 4633 non
1649 4576 1894 4647 segniter
1932 4574 2168 4643 excepti,

525 4675 696 4749 pudet
723 4672 933 4740 dicere,
967 4685 1130 4743 quam
1177 4668 1324 4726 fado
1364 4666 1615 4738 exemplo
1645 4680 1735 4722 res
1764 4680 1829 4721 eo
1861 4664 1949 4720 die
1980 4663 2172 4718 debuit

526 4762 902 4818 determinari.
951 4759 1212 4818 Constitit
1241 4759 1375 4815 satis
1403 4759 1526 4830 ipso
1574 4757 1663 4812 die
1713 4755 1965 4810 meritum
1996 4751 2172 4807 sancti

527 4850 782 4906 omnibus
810 4847 1069 4917 adfuisse,
1119 4848 1215 4919 qui
1264 4845 1392 4903 hinc
1421 4844 1763 4902 savientium
1794 4856 1987 4898 manus
2016 4854 2173 4896 com-

527 4926 840 5013 primendo,
870 4937 1000 5013 hinc
1026 4937 1505 5009 archiepiscopum
1536 4948 1658 4990 cum
1689 4932 1803 4988 suis
1829 4945 1895 4987 eo
1923 4928 2171 5000 periculo

525 5010 839 5105 eximendo,
872 5010 1081 5081 tantum
1127 5025 1280 5082 nefas
1324 5038 1434 5081 non
1467 5038 1633 5097 parvo
1664 5020 1878 5077 cunctis
1907 5019 2173 5075 miraculo

527 5116 707 5187 potuit
754 5120 1020 5171 avertere.
1069 5116 1202 5171 Nam
1251 5121 1401 5171 tanta
1448 5114 1632 5169 subito
1682 5111 1844 5166 nubis
1891 5109 2067 5179 caligo
2116 5108 2173 5163 id

528 5207 764 5276 spatium
812 5203 1132 5281 sanctuarii,
1183 5205 1333 5274 quod
1372 5204 1540 5260 loculi
1570 5206 1884 5258 sanctorum
1916 5197 2172 5253 contine-

527 5294 747 5362 bantur,
780 5293 1040 5361 obtinuit,
1074 5299 1133 5349 ut
1179 5291 1268 5348 vix
1297 5293 1380 5350 vel
1411 5308 1444 5349 a
1472 5291 1708 5349 curiosis
1738 5288 2025 5345 oculorum
2055 5286 2172 5341 acie

527 5381 735 5452 corripi
765 5384 1025 5451 potuerit.
1068 5383 1168 5440 Rei
1200 5376 1454 5456 cengruit
1488 5379 1831 5437 miraculum.
1862 5377 1998 5443 Quia
2027 5374 2172 5428 enim

525 5484 698 5526 sacra
746 5470 1042 5545 Scriptura
1096 5470 1329 5529 diversis
1377 5471 1433 5526 in
1482 5469 1620 5525 locis
1658 5481 1755 5541 per
1796 5465 1997 5519 nubem
2029 5476 2173 5517 nunc

528 5559 966 5632 delinquentium
997 5561 1241 5632 cacitas,
1271 5574 1419 5618 nunc
1449 5558 1661 5614 Domini
1695 5552 1970 5629 protectio
2000 5550 2175 5621 ﬁngu-

2254 4489 2431 4545 chaeli
2487 4490 2751 4559 episeopo
2805 4489 3186 4545 Abrincatensi
3240 4488 3349 4543 loci
3388 4486 3892 4543 reconciliationem

2254 4578 2534 4647 injunxit;
2578 4578 2844 4648 pudorem
2890 4592 3020 4633 vero
3059 4590 3238 4643 suum,
3281 4575 3336 4630 in
3374 4574 3559 4631 futuro
3598 4575 3893 4635 vindictam

2254 4667 2627 4738 pratendens,
2686 4666 3067 4722 dissimulavit.
3107 4667 3349 4731 Quatuor
3393 4663 3561 4733 igitur
3597 4662 3895 4719 monachos

2254 4756 2385 4822 loci,
2447 4771 2587 4825 quos
2626 4762 2680 4810 et
2718 4754 2973 4813 factionis
3032 4760 3288 4809 auctores
3342 4752 3612 4819 audierat,
3667 4751 3897 4809 totidem

2254 4845 2486 4901 aliorum
2543 4845 2922 4900 canobiorum
2962 4841 3254 4898 abbatibus
3292 4841 3585 4907 commisit,
3626 4847 3900 4911 quatenus

2256 4943 2311 4990 et
2364 4934 2784 5005 archiepiscopo
2841 4929 3204 4996 satisfaceret,
3246 4936 3301 4985 et
3341 4930 3420 4985 illi
3469 4930 3525 4984 in
3565 4928 3895 4999 peregrina-

2257 5024 2407 5080 tione
2449 5038 2546 5078 sua
2586 5023 2821 5088 luerent,
2853 5019 3003 5090 quod
3043 5020 3223 5074 minus
3261 5018 3512 5075 consulte
3552 5024 3897 5088 peccassent.

2256 5114 2375 5168 Non
2433 5111 2602 5166 multo
2644 5117 2768 5178 post
2824 5115 3025 5174 tamen,
3069 5114 3123 5163 et
3173 5109 3403 5164 rationis
3432 5105 3896 5177 consideratione,

2256 5206 2310 5256 et
2350 5200 2524 5270 petitu
2563 5199 2778 5254 abbatis
2816 5198 3057 5268 ipsorum
3102 5198 3295 5264 flexus,
3338 5197 3391 5250 in
3433 5196 3783 5264 prasentiam
3812 5194 3898 5250 sui

2257 5304 2353 5345 eos
2390 5288 2683 5354 revocavit,
2725 5294 2781 5343 et
2818 5288 3080 5344 Ecclesia
3120 5284 3510 5343 reconciliatos
3540 5283 3802 5343 reddidit.
3835 5284 3897 5340 1n

2256 5377 2342 5431 his
2380 5378 2635 5433 omnibus
2677 5391 2898 5447 semper
2925 5377 3073 5447 apud
3102 5377 3278 5445 ipsum
3308 5379 3526 5428 cautum
3556 5372 3787 5439 exstitit,
3827 5384 3898 5427 ne

2255 5465 2389 5537 quid
2450 5466 2557 5522 sibi
2621 5467 3093 5538 archiepiscopus,
3151 5462 3307 5533 quasi
3362 5462 3464 5518 sub
3520 5461 3898 5519 ecclesiastico

2254 5556 2460 5625 vigore,
2503 5557 2555 5611 in
2616 5558 2795 5613 causis
2834 5558 2997 5626 hujus
3035 5553 3286 5611 ecclesia
3326 5551 3631 5610 insolenter
3675 5564 3899 5622 arroga-
