  <div class='ocr_page' id='page_1' title='image "/cluster/home/n/w/nwhite01/storage/ocr_20150623/147/hvd.32044073505281/012.png"; bbox 0 0 4156 6196; ppageno 0'>
   <div class='ocr_carea' id='block_1_1' title="bbox 321 207 3683 303">
    <p class='ocr_par' dir='ltr' id='par_1_1' title="bbox 321 207 3683 303">
     <span class='ocr_line' id='line_1_1' title="bbox 321 207 3683 303; baseline -0.001 0"><span class='ocrx_word' id='word_1_1' title='bbox 321 244 386 303; x_wconf 88' lang='lat'>13</span> <span class='ocrx_word' id='word_1_2' title='bbox 427 207 430 212; x_wconf 52' lang='grc'><em>’</em></span> <span class='ocrx_word' id='word_1_3' title='bbox 1662 246 1931 303; x_wconf 67' lang='lat' dir='ltr'>norma</span> <span class='ocrx_word' id='word_1_4' title='bbox 1968 241 2338 300; x_wconf 82' lang='lat' dir='ltr'>HISTORICA.</span> <span class='ocrx_word' id='word_1_5' title='bbox 3617 246 3683 303; x_wconf 87' lang='lat'>14</span> 
     </span>
    </p>
   </div>
   <div class='ocr_carea' id='block_1_2' title="bbox 315 354 3680 451">
    <p class='ocr_par' dir='ltr' id='par_1_2' title="bbox 315 354 3680 451">
     <span class='ocr_line' id='line_1_2' title="bbox 315 354 3680 451; baseline 0.001 -24"><span class='ocrx_word' id='word_1_6' title='bbox 315 372 475 428; x_wconf 89' lang='lat' dir='ltr'>verit.</span> <span class='ocrx_word' id='word_1_7' title='bbox 540 374 654 427; x_wconf 90' lang='lat' dir='ltr'>lmo</span> <span class='ocrx_word' id='word_1_8' title='bbox 712 376 1002 440; x_wconf 84' lang='lat' dir='ltr'>postquam</span> <span class='ocrx_word' id='word_1_9' title='bbox 1066 371 1284 441; x_wconf 88' lang='lat' dir='ltr'>gemino</span> <span class='ocrx_word' id='word_1_10' title='bbox 1349 369 1574 447; x_wconf 78' lang='lat' dir='ltr'>fratrum</span> <span class='ocrx_word' id='word_1_11' title='bbox 1641 369 2174 438; x_wconf 88' lang='lat' dir='ltr'>eorumdemApatu</span> <span class='ocrx_word' id='word_1_12' title='bbox 2221 364 2392 433; x_wconf 80' lang='lat' dir='ltr'>dedit,</span> <span class='ocrx_word' id='word_1_13' title='bbox 2443 370 2498 420; x_wconf 94' lang='lat' dir='ltr'>et</span> <span class='ocrx_word' id='word_1_14' title='bbox 2544 365 2609 420; x_wconf 91' lang='lat' dir='ltr'>ad</span> <span class='ocrx_word' id='word_1_15' title='bbox 2660 362 2947 451; x_wconf 79' lang='lat' dir='ltr'>quamdam</span> <span class='ocrx_word' id='word_1_16' title='bbox 2996 354 3439 449; x_wconf 49' lang='lat' dir='ltr'>patrimonii°sui</span> <span class='ocrx_word' id='word_1_17' title='bbox 3476 372 3680 451; x_wconf 78' lang='lat' dir='ltr'>villam,</span> 
     </span>
    </p>
   </div>
   <div class='ocr_carea' id='block_1_3' title="bbox 319 457 1958 528">
    <p class='ocr_par' dir='ltr' id='par_1_3' title="bbox 319 457 1958 528">
     <span class='ocr_line' id='line_1_3' title="bbox 319 457 1958 528; baseline -0.003 -11"><span class='ocrx_word' id='word_1_18' title='bbox 319 460 513 517; x_wconf 87' lang='lat' dir='ltr'>exsilio</span> <span class='ocrx_word' id='word_1_19' title='bbox 544 460 831 527; x_wconf 76' lang='lat' dir='ltr'>satisfecit,</span> <span class='ocrx_word' id='word_1_20' title='bbox 878 474 989 514; x_wconf 85' lang='lat' dir='ltr'>rem</span> <span class='ocrx_word' id='word_1_21' title='bbox 1030 460 1085 515; x_wconf 90' lang='lat' dir='ltr'>in</span> <span class='ocrx_word' id='word_1_22' title='bbox 1125 459 1416 515; x_wconf 85' lang='lat' dir='ltr'>concilium</span> <span class='ocrx_word' id='word_1_23' title='bbox 1459 458 1634 528; x_wconf 89' lang='lat' dir='ltr'>ponit,</span> <span class='ocrx_word' id='word_1_24' title='bbox 1666 457 1958 513; x_wconf 85' lang='lat' dir='ltr'>concilium</span> 
     </span>
    </p>
   </div>
   <div class='ocr_carea' id='block_1_4' title="bbox 317 538 1959 621">
    <p class='ocr_par' dir='ltr' id='par_1_4' title="bbox 317 538 1959 621">
     <span class='ocr_line' id='line_1_4' title="bbox 317 538 1959 621; baseline -0.003 -15"><span class='ocrx_word' id='word_1_25' title='bbox 317 552 505 621; x_wconf 91' lang='lat' dir='ltr'>cogit;</span> <span class='ocrx_word' id='word_1_26' title='bbox 567 550 715 620; x_wconf 87' lang='lat' dir='ltr'>quod</span> <span class='ocrx_word' id='word_1_27' title='bbox 778 538 1049 605; x_wconf 87' lang='lat' dir='ltr'>abbatiam</span> <span class='ocrx_word' id='word_1_28' title='bbox 1110 564 1260 604; x_wconf 91' lang='lat' dir='ltr'>suam</span> <span class='ocrx_word' id='word_1_29' title='bbox 1317 549 1457 603; x_wconf 90' lang='lat' dir='ltr'>irato</span> <span class='ocrx_word' id='word_1_30' title='bbox 1507 553 1562 602; x_wconf 90' lang='lat' dir='ltr'>et</span> <span class='ocrx_word' id='word_1_31' title='bbox 1608 547 1959 602; x_wconf 87' lang='lat' dir='ltr'>tumultuanti</span> 
     </span>
    </p>
   </div>
   <div class='ocr_carea' id='block_1_5' title="bbox 318 637 1960 709">
    <p class='ocr_par' dir='ltr' id='par_1_5' title="bbox 318 637 1960 709">
     <span class='ocr_line' id='line_1_5' title="bbox 318 637 1960 709; baseline -0.002 -14"><span class='ocrx_word' id='word_1_32' title='bbox 318 641 499 695; x_wconf 90' lang='lat' dir='ltr'>animo</span> <span class='ocrx_word' id='word_1_33' title='bbox 530 641 826 707; x_wconf 85' lang='lat' dir='ltr'>intrasset;</span> <span class='ocrx_word' id='word_1_34' title='bbox 861 638 1008 709; x_wconf 88' lang='lat' dir='ltr'>quod</span> <span class='ocrx_word' id='word_1_35' title='bbox 1042 639 1211 694; x_wconf 89' lang='lat' dir='ltr'>totius</span> <span class='ocrx_word' id='word_1_36' title='bbox 1241 637 1417 692; x_wconf 67' lang='lat' dir='ltr'>turbte</span> <span class='ocrx_word' id='word_1_37' title='bbox 1447 650 1610 692; x_wconf 89' lang='lat' dir='ltr'>causa</span> <span class='ocrx_word' id='word_1_38' title='bbox 1649 642 1703 692; x_wconf 90' lang='lat' dir='ltr'>et</span> <span class='ocrx_word' id='word_1_39' title='bbox 1732 637 1960 692; x_wconf 85' lang='lat' dir='ltr'>materia</span> 
     </span>
    </p>
   </div>
   <div class='ocr_carea' id='block_1_6' title="bbox 320 724 1961 796">
    <p class='ocr_par' dir='ltr' id='par_1_6' title="bbox 320 724 1961 796">
     <span class='ocr_line' id='line_1_6' title="bbox 320 724 1961 796; baseline -0.004 -11"><span class='ocrx_word' id='word_1_40' title='bbox 320 729 662 795; x_wconf 78' lang='lat' dir='ltr'>exstitisset;</span> <span class='ocrx_word' id='word_1_41' title='bbox 695 727 843 796; x_wconf 89' lang='lat' dir='ltr'>quod</span> <span class='ocrx_word' id='word_1_42' title='bbox 876 727 983 782; x_wconf 88' lang='lat' dir='ltr'>loci</span> <span class='ocrx_word' id='word_1_43' title='bbox 1028 724 1530 783; x_wconf 84' lang='lat' dir='ltr'>reconciliationem</span> <span class='ocrx_word' id='word_1_44' title='bbox 1563 725 1667 780; x_wconf 89' lang='lat' dir='ltr'>sibi</span> <span class='ocrx_word' id='word_1_45' title='bbox 1697 725 1961 795; x_wconf 89' lang='lat' dir='ltr'>denegas-</span> 
     </span>
    </p>
   </div>
   <div class='ocr_carea' id='block_1_7' title="bbox 317 813 1958 885">
    <p class='ocr_par' dir='ltr' id='par_1_7' title="bbox 317 813 1958 885">
     <span class='ocr_line' id='line_1_7' title="bbox 317 813 1958 885; baseline -0.002 -13"><span class='ocrx_word' id='word_1_46' title='bbox 317 825 423 885; x_wconf 91' lang='lat' dir='ltr'>set,</span> <span class='ocrx_word' id='word_1_47' title='bbox 461 816 673 885; x_wconf 89' lang='lat' dir='ltr'>judicio</span> <span class='ocrx_word' id='word_1_48' title='bbox 719 815 1008 884; x_wconf 83' lang='lat' dir='ltr'>primatum</span> <span class='ocrx_word' id='word_1_49' title='bbox 1056 828 1276 870; x_wconf 90' lang='lat' dir='ltr'>suorum</span> <span class='ocrx_word' id='word_1_50' title='bbox 1326 820 1600 869; x_wconf 88' lang='lat' dir='ltr'>trecentas</span> <span class='ocrx_word' id='word_1_51' title='bbox 1629 813 1796 869; x_wconf 90' lang='lat' dir='ltr'>libras</span> <span class='ocrx_word' id='word_1_52' title='bbox 1825 828 1958 868; x_wconf 89' lang='lat' dir='ltr'>exe-</span> 
     </span>
    </p>
   </div>
   <div class='ocr_carea' id='block_1_8' title="bbox 317 902 1960 975">
    <p class='ocr_par' dir='ltr' id='par_1_8' title="bbox 317 902 1960 975">
     <span class='ocr_line' id='line_1_8' title="bbox 317 902 1960 975; baseline -0.001 -16"><span class='ocrx_word' id='word_1_53' title='bbox 317 905 417 975; x_wconf 88' lang='lat' dir='ltr'>git.</span> <span class='ocrx_word' id='word_1_54' title='bbox 463 904 657 959; x_wconf 90' lang='lat' dir='ltr'>Delicti</span> <span class='ocrx_word' id='word_1_55' title='bbox 705 904 839 958; x_wconf 89' lang='lat' dir='ltr'>satis</span> <span class='ocrx_word' id='word_1_56' title='bbox 885 903 1004 958; x_wconf 61' lang='lat' dir='ltr'>haec</span> <span class='ocrx_word' id='word_1_57' title='bbox 1033 902 1272 959; x_wconf 84' lang='lat' dir='ltr'>vindicta</span> <span class='ocrx_word' id='word_1_58' title='bbox 1321 903 1660 969; x_wconf 78' lang='lat' dir='ltr'>exsolvisset,</span> <span class='ocrx_word' id='word_1_59' title='bbox 1694 902 1740 958; x_wconf 91' lang='lat' dir='ltr'>si</span> <span class='ocrx_word' id='word_1_60' title='bbox 1770 903 1960 958; x_wconf 90' lang='lat' dir='ltr'>intime</span> 
     </span>
    </p>
   </div>
   <div class='ocr_carea' id='block_1_9' title="bbox 318 992 1960 1063">
    <p class='ocr_par' dir='ltr' id='par_1_9' title="bbox 318 992 1960 1063">
     <span class='ocr_line' id='line_1_9' title="bbox 318 992 1960 1063; baseline -0.002 -13"><span class='ocrx_word' id='word_1_61' title='bbox 318 995 449 1050; x_wconf 89' lang='lat' dir='ltr'>facti</span> <span class='ocrx_word' id='word_1_62' title='bbox 497 993 866 1063; x_wconf 79' lang='lat' dir='ltr'>paenituisset,</span> <span class='ocrx_word' id='word_1_63' title='bbox 918 993 1241 1062; x_wconf 90' lang='lat' dir='ltr'>Dominique</span> <span class='ocrx_word' id='word_1_64' title='bbox 1283 993 1598 1063; x_wconf 86' lang='lat' dir='ltr'>patientiam</span> <span class='ocrx_word' id='word_1_65' title='bbox 1636 1006 1747 1047; x_wconf 90' lang='lat' dir='ltr'>non</span> <span class='ocrx_word' id='word_1_66' title='bbox 1784 992 1960 1062; x_wconf 85' lang='lat' dir='ltr'>negli-</span> 
     </span>
    </p>
   </div>
   <div class='ocr_carea' id='block_1_10' title="bbox 319 1083 1963 1156">
    <p class='ocr_par' dir='ltr' id='par_1_10' title="bbox 319 1083 1963 1156">
     <span class='ocr_line' id='line_1_10' title="bbox 319 1083 1963 1156; baseline -0.001 -17"><span class='ocrx_word' id='word_1_67' title='bbox 319 1084 553 1156; x_wconf 89' lang='lat' dir='ltr'>gendam</span> <span class='ocrx_word' id='word_1_68' title='bbox 611 1089 878 1153; x_wconf 88' lang='lat' dir='ltr'>putasset.</span> <span class='ocrx_word' id='word_1_69' title='bbox 949 1083 1053 1137; x_wconf 91' lang='lat' dir='ltr'>Sed</span> <span class='ocrx_word' id='word_1_70' title='bbox 1111 1083 1275 1138; x_wconf 87' lang='lat' dir='ltr'>animi</span> <span class='ocrx_word' id='word_1_71' title='bbox 1334 1097 1617 1138; x_wconf 89' lang='lat' dir='ltr'>rancorem</span> <span class='ocrx_word' id='word_1_72' title='bbox 1676 1097 1776 1137; x_wconf 90' lang='lat' dir='ltr'>nec</span> <span class='ocrx_word' id='word_1_73' title='bbox 1831 1089 1963 1137; x_wconf 90' lang='lat' dir='ltr'>tunc</span> 
     </span>
    </p>
   </div>
   <div class='ocr_carea' id='block_1_11' title="bbox 320 1171 1961 1244">
    <p class='ocr_par' dir='ltr' id='par_1_11' title="bbox 320 1171 1961 1244">
     <span class='ocr_line' id='line_1_11' title="bbox 320 1171 1961 1244; baseline -0.002 -15"><span class='ocrx_word' id='word_1_74' title='bbox 320 1173 555 1244; x_wconf 90' lang='lat' dir='ltr'>primum</span> <span class='ocrx_word' id='word_1_75' title='bbox 602 1172 863 1227; x_wconf 89' lang='lat' dir='ltr'>adversus</span> <span class='ocrx_word' id='word_1_76' title='bbox 917 1172 1101 1227; x_wconf 86' lang='lat' dir='ltr'>Sancti</span> <span class='ocrx_word' id='word_1_77' title='bbox 1147 1171 1393 1227; x_wconf 84' lang='lat' dir='ltr'>Audoeni</span> <span class='ocrx_word' id='word_1_78' title='bbox 1444 1172 1748 1227; x_wconf 84' lang='lat' dir='ltr'>coenobitas</span> <span class='ocrx_word' id='word_1_79' title='bbox 1793 1185 1961 1227; x_wconf 90' lang='lat' dir='ltr'>occe-</span> 
     </span>
    </p>
   </div>
   <div class='ocr_carea' id='block_1_12' title="bbox 321 1260 1962 1334">
    <p class='ocr_par' dir='ltr' id='par_1_12' title="bbox 321 1260 1962 1334">
     <span class='ocr_line' id='line_1_12' title="bbox 321 1260 1962 1334; baseline -0.002 -16"><span class='ocrx_word' id='word_1_80' title='bbox 321 1269 497 1334; x_wconf 87' lang='lat' dir='ltr'>perat,</span> <span class='ocrx_word' id='word_1_81' title='bbox 531 1267 586 1317; x_wconf 89' lang='lat' dir='ltr'>et</span> <span class='ocrx_word' id='word_1_82' title='bbox 634 1262 740 1318; x_wconf 88' lang='lat' dir='ltr'>hoc</span> <span class='ocrx_word' id='word_1_83' title='bbox 784 1260 947 1316; x_wconf 90' lang='lat' dir='ltr'>modo</span> <span class='ocrx_word' id='word_1_84' title='bbox 992 1261 1171 1330; x_wconf 88' lang='lat' dir='ltr'>potuit</span> <span class='ocrx_word' id='word_1_85' title='bbox 1209 1262 1393 1331; x_wconf 90' lang='lat' dir='ltr'>potius</span> <span class='ocrx_word' id='word_1_86' title='bbox 1432 1262 1767 1331; x_wconf 79' lang='lat' dir='ltr'>exaggerari,</span> <span class='ocrx_word' id='word_1_87' title='bbox 1801 1274 1962 1331; x_wconf 89' lang='lat' dir='ltr'>quam</span> 
     </span>
    </p>
   </div>
   <div class='ocr_carea' id='block_1_13' title="bbox 318 1350 1965 1421">
    <p class='ocr_par' dir='ltr' id='par_1_13' title="bbox 318 1350 1965 1421">
     <span class='ocr_line' id='line_1_13' title="bbox 318 1350 1965 1421; baseline -0.001 -14"><span class='ocrx_word' id='word_1_88' title='bbox 318 1351 502 1407; x_wconf 91' lang='lat' dir='ltr'>leniri.</span> <span class='ocrx_word' id='word_1_89' title='bbox 557 1352 741 1407; x_wconf 88' lang='lat' dir='ltr'>Trium</span> <span class='ocrx_word' id='word_1_90' title='bbox 792 1364 1059 1406; x_wconf 89' lang='lat' dir='ltr'>annorum</span> <span class='ocrx_word' id='word_1_91' title='bbox 1109 1351 1357 1421; x_wconf 8' lang='lat' dir='ltr'>spatium,</span> <span class='ocrx_word' id='word_1_92' title='bbox 1390 1350 1665 1405; x_wconf 89' lang='lat' dir='ltr'>evolutum</span> <span class='ocrx_word' id='word_1_93' title='bbox 1713 1354 1858 1417; x_wconf 90' lang='lat' dir='ltr'>erat,</span> <span class='ocrx_word' id='word_1_94' title='bbox 1909 1355 1965 1405; x_wconf 91' lang='lat' dir='ltr'>et</span> 
     </span>
    </p>
   </div>
   <div class='ocr_carea' id='block_1_14' title="bbox 320 1439 1965 1510">
    <p class='ocr_par' dir='ltr' id='par_1_14' title="bbox 320 1439 1965 1510">
     <span class='ocr_line' id='line_1_14' title="bbox 320 1439 1965 1510; baseline -0.002 -13"><span class='ocrx_word' id='word_1_95' title='bbox 320 1455 542 1510; x_wconf 90' lang='lat' dir='ltr'>semper</span> <span class='ocrx_word' id='word_1_96' title='bbox 572 1439 846 1510; x_wconf 89' lang='lat' dir='ltr'>repulsam</span> <span class='ocrx_word' id='word_1_97' title='bbox 895 1441 979 1495; x_wconf 92' lang='lat' dir='ltr'>sui</span> <span class='ocrx_word' id='word_1_98' title='bbox 1029 1440 1220 1495; x_wconf 88' lang='lat' dir='ltr'>dolore</span> <span class='ocrx_word' id='word_1_99' title='bbox 1269 1439 1531 1495; x_wconf 89' lang='lat' dir='ltr'>continuo</span> <span class='ocrx_word' id='word_1_100' title='bbox 1560 1454 1746 1494; x_wconf 90' lang='lat' dir='ltr'>secum</span> <span class='ocrx_word' id='word_1_101' title='bbox 1776 1452 1965 1495; x_wconf 88' lang='lat' dir='ltr'>corro-</span> 
     </span>
    </p>
   </div>
   <div class='ocr_carea' id='block_1_15' title="bbox 318 1528 1966 1599">
    <p class='ocr_par' dir='ltr' id='par_1_15' title="bbox 318 1528 1966 1599">
     <span class='ocr_line' id='line_1_15' title="bbox 318 1528 1966 1599; baseline -0.001 -14"><span class='ocrx_word' id='word_1_102' title='bbox 318 1530 522 1596; x_wconf 90' lang='lat' dir='ltr'>debat,</span> <span class='ocrx_word' id='word_1_103' title='bbox 574 1529 899 1599; x_wconf 80' lang='lat' dir='ltr'>congruenti</span> <span class='ocrx_word' id='word_1_104' title='bbox 947 1542 1078 1583; x_wconf 90' lang='lat' dir='ltr'>sane</span> <span class='ocrx_word' id='word_1_105' title='bbox 1128 1528 1379 1597; x_wconf 90' lang='lat' dir='ltr'>exemplo</span> <span class='ocrx_word' id='word_1_106' title='bbox 1436 1542 1773 1598; x_wconf 85' lang='lat' dir='ltr'>suspensus,</span> <span class='ocrx_word' id='word_1_107' title='bbox 1815 1528 1966 1583; x_wconf 88' lang='lat' dir='ltr'>velut</span> 
     </span>
    </p>
   </div>
   <div class='ocr_carea' id='block_1_16' title="bbox 321 1612 1960 1693">
    <p class='ocr_par' dir='ltr' id='par_1_16' title="bbox 321 1612 1960 1693">
     <span class='ocr_line' id='line_1_16' title="bbox 321 1612 1960 1693; baseline -0.002 -19"><span class='ocrx_word' id='word_1_108' title='bbox 321 1618 650 1689; x_wconf 71' lang='lat' dir='ltr'>evangeliCae</span> <span class='ocrx_word' id='word_1_109' title='bbox 682 1617 830 1671; x_wconf 90' lang='lat' dir='ltr'>illius</span> <span class='ocrx_word' id='word_1_110' title='bbox 858 1617 1107 1673; x_wconf 56' lang='lat' dir='ltr'>ﬁculnea;</span> <span class='ocrx_word' id='word_1_111' title='bbox 1137 1616 1366 1673; x_wconf 81' lang='lat' dir='ltr'>fructus.</span> <span class='ocrx_word' id='word_1_112' title='bbox 1390 1616 1565 1683; x_wconf 41' lang='lat' dir='ltr'>,Unde</span> <span class='ocrx_word' id='word_1_113' title='bbox 1601 1617 1681 1675; x_wconf 89' lang='lat' dir='ltr'>sic</span> <span class='ocrx_word' id='word_1_114' title='bbox 1719 1612 1960 1693; x_wconf 79' lang='lat' dir='ltr'>quidam,</span> 
     </span>
    </p>
   </div>
   <div class='ocr_carea' id='block_1_17' title="bbox 508 1749 1774 1814">
    <p class='ocr_par' dir='ltr' id='par_1_17' title="bbox 508 1749 1774 1814">
     <span class='ocr_line' id='line_1_17' title="bbox 508 1749 1774 1814; baseline -0.002 -15"><span class='ocrx_word' id='word_1_115' title='bbox 508 1755 797 1814; x_wconf 75' lang='lat' dir='ltr'>Exspectata</span> <span class='ocrx_word' id='word_1_116' title='bbox 821 1749 985 1799; x_wconf 85' lang='lat' dir='ltr'>tribus</span> <span class='ocrx_word' id='word_1_117' title='bbox 1022 1751 1238 1799; x_wconf 84' lang='lat' dir='ltr'>fructum</span> <span class='ocrx_word' id='word_1_118' title='bbox 1268 1764 1370 1798; x_wconf 89' lang='lat' dir='ltr'>non</span> <span class='ocrx_word' id='word_1_119' title='bbox 1401 1749 1572 1798; x_wconf 86' lang='lat' dir='ltr'>attulit</span> <span class='ocrx_word' id='word_1_120' title='bbox 1601 1749 1774 1799; x_wconf 86' lang='lat' dir='ltr'>annis.</span> 
     </span>
    </p>
   </div>
   <div class='ocr_carea' id='block_1_18' title="bbox 325 1866 1962 1939">
    <p class='ocr_par' dir='ltr' id='par_1_18' title="bbox 325 1866 1962 1939">
     <span class='ocr_line' id='line_1_18' title="bbox 325 1866 1962 1939; baseline -0.002 -14"><span class='ocrx_word' id='word_1_121' title='bbox 325 1871 461 1925; x_wconf 87' lang='lat' dir='ltr'>Cum</span> <span class='ocrx_word' id='word_1_122' title='bbox 511 1875 631 1939; x_wconf 90' lang='lat' dir='ltr'>post</span> <span class='ocrx_word' id='word_1_123' title='bbox 677 1868 731 1923; x_wconf 92' lang='lat' dir='ltr'>id</span> <span class='ocrx_word' id='word_1_124' title='bbox 784 1868 1052 1938; x_wconf 89' lang='lat' dir='ltr'>temporis</span> <span class='ocrx_word' id='word_1_125' title='bbox 1100 1867 1365 1923; x_wconf 90' lang='lat' dir='ltr'>redeunte</span> <span class='ocrx_word' id='word_1_126' title='bbox 1412 1866 1599 1923; x_wconf 90' lang='lat' dir='ltr'>eadem</span> <span class='ocrx_word' id='word_1_127' title='bbox 1648 1866 1962 1934; x_wconf 85' lang='lat' dir='ltr'>festivitate,</span> 
     </span>
    </p>
   </div>
   <div class='ocr_carea' id='block_1_19' title="bbox 325 1956 1966 2028">
    <p class='ocr_par' dir='ltr' id='par_1_19' title="bbox 325 1956 1966 2028">
     <span class='ocr_line' id='line_1_19' title="bbox 325 1956 1966 2028; baseline -0.001 -15"><span class='ocrx_word' id='word_1_128' title='bbox 325 1959 519 2028; x_wconf 89' lang='lat' dir='ltr'>paucis</span> <span class='ocrx_word' id='word_1_129' title='bbox 547 1965 671 2013; x_wconf 91' lang='lat' dir='ltr'>ante</span> <span class='ocrx_word' id='word_1_130' title='bbox 702 1958 984 2013; x_wconf 86' lang='lat' dir='ltr'>mensibus</span> <span class='ocrx_word' id='word_1_131' title='bbox 1014 1957 1250 2027; x_wconf 81' lang='lat' dir='ltr'>paralysi</span> <span class='ocrx_word' id='word_1_132' title='bbox 1292 1971 1604 2025; x_wconf 88' lang='lat' dir='ltr'>percussus,</span> <span class='ocrx_word' id='word_1_133' title='bbox 1637 1958 1733 2012; x_wconf 89' lang='lat' dir='ltr'>sed</span> <span class='ocrx_word' id='word_1_134' title='bbox 1766 1957 1833 2012; x_wconf 90' lang='lat' dir='ltr'>ab</span> <span class='ocrx_word' id='word_1_135' title='bbox 1863 1956 1966 2012; x_wconf 90' lang='lat' dir='ltr'>hac</span> 
     </span>
    </p>
   </div>
   <div class='ocr_carea' id='block_1_20' title="bbox 320 2043 1963 2116">
    <p class='ocr_par' dir='ltr' id='par_1_20' title="bbox 320 2043 1963 2116">
     <span class='ocr_line' id='line_1_20' title="bbox 320 2043 1963 2116; baseline 0.001 -14"><span class='ocrx_word' id='word_1_136' title='bbox 320 2047 637 2102; x_wconf 90' lang='lat' dir='ltr'>inﬁrmitate</span> <span class='ocrx_word' id='word_1_137' title='bbox 689 2048 799 2116; x_wconf 90' lang='lat' dir='ltr'>jam</span> <span class='ocrx_word' id='word_1_138' title='bbox 857 2046 1170 2116; x_wconf 90' lang='lat' dir='ltr'>respirans,</span> <span class='ocrx_word' id='word_1_139' title='bbox 1221 2045 1288 2099; x_wconf 90' lang='lat' dir='ltr'>ad</span> <span class='ocrx_word' id='word_1_140' title='bbox 1346 2044 1746 2101; x_wconf 89' lang='lat' dir='ltr'>solemnitatem</span> <span class='ocrx_word' id='word_1_141' title='bbox 1795 2043 1963 2113; x_wconf 74' lang='lat' dir='ltr'>venit,</span> 
     </span>
    </p>
   </div>
   <div class='ocr_carea' id='block_1_21' title="bbox 330 2134 1969 2207">
    <p class='ocr_par' dir='ltr' id='par_1_21' title="bbox 330 2134 1969 2207">
     <span class='ocr_line' id='line_1_21' title="bbox 330 2134 1969 2207; baseline -0.001 -16"><span class='ocrx_word' id='word_1_142' title='bbox 330 2143 386 2191; x_wconf 92' lang='lat' dir='ltr'>et</span> <span class='ocrx_word' id='word_1_143' title='bbox 417 2136 545 2207; x_wconf 88' lang='lat' dir='ltr'>quia</span> <span class='ocrx_word' id='word_1_144' title='bbox 595 2151 694 2206; x_wconf 92' lang='lat' dir='ltr'>per</span> <span class='ocrx_word' id='word_1_145' title='bbox 735 2150 794 2190; x_wconf 89' lang='lat' dir='ltr'>se</span> <span class='ocrx_word' id='word_1_146' title='bbox 842 2136 1059 2190; x_wconf 91' lang='lat' dir='ltr'>missam</span> <span class='ocrx_word' id='word_1_147' title='bbox 1105 2134 1385 2190; x_wconf 89' lang='lat' dir='ltr'>celebrare</span> <span class='ocrx_word' id='word_1_148' title='bbox 1415 2148 1523 2189; x_wconf 90' lang='lat' dir='ltr'>non</span> <span class='ocrx_word' id='word_1_149' title='bbox 1556 2136 1755 2204; x_wconf 90' lang='lat' dir='ltr'>potuit,</span> <span class='ocrx_word' id='word_1_150' title='bbox 1788 2135 1969 2190; x_wconf 89' lang='lat' dir='ltr'>Gisle—</span> 
     </span>
    </p>
   </div>
   <div class='ocr_carea' id='block_1_22' title="bbox 320 2220 1966 2307">
    <p class='ocr_par' dir='ltr' id='par_1_22' title="bbox 320 2220 1966 2307">
     <span class='ocr_line' id='line_1_22' title="bbox 320 2220 1966 2307; baseline 0 -26"><span class='ocrx_word' id='word_1_151' title='bbox 320 2226 482 2281; x_wconf 89' lang='lat' dir='ltr'>berto</span> <span class='ocrx_word' id='word_1_152' title='bbox 512 2226 844 2282; x_wconf 88' lang='lat' dir='ltr'>Ebroacensi</span> <span class='ocrx_word' id='word_1_153' title='bbox 877 2225 1139 2307; x_wconf 79' lang='lat' dir='ltr'>episcopo</span> <span class='ocrx_word' id='word_1_154' title='bbox 1168 2225 1316 2307; x_wconf 81' lang='lat' dir='ltr'>vices</span> <span class='ocrx_word' id='word_1_155' title='bbox 1344 2238 1471 2281; x_wconf 90' lang='lat' dir='ltr'>suas</span> <span class='ocrx_word' id='word_1_156' title='bbox 1507 2225 1814 2280; x_wconf 88' lang='lat' dir='ltr'>commisit:</span> <span class='ocrx_word' id='word_1_157' title='bbox 1842 2220 1966 2307; x_wconf 78' lang='lat' dir='ltr'>ipse</span> 
     </span>
    </p>
   </div>
   <div class='ocr_carea' id='block_1_23' title="bbox 320 2300 1968 2385">
    <p class='ocr_par' dir='ltr' id='par_1_23' title="bbox 320 2300 1968 2385">
     <span class='ocr_line' id='line_1_23' title="bbox 320 2300 1968 2385; baseline -0.002 -14"><span class='ocrx_word' id='word_1_158' title='bbox 320 2316 377 2371; x_wconf 91' lang='lat' dir='ltr'>in</span> <span class='ocrx_word' id='word_1_159' title='bbox 436 2315 617 2371; x_wconf 90' lang='lat' dir='ltr'>medio</span> <span class='ocrx_word' id='word_1_160' title='bbox 676 2300 963 2371; x_wconf 85' lang='lat' dir='ltr'>cantorum</span> <span class='ocrx_word' id='word_1_161' title='bbox 1017 2300 1203 2385; x_wconf 81' lang='lat' dir='ltr'>specie</span> <span class='ocrx_word' id='word_1_162' title='bbox 1260 2313 1621 2384; x_wconf 76' lang='lat' dir='ltr'>praecentoris</span> <span class='ocrx_word' id='word_1_163' title='bbox 1676 2314 1846 2370; x_wconf 87' lang='lat' dir='ltr'>stetit.</span> <span class='ocrx_word' id='word_1_164' title='bbox 1898 2300 1968 2369; x_wconf 82' lang='lat' dir='ltr'>Ut</span> 
     </span>
    </p>
   </div>
   <div class='ocr_carea' id='block_1_24' title="bbox 327 2402 1959 2476">
    <p class='ocr_par' dir='ltr' id='par_1_24' title="bbox 327 2402 1959 2476">
     <span class='ocr_line' id='line_1_24' title="bbox 327 2402 1959 2476; baseline -0.001 -17"><span class='ocrx_word' id='word_1_165' title='bbox 327 2420 458 2460; x_wconf 86' lang='lat' dir='ltr'>vero</span> <span class='ocrx_word' id='word_1_166' title='bbox 499 2406 837 2476; x_wconf 86' lang='lat' dir='ltr'>evangelium</span> <span class='ocrx_word' id='word_1_167' title='bbox 877 2404 1045 2474; x_wconf 70' lang='lat' dir='ltr'>cmpit</span> <span class='ocrx_word' id='word_1_168' title='bbox 1078 2404 1208 2473; x_wconf 86' lang='lat' dir='ltr'>legi,</span> <span class='ocrx_word' id='word_1_169' title='bbox 1243 2402 1507 2458; x_wconf 89' lang='lat' dir='ltr'>horribile</span> <span class='ocrx_word' id='word_1_170' title='bbox 1537 2402 1724 2458; x_wconf 84' lang='lat' dir='ltr'>dictu!</span> <span class='ocrx_word' id='word_1_171' title='bbox 1781 2404 1861 2458; x_wconf 90' lang='lat' dir='ltr'>sic</span> <span class='ocrx_word' id='word_1_172' title='bbox 1891 2403 1959 2458; x_wconf 91' lang='lat' dir='ltr'>ab</span> 
     </span>
    </p>
   </div>
   <div class='ocr_carea' id='block_1_25' title="bbox 314 2480 1966 2561">
    <p class='ocr_par' dir='ltr' id='par_1_25' title="bbox 314 2480 1966 2561">
     <span class='ocr_line' id='line_1_25' title="bbox 314 2480 1966 2561; baseline -0.001 -13"><span class='ocrx_word' id='word_1_173' title='bbox 314 2493 531 2549; x_wconf 91' lang='lat' dir='ltr'>intimis</span> <span class='ocrx_word' id='word_1_174' title='bbox 554 2494 879 2549; x_wconf 86' lang='lat' dir='ltr'>humoribus</span> <span class='ocrx_word' id='word_1_175' title='bbox 918 2494 972 2547; x_wconf 94' lang='lat' dir='ltr'>in</span> <span class='ocrx_word' id='word_1_176' title='bbox 1021 2493 1383 2547; x_wconf 90' lang='lat' dir='ltr'>secretionem</span> <span class='ocrx_word' id='word_1_177' title='bbox 1414 2496 1649 2547; x_wconf 88' lang='lat' dir='ltr'>meatum</span> <span class='ocrx_word' id='word_1_178' title='bbox 1681 2480 1966 2561; x_wconf 81' lang='lat' dir='ltr'>profluen-</span> 
     </span>
    </p>
   </div>
   <div class='ocr_carea' id='block_1_26' title="bbox 321 2581 1970 2651">
    <p class='ocr_par' dir='ltr' id='par_1_26' title="bbox 321 2581 1970 2651">
     <span class='ocr_line' id='line_1_26' title="bbox 321 2581 1970 2651; baseline -0.001 -15"><span class='ocrx_word' id='word_1_179' title='bbox 321 2582 478 2637; x_wconf 88' lang='lat' dir='ltr'>tibns</span> <span class='ocrx_word' id='word_1_180' title='bbox 508 2588 593 2635; x_wconf 89' lang='lat' dir='ltr'>est</span> <span class='ocrx_word' id='word_1_181' title='bbox 623 2582 805 2635; x_wconf 90' lang='lat' dir='ltr'>subito</span> <span class='ocrx_word' id='word_1_182' title='bbox 837 2582 1197 2651; x_wconf 87' lang='lat' dir='ltr'>angustiatus,</span> <span class='ocrx_word' id='word_1_183' title='bbox 1230 2587 1290 2635; x_wconf 91' lang='lat' dir='ltr'>ut</span> <span class='ocrx_word' id='word_1_184' title='bbox 1326 2583 1522 2649; x_wconf 90' lang='lat' dir='ltr'>raptim</span> <span class='ocrx_word' id='word_1_185' title='bbox 1551 2581 1706 2635; x_wconf 90' lang='lat' dir='ltr'>urina</span> <span class='ocrx_word' id='word_1_186' title='bbox 1734 2595 1970 2649; x_wconf 91' lang='lat' dir='ltr'>procur-</span> 
     </span>
    </p>
   </div>
   <div class='ocr_carea' id='block_1_27' title="bbox 316 2668 1969 2739">
    <p class='ocr_par' dir='ltr' id='par_1_27' title="bbox 316 2668 1969 2739">
     <span class='ocr_line' id='line_1_27' title="bbox 316 2668 1969 2739; baseline -0.002 -13"><span class='ocrx_word' id='word_1_187' title='bbox 316 2686 489 2735; x_wconf 87' lang='lat' dir='ltr'>rens,</span> <span class='ocrx_word' id='word_1_188' title='bbox 556 2670 755 2725; x_wconf 91' lang='lat' dir='ltr'>lineam</span> <span class='ocrx_word' id='word_1_189' title='bbox 809 2684 981 2739; x_wconf 88' lang='lat' dir='ltr'>usque</span> <span class='ocrx_word' id='word_1_190' title='bbox 1047 2668 1540 2738; x_wconf 89' lang='lat' dir='ltr'>superpellicialem</span> <span class='ocrx_word' id='word_1_191' title='bbox 1591 2670 1969 2725; x_wconf 90' lang='lat' dir='ltr'>indumentum</span> 
     </span>
    </p>
   </div>
   <div class='ocr_carea' id='block_1_28' title="bbox 1983 1670 2031 1727">
    <p class='ocr_par' dir='ltr' id='par_1_28' title="bbox 1983 1670 2031 1727">
     <span class='ocr_line' id='line_1_28' title="bbox 1983 1670 2031 1727; baseline 0 0"><span class='ocrx_word' id='word_1_192' title='bbox 1983 1670 2031 1727; x_wconf 93' lang='lat' dir='ltr'><strong>B</strong></span> 
     </span>
    </p>
   </div>
   <div class='ocr_carea' id='block_1_29' title="bbox 2044 446 3684 533">
    <p class='ocr_par' dir='ltr' id='par_1_29' title="bbox 2044 446 3684 533">
     <span class='ocr_line' id='line_1_29' title="bbox 2044 446 3684 533; baseline 0.006 -22"><span class='ocrx_word' id='word_1_193' title='bbox 2044 456 2098 511; x_wconf 92' lang='lat' dir='ltr'>S.</span> <span class='ocrx_word' id='word_1_194' title='bbox 2146 454 2435 511; x_wconf 90' lang='lat' dir='ltr'>Philiberti</span> <span class='ocrx_word' id='word_1_195' title='bbox 2487 454 2710 521; x_wconf 91' lang='lat' dir='ltr'>dictam,</span> <span class='ocrx_word' id='word_1_196' title='bbox 2761 446 2991 522; x_wconf 83' lang='lat' dir='ltr'>secedit,</span> <span class='ocrx_word' id='word_1_197' title='bbox 3042 456 3135 511; x_wconf 90' lang='lat' dir='ltr'>ubi</span> <span class='ocrx_word' id='word_1_198' title='bbox 3186 461 3241 511; x_wconf 93' lang='lat' dir='ltr'>et</span> <span class='ocrx_word' id='word_1_199' title='bbox 3286 446 3684 533; x_wconf 83' lang='lat' dir='ltr'>aliquantisper</span> 
     </span>
    </p>
   </div>
   <div class='ocr_carea' id='block_1_30' title="bbox 2042 536 3682 615">
    <p class='ocr_par' dir='ltr' id='par_1_30' title="bbox 2042 536 3682 615">
     <span class='ocr_line' id='line_1_30' title="bbox 2042 536 3682 615; baseline 0.006 -18"><span class='ocrx_word' id='word_1_200' title='bbox 2042 543 2363 613; x_wconf 78' lang='lat' dir='ltr'>supervixit.</span> <span class='ocrx_word' id='word_1_201' title='bbox 2435 536 2779 597; x_wconf 47' lang='lat' dir='ltr'>Duodecimo&#39;</span> <span class='ocrx_word' id='word_1_202' title='bbox 2826 557 2955 598; x_wconf 86' lang='lat' dir='ltr'>vero</span> <span class='ocrx_word' id='word_1_203' title='bbox 3013 543 3097 599; x_wconf 92' lang='lat' dir='ltr'>sui</span> <span class='ocrx_word' id='word_1_204' title='bbox 3155 544 3481 615; x_wconf 59' lang='lat' dir='ltr'>praesulatus</span> <span class='ocrx_word' id='word_1_205' title='bbox 3536 564 3682 607; x_wconf 90' lang='lat' dir='ltr'>anno</span> 
     </span>
    </p>
   </div>
   <div class='ocr_carea' id='block_1_31' title="bbox 2040 629 3679 704">
    <p class='ocr_par' dir='ltr' id='par_1_31' title="bbox 2040 629 3679 704">
     <span class='ocr_line' id='line_1_31' title="bbox 2040 629 3679 704; baseline 0.005 -17"><span class='ocrx_word' id='word_1_206' title='bbox 2040 632 2179 687; x_wconf 85' lang='lat' dir='ltr'>viam</span> <span class='ocrx_word' id='word_1_207' title='bbox 2229 630 2498 687; x_wconf 68' lang='lat' dir='ltr'>universa:</span> <span class='ocrx_word' id='word_1_208' title='bbox 2553 629 2733 687; x_wconf 88' lang='lat' dir='ltr'>carnis</span> <span class='ocrx_word' id='word_1_209' title='bbox 2784 633 3102 704; x_wconf 87' lang='lat' dir='ltr'>ingressus,</span> <span class='ocrx_word' id='word_1_210' title='bbox 3162 634 3438 693; x_wconf 89' lang='lat' dir='ltr'>hominem</span> <span class='ocrx_word' id='word_1_211' title='bbox 3494 639 3679 697; x_wconf 83' lang='lat' dir='ltr'>exivit.</span> 
     </span>
    </p>
   </div>
   <div class='ocr_carea' id='block_1_32' title="bbox 2040 718 3358 792">
    <p class='ocr_par' dir='ltr' id='par_1_32' title="bbox 2040 718 3358 792">
     <span class='ocr_line' id='line_1_32' title="bbox 2040 718 3358 792; baseline 0.002 -18"><span class='ocrx_word' id='word_1_212' title='bbox 2040 718 2174 775; x_wconf 88' lang='lat' dir='ltr'>Inde</span> <span class='ocrx_word' id='word_1_213' title='bbox 2205 726 2387 776; x_wconf 89' lang='lat' dir='ltr'>tamen</span> <span class='ocrx_word' id='word_1_214' title='bbox 2417 721 2485 777; x_wconf 89' lang='lat' dir='ltr'>ad</span> <span class='ocrx_word' id='word_1_215' title='bbox 2517 722 2793 792; x_wconf 87' lang='lat' dir='ltr'>propriam</span> <span class='ocrx_word' id='word_1_216' title='bbox 2825 722 3011 777; x_wconf 89' lang='lat' dir='ltr'>sedem</span> <span class='ocrx_word' id='word_1_217' title='bbox 3042 722 3298 780; x_wconf 89' lang='lat' dir='ltr'>refertur.</span> <span class='ocrx_word' id='word_1_218' title='bbox 3330 746 3358 777; x_wconf 87' lang='lat'>»</span> 
     </span>
    </p>
   </div>
   <div class='ocr_carea' id='block_1_33' title="bbox 2116 809 3685 881">
    <p class='ocr_par' dir='ltr' id='par_1_33' title="bbox 2116 809 3685 881">
     <span class='ocr_line' id='line_1_33' title="bbox 2116 809 3685 881; baseline 0.005 -17"><span class='ocrx_word' id='word_1_219' title='bbox 2116 809 2398 864; x_wconf 82' lang='lat' dir='ltr'>Hactenus</span> <span class='ocrx_word' id='word_1_220' title='bbox 2447 812 2688 881; x_wconf 87' lang='lat' dir='ltr'>scriptor</span> <span class='ocrx_word' id='word_1_221' title='bbox 2733 811 2845 879; x_wconf 88' lang='lat' dir='ltr'>ille,</span> <span class='ocrx_word' id='word_1_222' title='bbox 2896 827 3078 881; x_wconf 89' lang='lat' dir='ltr'>quem,</span> <span class='ocrx_word' id='word_1_223' title='bbox 3130 813 3175 867; x_wconf 91' lang='lat' dir='ltr'>si</span> <span class='ocrx_word' id='word_1_224' title='bbox 3226 814 3405 870; x_wconf 90' lang='lat' dir='ltr'>minus</span> <span class='ocrx_word' id='word_1_225' title='bbox 3452 815 3685 872; x_wconf 89' lang='lat' dir='ltr'>circum-</span> 
     </span>
    </p>
   </div>
   <div class='ocr_carea' id='block_1_34' title="bbox 2043 898 3682 975">
    <p class='ocr_par' dir='ltr' id='par_1_34' title="bbox 2043 898 3682 975">
     <span class='ocr_line' id='line_1_34' title="bbox 2043 898 3682 975; baseline 0.005 -23"><span class='ocrx_word' id='word_1_226' title='bbox 2043 904 2230 967; x_wconf 90' lang='lat' dir='ltr'>specte</span> <span class='ocrx_word' id='word_1_227' title='bbox 2278 898 2569 968; x_wconf 87' lang='lat' dir='ltr'>verbisque</span> <span class='ocrx_word' id='word_1_228' title='bbox 2619 901 2992 969; x_wconf 90' lang='lat' dir='ltr'>asperioribus</span> <span class='ocrx_word' id='word_1_229' title='bbox 3048 902 3339 972; x_wconf 72' lang='lat' dir='ltr'>przesulem</span> <span class='ocrx_word' id='word_1_230' title='bbox 3392 906 3682 975; x_wconf 87' lang='lat' dir='ltr'>tractavit,</span> 
     </span>
    </p>
   </div>
   <div class='ocr_carea' id='block_1_35' title="bbox 2044 987 3685 1055">
    <p class='ocr_par' dir='ltr' id='par_1_35' title="bbox 2044 987 3685 1055">
     <span class='ocr_line' id='line_1_35' title="bbox 2044 987 3685 1055; baseline 0.006 -15"><span class='ocrx_word' id='word_1_231' title='bbox 2044 992 2251 1041; x_wconf 92' lang='lat' dir='ltr'>tantum</span> <span class='ocrx_word' id='word_1_232' title='bbox 2282 987 2438 1040; x_wconf 86' lang='lat' dir='ltr'>abest</span> <span class='ocrx_word' id='word_1_233' title='bbox 2476 992 2535 1040; x_wconf 90' lang='lat' dir='ltr'>ut</span> <span class='ocrx_word' id='word_1_234' title='bbox 2573 988 2893 1055; x_wconf 91' lang='lat' dir='ltr'>laudemus;</span> <span class='ocrx_word' id='word_1_235' title='bbox 2945 990 3038 1045; x_wconf 92' lang='lat' dir='ltr'>ubi</span> <span class='ocrx_word' id='word_1_236' title='bbox 3070 1006 3198 1047; x_wconf 86' lang='lat' dir='ltr'>vero</span> <span class='ocrx_word' id='word_1_237' title='bbox 3241 992 3294 1047; x_wconf 89' lang='lat' dir='ltr'>in</span> <span class='ocrx_word' id='word_1_238' title='bbox 3334 993 3685 1050; x_wconf 87' lang='lat' dir='ltr'>incommodo</span> 
     </span>
    </p>
   </div>
   <div class='ocr_carea' id='block_1_36' title="bbox 2044 1075 3685 1154">
    <p class='ocr_par' dir='ltr' id='par_1_36' title="bbox 2044 1075 3685 1154">
     <span class='ocr_line' id='line_1_36' title="bbox 2044 1075 3685 1154; baseline 0.006 -24"><span class='ocrx_word' id='word_1_239' title='bbox 2044 1075 2278 1130; x_wconf 89' lang='lat' dir='ltr'>naturali</span> <span class='ocrx_word' id='word_1_240' title='bbox 2345 1075 2664 1130; x_wconf 91' lang='lat' dir='ltr'>miraculum</span> <span class='ocrx_word' id='word_1_241' title='bbox 2721 1078 2907 1133; x_wconf 89' lang='lat' dir='ltr'>videre</span> <span class='ocrx_word' id='word_1_242' title='bbox 2972 1080 3078 1135; x_wconf 90' lang='lat' dir='ltr'>sibi</span> <span class='ocrx_word' id='word_1_243' title='bbox 3129 1082 3275 1137; x_wconf 88' lang='lat' dir='ltr'>visus</span> <span class='ocrx_word' id='word_1_244' title='bbox 3341 1091 3423 1151; x_wconf 86' lang='lat' dir='ltr'>est</span> <span class='ocrx_word' id='word_1_245' title='bbox 3478 1085 3685 1154; x_wconf 86' lang='lat' dir='ltr'>absque</span> 
     </span>
    </p>
   </div>
   <div class='ocr_carea' id='block_1_37' title="bbox 2046 1164 3687 1240">
    <p class='ocr_par' dir='ltr' id='par_1_37' title="bbox 2046 1164 3687 1240">
     <span class='ocr_line' id='line_1_37' title="bbox 2046 1164 3687 1240; baseline 0.006 -19"><span class='ocrx_word' id='word_1_246' title='bbox 2046 1164 2399 1231; x_wconf 88' lang='lat' dir='ltr'>revelatione,</span> <span class='ocrx_word' id='word_1_247' title='bbox 2451 1178 2561 1219; x_wconf 92' lang='lat' dir='ltr'>non</span> <span class='ocrx_word' id='word_1_248' title='bbox 2612 1178 2900 1234; x_wconf 89' lang='lat' dir='ltr'>possumus</span> <span class='ocrx_word' id='word_1_249' title='bbox 2944 1182 3054 1224; x_wconf 89' lang='lat' dir='ltr'>non</span> <span class='ocrx_word' id='word_1_250' title='bbox 3102 1173 3528 1240; x_wconf 89' lang='lat' dir='ltr'>reprehendere.</span> <span class='ocrx_word' id='word_1_251' title='bbox 3580 1174 3687 1230; x_wconf 88' lang='lat' dir='ltr'>Sed</span> 
     </span>
    </p>
   </div>
   <div class='ocr_carea' id='block_1_38' title="bbox 2045 1248 3688 1324">
    <p class='ocr_par' dir='ltr' id='par_1_38' title="bbox 2045 1248 3688 1324">
     <span class='ocr_line' id='line_1_38' title="bbox 2045 1248 3688 1324; baseline 0.007 -16"><span class='ocrx_word' id='word_1_252' title='bbox 2045 1267 2155 1324; x_wconf 90' lang='lat' dir='ltr'>quo</span> <span class='ocrx_word' id='word_1_253' title='bbox 2203 1248 2423 1308; x_wconf 91' lang='lat' dir='ltr'>nomine</span> <span class='ocrx_word' id='word_1_254' title='bbox 2474 1250 2749 1308; x_wconf 73' lang='lat' dir='ltr'>alliciendi</span> <span class='ocrx_word' id='word_1_255' title='bbox 2795 1261 2925 1309; x_wconf 90' lang='lat' dir='ltr'>sunt</span> <span class='ocrx_word' id='word_1_256' title='bbox 2970 1256 3212 1314; x_wconf 90' lang='lat' dir='ltr'>editores</span> <span class='ocrx_word' id='word_1_257' title='bbox 3260 1261 3503 1319; x_wconf 66' lang='lat' dir='ltr'>historia:</span> <span class='ocrx_word' id='word_1_258' title='bbox 3550 1265 3688 1319; x_wconf 80' lang='lat' dir='ltr'>Mat-</span> 
     </span>
    </p>
   </div>
   <div class='ocr_carea' id='block_1_39' title="bbox 2047 1342 3690 1414">
    <p class='ocr_par' dir='ltr' id='par_1_39' title="bbox 2047 1342 3690 1414">
     <span class='ocr_line' id='line_1_39' title="bbox 2047 1342 3690 1414; baseline 0.009 -17"><span class='ocrx_word' id='word_1_259' title='bbox 2047 1342 2177 1413; x_wconf 68' lang='lat' dir='ltr'>tbzei</span> <span class='ocrx_word' id='word_1_260' title='bbox 2237 1343 2408 1408; x_wconf 82' lang='lat' dir='ltr'>Paris,</span> <span class='ocrx_word' id='word_1_261' title='bbox 2460 1342 2554 1413; x_wconf 87' lang='lat' dir='ltr'>qui</span> <span class='ocrx_word' id='word_1_262' title='bbox 2611 1347 2719 1396; x_wconf 88' lang='lat' dir='ltr'>tam</span> <span class='ocrx_word' id='word_1_263' title='bbox 2776 1343 2833 1396; x_wconf 91' lang='lat' dir='ltr'>in</span> <span class='ocrx_word' id='word_1_264' title='bbox 2892 1348 3124 1414; x_wconf 89' lang='lat' dir='ltr'>utraque</span> <span class='ocrx_word' id='word_1_265' title='bbox 3173 1350 3415 1413; x_wconf 88' lang='lat' dir='ltr'>editione</span> <span class='ocrx_word' id='word_1_266' title='bbox 3462 1353 3690 1410; x_wconf 89' lang='lat' dir='ltr'>Londo-</span> 
     </span>
    </p>
   </div>
   <div class='ocr_carea' id='block_1_40' title="bbox 2048 1429 3689 1502">
    <p class='ocr_par' dir='ltr' id='par_1_40' title="bbox 2048 1429 3689 1502">
     <span class='ocr_line' id='line_1_40' title="bbox 2048 1429 3689 1502; baseline 0.009 -17"><span class='ocrx_word' id='word_1_267' title='bbox 2048 1431 2224 1487; x_wconf 89' lang='lat' dir='ltr'>niensi</span> <span class='ocrx_word' id='word_1_268' title='bbox 2274 1444 2541 1485; x_wconf 90' lang='lat' dir='ltr'>annorum</span> <span class='ocrx_word' id='word_1_269' title='bbox 2598 1429 2725 1482; x_wconf 85' lang='lat'>1571</span> <span class='ocrx_word' id='word_1_270' title='bbox 2781 1437 2834 1485; x_wconf 91' lang='lat' dir='ltr'>et</span> <span class='ocrx_word' id='word_1_271' title='bbox 2895 1429 3067 1497; x_wconf 87' lang='lat'>1640,</span> <span class='ocrx_word' id='word_1_272' title='bbox 3120 1449 3281 1502; x_wconf 87' lang='lat' dir='ltr'>quam</span> <span class='ocrx_word' id='word_1_273' title='bbox 3339 1440 3393 1493; x_wconf 91' lang='lat' dir='ltr'>in</span> <span class='ocrx_word' id='word_1_274' title='bbox 3445 1442 3689 1498; x_wconf 90' lang='lat' dir='ltr'>editione</span> 
     </span>
    </p>
   </div>
   <div class='ocr_carea' id='block_1_41' title="bbox 2048 1518 3689 1607">
    <p class='ocr_par' dir='ltr' id='par_1_41' title="bbox 2048 1518 3689 1607">
     <span class='ocr_line' id='line_1_41' title="bbox 2048 1518 3689 1607; baseline 0.007 -32"><span class='ocrx_word' id='word_1_275' title='bbox 2048 1521 2343 1607; x_wconf 66' lang='lat' dir='ltr'>Parisiensi</span> <span class='ocrx_word' id='word_1_276' title='bbox 2399 1519 2528 1597; x_wconf 83' lang='lat' dir='ltr'>anni</span> <span class='ocrx_word' id='word_1_277' title='bbox 2592 1518 2747 1585; x_wconf 80' lang='lat'>1644,</span> <span class='ocrx_word' id='word_1_278' title='bbox 2804 1519 2945 1575; x_wconf 87' lang='lat' dir='ltr'>hanc</span> <span class='ocrx_word' id='word_1_279' title='bbox 3001 1522 3245 1578; x_wconf 88' lang='lat' dir='ltr'>notulam</span> <span class='ocrx_word' id='word_1_280' title='bbox 3304 1530 3575 1597; x_wconf 90' lang='lat' dir='ltr'>scripsere</span> <span class='ocrx_word' id='word_1_281' title='bbox 3632 1532 3689 1587; x_wconf 90' lang='lat' dir='ltr'>in</span> 
     </span>
    </p>
   </div>
   <div class='ocr_carea' id='block_1_42' title="bbox 2049 1604 3692 1695">
    <p class='ocr_par' dir='ltr' id='par_1_42' title="bbox 2049 1604 3692 1695">
     <span class='ocr_line' id='line_1_42' title="bbox 2049 1604 3692 1695; baseline 0.007 -32"><span class='ocrx_word' id='word_1_282' title='bbox 2049 1604 2290 1679; x_wconf 82' lang='lat' dir='ltr'>margine</span> <span class='ocrx_word' id='word_1_283' title='bbox 2326 1604 2341 1663; x_wconf 73' lang='grc' dir='ltr'>ε’</span> <span class='ocrx_word' id='word_1_284' title='bbox 2380 1608 2629 1695; x_wconf 67' lang='grc' dir='ltr'>ᾸζοηίισΙιί</span> <span class='ocrx_word' id='word_1_285' title='bbox 2666 1604 2851 1665; x_wconf 75' lang='lat' dir='ltr'>Sancti</span> <span class='ocrx_word' id='word_1_286' title='bbox 2887 1610 3129 1664; x_wconf 84' lang='lat' dir='ltr'>Audoem&#39;</span> <span class='ocrx_word' id='word_1_287' title='bbox 3155 1613 3404 1668; x_wconf 83' lang='lat' dir='ltr'>Joannem</span> <span class='ocrx_word' id='word_1_288' title='bbox 3435 1619 3692 1690; x_wconf 82' lang='lat' dir='ltr'>archiepi-</span> 
     </span>
    </p>
   </div>
   <div class='ocr_carea' id='block_1_43' title="bbox 2045 1698 3690 1769">
    <p class='ocr_par' dir='ltr' id='par_1_43' title="bbox 2045 1698 3690 1769">
     <span class='ocr_line' id='line_1_43' title="bbox 2045 1698 3690 1769; baseline 0.006 -18"><span class='ocrx_word' id='word_1_289' title='bbox 2045 1713 2257 1768; x_wconf 85' lang='lat' dir='ltr'>scopum</span> <span class='ocrx_word' id='word_1_290' title='bbox 2296 1700 2725 1765; x_wconf 79' lang='lat' dir='ltr'>Rotomagensem</span> <span class='ocrx_word' id='word_1_291' title='bbox 2755 1698 2991 1753; x_wconf 79' lang='lat' dir='ltr'>occidunt</span> <span class='ocrx_word' id='word_1_292' title='bbox 3012 1701 3031 1751; x_wconf 75' lang='grc' dir='ltr'><em>,ν</em></span> <span class='ocrx_word' id='word_1_293' title='bbox 3061 1699 3365 1769; x_wconf 88' lang='lat' dir='ltr'>Scripserat</span> <span class='ocrx_word' id='word_1_294' title='bbox 3398 1704 3577 1759; x_wconf 92' lang='lat' dir='ltr'>minus</span> <span class='ocrx_word' id='word_1_295' title='bbox 3600 1706 3690 1761; x_wconf 90' lang='lat' dir='ltr'>in-</span> 
     </span>
    </p>
   </div>
   <div class='ocr_carea' id='block_1_44' title="bbox 2049 1786 3693 1863">
    <p class='ocr_par' dir='ltr' id='par_1_44' title="bbox 2049 1786 3693 1863">
     <span class='ocr_line' id='line_1_44' title="bbox 2049 1786 3693 1863; baseline 0.004 -22"><span class='ocrx_word' id='word_1_296' title='bbox 2049 1786 2395 1841; x_wconf 88' lang='lat' dir='ltr'>considerate</span> <span class='ocrx_word' id='word_1_297' title='bbox 2427 1786 2543 1855; x_wconf 91' lang='lat' dir='ltr'>ipse</span> <span class='ocrx_word' id='word_1_298' title='bbox 2595 1786 2882 1863; x_wconf 65' lang='lat' dir='ltr'>Matthaaus</span> <span class='ocrx_word' id='word_1_299' title='bbox 2927 1786 2994 1841; x_wconf 87' lang='lat' dir='ltr'>ad</span> <span class='ocrx_word' id='word_1_300' title='bbox 3047 1802 3247 1843; x_wconf 88' lang='lat' dir='ltr'>annum</span> <span class='ocrx_word' id='word_1_301' title='bbox 3303 1789 3483 1846; x_wconf 91' lang='lat'>1073:</span> <span class='ocrx_word' id='word_1_302' title='bbox 3526 1796 3693 1849; x_wconf 83' lang='lat' dir='ltr'>Inva-</span> 
     </span>
    </p>
   </div>
   <div class='ocr_carea' id='block_1_45' title="bbox 2045 1874 3687 1951">
    <p class='ocr_par' dir='ltr' id='par_1_45' title="bbox 2045 1874 3687 1951">
     <span class='ocr_line' id='line_1_45' title="bbox 2045 1874 3687 1951; baseline 0.004 -22"><span class='ocrx_word' id='word_1_303' title='bbox 2045 1879 2222 1929; x_wconf 82' lang='lat' dir='ltr'>serunt</span> <span class='ocrx_word' id='word_1_304' title='bbox 2250 1875 2435 1930; x_wconf 81' lang='lat' dir='ltr'>Sancti</span> <span class='ocrx_word' id='word_1_305' title='bbox 2480 1874 2722 1928; x_wconf 81' lang='lat' dir='ltr'>Audoem’</span> <span class='ocrx_word' id='word_1_306' title='bbox 2748 1875 2987 1930; x_wconf 79' lang='lat' dir='ltr'>monachi</span> <span class='ocrx_word' id='word_1_307' title='bbox 3014 1877 3289 1945; x_wconf 84' lang='lat' dir='ltr'>Joannem,</span> <span class='ocrx_word' id='word_1_308' title='bbox 3331 1880 3687 1951; x_wconf 74' lang='lat' dir='ltr'>archiepisco-</span> 
     </span>
    </p>
   </div>
   <div class='ocr_carea' id='block_1_46' title="bbox 2046 1964 3694 2038">
    <p class='ocr_par' dir='ltr' id='par_1_46' title="bbox 2046 1964 3694 2038">
     <span class='ocr_line' id='line_1_46' title="bbox 2046 1964 3694 2038; baseline 0.007 -23"><span class='ocrx_word' id='word_1_309' title='bbox 2046 1977 2165 2037; x_wconf 84' lang='lat' dir='ltr'>pum</span> <span class='ocrx_word' id='word_1_310' title='bbox 2216 1965 2667 2031; x_wconf 82' lang='lat' dir='ltr'>Rotomagenscm,</span> <span class='ocrx_word' id='word_1_311' title='bbox 2734 1964 2946 2019; x_wconf 82' lang='lat' dir='ltr'>missam</span> <span class='ocrx_word' id='word_1_312' title='bbox 3009 1965 3349 2023; x_wconf 77' lang='lat' dir='ltr'>celebrantem</span> <span class='ocrx_word' id='word_1_313' title='bbox 3414 1970 3694 2038; x_wconf 78' lang='lat' dir='ltr'>festivilale</span> 
     </span>
    </p>
   </div>
   <div class='ocr_carea' id='block_1_47' title="bbox 2047 2051 3693 2120">
    <p class='ocr_par' dir='ltr' id='par_1_47' title="bbox 2047 2051 3693 2120">
     <span class='ocr_line' id='line_1_47' title="bbox 2047 2051 3693 2120; baseline 0.007 -16"><span class='ocrx_word' id='word_1_314' title='bbox 2047 2051 2276 2120; x_wconf 77' lang='lat' dir='ltr'>ejusdem</span> <span class='ocrx_word' id='word_1_315' title='bbox 2326 2053 2496 2107; x_wconf 76' lang='lat' dir='ltr'>sancti</span> <span class='ocrx_word' id='word_1_316' title='bbox 2549 2068 2663 2107; x_wconf 82' lang='lat' dir='ltr'>cum</span> <span class='ocrx_word' id='word_1_317' title='bbox 2711 2058 2921 2109; x_wconf 85' lang='lat' dir='ltr'>armata</span> <span class='ocrx_word' id='word_1_318' title='bbox 2966 2070 3121 2110; x_wconf 84' lang='lat' dir='ltr'>manu</span> <span class='ocrx_word' id='word_1_319' title='bbox 3168 2058 3414 2113; x_wconf 77' lang='lat' dir='ltr'>virorum.</span> <span class='ocrx_word' id='word_1_320' title='bbox 3461 2059 3567 2114; x_wconf 90' lang='lat' dir='ltr'>Sed</span> <span class='ocrx_word' id='word_1_321' title='bbox 3622 2060 3693 2115; x_wconf 90' lang='lat' dir='ltr'>ad</span> 
     </span>
    </p>
   </div>
   <div class='ocr_carea' id='block_1_48' title="bbox 2050 2138 3694 2212">
    <p class='ocr_par' dir='ltr' id='par_1_48' title="bbox 2050 2138 3694 2212">
     <span class='ocr_line' id='line_1_48' title="bbox 2050 2138 3694 2212; baseline 0.005 -19"><span class='ocrx_word' id='word_1_322' title='bbox 2050 2138 2273 2194; x_wconf 92' lang='lat' dir='ltr'>ultimos</span> <span class='ocrx_word' id='word_1_323' title='bbox 2320 2140 2575 2208; x_wconf 65' lang='lat' dir='ltr'>prmsulis</span> <span class='ocrx_word' id='word_1_324' title='bbox 2621 2154 2796 2195; x_wconf 89' lang='lat' dir='ltr'>annos</span> <span class='ocrx_word' id='word_1_325' title='bbox 2834 2142 2981 2211; x_wconf 90' lang='lat' dir='ltr'>quod</span> <span class='ocrx_word' id='word_1_326' title='bbox 3020 2149 3251 2212; x_wconf 82' lang='lat' dir='ltr'>spectat,</span> <span class='ocrx_word' id='word_1_327' title='bbox 3304 2146 3471 2201; x_wconf 89' lang='lat' dir='ltr'>tradit</span> <span class='ocrx_word' id='word_1_328' title='bbox 3515 2147 3694 2203; x_wconf 90' lang='lat' dir='ltr'>Orde-</span> 
     </span>
    </p>
   </div>
   <div class='ocr_carea' id='block_1_49' title="bbox 2049 2214 3695 2309">
    <p class='ocr_par' dir='ltr' id='par_1_49' title="bbox 2049 2214 3695 2309">
     <span class='ocr_line' id='line_1_49' title="bbox 2049 2214 3695 2309; baseline 0.006 -28"><span class='ocrx_word' id='word_1_329' title='bbox 2049 2227 2197 2281; x_wconf 90' lang='lat' dir='ltr'>ricus</span> <span class='ocrx_word' id='word_1_330' title='bbox 2226 2226 2437 2294; x_wconf 74' lang='lat' dir='ltr'>Vitatis,</span> <span class='ocrx_word' id='word_1_331' title='bbox 2479 2228 2674 2309; x_wconf 78' lang='lat' dir='ltr'>pagina</span> <span class='ocrx_word' id='word_1_332' title='bbox 2701 2214 2829 2295; x_wconf 82' lang='grc'>550,</span> <span class='ocrx_word' id='word_1_333' title='bbox 2858 2220 3014 2305; x_wconf 69' lang='lat' dir='ltr'>illum</span> <span class='ocrx_word' id='word_1_334' title='bbox 3052 2222 3232 2287; x_wconf 82' lang='lat' dir='ltr'>subita</span> <span class='ocrx_word' id='word_1_335' title='bbox 3278 2216 3534 2303; x_wconf 81' lang='lat' dir='ltr'>passione</span> <span class='ocrx_word' id='word_1_336' title='bbox 3574 2249 3695 2306; x_wconf 87' lang='lat' dir='ltr'>per—</span> 
     </span>
    </p>
   </div>
   <div class='ocr_carea' id='block_1_50' title="bbox 2048 2312 3692 2392">
    <p class='ocr_par' dir='ltr' id='par_1_50' title="bbox 2048 2312 3692 2392">
     <span class='ocr_line' id='line_1_50' title="bbox 2048 2312 3692 2392; baseline 0.006 -22"><span class='ocrx_word' id='word_1_337' title='bbox 2048 2330 2266 2371; x_wconf 90' lang='lat' dir='ltr'>cussum</span> <span class='ocrx_word' id='word_1_338' title='bbox 2317 2315 2475 2371; x_wconf 86' lang='lat' dir='ltr'>turba</span> <span class='ocrx_word' id='word_1_339' title='bbox 2525 2322 2830 2386; x_wconf 89' lang='lat' dir='ltr'>spectante,</span> <span class='ocrx_word' id='word_1_340' title='bbox 2862 2314 2930 2373; x_wconf 91' lang='lat' dir='ltr'>ad</span> <span class='ocrx_word' id='word_1_341' title='bbox 2978 2312 3180 2374; x_wconf 85' lang='lat' dir='ltr'>terram</span> <span class='ocrx_word' id='word_1_342' title='bbox 3228 2322 3500 2391; x_wconf 89' lang='lat' dir='ltr'>dejectum</span> <span class='ocrx_word' id='word_1_343' title='bbox 3551 2339 3692 2392; x_wconf 89' lang='lat' dir='ltr'>esse,</span> 
     </span>
    </p>
   </div>
   <div class='ocr_carea' id='block_1_51' title="bbox 2048 2405 3479 2477">
    <p class='ocr_par' dir='ltr' id='par_1_51' title="bbox 2048 2405 3479 2477">
     <span class='ocr_line' id='line_1_51' title="bbox 2048 2405 3479 2477; baseline 0.003 -18"><span class='ocrx_word' id='word_1_344' title='bbox 2048 2411 2105 2460; x_wconf 91' lang='lat' dir='ltr'>et</span> <span class='ocrx_word' id='word_1_345' title='bbox 2130 2405 2355 2460; x_wconf 90' lang='lat' dir='ltr'>biennio</span> <span class='ocrx_word' id='word_1_346' title='bbox 2386 2419 2496 2474; x_wconf 90' lang='lat' dir='ltr'>quo</span> <span class='ocrx_word' id='word_1_347' title='bbox 2527 2407 2847 2475; x_wconf 79' lang='lat' dir='ltr'>supervixit,</span> <span class='ocrx_word' id='word_1_348' title='bbox 2881 2407 3153 2477; x_wconf 87' lang='lat' dir='ltr'>elinguem</span> <span class='ocrx_word' id='word_1_349' title='bbox 3185 2412 3479 2466; x_wconf 83' lang='lat' dir='ltr'>exstitisse.</span> 
     </span>
    </p>
   </div>
   <div class='ocr_carea' id='block_1_52' title="bbox 2118 2493 3693 2570">
    <p class='ocr_par' dir='ltr' id='par_1_52' title="bbox 2118 2493 3693 2570">
     <span class='ocr_line' id='line_1_52' title="bbox 2118 2493 3693 2570; baseline 0.006 -22"><span class='ocrx_word' id='word_1_350' title='bbox 2118 2495 2358 2551; x_wconf 90' lang='lat' dir='ltr'>Joannes</span> <span class='ocrx_word' id='word_1_351' title='bbox 2404 2493 2662 2550; x_wconf 89' lang='lat' dir='ltr'>decorem</span> <span class='ocrx_word' id='word_1_352' title='bbox 2712 2495 2910 2550; x_wconf 90' lang='lat' dir='ltr'>domus</span> <span class='ocrx_word' id='word_1_353' title='bbox 2954 2497 3051 2551; x_wconf 91' lang='lat' dir='ltr'>Dei</span> <span class='ocrx_word' id='word_1_354' title='bbox 3107 2497 3354 2567; x_wconf 91' lang='lat' dir='ltr'>impense</span> <span class='ocrx_word' id='word_1_355' title='bbox 3408 2500 3693 2570; x_wconf 90' lang='lat' dir='ltr'>coluerat,</span> 
     </span>
    </p>
   </div>
   <div class='ocr_carea' id='block_1_53' title="bbox 2048 2583 3694 2655">
    <p class='ocr_par' dir='ltr' id='par_1_53' title="bbox 2048 2583 3694 2655">
     <span class='ocr_line' id='line_1_53' title="bbox 2048 2583 3694 2655; baseline 0.005 -18"><span class='ocrx_word' id='word_1_356' title='bbox 2048 2585 2209 2653; x_wconf 88' lang='lat' dir='ltr'>cujus</span> <span class='ocrx_word' id='word_1_357' title='bbox 2275 2585 2555 2654; x_wconf 85' lang='lat' dir='ltr'>egregium</span> <span class='ocrx_word' id='word_1_358' title='bbox 2621 2583 2900 2653; x_wconf 87' lang='lat' dir='ltr'>hodieque</span> <span class='ocrx_word' id='word_1_359' title='bbox 2966 2593 3219 2655; x_wconf 90' lang='lat' dir='ltr'>superest</span> <span class='ocrx_word' id='word_1_360' title='bbox 3282 2597 3694 2647; x_wconf 90' lang='lat' dir='ltr'>monumentum</span> 
     </span>
    </p>
   </div>
   <div class='ocr_carea' id='block_1_54' title="bbox 2051 2670 3703 2749">
    <p class='ocr_par' dir='ltr' id='par_1_54' title="bbox 2051 2670 3703 2749">
     <span class='ocr_line' id='line_1_54' title="bbox 2051 2670 3703 2749; baseline 0.007 -24"><span class='ocrx_word' id='word_1_361' title='bbox 2051 2670 2106 2726; x_wconf 91' lang='lat' dir='ltr'>in</span> <span class='ocrx_word' id='word_1_362' title='bbox 2159 2671 2348 2727; x_wconf 88' lang='lat' dir='ltr'>libello</span> <span class='ocrx_word' id='word_1_363' title='bbox 2399 2672 2709 2728; x_wconf 85' lang='lat' dir='ltr'>divinorum</span> <span class='ocrx_word' id='word_1_364' title='bbox 2758 2673 3063 2729; x_wconf 84' lang='lat' dir='ltr'>ofﬁciorum</span> <span class='ocrx_word' id='word_1_365' title='bbox 3104 2676 3169 2731; x_wconf 91' lang='lat' dir='ltr'>ad</span> <span class='ocrx_word' id='word_1_366' title='bbox 3217 2693 3374 2733; x_wconf 92' lang='lat' dir='ltr'>usum</span> <span class='ocrx_word' id='word_1_367' title='bbox 3424 2686 3703 2749; x_wconf 89' lang='lat' dir='ltr'>metropo-</span> 
     </span>
    </p>
   </div>
   <div class='ocr_carea' id='block_1_55' title="bbox 317 2757 3702 2827">
    <p class='ocr_par' dir='ltr' id='par_1_55' title="bbox 317 2757 3702 2827">
     <span class='ocr_line' id='line_1_55' title="bbox 317 2757 3702 2827; baseline 0.002 -11"><span class='ocrx_word' id='word_1_368' title='bbox 317 2774 483 2816; x_wconf 89' lang='lat' dir='ltr'>omne</span> <span class='ocrx_word' id='word_1_369' title='bbox 534 2757 806 2824; x_wconf 89' lang='lat' dir='ltr'>infecerit,</span> <span class='ocrx_word' id='word_1_370' title='bbox 858 2759 1228 2827; x_wconf 88' lang='lat' dir='ltr'>pavimentum</span> <span class='ocrx_word' id='word_1_371' title='bbox 1277 2758 1439 2812; x_wconf 91' lang='lat' dir='ltr'>etiam</span> <span class='ocrx_word' id='word_1_372' title='bbox 1480 2770 1590 2825; x_wconf 89' lang='lat' dir='ltr'>quo</span> <span class='ocrx_word' id='word_1_373' title='bbox 1628 2758 1828 2822; x_wconf 84' lang='lat' dir='ltr'>stabat,</span> <span class='ocrx_word' id='word_1_374' title='bbox 1874 2772 1973 2826; x_wconf 87' lang='lat' dir='ltr'>per</span> <span class='ocrx_word' id='word_1_375' title='bbox 2054 2759 2246 2813; x_wconf 67' lang='lat' dir='ltr'>litanae</span> <span class='ocrx_word' id='word_1_376' title='bbox 2279 2761 2551 2826; x_wconf 81' lang='lat' dir='ltr'>ecclesiae,</span> <span class='ocrx_word' id='word_1_377' title='bbox 2584 2761 2832 2817; x_wconf 88' lang='lat' dir='ltr'>Maurilio</span> <span class='ocrx_word' id='word_1_378' title='bbox 2857 2764 3138 2820; x_wconf 90' lang='lat' dir='ltr'>decessori</span> <span class='ocrx_word' id='word_1_379' title='bbox 3169 2781 3270 2822; x_wconf 91' lang='lat' dir='ltr'>suo</span> <span class='ocrx_word' id='word_1_380' title='bbox 3302 2768 3509 2824; x_wconf 89' lang='lat' dir='ltr'>oblato.</span> <span class='ocrx_word' id='word_1_381' title='bbox 3541 2768 3702 2824; x_wconf 89' lang='lat' dir='ltr'>Plura</span> 
     </span>
    </p>
   </div>
   <div class='ocr_carea' id='block_1_56' title="bbox 320 2842 3703 2931">
    <p class='ocr_par' dir='ltr' id='par_1_56' title="bbox 320 2842 3703 2931">
     <span class='ocr_line' id='line_1_56' title="bbox 320 2842 3703 2931; baseline 0.003 -29"><span class='ocrx_word' id='word_1_382' title='bbox 320 2861 482 2931; x_wconf 82' lang='lat' dir='ltr'>quam</span> <span class='ocrx_word' id='word_1_383' title='bbox 533 2847 945 2901; x_wconf 86' lang='lat' dir='ltr'>humectaverit.</span> <span class='ocrx_word' id='word_1_384' title='bbox 1000 2846 1137 2900; x_wconf 86' lang='lat' dir='ltr'>Hinc</span> <span class='ocrx_word' id='word_1_385' title='bbox 1184 2850 1311 2915; x_wconf 91' lang='lat' dir='ltr'>post</span> <span class='ocrx_word' id='word_1_386' title='bbox 1357 2844 1598 2898; x_wconf 88' lang='lat' dir='ltr'>ﬁdelium</span> <span class='ocrx_word' id='word_1_387' title='bbox 1639 2842 2017 2927; x_wconf 29' lang='lat' dir='ltr'>oblationes);</span> <span class='ocrx_word' id='word_1_388' title='bbox 2054 2846 2214 2921; x_wconf 85' lang='lat' dir='ltr'>etiam</span> <span class='ocrx_word' id='word_1_389' title='bbox 2264 2847 2499 2901; x_wconf 90' lang='lat' dir='ltr'>concilia</span> <span class='ocrx_word' id='word_1_390' title='bbox 2546 2848 2880 2915; x_wconf 90' lang='lat' dir='ltr'>celebravit;</span> <span class='ocrx_word' id='word_1_391' title='bbox 2945 2851 3179 2919; x_wconf 88' lang='lat' dir='ltr'>primum</span> <span class='ocrx_word' id='word_1_392' title='bbox 3227 2868 3371 2909; x_wconf 88' lang='lat' dir='ltr'>anno</span> <span class='ocrx_word' id='word_1_393' title='bbox 3427 2852 3580 2923; x_wconf 82' lang='lat'>1072,</span> <span class='ocrx_word' id='word_1_394' title='bbox 3634 2857 3703 2911; x_wconf 91' lang='lat' dir='ltr'>de</span> 
     </span>
    </p>
   </div>
   <div class='ocr_carea' id='block_1_57' title="bbox 323 2928 3701 3014">
    <p class='ocr_par' dir='ltr' id='par_1_57' title="bbox 323 2928 3701 3014">
     <span class='ocr_line' id='line_1_57' title="bbox 323 2928 3701 3014; baseline 0.002 -24"><span class='ocrx_word' id='word_1_395' title='bbox 323 2928 449 2990; x_wconf 86' lang='lat' dir='ltr'>cum</span> <span class='ocrx_word' id='word_1_396' title='bbox 505 2935 737 3004; x_wconf 90' lang='lat' dir='ltr'>amplius</span> <span class='ocrx_word' id='word_1_397' title='bbox 793 2933 1140 2989; x_wconf 88' lang='lat' dir='ltr'>dissimulare</span> <span class='ocrx_word' id='word_1_398' title='bbox 1199 2947 1308 2988; x_wconf 93' lang='lat' dir='ltr'>non</span> <span class='ocrx_word' id='word_1_399' title='bbox 1376 2938 1562 3003; x_wconf 88' lang='lat' dir='ltr'>posset</span> <span class='ocrx_word' id='word_1_400' title='bbox 1593 2975 1607 2999; x_wconf 93' lang='lat'>,</span> <span class='ocrx_word' id='word_1_401' title='bbox 1678 2928 2029 3014; x_wconf 48' lang='lat' dir='ltr'>ecclesian’l’ﬂ</span> <span class='ocrx_word' id='word_1_402' title='bbox 2052 2947 2163 3004; x_wconf 91' lang='lat' dir='ltr'>quo</span> <span class='ocrx_word' id='word_1_403' title='bbox 2186 2935 2298 3003; x_wconf 89' lang='lat' dir='ltr'>jam</span> <span class='ocrx_word' id='word_1_404' title='bbox 2331 2934 2603 3002; x_wconf 90' lang='lat' dir='ltr'>diximus;</span> <span class='ocrx_word' id='word_1_405' title='bbox 2645 2936 2787 2991; x_wconf 91' lang='lat' dir='ltr'>alius</span> <span class='ocrx_word' id='word_1_406' title='bbox 2824 2951 2969 2994; x_wconf 90' lang='lat' dir='ltr'>anno</span> <span class='ocrx_word' id='word_1_407' title='bbox 3006 2940 3160 3008; x_wconf 86' lang='lat'>1074,</span> <span class='ocrx_word' id='word_1_408' title='bbox 3194 2942 3251 2997; x_wconf 90' lang='lat' dir='ltr'>in</span> <span class='ocrx_word' id='word_1_409' title='bbox 3282 2958 3391 3013; x_wconf 93' lang='lat' dir='ltr'>quo</span> <span class='ocrx_word' id='word_1_410' title='bbox 3424 2946 3701 3014; x_wconf 89' lang='lat' dir='ltr'>prioratus</span> 
     </span>
    </p>
   </div>
   <div class='ocr_carea' id='block_1_58' title="bbox 324 2998 3697 3105">
    <p class='ocr_par' dir='ltr' id='par_1_58' title="bbox 324 2998 3697 3105">
     <span class='ocr_line' id='line_1_58' title="bbox 324 2998 3697 3105; baseline 0.004 -26"><span class='ocrx_word' id='word_1_411' title='bbox 324 2998 609 3093; x_wconf 61' lang='lat' dir='ltr'>egressus,</span> <span class='ocrx_word' id='word_1_412' title='bbox 632 3023 844 3093; x_wconf 90' lang='lat' dir='ltr'>pudore</span> <span class='ocrx_word' id='word_1_413' title='bbox 894 3036 1005 3079; x_wconf 89' lang='lat' dir='ltr'>non</span> <span class='ocrx_word' id='word_1_414' title='bbox 1057 3027 1278 3091; x_wconf 90' lang='lat' dir='ltr'>oportet</span> <span class='ocrx_word' id='word_1_415' title='bbox 1306 2998 1416 3076; x_wconf 81' lang='lat' dir='ltr'>dici</span> <span class='ocrx_word' id='word_1_416' title='bbox 1445 2998 1708 3090; x_wconf 86' lang='lat' dir='ltr'>quantum</span> <span class='ocrx_word' id='word_1_417' title='bbox 1741 3027 1795 3077; x_wconf 91' lang='lat' dir='ltr'>et</span> <span class='ocrx_word' id='word_1_418' title='bbox 1824 3036 1964 3077; x_wconf 81' lang='lat' dir='ltr'>moe-</span> <span class='ocrx_word' id='word_1_419' title='bbox 1989 2998 2106 3078; x_wconf 65' lang='grc' dir='ltr'>δέ.</span> <span class='ocrx_word' id='word_1_420' title='bbox 2148 2998 2386 3079; x_wconf 80' lang='lat' dir='ltr'>Victoris</span> <span class='ocrx_word' id='word_1_421' title='bbox 2424 3025 2567 3094; x_wconf 89' lang='lat' dir='ltr'>apud</span> <span class='ocrx_word' id='word_1_422' title='bbox 2590 2998 2822 3082; x_wconf 29' lang='lat' dir='ltr'>&#39;Caletes</span> <span class='ocrx_word' id='word_1_423' title='bbox 2869 3027 2937 3081; x_wconf 89' lang='lat' dir='ltr'>ad</span> <span class='ocrx_word' id='word_1_424' title='bbox 2984 2998 3232 3086; x_wconf 80' lang='lat' dir='ltr'>abbatias</span> 
     </span>
    </p>
   </div>
   <div class='ocr_carea' id='block_1_59' title="bbox 328 3109 3691 3192">
    <p class='ocr_par' dir='ltr' id='par_1_59' title="bbox 328 3109 3691 3192">
     <span class='ocr_line' id='line_1_59' title="bbox 328 3109 3691 3192; baseline 0.003 -23"><span class='ocrx_word' id='word_1_425' title='bbox 328 3128 456 3169; x_wconf 91' lang='lat' dir='ltr'>rore</span> <span class='ocrx_word' id='word_1_426' title='bbox 485 3112 764 3178; x_wconf 90' lang='lat' dir='ltr'>confusus,</span> <span class='ocrx_word' id='word_1_427' title='bbox 798 3112 866 3167; x_wconf 92' lang='lat' dir='ltr'>ad</span> <span class='ocrx_word' id='word_1_428' title='bbox 906 3126 1002 3167; x_wconf 93' lang='lat' dir='ltr'>sua</span> <span class='ocrx_word' id='word_1_429' title='bbox 1040 3125 1292 3167; x_wconf 87' lang='lat' dir='ltr'>reversus</span> <span class='ocrx_word' id='word_1_430' title='bbox 1320 3116 1422 3166; x_wconf 90' lang='lat' dir='ltr'>est.</span> <span class='ocrx_word' id='word_1_431' title='bbox 1459 3109 1614 3177; x_wconf 86' lang='lat' dir='ltr'>Quod</span> <span class='ocrx_word' id='word_1_432' title='bbox 1645 3115 1707 3165; x_wconf 92' lang='lat' dir='ltr'>ut</span> <span class='ocrx_word' id='word_1_433' title='bbox 1735 3111 1969 3180; x_wconf 90' lang='lat' dir='ltr'>primum</span> <span class='ocrx_word' id='word_1_434' title='bbox 2053 3125 2181 3168; x_wconf 89' lang='lat' dir='ltr'>vero</span> <span class='ocrx_word' id='word_1_435' title='bbox 2212 3113 2360 3183; x_wconf 90' lang='lat' dir='ltr'>quod</span> <span class='ocrx_word' id='word_1_436' title='bbox 2408 3114 2746 3184; x_wconf 86' lang='lat' dir='ltr'>presbyteris</span> <span class='ocrx_word' id='word_1_437' title='bbox 2775 3117 2891 3171; x_wconf 91' lang='lat' dir='ltr'>suis</span> <span class='ocrx_word' id='word_1_438' title='bbox 2919 3120 3258 3176; x_wconf 88' lang='lat' dir='ltr'>concubinas</span> <span class='ocrx_word' id='word_1_439' title='bbox 3297 3124 3691 3192; x_wconf 89' lang='lat' dir='ltr'>prohibuisset,</span> 
     </span>
    </p>
   </div>
   <div class='ocr_carea' id='block_1_60' title="bbox 328 3200 3690 3281">
    <p class='ocr_par' dir='ltr' id='par_1_60' title="bbox 328 3200 3690 3281">
     <span class='ocr_line' id='line_1_60' title="bbox 328 3200 3690 3281; baseline 0.003 -23"><span class='ocrx_word' id='word_1_440' title='bbox 328 3203 398 3258; x_wconf 89' lang='lat' dir='ltr'>ad</span> <span class='ocrx_word' id='word_1_441' title='bbox 456 3217 615 3257; x_wconf 91' lang='lat' dir='ltr'>aures</span> <span class='ocrx_word' id='word_1_442' title='bbox 671 3200 860 3271; x_wconf 89' lang='lat' dir='ltr'>populi</span> <span class='ocrx_word' id='word_1_443' title='bbox 921 3200 1258 3270; x_wconf 88' lang='lat' dir='ltr'>percrebuit,</span> <span class='ocrx_word' id='word_1_444' title='bbox 1319 3200 1442 3269; x_wconf 90' lang='lat' dir='ltr'>quis</span> <span class='ocrx_word' id='word_1_445' title='bbox 1494 3200 1786 3265; x_wconf 55' lang='lat' dir='ltr'>aestimare,</span> <span class='ocrx_word' id='word_1_446' title='bbox 1847 3200 1972 3270; x_wconf 88' lang='lat' dir='ltr'>quis</span> <span class='ocrx_word' id='word_1_447' title='bbox 2052 3200 2329 3271; x_wconf 90' lang='lat' dir='ltr'>lapidibus</span> <span class='ocrx_word' id='word_1_448' title='bbox 2357 3203 2562 3272; x_wconf 90' lang='lat' dir='ltr'>petitus</span> <span class='ocrx_word' id='word_1_449' title='bbox 2584 3210 2667 3259; x_wconf 91' lang='lat' dir='ltr'>est</span> <span class='ocrx_word' id='word_1_450' title='bbox 2686 3204 2920 3275; x_wconf 87' lang='lat' dir='ltr'>fugaque</span> <span class='ocrx_word' id='word_1_451' title='bbox 2941 3207 3103 3263; x_wconf 90' lang='lat' dir='ltr'>saluti</span> <span class='ocrx_word' id='word_1_452' title='bbox 3125 3211 3414 3266; x_wconf 91' lang='lat' dir='ltr'>consulere</span> <span class='ocrx_word' id='word_1_453' title='bbox 3444 3219 3690 3281; x_wconf 83' lang='lat' dir='ltr'>coactus,</span> 
     </span>
    </p>
   </div>
   <div class='ocr_carea' id='block_1_61' title="bbox 327 3289 3695 3369">
    <p class='ocr_par' dir='ltr' id='par_1_61' title="bbox 327 3289 3695 3369">
     <span class='ocr_line' id='line_1_61' title="bbox 327 3289 3695 3369; baseline 0.002 -22"><span class='ocrx_word' id='word_1_454' title='bbox 327 3292 515 3347; x_wconf 85' lang='lat' dir='ltr'>dicere</span> <span class='ocrx_word' id='word_1_455' title='bbox 560 3290 857 3358; x_wconf 79' lang='lat' dir='ltr'>suffecerit,</span> <span class='ocrx_word' id='word_1_456' title='bbox 888 3290 946 3344; x_wconf 92' lang='lat' dir='ltr'>in</span> <span class='ocrx_word' id='word_1_457' title='bbox 987 3303 1125 3359; x_wconf 90' lang='lat' dir='ltr'>quas</span> <span class='ocrx_word' id='word_1_458' title='bbox 1153 3295 1209 3345; x_wconf 93' lang='lat' dir='ltr'>et</span> <span class='ocrx_word' id='word_1_459' title='bbox 1246 3295 1478 3358; x_wconf 87' lang='lat' dir='ltr'>quantas</span> <span class='ocrx_word' id='word_1_460' title='bbox 1503 3302 1667 3344; x_wconf 89' lang='lat' dir='ltr'>voces</span> <span class='ocrx_word' id='word_1_461' title='bbox 1704 3303 1763 3345; x_wconf 91' lang='lat' dir='ltr'>se</span> <span class='ocrx_word' id='word_1_462' title='bbox 1802 3289 1969 3344; x_wconf 90' lang='lat' dir='ltr'>dere-</span> <span class='ocrx_word' id='word_1_463' title='bbox 2052 3304 2163 3360; x_wconf 90' lang='lat' dir='ltr'>quo</span> <span class='ocrx_word' id='word_1_464' title='bbox 2207 3291 2276 3347; x_wconf 92' lang='lat' dir='ltr'>de</span> <span class='ocrx_word' id='word_1_465' title='bbox 2315 3306 2374 3348; x_wconf 90' lang='lat' dir='ltr'>re</span> <span class='ocrx_word' id='word_1_466' title='bbox 2411 3293 2708 3349; x_wconf 89' lang='lat' dir='ltr'>Ordericus</span> <span class='ocrx_word' id='word_1_467' title='bbox 2736 3294 2944 3352; x_wconf 84' lang='lat' dir='ltr'>Vitalis.</span> <span class='ocrx_word' id='word_1_468' title='bbox 3000 3298 3342 3369; x_wconf 84' lang='lat' dir='ltr'>Subscripsit</span> <span class='ocrx_word' id='word_1_469' title='bbox 3378 3315 3522 3357; x_wconf 89' lang='lat' dir='ltr'>anno</span> <span class='ocrx_word' id='word_1_470' title='bbox 3559 3302 3695 3355; x_wconf 86' lang='lat'>1074</span> 
     </span>
    </p>
   </div>
   <div class='ocr_carea' id='block_1_62' title="bbox 325 3378 3695 3459">
    <p class='ocr_par' dir='ltr' id='par_1_62' title="bbox 325 3378 3695 3459">
     <span class='ocr_line' id='line_1_62' title="bbox 325 3378 3695 3459; baseline 0.003 -23"><span class='ocrx_word' id='word_1_471' title='bbox 325 3384 490 3450; x_wconf 86' lang='lat' dir='ltr'>pente</span> <span class='ocrx_word' id='word_1_472' title='bbox 533 3381 839 3449; x_wconf 86' lang='lat' dir='ltr'>sparserit?</span> <span class='ocrx_word' id='word_1_473' title='bbox 876 3381 1074 3435; x_wconf 90' lang='lat' dir='ltr'>Omnes</span> <span class='ocrx_word' id='word_1_474' title='bbox 1112 3385 1292 3433; x_wconf 89' lang='lat' dir='ltr'>tamen</span> <span class='ocrx_word' id='word_1_475' title='bbox 1330 3378 1386 3432; x_wconf 91' lang='lat' dir='ltr'>in</span> <span class='ocrx_word' id='word_1_476' title='bbox 1437 3390 1725 3433; x_wconf 90' lang='lat' dir='ltr'>commune</span> <span class='ocrx_word' id='word_1_477' title='bbox 1754 3378 1969 3434; x_wconf 90' lang='lat' dir='ltr'>Domini</span> <span class='ocrx_word' id='word_1_478' title='bbox 2052 3379 2336 3449; x_wconf 91' lang='lat' dir='ltr'>diplomati</span> <span class='ocrx_word' id='word_1_479' title='bbox 2394 3381 2631 3437; x_wconf 87' lang='lat' dir='ltr'>Wilelmi</span> <span class='ocrx_word' id='word_1_480' title='bbox 2700 3384 2844 3454; x_wconf 88' lang='lat' dir='ltr'>regis</span> <span class='ocrx_word' id='word_1_481' title='bbox 2909 3399 3010 3454; x_wconf 92' lang='lat' dir='ltr'>pro</span> <span class='ocrx_word' id='word_1_482' title='bbox 3081 3388 3314 3443; x_wconf 89' lang='lat' dir='ltr'>ecclesia</span> <span class='ocrx_word' id='word_1_483' title='bbox 3381 3390 3695 3459; x_wconf 89' lang='lat' dir='ltr'>Bajocensi.</span> 
     </span>
    </p>
   </div>
   <div class='ocr_carea' id='block_1_63' title="bbox 323 3468 3696 3543">
    <p class='ocr_par' dir='ltr' id='par_1_63' title="bbox 323 3468 3696 3543">
     <span class='ocr_line' id='line_1_63' title="bbox 323 3468 3696 3543; baseline 0.002 -17"><span class='ocrx_word' id='word_1_484' title='bbox 323 3470 778 3539; x_wconf 88' lang='lat' dir='ltr'>magniﬁcentiam</span> <span class='ocrx_word' id='word_1_485' title='bbox 835 3469 1120 3537; x_wconf 89' lang='lat' dir='ltr'>sanctique</span> <span class='ocrx_word' id='word_1_486' title='bbox 1166 3468 1414 3523; x_wconf 88' lang='lat' dir='ltr'>Audoeni</span> <span class='ocrx_word' id='word_1_487' title='bbox 1471 3468 1722 3522; x_wconf 91' lang='lat' dir='ltr'>meritum</span> <span class='ocrx_word' id='word_1_488' title='bbox 1773 3482 1972 3537; x_wconf 87' lang='lat' dir='ltr'>perso-</span> <span class='ocrx_word' id='word_1_489' title='bbox 2049 3471 2206 3525; x_wconf 86' lang='lat' dir='ltr'>Anno</span> <span class='ocrx_word' id='word_1_490' title='bbox 2279 3469 2414 3523; x_wconf 85' lang='lat'>1075</span> <span class='ocrx_word' id='word_1_491' title='bbox 2478 3470 2753 3526; x_wconf 57' lang='lat' dir='ltr'>Caeciliam</span> <span class='ocrx_word' id='word_1_492' title='bbox 2819 3474 3122 3543; x_wconf 89' lang='lat' dir='ltr'>virginem,</span> <span class='ocrx_word' id='word_1_493' title='bbox 3192 3476 3355 3532; x_wconf 87' lang='lat' dir='ltr'>ﬁliam</span> <span class='ocrx_word' id='word_1_494' title='bbox 3421 3479 3696 3535; x_wconf 87' lang='lat' dir='ltr'>Guillelmi</span> 
     </span>
    </p>
   </div>
   <div class='ocr_carea' id='block_1_64' title="bbox 323 3556 1968 3629">
    <p class='ocr_par' dir='ltr' id='par_1_64' title="bbox 323 3556 1968 3629">
     <span class='ocr_line' id='line_1_64' title="bbox 323 3556 1968 3629; baseline -0.001 -16"><span class='ocrx_word' id='word_1_495' title='bbox 323 3560 527 3615; x_wconf 87' lang='lat' dir='ltr'>nabant</span> <span class='ocrx_word' id='word_1_496' title='bbox 566 3580 577 3614; x_wconf 92' lang='lat'><strong>:</strong></span> <span class='ocrx_word' id='word_1_497' title='bbox 624 3561 748 3629; x_wconf 89' lang='lat' dir='ltr'>jure</span> <span class='ocrx_word' id='word_1_498' title='bbox 799 3558 943 3613; x_wconf 89' lang='lat' dir='ltr'>hunc</span> <span class='ocrx_word' id='word_1_499' title='bbox 975 3557 1043 3612; x_wconf 90' lang='lat' dir='ltr'>ab</span> <span class='ocrx_word' id='word_1_500' title='bbox 1085 3557 1400 3626; x_wconf 84' lang='lat' dir='ltr'>integritate</span> <span class='ocrx_word' id='word_1_501' title='bbox 1441 3557 1733 3625; x_wconf 73' lang='lat' dir='ltr'>praesentis</span> <span class='ocrx_word' id='word_1_502' title='bbox 1759 3556 1968 3612; x_wconf 66' lang='lat' dir='ltr'>laztitiae</span> 
     </span>
    </p>
   </div>
   <div class='ocr_carea' id='block_1_65' title="bbox 322 3645 1969 3717">
    <p class='ocr_par' dir='ltr' id='par_1_65' title="bbox 322 3645 1969 3717">
     <span class='ocr_line' id='line_1_65' title="bbox 322 3645 1969 3717; baseline -0.002 -15"><span class='ocrx_word' id='word_1_503' title='bbox 322 3648 405 3702; x_wconf 89' lang='lat' dir='ltr'>sic</span> <span class='ocrx_word' id='word_1_504' title='bbox 455 3648 817 3717; x_wconf 89' lang='lat' dir='ltr'>ignominiose</span> <span class='ocrx_word' id='word_1_505' title='bbox 867 3646 1167 3715; x_wconf 89' lang='lat' dir='ltr'>repulsum,</span> <span class='ocrx_word' id='word_1_506' title='bbox 1201 3660 1360 3714; x_wconf 92' lang='lat' dir='ltr'>quam</span> <span class='ocrx_word' id='word_1_507' title='bbox 1393 3645 1523 3699; x_wconf 90' lang='lat' dir='ltr'>olim</span> <span class='ocrx_word' id='word_1_508' title='bbox 1553 3646 1777 3714; x_wconf 88' lang='lat' dir='ltr'>indigne</span> <span class='ocrx_word' id='word_1_509' title='bbox 1806 3645 1969 3698; x_wconf 90' lang='lat' dir='ltr'>nimis</span> 
     </span>
    </p>
   </div>
   <div class='ocr_carea' id='block_1_66' title="bbox 326 3733 1968 3805">
    <p class='ocr_par' dir='ltr' id='par_1_66' title="bbox 326 3733 1968 3805">
     <span class='ocr_line' id='line_1_66' title="bbox 326 3733 1968 3805; baseline -0.001 -16"><span class='ocrx_word' id='word_1_510' title='bbox 326 3736 759 3805; x_wconf 89' lang='lat' dir='ltr'>perturbaverat,</span> <span class='ocrx_word' id='word_1_511' title='bbox 801 3735 1193 3791; x_wconf 88' lang='lat' dir='ltr'>acclamabant.</span> <span class='ocrx_word' id='word_1_512' title='bbox 1235 3735 1405 3788; x_wconf 91' lang='lat' dir='ltr'>Nemo</span> <span class='ocrx_word' id='word_1_513' title='bbox 1445 3733 1606 3788; x_wconf 91' lang='lat' dir='ltr'>nobis</span> <span class='ocrx_word' id='word_1_514' title='bbox 1643 3746 1968 3787; x_wconf 88' lang='lat' dir='ltr'>succensere</span> 
     </span>
    </p>
   </div>
   <div class='ocr_carea' id='block_1_67' title="bbox 326 3819 1969 3903">
    <p class='ocr_par' dir='ltr' id='par_1_67' title="bbox 326 3819 1969 3903">
     <span class='ocr_line' id='line_1_67' title="bbox 326 3819 1969 3903; baseline -0.003 -24"><span class='ocrx_word' id='word_1_515' title='bbox 326 3823 521 3889; x_wconf 84' lang='lat' dir='ltr'>habet,</span> <span class='ocrx_word' id='word_1_516' title='bbox 553 3825 597 3903; x_wconf 84' lang='lat' dir='ltr'>si</span> <span class='ocrx_word' id='word_1_517' title='bbox 626 3838 751 3879; x_wconf 87' lang='lat' dir='ltr'>vera</span> <span class='ocrx_word' id='word_1_518' title='bbox 788 3824 1037 3889; x_wconf 90' lang='lat' dir='ltr'>dicimus,</span> <span class='ocrx_word' id='word_1_519' title='bbox 1072 3822 1200 3893; x_wconf 91' lang='lat' dir='ltr'>quia</span> <span class='ocrx_word' id='word_1_520' title='bbox 1247 3821 1451 3876; x_wconf 89' lang='lat' dir='ltr'>nemini</span> <span class='ocrx_word' id='word_1_521' title='bbox 1501 3835 1725 3876; x_wconf 86' lang='lat' dir='ltr'>examen</span> <span class='ocrx_word' id='word_1_522' title='bbox 1764 3819 1969 3890; x_wconf 90' lang='lat' dir='ltr'>judicis</span> 
     </span>
    </p>
   </div>
   <div class='ocr_carea' id='block_1_68' title="bbox 325 3908 1965 3984">
    <p class='ocr_par' dir='ltr' id='par_1_68' title="bbox 325 3908 1965 3984">
     <span class='ocr_line' id='line_1_68' title="bbox 325 3908 1965 3984; baseline -0.002 -16"><span class='ocrx_word' id='word_1_523' title='bbox 325 3914 594 3979; x_wconf 90' lang='lat' dir='ltr'>omnium,</span> <span class='ocrx_word' id='word_1_524' title='bbox 643 3914 697 3968; x_wconf 92' lang='lat' dir='ltr'>in</span> <span class='ocrx_word' id='word_1_525' title='bbox 747 3916 901 3984; x_wconf 86' lang='lat' dir='ltr'>cujus</span> <span class='ocrx_word' id='word_1_526' title='bbox 948 3927 1138 3969; x_wconf 91' lang='lat' dir='ltr'>manus</span> <span class='ocrx_word' id='word_1_527' title='bbox 1184 3910 1521 3967; x_wconf 92' lang='lat' dir='ltr'>horrendum</span> <span class='ocrx_word' id='word_1_528' title='bbox 1571 3915 1651 3965; x_wconf 91' lang='lat' dir='ltr'>est</span> <span class='ocrx_word' id='word_1_529' title='bbox 1697 3908 1965 3976; x_wconf 89' lang='lat' dir='ltr'>incidere,</span> 
     </span>
    </p>
   </div>
   <div class='ocr_carea' id='block_1_69' title="bbox 321 3999 1967 4074">
    <p class='ocr_par' dir='ltr' id='par_1_69' title="bbox 321 3999 1967 4074">
     <span class='ocr_line' id='line_1_69' title="bbox 321 3999 1967 4074; baseline -0.002 -16"><span class='ocrx_word' id='word_1_530' title='bbox 321 4004 808 4074; x_wconf 87' lang='lat' dir='ltr'>improperandum</span> <span class='ocrx_word' id='word_1_531' title='bbox 850 4005 1071 4069; x_wconf 88' lang='lat' dir='ltr'>scimus,</span> <span class='ocrx_word' id='word_1_532' title='bbox 1105 4008 1158 4056; x_wconf 91' lang='lat' dir='ltr'>et</span> <span class='ocrx_word' id='word_1_533' title='bbox 1206 4015 1273 4056; x_wconf 91' lang='lat' dir='ltr'>ex</span> <span class='ocrx_word' id='word_1_534' title='bbox 1319 4000 1496 4057; x_wconf 90' lang='lat' dir='ltr'>aliena</span> <span class='ocrx_word' id='word_1_535' title='bbox 1543 3999 1703 4069; x_wconf 92' lang='lat' dir='ltr'>culpa</span> <span class='ocrx_word' id='word_1_536' title='bbox 1751 4013 1967 4070; x_wconf 67' lang='lat' dir='ltr'>poenam</span> 
     </span>
    </p>
   </div>
   <div class='ocr_carea' id='block_1_70' title="bbox 322 4088 1970 4159">
    <p class='ocr_par' dir='ltr' id='par_1_70' title="bbox 322 4088 1970 4159">
     <span class='ocr_line' id='line_1_70' title="bbox 322 4088 1970 4159; baseline -0.004 -9"><span class='ocrx_word' id='word_1_537' title='bbox 322 4093 608 4150; x_wconf 88' lang='lat' dir='ltr'>incurrere</span> <span class='ocrx_word' id='word_1_538' title='bbox 645 4093 802 4149; x_wconf 88' lang='lat' dir='ltr'>valde</span> <span class='ocrx_word' id='word_1_539' title='bbox 849 4092 1219 4149; x_wconf 89' lang='lat' dir='ltr'>formidamus.</span> <span class='ocrx_word' id='word_1_540' title='bbox 1270 4090 1376 4146; x_wconf 86' lang='lat' dir='ltr'>Sed</span> <span class='ocrx_word' id='word_1_541' title='bbox 1423 4090 1565 4145; x_wconf 91' lang='lat' dir='ltr'>enim</span> <span class='ocrx_word' id='word_1_542' title='bbox 1608 4088 1817 4159; x_wconf 89' lang='lat' dir='ltr'>judicia</span> <span class='ocrx_word' id='word_1_543' title='bbox 1854 4090 1970 4144; x_wconf 92' lang='lat' dir='ltr'>Do-</span> 
     </span>
    </p>
   </div>
   <div class='ocr_carea' id='block_1_71' title="bbox 327 4177 1967 4259">
    <p class='ocr_par' dir='ltr' id='par_1_71' title="bbox 327 4177 1967 4259">
     <span class='ocr_line' id='line_1_71' title="bbox 327 4177 1967 4259; baseline -0.002 -23"><span class='ocrx_word' id='word_1_544' title='bbox 327 4182 479 4248; x_wconf 91' lang='lat' dir='ltr'>mini,</span> <span class='ocrx_word' id='word_1_545' title='bbox 514 4196 639 4254; x_wconf 79' lang='lat' dir='ltr'>quae</span> <span class='ocrx_word' id='word_1_546' title='bbox 669 4182 817 4238; x_wconf 88' lang='lat' dir='ltr'>velut</span> <span class='ocrx_word' id='word_1_547' title='bbox 862 4182 1092 4248; x_wconf 78' lang='lat' dir='ltr'>abyssus</span> <span class='ocrx_word' id='word_1_548' title='bbox 1137 4180 1304 4259; x_wconf 82' lang='lat' dir='ltr'>multa</span> <span class='ocrx_word' id='word_1_549' title='bbox 1352 4182 1499 4245; x_wconf 91' lang='lat' dir='ltr'>sunt,</span> <span class='ocrx_word' id='word_1_550' title='bbox 1540 4177 1748 4245; x_wconf 90' lang='lat' dir='ltr'>mirari,</span> <span class='ocrx_word' id='word_1_551' title='bbox 1790 4179 1967 4248; x_wconf 90' lang='lat' dir='ltr'>ipsum</span> 
     </span>
    </p>
   </div>
   <div class='ocr_carea' id='block_1_72' title="bbox 326 4267 1969 4341">
    <p class='ocr_par' dir='ltr' id='par_1_72' title="bbox 326 4267 1969 4341">
     <span class='ocr_line' id='line_1_72' title="bbox 326 4267 1969 4341; baseline -0.002 -16"><span class='ocrx_word' id='word_1_552' title='bbox 326 4271 380 4325; x_wconf 90' lang='lat' dir='ltr'>in</span> <span class='ocrx_word' id='word_1_553' title='bbox 430 4276 538 4327; x_wconf 90' lang='lat' dir='ltr'>tam</span> <span class='ocrx_word' id='word_1_554' title='bbox 583 4278 775 4327; x_wconf 90' lang='lat' dir='ltr'>sancto</span> <span class='ocrx_word' id='word_1_555' title='bbox 813 4272 930 4326; x_wconf 83' lang='lat' dir='ltr'>viro</span> <span class='ocrx_word' id='word_1_556' title='bbox 970 4271 1302 4341; x_wconf 71' lang='lat' dir='ltr'>praedicare,</span> <span class='ocrx_word' id='word_1_557' title='bbox 1345 4282 1455 4339; x_wconf 88' lang='lat' dir='ltr'>quo</span> <span class='ocrx_word' id='word_1_558' title='bbox 1503 4267 1700 4324; x_wconf 81' lang='lat' dir='ltr'>atiectu</span> <span class='ocrx_word' id='word_1_559' title='bbox 1747 4267 1969 4338; x_wconf 89' lang='lat' dir='ltr'>pietatis</span> 
     </span>
    </p>
   </div>
   <div class='ocr_carea' id='block_1_73' title="bbox 2050 3558 3698 3634">
    <p class='ocr_par' dir='ltr' id='par_1_73' title="bbox 2050 3558 3698 3634">
     <span class='ocr_line' id='line_1_73' title="bbox 2050 3558 3698 3634; baseline 0.005 -21"><span class='ocrx_word' id='word_1_560' title='bbox 2050 3558 2237 3625; x_wconf 86' lang='lat' dir='ltr'>Nothi,</span> <span class='ocrx_word' id='word_1_561' title='bbox 2269 3560 2380 3614; x_wconf 90' lang='lat' dir='ltr'>Deo</span> <span class='ocrx_word' id='word_1_562' title='bbox 2417 3560 2653 3614; x_wconf 90' lang='lat' dir='ltr'>sacravit</span> <span class='ocrx_word' id='word_1_563' title='bbox 2690 3560 2746 3613; x_wconf 92' lang='lat' dir='ltr'>in</span> <span class='ocrx_word' id='word_1_564' title='bbox 2787 3561 3013 3615; x_wconf 89' lang='lat' dir='ltr'>basilica</span> <span class='ocrx_word' id='word_1_565' title='bbox 3045 3563 3438 3620; x_wconf 85' lang='lat' dir='ltr'>Fiscamnensi.</span> <span class='ocrx_word' id='word_1_566' title='bbox 3490 3566 3698 3634; x_wconf 82' lang='lat' dir='ltr'>Adfuit,</span> 
     </span>
    </p>
   </div>
   <div class='ocr_carea' id='block_1_74' title="bbox 2050 3644 3702 3721">
    <p class='ocr_par' dir='ltr' id='par_1_74' title="bbox 2050 3644 3702 3721">
     <span class='ocr_line' id='line_1_74' title="bbox 2050 3644 3702 3721; baseline 0.006 -23"><span class='ocrx_word' id='word_1_567' title='bbox 2050 3659 2195 3699; x_wconf 88' lang='lat' dir='ltr'>anno</span> <span class='ocrx_word' id='word_1_568' title='bbox 2258 3645 2431 3709; x_wconf 91' lang='lat'>1077,</span> <span class='ocrx_word' id='word_1_569' title='bbox 2500 3644 2835 3698; x_wconf 88' lang='lat' dir='ltr'>dedicationi</span> <span class='ocrx_word' id='word_1_570' title='bbox 2901 3646 3248 3701; x_wconf 90' lang='lat' dir='ltr'>basilicarum</span> <span class='ocrx_word' id='word_1_571' title='bbox 3314 3652 3368 3703; x_wconf 91' lang='lat' dir='ltr'>S.</span> <span class='ocrx_word' id='word_1_572' title='bbox 3438 3654 3702 3721; x_wconf 89' lang='lat' dir='ltr'>Stephani</span> 
     </span>
    </p>
   </div>
   <div class='ocr_carea' id='block_1_75' title="bbox 2050 3732 3699 3797">
    <p class='ocr_par' dir='ltr' id='par_1_75' title="bbox 2050 3732 3699 3797">
     <span class='ocr_line' id='line_1_75' title="bbox 2050 3732 3699 3797; baseline 0.005 -11"><span class='ocrx_word' id='word_1_573' title='bbox 2050 3732 2425 3797; x_wconf 88' lang='lat' dir='ltr'>Cadomensis,</span> <span class='ocrx_word' id='word_1_574' title='bbox 2468 3736 2523 3785; x_wconf 90' lang='lat' dir='ltr'>et</span> <span class='ocrx_word' id='word_1_575' title='bbox 2552 3732 2730 3786; x_wconf 73' lang='lat' dir='ltr'>Beata:</span> <span class='ocrx_word' id='word_1_576' title='bbox 2760 3732 2940 3787; x_wconf 71' lang='lat' dir='ltr'>Maria:</span> <span class='ocrx_word' id='word_1_577' title='bbox 2966 3733 3274 3791; x_wconf 91' lang='lat' dir='ltr'>Beccensis.</span> <span class='ocrx_word' id='word_1_578' title='bbox 3317 3737 3523 3793; x_wconf 88' lang='lat' dir='ltr'>Eodem</span> <span class='ocrx_word' id='word_1_579' title='bbox 3553 3752 3699 3795; x_wconf 91' lang='lat' dir='ltr'>anno</span> 
     </span>
    </p>
   </div>
   <div class='ocr_carea' id='block_1_76' title="bbox 2044 3818 3698 3900">
    <p class='ocr_par' dir='ltr' id='par_1_76' title="bbox 2044 3818 3698 3900">
     <span class='ocr_line' id='line_1_76' title="bbox 2044 3818 3698 3900; baseline 0.007 -26"><span class='ocrx_word' id='word_1_580' title='bbox 2044 3822 2233 3891; x_wconf 89' lang='lat' dir='ltr'>jussus</span> <span class='ocrx_word' id='word_1_581' title='bbox 2260 3834 2290 3875; x_wconf 90' lang='lat' dir='ltr'>a</span> <span class='ocrx_word' id='word_1_582' title='bbox 2320 3818 2609 3875; x_wconf 87' lang='lat' dir='ltr'>Guillelmo</span> <span class='ocrx_word' id='word_1_583' title='bbox 2660 3834 2826 3890; x_wconf 89' lang='lat' dir='ltr'>rege;</span> <span class='ocrx_word' id='word_1_584' title='bbox 2878 3820 3055 3877; x_wconf 90' lang='lat' dir='ltr'>noluit</span> <span class='ocrx_word' id='word_1_585' title='bbox 3104 3824 3341 3894; x_wconf 90' lang='lat' dir='ltr'>sepelire</span> <span class='ocrx_word' id='word_1_586' title='bbox 3382 3828 3698 3900; x_wconf 86' lang='lat' dir='ltr'>llugonem,</span> 
     </span>
    </p>
   </div>
   <div class='ocr_carea' id='block_1_77' title="bbox 2050 3909 3695 3986">
    <p class='ocr_par' dir='ltr' id='par_1_77' title="bbox 2050 3909 3695 3986">
     <span class='ocr_line' id='line_1_77' title="bbox 2050 3909 3695 3986; baseline 0.007 -20"><span class='ocrx_word' id='word_1_587' title='bbox 2050 3910 2437 3966; x_wconf 86' lang='lat' dir='ltr'>Lexoviensem</span> <span class='ocrx_word' id='word_1_588' title='bbox 2500 3909 2841 3980; x_wconf 89' lang='lat' dir='ltr'>episcopum.</span> <span class='ocrx_word' id='word_1_589' title='bbox 2901 3911 3144 3982; x_wconf 90' lang='lat' dir='ltr'>Denique</span> <span class='ocrx_word' id='word_1_590' title='bbox 3210 3916 3278 3971; x_wconf 90' lang='lat' dir='ltr'>ad</span> <span class='ocrx_word' id='word_1_591' title='bbox 3336 3917 3527 3986; x_wconf 88' lang='lat' dir='ltr'>ﬁnem,</span> <span class='ocrx_word' id='word_1_592' title='bbox 3586 3926 3695 3976; x_wconf 86' lang='lat' dir='ltr'>tam</span> 
     </span>
    </p>
   </div>
   <div class='ocr_carea' id='block_1_78' title="bbox 2051 4000 3692 4075">
    <p class='ocr_par' dir='ltr' id='par_1_78' title="bbox 2051 4000 3692 4075">
     <span class='ocr_line' id='line_1_78' title="bbox 2051 4000 3692 4075; baseline 0.007 -20"><span class='ocrx_word' id='word_1_593' title='bbox 2051 4000 2401 4070; x_wconf 88' lang='lat' dir='ltr'>episcopatus</span> <span class='ocrx_word' id='word_1_594' title='bbox 2435 4014 2595 4070; x_wconf 90' lang='lat' dir='ltr'>quam</span> <span class='ocrx_word' id='word_1_595' title='bbox 2626 4001 2751 4055; x_wconf 59' lang='lat' dir='ltr'>vita;</span> <span class='ocrx_word' id='word_1_596' title='bbox 2801 4001 2919 4070; x_wconf 88' lang='lat' dir='ltr'>ejus</span> <span class='ocrx_word' id='word_1_597' title='bbox 2966 4002 3113 4071; x_wconf 90' lang='lat' dir='ltr'>quod</span> <span class='ocrx_word' id='word_1_598' title='bbox 3153 4011 3402 4075; x_wconf 90' lang='lat' dir='ltr'>spectat;</span> <span class='ocrx_word' id='word_1_599' title='bbox 3435 4009 3692 4065; x_wconf 89' lang='lat' dir='ltr'>abdicare</span> 
     </span>
    </p>
   </div>
   <div class='ocr_carea' id='block_1_79' title="bbox 2050 4091 3691 4170">
    <p class='ocr_par' dir='ltr' id='par_1_79' title="bbox 2050 4091 3691 4170">
     <span class='ocr_line' id='line_1_79' title="bbox 2050 4091 3691 4170; baseline 0.009 -27"><span class='ocrx_word' id='word_1_600' title='bbox 2050 4095 2273 4144; x_wconf 88' lang='lat' dir='ltr'>coactus</span> <span class='ocrx_word' id='word_1_601' title='bbox 2338 4094 2441 4157; x_wconf 90' lang='lat' dir='ltr'>est,</span> <span class='ocrx_word' id='word_1_602' title='bbox 2508 4095 2616 4144; x_wconf 92' lang='lat' dir='ltr'>tam</span> <span class='ocrx_word' id='word_1_603' title='bbox 2690 4097 2919 4161; x_wconf 90' lang='lat' dir='ltr'>propter</span> <span class='ocrx_word' id='word_1_604' title='bbox 2983 4091 3243 4150; x_wconf 68' lang='lat' dir='ltr'>offensam</span> <span class='ocrx_word' id='word_1_605' title='bbox 3308 4098 3454 4169; x_wconf 90' lang='lat' dir='ltr'>regis</span> <span class='ocrx_word' id='word_1_606' title='bbox 3528 4115 3691 4170; x_wconf 90' lang='lat' dir='ltr'>quam</span> 
     </span>
    </p>
   </div>
   <div class='ocr_carea' id='block_1_80' title="bbox 2051 4177 3691 4249">
    <p class='ocr_par' dir='ltr' id='par_1_80' title="bbox 2051 4177 3691 4249">
     <span class='ocr_line' id='line_1_80' title="bbox 2051 4177 3691 4249; baseline 0.01 -19"><span class='ocrx_word' id='word_1_607' title='bbox 2051 4184 2277 4247; x_wconf 83' lang='lat' dir='ltr'>prepter</span> <span class='ocrx_word' id='word_1_608' title='bbox 2316 4177 2606 4249; x_wconf 81' lang='lat' dir='ltr'>paralysim</span> <span class='ocrx_word' id='word_1_609' title='bbox 2654 4183 2747 4233; x_wconf 89' lang='lat' dir='ltr'>aut</span> <span class='ocrx_word' id='word_1_610' title='bbox 2794 4180 2969 4235; x_wconf 75' lang='lat' dir='ltr'>urinae</span> <span class='ocrx_word' id='word_1_611' title='bbox 3014 4181 3490 4244; x_wconf 90' lang='lat' dir='ltr'>incontinentiam.</span> <span class='ocrx_word' id='word_1_612' title='bbox 3520 4190 3603 4245; x_wconf 84' lang='lat' dir='ltr'>Ad</span> <span class='ocrx_word' id='word_1_613' title='bbox 3632 4188 3691 4246; x_wconf 88' lang='lat' dir='ltr'>id</span> 
     </span>
    </p>
   </div>
   <div class='ocr_carea' id='block_1_81' title="bbox 2049 4267 3691 4345">
    <p class='ocr_par' dir='ltr' id='par_1_81' title="bbox 2049 4267 3691 4345">
     <span class='ocr_line' id='line_1_81' title="bbox 2049 4267 3691 4345; baseline 0.01 -26"><span class='ocrx_word' id='word_1_614' title='bbox 2049 4279 2180 4322; x_wconf 90' lang='lat' dir='ltr'>vero</span> <span class='ocrx_word' id='word_1_615' title='bbox 2230 4267 2637 4337; x_wconf 86' lang='lat' dir='ltr'>exsequendum</span> <span class='ocrx_word' id='word_1_616' title='bbox 2689 4269 2981 4338; x_wconf 87' lang='lat' dir='ltr'>Gregorius</span> <span class='ocrx_word' id='word_1_617' title='bbox 3040 4272 3128 4327; x_wconf 86' lang='lat' dir='ltr'>V11</span> <span class='ocrx_word' id='word_1_618' title='bbox 3194 4288 3335 4345; x_wconf 90' lang='lat' dir='ltr'>papa</span> <span class='ocrx_word' id='word_1_619' title='bbox 3390 4277 3691 4334; x_wconf 84' lang='lat' dir='ltr'>Hubertum</span> 
     </span>
    </p>
   </div>
   <div class='ocr_carea' id='block_1_82' title="bbox 324 4349 3695 4433">
    <p class='ocr_par' dir='ltr' id='par_1_82' title="bbox 324 4349 3695 4433">
     <span class='ocr_line' id='line_1_82' title="bbox 324 4349 3695 4433; baseline 0.003 -20"><span class='ocrx_word' id='word_1_620' title='bbox 324 4358 517 4416; x_wconf 89' lang='lat' dir='ltr'>iisdem</span> <span class='ocrx_word' id='word_1_621' title='bbox 568 4360 767 4417; x_wconf 84' lang='lat' dir='ltr'>devote</span> <span class='ocrx_word' id='word_1_622' title='bbox 814 4361 918 4416; x_wconf 89' lang='lat' dir='ltr'>sibi</span> <span class='ocrx_word' id='word_1_623' title='bbox 967 4358 1290 4416; x_wconf 86' lang='lat' dir='ltr'>famulantes</span> <span class='ocrx_word' id='word_1_624' title='bbox 1346 4357 1687 4428; x_wconf 85' lang='lat' dir='ltr'>protegendo</span> <span class='ocrx_word' id='word_1_625' title='bbox 1746 4349 2286 4427; x_wconf 87' lang='lat' dir='ltr'>semperDlegatum</span> <span class='ocrx_word' id='word_1_626' title='bbox 2335 4356 2403 4410; x_wconf 92' lang='lat' dir='ltr'>ad</span> <span class='ocrx_word' id='word_1_627' title='bbox 2453 4370 2636 4426; x_wconf 87' lang='lat' dir='ltr'>regem</span> <span class='ocrx_word' id='word_1_628' title='bbox 2664 4356 2961 4427; x_wconf 81' lang='lat' dir='ltr'>Anglorum</span> <span class='ocrx_word' id='word_1_629' title='bbox 3010 4360 3253 4430; x_wconf 88' lang='lat' dir='ltr'>miserat,</span> <span class='ocrx_word' id='word_1_630' title='bbox 3287 4364 3463 4433; x_wconf 90' lang='lat' dir='ltr'>pridie</span> <span class='ocrx_word' id='word_1_631' title='bbox 3513 4368 3695 4422; x_wconf 84' lang='lat' dir='ltr'>Nonas</span> 
     </span>
    </p>
   </div>
   <div class='ocr_carea' id='block_1_83' title="bbox 325 4446 1963 4522">
    <p class='ocr_par' dir='ltr' id='par_1_83' title="bbox 325 4446 1963 4522">
     <span class='ocr_line' id='line_1_83' title="bbox 325 4446 1963 4522; baseline 0 -20"><span class='ocrx_word' id='word_1_632' title='bbox 325 4446 541 4516; x_wconf 80' lang='lat' dir='ltr'>foveat,</span> <span class='ocrx_word' id='word_1_633' title='bbox 592 4451 716 4522; x_wconf 92' lang='lat' dir='ltr'>plus</span> <span class='ocrx_word' id='word_1_634' title='bbox 762 4456 845 4506; x_wconf 91' lang='lat' dir='ltr'>est</span> <span class='ocrx_word' id='word_1_635' title='bbox 892 4448 1166 4521; x_wconf 87' lang='lat' dir='ltr'>sacrilegii</span> <span class='ocrx_word' id='word_1_636' title='bbox 1214 4449 1429 4519; x_wconf 89' lang='lat' dir='ltr'>ingrato</span> <span class='ocrx_word' id='word_1_637' title='bbox 1478 4447 1699 4502; x_wconf 91' lang='lat' dir='ltr'>silentio</span> <span class='ocrx_word' id='word_1_638' title='bbox 1755 4451 1963 4517; x_wconf 87' lang='lat' dir='ltr'>tegere,</span> 
     </span>
    </p>
   </div>
   <div class='ocr_carea' id='block_1_84' title="bbox 324 4537 1965 4611">
    <p class='ocr_par' dir='ltr' id='par_1_84' title="bbox 324 4537 1965 4611">
     <span class='ocr_line' id='line_1_84' title="bbox 324 4537 1965 4611; baseline -0.002 -19"><span class='ocrx_word' id='word_1_639' title='bbox 324 4552 485 4607; x_wconf 91' lang='lat' dir='ltr'>quam</span> <span class='ocrx_word' id='word_1_640' title='bbox 518 4544 575 4593; x_wconf 92' lang='lat' dir='ltr'>ut</span> <span class='ocrx_word' id='word_1_641' title='bbox 623 4540 858 4608; x_wconf 88' lang='lat' dir='ltr'>dicatur,</span> <span class='ocrx_word' id='word_1_642' title='bbox 902 4537 1245 4595; x_wconf 65' lang='lat' dir='ltr'>reverentiae.</span> <span class='ocrx_word' id='word_1_643' title='bbox 1298 4537 1567 4611; x_wconf 86' lang='lat' dir='ltr'>Caeterum</span> <span class='ocrx_word' id='word_1_644' title='bbox 1616 4549 1727 4590; x_wconf 90' lang='lat' dir='ltr'>non</span> <span class='ocrx_word' id='word_1_645' title='bbox 1774 4548 1965 4606; x_wconf 91' lang='lat' dir='ltr'>parum</span> 
     </span>
    </p>
   </div>
   <div class='ocr_carea' id='block_1_85' title="bbox 323 4624 1970 4698">
    <p class='ocr_par' dir='ltr' id='par_1_85' title="bbox 323 4624 1970 4698">
     <span class='ocr_line' id='line_1_85' title="bbox 323 4624 1970 4698; baseline -0.001 -19"><span class='ocrx_word' id='word_1_646' title='bbox 323 4626 685 4683; x_wconf 89' lang='lat' dir='ltr'>intentionem</span> <span class='ocrx_word' id='word_1_647' title='bbox 736 4629 875 4698; x_wconf 91' lang='lat' dir='ltr'>piam</span> <span class='ocrx_word' id='word_1_648' title='bbox 927 4627 1133 4697; x_wconf 87' lang='lat' dir='ltr'>dirigit,</span> <span class='ocrx_word' id='word_1_649' title='bbox 1174 4624 1504 4682; x_wconf 90' lang='lat' dir='ltr'>studendum</span> <span class='ocrx_word' id='word_1_650' title='bbox 1552 4625 1811 4680; x_wconf 92' lang='lat' dir='ltr'>continue</span> <span class='ocrx_word' id='word_1_651' title='bbox 1860 4625 1970 4678; x_wconf 91' lang='lat' dir='ltr'>Do-</span> 
     </span>
    </p>
   </div>
   <div class='ocr_carea' id='block_1_86' title="bbox 316 4711 1966 4781">
    <p class='ocr_par' dir='ltr' id='par_1_86' title="bbox 316 4711 1966 4781">
     <span class='ocr_line' id='line_1_86' title="bbox 316 4711 1966 4781; baseline -0.002 -11"><span class='ocrx_word' id='word_1_652' title='bbox 316 4713 477 4770; x_wconf 88' lang='lat' dir='ltr'>mino</span> <span class='ocrx_word' id='word_1_653' title='bbox 526 4718 725 4772; x_wconf 87' lang='lat' dir='ltr'>servire</span> <span class='ocrx_word' id='word_1_654' title='bbox 783 4717 839 4771; x_wconf 89' lang='lat' dir='ltr'>in</span> <span class='ocrx_word' id='word_1_655' title='bbox 898 4718 1113 4781; x_wconf 90' lang='lat' dir='ltr'>timore,</span> <span class='ocrx_word' id='word_1_656' title='bbox 1164 4721 1219 4769; x_wconf 90' lang='lat' dir='ltr'>et</span> <span class='ocrx_word' id='word_1_657' title='bbox 1275 4713 1546 4769; x_wconf 88' lang='lat' dir='ltr'>exsultare</span> <span class='ocrx_word' id='word_1_658' title='bbox 1595 4712 1666 4779; x_wconf 90' lang='lat' dir='ltr'>ei,</span> <span class='ocrx_word' id='word_1_659' title='bbox 1715 4711 1813 4768; x_wconf 90' lang='lat' dir='ltr'>sed</span> <span class='ocrx_word' id='word_1_660' title='bbox 1843 4727 1966 4767; x_wconf 93' lang='lat' dir='ltr'>cum</span> 
     </span>
    </p>
   </div>
   <div class='ocr_carea' id='block_1_87' title="bbox 320 4800 1966 4877">
    <p class='ocr_par' dir='ltr' id='par_1_87' title="bbox 320 4800 1966 4877">
     <span class='ocr_line' id='line_1_87' title="bbox 320 4800 1966 4877; baseline -0.001 -20"><span class='ocrx_word' id='word_1_661' title='bbox 320 4808 563 4861; x_wconf 88' lang='lat' dir='ltr'>tremore</span> <span class='ocrx_word' id='word_1_662' title='bbox 606 4827 619 4860; x_wconf 88' lang='lat'><strong>:</strong></span> <span class='ocrx_word' id='word_1_663' title='bbox 671 4806 855 4862; x_wconf 85' lang='lat' dir='ltr'>sobrie</span> <span class='ocrx_word' id='word_1_664' title='bbox 902 4819 1153 4877; x_wconf 89' lang='lat' dir='ltr'>pensare,</span> <span class='ocrx_word' id='word_1_665' title='bbox 1205 4818 1365 4874; x_wconf 83' lang='lat' dir='ltr'>quam</span> <span class='ocrx_word' id='word_1_666' title='bbox 1416 4801 1648 4857; x_wconf 90' lang='lat' dir='ltr'>nitidum</span> <span class='ocrx_word' id='word_1_667' title='bbox 1704 4800 1966 4870; x_wconf 91' lang='lat' dir='ltr'>templum</span> 
     </span>
    </p>
   </div>
   <div class='ocr_carea' id='block_1_88' title="bbox 321 4890 1967 4962">
    <p class='ocr_par' dir='ltr' id='par_1_88' title="bbox 321 4890 1967 4962">
     <span class='ocr_line' id='line_1_88' title="bbox 321 4890 1967 4962; baseline 0 -17"><span class='ocrx_word' id='word_1_668' title='bbox 321 4891 426 4962; x_wconf 89' lang='lat' dir='ltr'>ipsi</span> <span class='ocrx_word' id='word_1_669' title='bbox 458 4900 676 4950; x_wconf 88' lang='lat' dir='ltr'>nosmet</span> <span class='ocrx_word' id='word_1_670' title='bbox 715 4894 926 4950; x_wconf 88' lang='lat' dir='ltr'>scilicet</span> <span class='ocrx_word' id='word_1_671' title='bbox 976 4894 1235 4950; x_wconf 83' lang='lat' dir='ltr'>exhibere</span> <span class='ocrx_word' id='word_1_672' title='bbox 1273 4892 1484 4958; x_wconf 88' lang='lat' dir='ltr'>deceat,</span> <span class='ocrx_word' id='word_1_673' title='bbox 1517 4891 1562 4945; x_wconf 92' lang='lat' dir='ltr'>si</span> <span class='ocrx_word' id='word_1_674' title='bbox 1600 4890 1739 4946; x_wconf 92' lang='lat' dir='ltr'>adeo</span> <span class='ocrx_word' id='word_1_675' title='bbox 1786 4891 1967 4946; x_wconf 90' lang='lat' dir='ltr'>zelans</span> 
     </span>
    </p>
   </div>
   <div class='ocr_carea' id='block_1_89' title="bbox 320 4976 1963 5052">
    <p class='ocr_par' dir='ltr' id='par_1_89' title="bbox 320 4976 1963 5052">
     <span class='ocr_line' id='line_1_89' title="bbox 320 4976 1963 5052; baseline -0.001 -16"><span class='ocrx_word' id='word_1_676' title='bbox 320 4981 484 5052; x_wconf 85' lang='lat' dir='ltr'>hujus</span> <span class='ocrx_word' id='word_1_677' title='bbox 528 4984 823 5039; x_wconf 88' lang='lat' dir='ltr'>exterioris</span> <span class='ocrx_word' id='word_1_678' title='bbox 869 4984 1048 5040; x_wconf 90' lang='lat' dir='ltr'>cultus</span> <span class='ocrx_word' id='word_1_679' title='bbox 1089 4983 1145 5038; x_wconf 93' lang='lat' dir='ltr'>in</span> <span class='ocrx_word' id='word_1_680' title='bbox 1194 4976 1501 5037; x_wconf 89' lang='lat' dir='ltr'>visibilibus</span> <span class='ocrx_word' id='word_1_681' title='bbox 1542 4980 1759 5050; x_wconf 90' lang='lat' dir='ltr'>templis</span> <span class='ocrx_word' id='word_1_682' title='bbox 1796 4994 1963 5050; x_wconf 88' lang='lat' dir='ltr'>appa-</span> 
     </span>
    </p>
   </div>
   <div class='ocr_carea' id='block_1_90' title="bbox 318 5064 1963 5143">
    <p class='ocr_par' dir='ltr' id='par_1_90' title="bbox 318 5064 1963 5143">
     <span class='ocr_line' id='line_1_90' title="bbox 318 5064 1963 5143; baseline -0.003 -15"><span class='ocrx_word' id='word_1_683' title='bbox 318 5078 459 5129; x_wconf 89' lang='lat' dir='ltr'>reat.</span> <span class='ocrx_word' id='word_1_684' title='bbox 519 5075 641 5130; x_wconf 89' lang='lat' dir='ltr'>Non</span> <span class='ocrx_word' id='word_1_685' title='bbox 693 5064 837 5129; x_wconf 75' lang='lat' dir='ltr'>enim</span> <span class='ocrx_word' id='word_1_686' title='bbox 882 5074 1251 5131; x_wconf 88' lang='lat' dir='ltr'>inhabitantes</span> <span class='ocrx_word' id='word_1_687' title='bbox 1306 5076 1533 5143; x_wconf 91' lang='lat' dir='ltr'>propter</span> <span class='ocrx_word' id='word_1_688' title='bbox 1590 5070 1808 5133; x_wconf 90' lang='lat' dir='ltr'>locum,</span> <span class='ocrx_word' id='word_1_689' title='bbox 1867 5068 1963 5124; x_wconf 88' lang='lat' dir='ltr'>sed</span> 
     </span>
    </p>
   </div>
   <div class='ocr_carea' id='block_1_91' title="bbox 317 5158 1963 5233">
    <p class='ocr_par' dir='ltr' id='par_1_91' title="bbox 317 5158 1963 5233">
     <span class='ocr_line' id='line_1_91' title="bbox 317 5158 1963 5233; baseline -0.002 -16"><span class='ocrx_word' id='word_1_690' title='bbox 317 5169 553 5233; x_wconf 89' lang='lat' dir='ltr'>propter</span> <span class='ocrx_word' id='word_1_691' title='bbox 582 5162 952 5219; x_wconf 88' lang='lat' dir='ltr'>inhabitantes</span> <span class='ocrx_word' id='word_1_692' title='bbox 998 5162 1175 5219; x_wconf 89' lang='lat' dir='ltr'>locum</span> <span class='ocrx_word' id='word_1_693' title='bbox 1216 5161 1478 5218; x_wconf 90' lang='lat' dir='ltr'>Dominus</span> <span class='ocrx_word' id='word_1_694' title='bbox 1517 5158 1701 5231; x_wconf 85' lang='lat' dir='ltr'>elegit.</span> <span class='ocrx_word' id='word_1_695' title='bbox 1742 5160 1963 5225; x_wconf 84' lang='lat' dir='ltr'>Verum,</span> 
     </span>
    </p>
   </div>
   <div class='ocr_carea' id='block_1_92' title="bbox 317 5246 1964 5324">
    <p class='ocr_par' dir='ltr' id='par_1_92' title="bbox 317 5246 1964 5324">
     <span class='ocr_line' id='line_1_92' title="bbox 317 5246 1964 5324; baseline -0.002 -18"><span class='ocrx_word' id='word_1_696' title='bbox 317 5258 379 5306; x_wconf 90' lang='lat' dir='ltr'>ut</span> <span class='ocrx_word' id='word_1_697' title='bbox 430 5257 612 5322; x_wconf 70' lang='lat' dir='ltr'>cmpta</span> <span class='ocrx_word' id='word_1_698' title='bbox 662 5265 1076 5324; x_wconf 89' lang='lat' dir='ltr'>prosequamur,</span> <span class='ocrx_word' id='word_1_699' title='bbox 1120 5267 1219 5323; x_wconf 85' lang='lat' dir='ltr'>per</span> <span class='ocrx_word' id='word_1_700' title='bbox 1264 5251 1401 5306; x_wconf 90' lang='lat' dir='ltr'>alios</span> <span class='ocrx_word' id='word_1_701' title='bbox 1448 5257 1562 5306; x_wconf 90' lang='lat' dir='ltr'>tres</span> <span class='ocrx_word' id='word_1_702' title='bbox 1604 5262 1778 5305; x_wconf 90' lang='lat' dir='ltr'>annos</span> <span class='ocrx_word' id='word_1_703' title='bbox 1825 5246 1964 5305; x_wconf 89' lang='lat' dir='ltr'>adeo</span> 
     </span>
    </p>
   </div>
   <div class='ocr_carea' id='block_1_93' title="bbox 314 5340 1966 5413">
    <p class='ocr_par' dir='ltr' id='par_1_93' title="bbox 314 5340 1966 5413">
     <span class='ocr_line' id='line_1_93' title="bbox 314 5340 1966 5413; baseline -0.001 -17"><span class='ocrx_word' id='word_1_704' title='bbox 314 5340 444 5413; x_wconf 87' lang='lat' dir='ltr'>ipso</span> <span class='ocrx_word' id='word_1_705' title='bbox 474 5343 828 5399; x_wconf 89' lang='lat' dir='ltr'>incommodo</span> <span class='ocrx_word' id='word_1_706' title='bbox 860 5343 1145 5409; x_wconf 88' lang='lat' dir='ltr'>laboravit,</span> <span class='ocrx_word' id='word_1_707' title='bbox 1179 5347 1237 5397; x_wconf 92' lang='lat' dir='ltr'>ut</span> <span class='ocrx_word' id='word_1_708' title='bbox 1267 5356 1444 5412; x_wconf 91' lang='lat' dir='ltr'>neque</span> <span class='ocrx_word' id='word_1_709' title='bbox 1470 5342 1579 5411; x_wconf 89' lang='lat' dir='ltr'>jam</span> <span class='ocrx_word' id='word_1_710' title='bbox 1609 5340 1966 5399; x_wconf 90' lang='lat' dir='ltr'>administra-</span> 
     </span>
    </p>
   </div>
   <div class='ocr_carea' id='block_1_94' title="bbox 314 5429 1965 5502">
    <p class='ocr_par' dir='ltr' id='par_1_94' title="bbox 314 5429 1965 5502">
     <span class='ocr_line' id='line_1_94' title="bbox 314 5429 1965 5502; baseline -0.001 -16"><span class='ocrx_word' id='word_1_711' title='bbox 314 5431 490 5487; x_wconf 89' lang='lat' dir='ltr'>tionis</span> <span class='ocrx_word' id='word_1_712' title='bbox 537 5430 727 5487; x_wconf 91' lang='lat' dir='ltr'>infulis</span> <span class='ocrx_word' id='word_1_713' title='bbox 774 5433 1050 5489; x_wconf 89' lang='lat' dir='ltr'>deservire</span> <span class='ocrx_word' id='word_1_714' title='bbox 1100 5431 1362 5502; x_wconf 87' lang='lat' dir='ltr'>potuerit.</span> <span class='ocrx_word' id='word_1_715' title='bbox 1396 5432 1527 5486; x_wconf 89' lang='lat' dir='ltr'>Cum</span> <span class='ocrx_word' id='word_1_716' title='bbox 1558 5430 1777 5486; x_wconf 89' lang='lat' dir='ltr'>tandem</span> <span class='ocrx_word' id='word_1_717' title='bbox 1816 5429 1965 5501; x_wconf 90' lang='lat' dir='ltr'>regia</span> 
     </span>
    </p>
   </div>
   <div class='ocr_carea' id='block_1_95' title="bbox 315 5518 1962 5595">
    <p class='ocr_par' dir='ltr' id='par_1_95' title="bbox 315 5518 1962 5595">
     <span class='ocr_line' id='line_1_95' title="bbox 315 5518 1962 5595; baseline 0 -20"><span class='ocrx_word' id='word_1_718' title='bbox 315 5522 675 5588; x_wconf 84' lang='lat' dir='ltr'>auctoritate,</span> <span class='ocrx_word' id='word_1_719' title='bbox 708 5521 815 5579; x_wconf 90' lang='lat' dir='ltr'>imo</span> <span class='ocrx_word' id='word_1_720' title='bbox 857 5521 1110 5579; x_wconf 91' lang='lat' dir='ltr'>consultu</span> <span class='ocrx_word' id='word_1_721' title='bbox 1136 5519 1383 5576; x_wconf 70' lang='lat' dir='ltr'>Omnium</span> <span class='ocrx_word' id='word_1_722' title='bbox 1435 5518 1697 5595; x_wconf 78' lang='lat' dir='ltr'>pulsatus,</span> <span class='ocrx_word' id='word_1_723' title='bbox 1741 5520 1962 5590; x_wconf 90' lang='lat' dir='ltr'>episco-</span> 
     </span>
    </p>
   </div>
   <div class='ocr_carea' id='block_1_96' title="bbox 2049 4444 3691 4519">
    <p class='ocr_par' dir='ltr' id='par_1_96' title="bbox 2049 4444 3691 4519">
     <span class='ocr_line' id='line_1_96' title="bbox 2049 4444 3691 4519; baseline 0.004 -21"><span class='ocrx_word' id='word_1_724' title='bbox 2049 4445 2272 4515; x_wconf 83' lang='lat' dir='ltr'>Aprilis,</span> <span class='ocrx_word' id='word_1_725' title='bbox 2305 4444 2609 4501; x_wconf 90' lang='lat' dir='ltr'>indictione</span> <span class='ocrx_word' id='word_1_726' title='bbox 2656 4447 2852 4517; x_wconf 90' lang='lat' dir='ltr'>prima,</span> <span class='ocrx_word' id='word_1_727' title='bbox 2885 4462 3007 4518; x_wconf 62' lang='lat' dir='ltr'>qum</span> <span class='ocrx_word' id='word_1_728' title='bbox 3039 4450 3186 4504; x_wconf 87' lang='lat' dir='ltr'>cadit</span> <span class='ocrx_word' id='word_1_729' title='bbox 3212 4451 3269 4506; x_wconf 90' lang='lat' dir='ltr'>in</span> <span class='ocrx_word' id='word_1_730' title='bbox 3299 4466 3501 4508; x_wconf 92' lang='lat' dir='ltr'>annum</span> <span class='ocrx_word' id='word_1_731' title='bbox 3536 4452 3691 4519; x_wconf 88' lang='lat'>1078,</span> 
     </span>
    </p>
   </div>
   <div class='ocr_carea' id='block_1_97' title="bbox 2050 4534 3692 4610">
    <p class='ocr_par' dir='ltr' id='par_1_97' title="bbox 2050 4534 3692 4610">
     <span class='ocr_line' id='line_1_97' title="bbox 2050 4534 3692 4610; baseline 0.003 -19"><span class='ocrx_word' id='word_1_732' title='bbox 2050 4541 2110 4591; x_wconf 91' lang='lat' dir='ltr'>ut</span> <span class='ocrx_word' id='word_1_733' title='bbox 2139 4534 2445 4605; x_wconf 90' lang='lat' dir='ltr'>inquireret</span> <span class='ocrx_word' id='word_1_734' title='bbox 2474 4548 2541 4590; x_wconf 89' lang='lat' dir='ltr'>an</span> <span class='ocrx_word' id='word_1_735' title='bbox 2581 4534 2674 4591; x_wconf 92' lang='lat' dir='ltr'>ille</span> <span class='ocrx_word' id='word_1_736' title='bbox 2720 4550 2820 4606; x_wconf 92' lang='lat' dir='ltr'>pro</span> <span class='ocrx_word' id='word_1_737' title='bbox 2868 4552 2964 4594; x_wconf 89' lang='lat' dir='ltr'>sua</span> <span class='ocrx_word' id='word_1_738' title='bbox 3009 4540 3335 4610; x_wconf 66' lang='lat' dir='ltr'>aegritudine</span> <span class='ocrx_word' id='word_1_739' title='bbox 3380 4540 3692 4610; x_wconf 88' lang='lat' dir='ltr'>episcopale</span> 
     </span>
    </p>
   </div>
   <div class='ocr_carea' id='block_1_98' title="bbox 2051 4624 3696 4700">
    <p class='ocr_par' dir='ltr' id='par_1_98' title="bbox 2051 4624 3696 4700">
     <span class='ocr_line' id='line_1_98' title="bbox 2051 4624 3696 4700; baseline 0.003 -20"><span class='ocrx_word' id='word_1_740' title='bbox 2051 4638 2190 4680; x_wconf 90' lang='lat' dir='ltr'>onus</span> <span class='ocrx_word' id='word_1_741' title='bbox 2238 4624 2509 4679; x_wconf 90' lang='lat' dir='ltr'>sustinere</span> <span class='ocrx_word' id='word_1_742' title='bbox 2559 4634 2783 4696; x_wconf 91' lang='lat' dir='ltr'>posset;</span> <span class='ocrx_word' id='word_1_743' title='bbox 2842 4627 2991 4697; x_wconf 90' lang='lat' dir='ltr'>quod</span> <span class='ocrx_word' id='word_1_744' title='bbox 3043 4630 3088 4683; x_wconf 91' lang='lat' dir='ltr'>si</span> <span class='ocrx_word' id='word_1_745' title='bbox 3139 4635 3291 4684; x_wconf 91' lang='lat' dir='ltr'>tanto</span> <span class='ocrx_word' id='word_1_746' title='bbox 3324 4629 3480 4685; x_wconf 91' lang='lat' dir='ltr'>oneri</span> <span class='ocrx_word' id='word_1_747' title='bbox 3518 4629 3696 4700; x_wconf 88' lang='lat' dir='ltr'>impar</span> 
     </span>
    </p>
   </div>
   <div class='ocr_carea' id='block_1_99' title="bbox 2049 4710 3689 4788">
    <p class='ocr_par' dir='ltr' id='par_1_99' title="bbox 2049 4710 3689 4788">
     <span class='ocr_line' id='line_1_99' title="bbox 2049 4710 3689 4788; baseline 0.004 -20"><span class='ocrx_word' id='word_1_748' title='bbox 2049 4714 2405 4784; x_wconf 88' lang='lat' dir='ltr'>reperiretur,</span> <span class='ocrx_word' id='word_1_749' title='bbox 2440 4710 2579 4769; x_wconf 91' lang='lat' dir='ltr'>alius</span> <span class='ocrx_word' id='word_1_750' title='bbox 2619 4715 2676 4769; x_wconf 91' lang='lat' dir='ltr'>in</span> <span class='ocrx_word' id='word_1_751' title='bbox 2725 4717 2844 4785; x_wconf 88' lang='lat' dir='ltr'>ejus</span> <span class='ocrx_word' id='word_1_752' title='bbox 2864 4717 3045 4773; x_wconf 90' lang='lat' dir='ltr'>locum</span> <span class='ocrx_word' id='word_1_753' title='bbox 3076 4718 3341 4773; x_wconf 88' lang='lat' dir='ltr'>canonice</span> <span class='ocrx_word' id='word_1_754' title='bbox 3372 4716 3689 4788; x_wconf 88' lang='lat' dir='ltr'>eligeretur,</span> 
     </span>
    </p>
   </div>
   <div class='ocr_carea' id='block_1_100' title="bbox 2048 4804 3691 4871">
    <p class='ocr_par' dir='ltr' id='par_1_100' title="bbox 2048 4804 3691 4871">
     <span class='ocr_line' id='line_1_100' title="bbox 2048 4804 3691 4871; baseline 0.005 -14"><span class='ocrx_word' id='word_1_755' title='bbox 2048 4804 2429 4858; x_wconf 90' lang='lat' dir='ltr'>Successorem</span> <span class='ocrx_word' id='word_1_756' title='bbox 2480 4809 2658 4859; x_wconf 88' lang='lat' dir='ltr'>tamen</span> <span class='ocrx_word' id='word_1_757' title='bbox 2708 4818 2817 4861; x_wconf 90' lang='lat' dir='ltr'>non</span> <span class='ocrx_word' id='word_1_758' title='bbox 2864 4805 3085 4871; x_wconf 87' lang='lat' dir='ltr'>habuit,</span> <span class='ocrx_word' id='word_1_759' title='bbox 3146 4805 3250 4858; x_wconf 85' lang='lat' dir='ltr'>nisi</span> <span class='ocrx_word' id='word_1_760' title='bbox 3307 4819 3492 4862; x_wconf 91' lang='lat' dir='ltr'>mense</span> <span class='ocrx_word' id='word_1_761' title='bbox 3547 4808 3691 4866; x_wconf 74' lang='lat' dir='ltr'>Iulio</span> 
     </span>
    </p>
   </div>
   <div class='ocr_carea' id='block_1_101' title="bbox 2048 4891 3688 4965">
    <p class='ocr_par' dir='ltr' id='par_1_101' title="bbox 2048 4891 3688 4965">
     <span class='ocr_line' id='line_1_101' title="bbox 2048 4891 3688 4965; baseline 0.004 -18"><span class='ocrx_word' id='word_1_762' title='bbox 2048 4891 2175 4947; x_wconf 89' lang='lat' dir='ltr'>anni</span> <span class='ocrx_word' id='word_1_763' title='bbox 2208 4892 2511 4962; x_wconf 89' lang='lat' dir='ltr'>sequentis,</span> <span class='ocrx_word' id='word_1_764' title='bbox 2545 4893 2761 4949; x_wconf 91' lang='lat' dir='ltr'>duobus</span> <span class='ocrx_word' id='word_1_765' title='bbox 2807 4901 2932 4949; x_wconf 91' lang='lat' dir='ltr'>ante</span> <span class='ocrx_word' id='word_1_766' title='bbox 2978 4894 3187 4947; x_wconf 90' lang='lat' dir='ltr'>obitum</span> <span class='ocrx_word' id='word_1_767' title='bbox 3227 4895 3346 4963; x_wconf 89' lang='lat' dir='ltr'>ejus</span> <span class='ocrx_word' id='word_1_768' title='bbox 3387 4897 3688 4965; x_wconf 87' lang='lat' dir='ltr'>mensibus,</span> 
     </span>
    </p>
   </div>
   <div class='ocr_carea' id='block_1_102' title="bbox 2048 4982 3691 5054">
    <p class='ocr_par' dir='ltr' id='par_1_102' title="bbox 2048 4982 3691 5054">
     <span class='ocr_line' id='line_1_102' title="bbox 2048 4982 3691 5054; baseline 0.002 -16"><span class='ocrx_word' id='word_1_769' title='bbox 2048 4982 2254 5038; x_wconf 90' lang='lat' dir='ltr'>exactis</span> <span class='ocrx_word' id='word_1_770' title='bbox 2301 4983 2704 5054; x_wconf 86' lang='lat' dir='ltr'>archiepisc0p.</span> <span class='ocrx_word' id='word_1_771' title='bbox 2745 4986 3074 5049; x_wconf 63' lang='lat' dir='ltr'>Rotonmg,</span> <span class='ocrx_word' id='word_1_772' title='bbox 3125 4998 3249 5053; x_wconf 62' lang='lat' dir='ltr'>quae</span> <span class='ocrx_word' id='word_1_773' title='bbox 3302 5000 3422 5041; x_wconf 91' lang='lat' dir='ltr'>cum</span> <span class='ocrx_word' id='word_1_774' title='bbox 3482 4987 3691 5042; x_wconf 91' lang='lat' dir='ltr'>duode-</span> 
     </span>
    </p>
   </div>
   <div class='ocr_carea' id='block_1_103' title="bbox 2048 5072 3685 5144">
    <p class='ocr_par' dir='ltr' id='par_1_103' title="bbox 2048 5072 3685 5144">
     <span class='ocr_line' id='line_1_103' title="bbox 2048 5072 3685 5144; baseline 0 -17"><span class='ocrx_word' id='word_1_775' title='bbox 2048 5072 2189 5128; x_wconf 89' lang='lat' dir='ltr'>cimo</span> <span class='ocrx_word' id='word_1_776' title='bbox 2247 5072 2575 5142; x_wconf 71' lang='lat' dir='ltr'>prtesulatus</span> <span class='ocrx_word' id='word_1_777' title='bbox 2630 5086 2773 5127; x_wconf 90' lang='lat' dir='ltr'>anno</span> <span class='ocrx_word' id='word_1_778' title='bbox 2831 5075 3060 5126; x_wconf 88' lang='lat' dir='ltr'>mortem</span> <span class='ocrx_word' id='word_1_779' title='bbox 3117 5073 3265 5130; x_wconf 91' lang='lat' dir='ltr'>illam</span> <span class='ocrx_word' id='word_1_780' title='bbox 3319 5076 3685 5144; x_wconf 87' lang='lat' dir='ltr'>consignent,</span> 
     </span>
    </p>
   </div>
   <div class='ocr_carea' id='block_1_104' title="bbox 2047 5160 3691 5232">
    <p class='ocr_par' dir='ltr' id='par_1_104' title="bbox 2047 5160 3691 5232">
     <span class='ocr_line' id='line_1_104' title="bbox 2047 5160 3691 5232; baseline 0.002 -16"><span class='ocrx_word' id='word_1_781' title='bbox 2047 5161 2263 5217; x_wconf 90' lang='lat' dir='ltr'>initium</span> <span class='ocrx_word' id='word_1_782' title='bbox 2305 5161 2657 5232; x_wconf 88' lang='lat' dir='ltr'>episcopatus</span> <span class='ocrx_word' id='word_1_783' title='bbox 2687 5161 2755 5215; x_wconf 89' lang='lat' dir='ltr'>ab</span> <span class='ocrx_word' id='word_1_784' title='bbox 2797 5160 2916 5228; x_wconf 88' lang='lat' dir='ltr'>ipsa</span> <span class='ocrx_word' id='word_1_785' title='bbox 2964 5160 3272 5220; x_wconf 89' lang='lat' dir='ltr'>decessoris</span> <span class='ocrx_word' id='word_1_786' title='bbox 3318 5171 3494 5218; x_wconf 88' lang='lat' dir='ltr'>morte</span> <span class='ocrx_word' id='word_1_787' title='bbox 3543 5177 3691 5220; x_wconf 89' lang='lat' dir='ltr'>com-</span> 
     </span>
    </p>
   </div>
   <div class='ocr_carea' id='block_1_105' title="bbox 2049 5250 3691 5322">
    <p class='ocr_par' dir='ltr' id='par_1_105' title="bbox 2049 5250 3691 5322">
     <span class='ocr_line' id='line_1_105' title="bbox 2049 5250 3691 5322; baseline 0.002 -16"><span class='ocrx_word' id='word_1_788' title='bbox 2049 5256 2243 5322; x_wconf 91' lang='lat' dir='ltr'>putent</span> <span class='ocrx_word' id='word_1_789' title='bbox 2283 5264 2509 5307; x_wconf 90' lang='lat' dir='ltr'>necesse</span> <span class='ocrx_word' id='word_1_790' title='bbox 2548 5256 2668 5317; x_wconf 88' lang='lat' dir='ltr'>est;</span> <span class='ocrx_word' id='word_1_791' title='bbox 2719 5250 2939 5320; x_wconf 87' lang='lat' dir='ltr'>quando</span> <span class='ocrx_word' id='word_1_792' title='bbox 2986 5266 3017 5308; x_wconf 92' lang='lat' dir='ltr'>e</span> <span class='ocrx_word' id='word_1_793' title='bbox 3065 5253 3344 5309; x_wconf 89' lang='lat' dir='ltr'>contrario</span> <span class='ocrx_word' id='word_1_794' title='bbox 3395 5252 3691 5309; x_wconf 90' lang='lat' dir='ltr'>Ordericus</span> 
     </span>
    </p>
   </div>
   <div class='ocr_carea' id='block_1_106' title="bbox 2047 5339 3689 5410">
    <p class='ocr_par' dir='ltr' id='par_1_106' title="bbox 2047 5339 3689 5410">
     <span class='ocr_line' id='line_1_106' title="bbox 2047 5339 3689 5410; baseline -0.001 -10"><span class='ocrx_word' id='word_1_795' title='bbox 2047 5339 2259 5407; x_wconf 82' lang='lat' dir='ltr'>Vitatis,</span> <span class='ocrx_word' id='word_1_796' title='bbox 2305 5341 2399 5410; x_wconf 89' lang='lat' dir='ltr'>qui</span> <span class='ocrx_word' id='word_1_797' title='bbox 2453 5339 2558 5395; x_wconf 90' lang='lat' dir='ltr'>sibi</span> <span class='ocrx_word' id='word_1_798' title='bbox 2587 5346 2858 5399; x_wconf 87' lang='lat' dir='ltr'>.constare</span> <span class='ocrx_word' id='word_1_799' title='bbox 2897 5355 3007 5397; x_wconf 93' lang='lat' dir='ltr'>non</span> <span class='ocrx_word' id='word_1_800' title='bbox 3045 5342 3290 5408; x_wconf 88' lang='lat' dir='ltr'>videtur,</span> <span class='ocrx_word' id='word_1_801' title='bbox 3339 5339 3477 5396; x_wconf 91' lang='lat' dir='ltr'>illud</span> <span class='ocrx_word' id='word_1_802' title='bbox 3524 5342 3689 5399; x_wconf 91' lang='lat' dir='ltr'>modo</span> 
     </span>
    </p>
   </div>
   <div class='ocr_carea' id='block_1_107' title="bbox 2046 5427 3688 5498">
    <p class='ocr_par' dir='ltr' id='par_1_107' title="bbox 2046 5427 3688 5498">
     <span class='ocr_line' id='line_1_107' title="bbox 2046 5427 3688 5498; baseline 0.001 -11"><span class='ocrx_word' id='word_1_803' title='bbox 2046 5432 2103 5488; x_wconf 89' lang='lat' dir='ltr'>in</span> <span class='ocrx_word' id='word_1_804' title='bbox 2150 5442 2352 5485; x_wconf 89' lang='lat' dir='ltr'>annum</span> <span class='ocrx_word' id='word_1_805' title='bbox 2405 5427 2541 5481; x_wconf 90' lang='lat'>1069</span> <span class='ocrx_word' id='word_1_806' title='bbox 2586 5428 2786 5498; x_wconf 89' lang='lat' dir='ltr'>rejicit,</span> <span class='ocrx_word' id='word_1_807' title='bbox 2835 5431 2999 5488; x_wconf 91' lang='lat' dir='ltr'>modo</span> <span class='ocrx_word' id='word_1_808' title='bbox 3046 5428 3101 5486; x_wconf 91' lang='lat' dir='ltr'>in</span> <span class='ocrx_word' id='word_1_809' title='bbox 3151 5442 3351 5485; x_wconf 90' lang='lat' dir='ltr'>annum</span> <span class='ocrx_word' id='word_1_810' title='bbox 3405 5428 3540 5486; x_wconf 84' lang='lat'>1072</span> <span class='ocrx_word' id='word_1_811' title='bbox 3595 5431 3688 5488; x_wconf 91' lang='lat' dir='ltr'>ubi</span> 
     </span>
    </p>
   </div>
   <div class='ocr_carea' id='block_1_108' title="bbox 2048 5518 3690 5593">
    <p class='ocr_par' dir='ltr' id='par_1_108' title="bbox 2048 5518 3690 5593">
     <span class='ocr_line' id='line_1_108' title="bbox 2048 5518 3690 5593; baseline -0.001 -15"><span class='ocrx_word' id='word_1_812' title='bbox 2048 5518 2371 5583; x_wconf 85' lang='lat' dir='ltr'>tumulatum</span> <span class='ocrx_word' id='word_1_813' title='bbox 2420 5531 2539 5573; x_wconf 84' lang='lat' dir='ltr'>esse</span> <span class='ocrx_word' id='word_1_814' title='bbox 2588 5518 2663 5574; x_wconf 88' lang='lat' dir='ltr'>ait</span> <span class='ocrx_word' id='word_1_815' title='bbox 2710 5520 2763 5575; x_wconf 90' lang='lat' dir='ltr'>in</span> <span class='ocrx_word' id='word_1_816' title='bbox 2812 5520 3135 5593; x_wconf 90' lang='lat' dir='ltr'>baptisterio</span> <span class='ocrx_word' id='word_1_817' title='bbox 3179 5518 3420 5578; x_wconf 60' lang='lat' dir='ltr'>basilicae</span> <span class='ocrx_word' id='word_1_818' title='bbox 3471 5535 3582 5578; x_wconf 81' lang='lat' dir='ltr'>suae</span> <span class='ocrx_word' id='word_1_819' title='bbox 3622 5521 3690 5576; x_wconf 86' lang='lat' dir='ltr'>ad</span> 
     </span>
    </p>
   </div>
  </div>
