4156 6196
508 281 573 337 15

500 496 911 553 Cantuariensis
953 498 1424 570 archiepiscopus,
1474 515 1636 556 unam
1678 514 1808 557 vero
1846 500 2141 558 Hildeber-

500 588 591 639 tus
636 586 1064 642 Cenomanensis
1105 589 1402 659 episcopus
1447 589 1660 645 litteras
1686 589 1981 658 scripsere,
2009 605 2147 660 quas

499 679 628 741 post
683 674 974 731 Acherium
1041 682 1096 731 et
1171 676 1562 733 Bibliothecam
1629 680 1846 732 Patrum
1909 678 2147 750 vulgavit

500 762 904 832 Pommeragus,
939 765 1148 819 Concil.
1180 766 1491 834 Rotomag,
1525 778 1647 834 pag.
1678 764 1750 817 78
1788 771 1855 821 et
1881 782 2040 837 seqq.
2090 773 2147 823 et

499 849 751 905 Baslinus
793 857 949 920 parte
997 868 1057 919 ιι,
1092 867 1214 923 pag.
1273 851 1337 905 15
1379 857 1433 906 et
1466 866 1622 922 seqq.
1661 854 1777 909 Hoc
1806 855 2143 925 epitaphium

499 938 617 1007 ejus
646 938 841 994 recitat
866 940 1161 996 0rdericus
1186 962 1198 995 :

570 1117 917 1188 Metropolita
947 1125 1073 1174 tuus
1096 1121 1243 1189 jacet
1270 1119 1383 1185 hic,
1421 1119 1555 1175 urbs
1583 1121 2020 1192 Rotomageusis,

638 1207 886 1263 Culmine
915 1208 983 1263 de
1013 1222 1248 1276 summo,
1280 1223 1391 1279 quo
1420 1210 1691 1266 moriente
1721 1212 1856 1279 ruis,

1629 289 1903 345 JUANNIS
1941 288 2355 345 ARCHIEPISC.
2397 288 2729 348 ROTOMAG.

500 406 816 477 aquilonem
860 422 894 463 v
940 409 1068 465 ldus
1110 411 1260 480 Sept.
1300 412 1494 468 Trinas
1527 412 1595 467 ad
1635 427 1758 468 eum
1807 412 2212 474 LanfrancusA

3809 300 3875 361 16

2296 415 2558 472 Ecclesiae
2588 417 2909 473 minuuntur
2946 433 3101 489 opes,
3123 435 3280 476 sacer
3308 422 3448 479 ordo
3478 427 3733 495 tepescit,

2370 504 2600 560 Provida
2629 505 2845 577 relligio
2875 521 3036 576 quem
3067 523 3166 564 sua
3196 511 3506 568 constituit.

2298 594 2398 648 Hic
2426 593 2674 665 neglecta
2704 596 2798 651 diu
2828 609 3098 652 canonum
3129 598 3352 656 decreta
3377 600 3702 672 reformans,

2368 683 2610 737 Instituit
2639 689 2788 739 caste
2816 685 3000 741 vivere
3031 687 3407 757 presbyteros,

2299 770 2449 825 Dona
2478 771 2573 825 Dei
2599 771 2701 826 sub
2732 785 2798 828 eo
2828 773 3039 829 venalia
3070 774 3221 830 nulla
3248 774 3402 833 fuere
3427 799 3442 845 ;

2369 859 2509 913 Huic
2538 865 2593 914 et
2622 873 2757 929 opes
2781 860 2960 933 largas
2989 864 3225 920 contulit
3254 865 3536 924 Ecclesiae.

2297 945 2503 1016 Lingua
2532 946 2758 1014 diserta,
2789 963 2982 1019 genus,
3015 952 3302 1021 sapientia,
3336 954 3520 1010 sobria
3548 957 3657 1012 vita

2368 1035 2508 1089 Huic
2532 1034 2652 1102 fuit,
2688 1037 2917 1108 exiguus
2937 1053 3099 1108 quem
3123 1041 3261 1111 tegit
3288 1041 3393 1097 iste
3421 1042 3579 1113 lapis.

2295 1124 2450 1180 Nona
2479 1123 2599 1180 dies
2628 1127 2956 1195 septembris
2985 1134 3122 1192 erat,
3156 1144 3279 1184 cum
3309 1144 3474 1187 carne
3501 1132 3778 1189 Iohannes

2367 1211 2716 1281 Exspoliatus
2740 1213 2892 1269 obit:
2926 1215 3000 1269 sit
3027 1215 3131 1270 sibi
3161 1230 3288 1272 vera
3317 1218 3494 1287 quies.

497 1383 3859 1428 ﬂ

1410 1549 1605 1708 R.
1717 1550 1897 1709 Ρ.
2001 1547 2942 1713 JOANNIS

2002 1994 2374 2108 LIBER

738 2207 982 2345 DE
1155 2206 1393 2346 OF
1406 2206 1948 2345 FICIIS
1995 2279 2025 2309 ο
2119 2205 3623 2348 ECCLESIASTICIS

1590 2444 1593 2447 δ
1696 2458 1860 2553 AD
1940 2457 2643 2555 MAURILIUM

1583 2660 2119 2717 ROTOMAGENSEM
2173 2656 2754 2714 ARCHIEPISCOPUM

479 2808 759 2871 Primum
799 2829 877 2872 ea:
903 2812 1101 2873 codice
1126 2831 1235 2874 ms.
1269 2810 1526 2874 caenobii
1574 2811 1922 2873 Salicosani
1954 2812 2013 2870 in
2072 2811 2258 2890 lucem
2316 2806 2537 2890 editus,
2587 2827 2747 2868 nunc
2773 2827 2851 2890 ea:
2878 2828 3002 2890 ms._
3027 2809 3224 2890 codice
3254 2808 3623 2890 bibliotheca
3656 2813 3847 2890 Βερο-

562 2890 740 2950 tiana:
768 2898 977 2951 auctus
1006 2901 1062 2951 et
1089 2891 1471 2967 emendatus;
1498 2893 1653 2952 notis
1683 2892 1762 2951 Β.
1792 2891 2044 2951 Joannis
2076 2888 2367 2959 Prevotii,
2406 2886 2849 2967 Rotomagensis
2879 2887 3135 2948 ecclesiae
3163 2889 3525 2950 cathedralis
3553 2886 3848 2961 canonicz,

560 2977 618 3030 et
652 2970 1085 3031 recentioribus
1119 2971 1626 3034 observationibus
1657 2970 1997 3031 illustratus
2026 2986 2051 3040 ,'

553 3103 613 3157 ln
642 3115 752 3172 quo
790 3104 938 3159 varia
967 3104 1312 3175 antiquitatis
1340 3102 1729 3162 ecclesiastica:
1760 3100 2115 3225 mouilmenta,
2148 3098 2415 3225 hacltenuts
2443 3098 2673 3166 inedita,
2705 3113 2772 3154 ex
2801 3112 2932 3155 mss.
2964 3100 3257 3157 codicibus
3285 3114 3432 3158 nunc
3456 3104 3692 3173 primum
3723 3103 3781 3158 in

1932 3184 2087 3225 ucem
2121 3183 2222 3225 pro
2265 3184 2373 3225 eun
2406 3213 2418 3225 .

1932 3184 2087 3225 ucem
2121 3183 2418 3239 proueunt.

579 3299 999 3360 (ROTOMAGI.
1031 3303 1289 3373 Impensis
1317 3306 1366 3357 et
1386 3301 1522 3373 typis
1551 3301 1932 3373 Βοηαυεῃωτω
1973 3294 2194 3373 ιεᾷνπιη,
2227 3294 2539 3373 ιυρορταριξί
2556 3299 2616 3373 ,ξε
2646 3294 3205 3373 Ῐζὶὺιὶορριωε-ἱη-ιροεᾳ
3224 3298 3454 3373 fulgit,
3484 3299 3580 3355 sub
3606 3301 3755 3370 signa

904 3373 968 3429 S.
1000 3365 1557 3436 Bonnventurafcum
1586 3366 1989 3438 approbatione
2027 3366 2316 3423 doctorum
2346 3372 2402 3422 et
2430 3365 2717 3437 privilegio
2747 3365 2911 3437 regis.
2944 3368 3012 3423 Μ.
3045 3368 3150 3425 DC.
3182 3370 3432 3438 LXXIX.)

1916 3598 2436 3673 PREFATIO

548 3777 801 3834 Solemne
847 3778 1054 3834 habent
1088 3766 1282 3833 omnes
1315 3775 1409 3845 qui
1457 3773 1526 3831 de
1567 3788 1625 3830 re
1654 3774 1839 3844 aliqua
1867 3774 2188 3833 scriben-B
2210 3769 2369 3827 facile
2399 3771 2619 3827 obvium
2659 3770 2888 3826 Joannis
2915 3770 3270 3830 Abrinceusis
3309 3776 3542 3845 primum
3581 3777 3850 3847 episcOpi,

479 3867 608 3923 dum
638 3872 1019 3937 susceperunt,
1052 3865 1305 3936 quaedam
1354 3862 1691 3934 pramittere
1730 3864 1845 3918 sive
1882 3869 1943 3918 ut
1972 3862 2123 3917 labo-

479 3969 595 4010 rem
643 3955 953 4027 legentibus
997 3952 1384 4009 commendent
1413 3964 1593 4018 suum,
1635 3951 1751 4006 sive
1791 3954 1852 4005 ut
1889 3949 2126 4005 instituti

478 4059 511 4099 a
539 4058 600 4100 se
628 4045 815 4115 operis
862 4044 1132 4099 rationem
1181 4046 1476 4113 exponant.
1509 4042 1680 4108 Quem
1709 4052 1917 4096 morem
1947 4052 2127 4108 neque

479 4132 700 4203 penitus
728 4132 1061 4199 convellere,
1095 4144 1274 4201 neque
1321 4132 1546 4187 omnino
1595 4128 1876 4186 custodire
1927 4141 2129 4199 propo-

406 4292 415 4299 _
479 4221 645 4277 situm
693 4227 795 4278 est.
844 4220 984 4288 Quid
1033 4219 1177 4276 enim
1226 4233 1453 4276 necesse
1484 4225 1569 4274 est
1608 4218 1808 4274 librum
1840 4216 2125 4283 extollere,

480 4324 643 4381 quem
681 4315 737 4366 et
772 4308 1012 4381 dignitas
1058 4309 1322 4375 auctoris,
1363 4313 1419 4364 et
1466 4308 1585 4378 ipsa
1625 4321 1725 4376 per
1751 4320 1811 4362 se
1859 4305 2128 4361 doctrinae

481 4397 829 4456 commendat
857 4397 1113 4453 utilitas?
1155 4396 1344 4452 Divina
1392 4397 1447 4452 in
1492 4410 1560 4452 eo
1590 4400 1897 4452 tractantur
1924 4393 2125 4461 ofﬁcia,

480 4479 730 4558 ritusque
778 4487 981 4558 quibus
1026 4485 1120 4541 illa
1168 4485 1523 4541 celebrantur
1560 4506 1573 4541 :
1620 4485 1678 4541 in
1722 4485 1926 4555 quibus
1971 4484 2125 4549 inest,

480 4577 784 4649 Augustino
822 4579 963 4631 teste
1002 4573 1174 4645 (epist.
1214 4572 1332 4641 119,
1365 4574 1436 4629 ad
1462 4576 1712 4642 Januar.,
1740 4587 1789 4630 c.
1820 4574 1893 4640 7;
1944 4572 2041 4628 lib.
2074 4587 2129 4626 IX

481 4667 658 4736 Con/2,
707 4680 757 4721 c.
805 4664 880 4730 7;
928 4678 1086 4720 serm.
1144 4663 1244 4731 16;
1296 4664 1443 4719 inter
1476 4663 1690 4733 Paris),
1739 4662 1978 4733 quaedam
2023 4663 2131 4716 elo-

481 4753 691 4824 quentia
736 4750 989 4808 salutaris
1036 4751 1360 4808 admonendo
1422 4752 1726 4807 discentium
1780 4750 1987 4821 aﬂ‘eetui
2043 4765 2132 4805 ae-

481 4840 832 4908 commoduta,
862 4855 971 4910 qua
1017 4841 1242 4913 [rigidus
1271 4856 1306 4896 a
1352 4840 1530 4896 calore
1576 4840 1803 4912 Spiritus
1844 4839 1943 4895 Dei
1980 4840 2131 4895 exci-

482 4930 625 4985 tatur
671 4928 896 4997 animus,
945 4930 1072 4985 dum
1111 4931 1242 5001 ﬁdes
1272 4944 1387 5001 qua
1416 4928 1621 4984 oculum
1668 4928 1823 4985 habet
1858 4928 1913 4983 in
1953 4928 2130 4995 corde,

483 5018 555 5075 ad
608 5018 665 5074 id
715 5018 852 5090 quod
907 5020 1097 5091 accipit
1144 5017 1336 5073 visibili
1384 5016 1592 5085 lumine,
1642 5017 1833 5087 gaudet
1886 5015 2137 5072 invisibili

2206 3857 2335 3913 dein
2384 3858 2790 3927 archiepiscopi
2837 3859 3277 3931 Rotomageusis,
3319 3876 3460 3931 opus
3496 3864 3694 3919 iterum
3725 3879 3853 3934 pro-

2208 3945 2353 4001 diret
2374 3946 2430 4001 in
2459 3945 2638 4001 lucem
2673 3966 2685 4002 :
2739 3961 2807 4002 ne
2842 3948 3027 4004 nativo
3056 3949 3259 4005 decore
3288 3950 3484 4006 nudari
3513 3952 3765 4021 patriam,
3797 3960 3855 4008 et

2209 4036 2513 4105 scriptione
2592 4036 2814 4106 perutili
2885 4038 3180 4109 plerosque
3237 4053 3426 4096 carere
3482 4042 3851 4114 contingeret.

2208 4126 2406 4180 Verum
2441 4139 2566 4181 cum
2612 4139 2725 4181 non
2761 4127 2896 4182 satis
2925 4141 2992 4182 ex
3019 4127 3187 4183 animi
3216 4131 3490 4186 sententia
3530 4132 3853 4201 procederet

2210 4220 2458 4281 eventus,
2508 4215 2710 4270 tacitus
2767 4213 3033 4272 felicioris
3086 4219 3473 4288 exspectabam
3528 4233 3711 4290 opem,
3761 4221 3857 4291 qui

2208 4302 2531 4382 iinpertecto
2588 4305 2744 4375 operi
2801 4305 3048 4361 ultimam
3106 4306 3417 4377 imponeret
3472 4323 3689 4365 manum
3715 4352 3730 4376 ,
3803 4317 3862 4366 et

2210 4394 2399 4449 multis
2455 4399 2711 4450 truncato
2763 4395 3012 4464 partibus
3068 4394 3275 4452 faceret
3325 4397 3672 4453 medicinam.
3722 4401 3859 4455 Cum

2209 4482 2356 4539 inter
2384 4483 2504 4538 haec
2552 4483 2717 4539 audio
2765 4484 3165 4554 typographum
3202 4484 3270 4541 ad
3318 4498 3509 4541 novam
3538 4485 3703 4556 hujus
3731 4488 3854 4544 edi-

2210 4571 2417 4627 tionem
2464 4586 2522 4626 se
2570 4572 2880 4643 accingere,
2930 4573 3161 4644 pupugit
3209 4588 3272 4629 ea
3317 4588 3406 4629 res
3453 4575 3716 4644 animum,
3766 4591 3855 4632 rc-

2210 4658 2622 4730 luctantemque
2668 4660 2887 4730 impulit
2933 4675 3000 4717 eo
3045 4662 3444 4728 vehementius,
3490 4664 3642 4733 quod
3691 4669 3855 4735 typo-

2213 4749 2456 4822 graphus
2496 4749 2788 4805 consilium
2835 4764 2993 4806 suum
3041 4750 3179 4806 clam
3228 4764 3314 4806 me
3362 4765 3482 4808 esse
3531 4753 3727 4819 noluit,
3758 4752 3856 4808 sed

2213 4838 2466 4894 hortatus
2505 4844 2590 4894 est
2627 4844 2687 4894 ut
2726 4851 2949 4908 operam
2990 4838 3345 4909 adiungerem
3377 4853 3569 4899 meam.
3603 4839 3856 4895 Illibera-

2214 4927 2286 4983 lis
2332 4929 2507 4983 visum
2563 4933 2710 4984 esset
2755 4928 2921 4982 animi
2974 4941 3093 4983 eam
3140 4930 3645 4999 opportunitatem,
3695 4943 3858 4999 quam

2216 5017 2283 5073 ad
2333 5022 2579 5087 optatum
2627 5016 2907 5088 negotium
2955 5017 3445 5075 administrandum
3495 5018 3659 5074 dabat
3695 5019 3861 5087 Deus,

482 5108 717 5164 veritate.
769 5108 973 5163 Horum
1012 5120 1142 5163 vero
1182 5106 1583 5176 expositionem
1630 5107 1767 5161 tanti
1813 5105 1944 5162 fecit
1986 5105 2131 5161 idem
2155 5101 2532 5175 Ccorruptam
2582 5104 2797 5173 sinere,
2855 5119 3036 5176 neque
3083 5106 3140 5161 in
3187 5107 3323 5163 illud
3372 5122 3472 5176 pro
3520 5107 3663 5163 virili
3709 5114 3864 5177 parte

484 5197 758 5263 eximius,
805 5210 983 5266 neque
1031 5196 1165 5251 satis
1211 5209 1452 5265 unquam
1509 5195 1818 5251 laudandus
1862 5195 2126 5251 Ecclesiae

483 5286 700 5351 doctor,
746 5292 805 5340 ut
834 5299 952 5340 eam
984 5283 1225 5339 universi
1254 5283 1443 5339 mundi
1473 5284 1635 5354 hujus
1666 5283 1931 5354 imperiis,
1963 5283 2127 5339 etiam

483 5373 744 5429 inusitata
791 5372 1054 5429 felicitate
1103 5371 1332 5443 pacatis,
1362 5371 1780 5441 praferendam
1824 5386 1945 5427 esse
1992 5386 2128 5427 cen-

483 5462 660 5518 suerit
702 5460 871 5533 (episl.
922 5460 1045 5529 119,
1077 5461 1149 5517 ad
1175 5462 1425 5528 Januar.,
1472 5476 1522 5517 c.
1562 5460 1667 5531 16).
1701 5462 1833 5516 Haec
1866 5460 2130 5530 cogitanti

481 5550 690 5607 dudum
736 5550 794 5608 in
840 5551 984 5607 votis
1030 5549 1227 5620 fuerat,
1275 5558 1337 5607 ut
1393 5549 1717 5607 distractum
1758 5550 1901 5619 jam,
1952 5563 2132 5619 neque

2210 5194 2557 5251 incumbere.
2610 5196 2786 5250 Unum
2836 5209 2922 5252 me
2972 5197 3289 5253 morabatur
3334 5196 3641 5266 coeptisque
3682 5197 3867 5253 obsta-

2208 5282 2323 5352 bat,
2356 5283 2503 5354 quod
2536 5283 2640 5338 etsi
2680 5297 2792 5339 non
2831 5284 3186 5356 indiligenter
3221 5284 3520 5339 amicorum
3564 5284 3856 5342 lustraram

2210 5372 2579 5428 bibliothecas
2625 5375 2681 5426 et
2726 5372 2931 5428 scrinia
2977 5387 3342 5439 excusseram,
3411 5374 3620 5430 nullum
3679 5380 3866 5431 tamen

2213 5460 2460 5517 numeris
2489 5460 2744 5516 omnibus
2772 5462 3102 5529 absolutum,
3144 5461 3253 5517 imo
3304 5476 3372 5517 ne
3414 5463 3697 5520 meliorem
3746 5465 3870 5535 qui-

2217 5549 2343 5605 dem
2400 5547 2718 5608 Salicosano
2765 5551 3017 5609 codicem
3074 5550 3319 5608 nancisci
3352 5551 3630 5609 licuerat.
3690 5555 3869 5621 Quare
