4156 6196
325 368 392 421 17
964 371 1164 426 LIBER
1199 371 1286 425 DE
1324 372 1603 426 OFFICIIS
1642 372 2185 430 ECCLESIASTICIS.
2225 405 2297 414 —
2335 376 2682 431 PREFATIO
2720 377 3046 434 EDITORIS.
3625 385 3688 439 18

322 495 573 550 diversus
620 492 808 560 animi,
863 495 994 565 quid
1043 495 1261 551 consilii
1309 509 1559 565 caperem
1609 496 2036 563 ﬁuctuabam,A
2125 502 2202 556 Ex
2231 501 2456 571 antiquo
2487 501 2786 570 pontiﬁcali
2817 516 2916 558 ms.
2959 502 3315 561 bibliotheca
3355 507 3688 566 cathedralis

320 590 381 639 ut
439 584 582 640 enim
641 585 923 653 sapienter
978 591 1165 639 monet
1231 585 1606 639 Theodericus
1664 600 1760 640 rex
1816 588 1958 656 apud
2047 601 2313 643 annorum
2356 596 2413 644 ut
2459 591 2738 644 minimum
2772 589 2881 643 700
2925 591 3271 659 adjunximus
3299 594 3687 651 allocutionem

318 672 705 728 Cassiodorum
751 672 868 741 (lib.
903 674 968 727 lV
1031 675 1177 738 Vara,
1210 673 1359 742 epist.
1406 671 1518 738 31),
1552 673 1624 727 ad
1671 674 1824 742 ﬁnem
1873 675 1959 729 de-

321 761 405 816 bet
439 762 726 830 perducere
771 777 886 832 quae
918 762 1228 832 prudentum
1273 761 1487 816 intentio
1536 763 1651 816 visa
1687 768 1764 817 est
1792 778 1968 817 susce-

318 851 500 921 pisse;
530 849 756 918 defectus
806 865 1026 919 namque
1072 865 1244 904 rerum
1274 855 1363 904 aut
1413 850 1682 905 consilium
1721 851 1966 920 titubare,

322 944 412 993 aut
442 940 577 993 vires
605 939 778 1008 arguit
817 939 1084 1009 defecisse,
1117 940 1239 1010 quia
1276 941 1408 994 sicut
1433 941 1721 1010 perfectam
1761 940 1968 996 laudem

324 1028 395 1082 ad
432 1028 585 1098 ﬁnem
625 1028 887 1098 perducta
922 1030 1156 1098 pariunt,
1204 1028 1281 1082 ita
1338 1030 1768 1098 vituperationem
1815 1045 1970 1098 gene-

322 1123 443 1171 rant
498 1131 614 1187 qua
658 1117 713 1170 in
758 1117 940 1171 mediis
986 1116 1254 1172 conatibus
1301 1133 1445 1186 agro
1493 1119 1818 1174 deseruntur.
1861 1119 1966 1174 Sed

323 1206 571 1274 quamvis
625 1205 806 1260 exitus
858 1205 1016 1261 labor
1061 1205 1152 1260 ille
1209 1219 1320 1261 non
1369 1207 1621 1262 habuerit
1673 1209 1966 1277 expetitos,

322 1307 435 1348 non
484 1294 782 1364 despondit
830 1300 1010 1350 tamen
1069 1296 1329 1360 animum,
1363 1302 1418 1349 et
1469 1295 1616 1365 quod
1670 1297 1854 1365 priore
1883 1299 1968 1352 via

323 1396 545 1451 parum~
582 1397 846 1452 prospere
909 1389 1170 1449 cesserat,
1238 1383 1410 1438 altera
1485 1385 1708 1455 aggredi
1781 1387 1966 1441 statui.

321 1472 511 1541 Itaque
538 1472 827 1540 exquisitis
874 1472 1239 1542 undequaque
1269 1473 1548 1527 veteribus
1603 1473 1670 1527 ad
1705 1475 1969 1529 Rotoma-

321 1560 508 1630 gensis
556 1559 819 1616 Ecclesia
866 1576 1021 1616 usum
1071 1562 1360 1616 codicibus
1414 1563 1824 1632 manuscriptis,
1875 1565 1970 1632 qui

325 1649 648 1720 plerumque
705 1651 890 1706 verbis
943 1651 1172 1706 Joannis
1227 1651 1583 1707 Abrincensis
1639 1653 1715 1707 ita
1772 1666 1971 1708 conso-

325 1746 478 1806 nant,
510 1746 570 1794 ut
615 1753 725 1795 non
776 1753 935 1794 ovum
985 1753 1088 1795 ovo
1127 1739 1360 1794 similius
1398 1755 1518 1795 esse
1549 1741 1797 1796 videatur
1830 1763 1841 1796 :
1876 1755 1970 1797 eo-

2049 676 2423 733 archidiaconi
2471 679 2537 732 ad
2587 680 2649 732 D.
2700 679 3175 748 archiepiscopum
3210 695 3310 750 pro
3340 682 3688 739 absolutione

2051 766 2456 833 panitentium,
2499 782 2622 836 qua
2672 769 2866 837 incipit
2899 789 2910 822 :
2945 769 3106 823 Adest
3145 775 3363 840 tempus,
3397 781 3451 826 et
3491 772 3692 843 legitur

2051 852 2106 906 in
2138 853 2439 908 cathedrali
2472 855 2704 910 ecclesia
2736 858 3122 927 Rotomagensi
3148 879 3162 923 ;
3203 859 3271 912 iis
3301 866 3569 930 concepta
3608 866 3691 918 est

2050 941 2232 996 verbis
2265 956 2388 1010 qua
2447 947 2726 1010 paternam
2776 947 3000 1000 omnino
3059 946 3450 1017 benignitatem
3512 951 3690 1018 pieta-

2051 1035 2270 1098 temque
2300 1030 2532 1097 spirant.
2565 1030 2754 1084 Differt
2793 1032 2860 1085 ab
2892 1047 2955 1087 ea
2985 1048 3107 1102 qua
3138 1035 3371 1090 habetur
3402 1037 3457 1090 in
3487 1037 3690 1093 Ordine

2052 1119 2318 1183 Romano,
2379 1130 2556 1186 neque
2611 1117 2897 1186 hactenus,
2947 1122 3096 1188 quod
3154 1123 3342 1189 sciam,
3403 1125 3457 1178 in
3515 1125 3689 1181 lucem

2051 1206 2248 1261 emissa
2271 1212 2372 1260 est.

2125 1294 2338 1363 Excipit
2367 1295 2507 1350 hanc
2536 1294 2721 1349 tabula
2770 1294 3042 1363 paschalis
3088 1312 3212 1365 qua
3259 1315 3420 1357 cereo
3450 1301 3694 1371 paschali

2052 1380 2209 1436 afﬁxa
2256 1380 2360 1436 fuit
2405 1395 2550 1437 anno
2598 1381 2812 1437 Domini
2867 1381 3022 1437 1678.
3073 1385 3201 1438 Eam
3250 1389 3495 1443 scribere
3547 1389 3692 1443 scri-

2053 1470 2352 1525 bendamve
2383 1485 2577 1526 curare
2624 1469 2691 1525 ad
2742 1469 2992 1525 ecclesia
3041 1471 3373 1527 cathedralis
3415 1476 3692 1531 cancella-

2053 1560 2192 1613 rium
2225 1559 2482 1629 pertinet.
2534 1559 2682 1614 Idem
2721 1564 2805 1613 est
2854 1559 3151 1628 quotannis
3189 1560 3246 1613 in
3295 1575 3356 1615 ea
3389 1568 3547 1618 tenor
3575 1579 3695 1620 ver-

2053 1647 2270 1714 borum,
2303 1653 2695 1716 mutanturque
2727 1647 3102 1702 tantummodo
3147 1654 3295 1703 nota
3332 1649 3692 1706 arithmetica

2052 1737 2165 1793 sive
2198 1737 2524 1813 numerales.

325 1843 448 1883 rum
476 1829 718 1884 subsidio
748 1830 930 1884 varios
968 1830 1085 1898 ejus
1135 1829 1288 1884 locos
1317 1830 1599 1895 illustrari,
1635 1835 1689 1884 et
1719 1825 2033 1899 quadamB
2128 1826 2320 1881 Varios
2349 1827 2576 1896 insuper
2623 1826 3064 1896 deprompsimus
3102 1827 3242 1882 ritus
3273 1841 3340 1882 ex
3378 1827 3561 1883 rituali
3591 1843 3694 1884 ms.

327 1931 456 1985 qua
507 1917 560 1971 in
607 1917 755 1972 edito
803 1917 1030 1973 deerant
1079 1918 1243 1984 libro,
1304 1919 1360 1972 in
1420 1919 1663 1988 margine
1720 1921 1967 1989 suppleri

325 2019 510 2075 posse,
545 2007 705 2061 verba
757 2007 1013 2077 cogitavi.
1048 2009 1236 2076 Neque
1265 2006 1459 2062 fefellit
1505 2009 1718 2077 opinio.
1773 2011 1970 2064 Sacra-

321 2108 444 2149 rnm
493 2094 637 2149 enim
694 2097 923 2150 vestium
973 2096 1373 2165 expositionem
1427 2112 1550 2166 qua
1599 2097 1655 2151 in
1699 2097 1806 2153 ﬁne
1837 2099 1971 2154 editi

324 2181 454 2236 libri
504 2184 752 2238 exstabat
784 2184 995 2250 mutila,
1039 2186 1308 2255 integram
1357 2186 1664 2255 reperimus
1708 2186 1761 2240 in
1795 2201 1972 2257 expo-

321 2273 543 2327 sitionis
599 2273 910 2328 divinorum
960 2272 1267 2329 ofﬁciorum
1317 2274 1510 2329 codice
1559 2289 1660 2330 ms.
1705 2289 1971 2332 annorum

321 2360 450 2425 500,
484 2375 644 2430 quem
703 2362 938 2432 benigne
987 2376 1087 2431 pro
1136 2376 1237 2418 suo
1286 2377 1438 2417 more
1488 2364 1763 2419 concessit
1795 2367 1854 2420 ν.
1897 2365 1968 2420 cl.

322 2449 608 2503 Emericus
668 2449 930 2519 Bigotius.
962 2451 1167 2518 ‘Neque
1220 2450 1305 2504 hic
1336 2450 1489 2505 stetit
1518 2451 1618 2505 viri
1650 2465 1759 2508 non
1792 2455 1972 2509 minus

321 2535 684 2591 humanitatis
758 2537 887 2591 dote
961 2551 1122 2605 quam
1198 2539 1527 2593 eruditionis
1597 2547 1652 2595 et
1708 2542 1972 2598 natalium

321 2623 628 2693 splendore
678 2625 966 2693 conspicui
1016 2625 1072 2678 in
1130 2640 1214 2681 me
1254 2627 1637 2683 benevolentia
1671 2649 1683 2682 :
1716 2644 1841 2684 nam
1892 2633 1976 2686 in-

320 2712 711 2767 structissima
759 2712 1114 2768 bibliotheca
1162 2728 1276 2768 sua
1325 2715 1538 2783 copiam
1586 2715 1748 2793 fecit,_
1796 2731 1976 2786 neque

329 2800 541 2869 aliquid
573 2800 764 2854 habuit
813 2800 1159 2855 reconditum
1208 2802 1275 2856 ad
1328 2816 1444 2856 eam
1504 2816 1615 2856 rem
1667 2805 1972 2873 pertinens,

329 2903 444 2958 quo
484 2902 568 2943 me
616 2902 724 2944 non
775 2889 854 2943 uti
895 2894 1152 2957 tanquam
1185 2903 1243 2944 re
1274 2903 1392 2944 mea
1422 2890 1676 2946 voluerit.
1713 2894 1976 2948 Prastitit

330 2986 600 3050 praterea
658 2979 910 3034 ritualem
966 2980 1228 3034 Ecclesia
1296 2981 1717 3051 Rotomagensis
1773 2984 1974 3040 librum

329 3084 435 3124 ms.
469 3082 734 3124 annorum
784 3069 1008 3123 circiter
1037 3069 1422 3137 ducentorum,
1457 3085 1523 3126 ex
1555 3085 1665 3141 quo
1695 3088 1971 3130 sacrarum

2055 1916 2305 1971 ecclesia
2335 1915 2668 1971 cathedralis
2707 1915 3091 1982 ducentorum,
3119 1915 3250 1986 plus
3295 1918 3492 1984 minus,
3527 1930 3700 1973 anno-

2056 2019 2196 2070 rum,
2229 2006 2322 2074 qui
2373 2005 2500 2074 quia
2546 2005 2654 2073 jam
2710 2005 2946 2060 obsoleti
2994 2010 3123 2059 sunt
3152 2011 3207 2059 et
3253 2005 3519 2072 inusitati,
3570 2006 3698 2062 ideo

2055 2108 2152 2149 eos
2180 2108 2210 2148 a
2239 2094 2643 2163 superioribus,
2676 2093 2744 2148 de
2775 2094 2977 2162 quibus
3006 2094 3177 2149 locuti
3207 2109 3414 2162 sumus,
3457 2096 3701 2164 sejunxi-

2054 2197 2193 2239 IDUS.

2130 2274 2240 2326 llos
2295 2271 2442 2326 inter
2498 2272 2742 2326 eminent
2797 2269 3035 2326 ofﬁcium
3103 2271 3392 2340 infantum,
3454 2272 3699 2330 ofﬁcium

2055 2360 2254 2426 stella,
2287 2364 2342 2414 et
2372 2358 2610 2414 ofﬁcium
2651 2358 2912 2428 sepulcri,
2961 2374 3196 2429 quorum
3245 2363 3494 2417 meminit
3537 2365 3702 2418 Joan-

2055 2463 2172 2516 nes,
2208 2454 2262 2504 et
2291 2462 2524 2518 quorum
2575 2448 2766 2502 damus
2796 2448 2954 2515 ritus,
2987 2449 3151 2503 verba
3191 2456 3541 2519 cautumque,
3575 2465 3699 2520 qua

2055 2540 2236 2596 omnia
2264 2539 2596 2608 sumpsimus
2615 2552 2680 2592 ex
2703 2537 2920 2593 duobus
2940 2551 3067 2592 mss.
3085 2538 3374 2593 codicibus
3402 2540 3703 2596 bibliothe-

2057 2643 2136 2683 ca
2167 2628 2465 2698 Bigotiana
2495 2641 2762 2682 annorum
2793 2626 3016 2682 circiter
3051 2625 3177 2692 200,
3210 2627 3278 2682 ad
3328 2642 3485 2682 usum
3516 2628 3701 2684 eccle-
3792 2637 3795 2640 '

2058 2717 2155 2770 sia
2185 2717 2620 2785 Rotomagensis.
2653 2717 2781 2770 Hac
2829 2714 3008 2770 ofﬁcia
3039 2715 3290 2784 pluribus
3315 2717 3371 2771 in
3405 2717 3703 2786 provinciis

2060 2818 2160 2858 usu
2212 2809 2432 2871 recepta
2481 2809 2656 2866 erant,
2707 2803 2775 2856 de
2823 2803 2910 2856 his
2967 2804 3110 2858 enim
3160 2805 3410 2860 scribunt
3463 2808 3703 2861 Joannes

2058 2891 2335 2956 Belethus,
2385 2890 2702 2945 Guillelmus
2752 2890 3040 2945 Dnrandus
3086 2897 3141 2945 et
3186 2891 3278 2945 alii
3310 2907 3493 2949 rerum
3523 2908 3704 2950 sacra-

2058 2994 2177 3035 rum
2206 2985 2549 3035 tractatores.
2589 2984 2594 2986 '

2128 3068 2506 3138 Suppeditavit
2554 3067 2714 3121 nobis
2760 3072 2916 3122 vetus
2972 3068 3289 3124 Pontiﬁcale
3347 3069 3701 3128 bibliotheca

332 3165 463 3213 octo
515 3158 924 3227 processionum
975 3157 1114 3212 ritus
1170 3159 1456 3227 exscripsi,
1518 3174 1702 3215 earum
1761 3145 2392 3218 scilicethathedralis
2419 3156 2527 3210 700
2573 3170 2838 3212 annorum
2888 3157 3292 3214 ordinationem
3341 3161 3586 3232 episcopi
3645 3163 3697 3216 in

327 3262 454 3317 qua
502 3247 638 3302 ﬁunt
690 3247 778 3301 die
827 3247 1110 3302 Dominica
1144 3247 1442 3303 Palmarum
1486 3250 1552 3304 ad
1583 3252 1837 3306 Sanctum
1869 3253 1978 3306 Gil-
2059 3248 2340 3318 provincia
2396 3246 2735 3312 Neustriaca,
2795 3259 2902 3299 una
2955 3260 3077 3300 cum
3129 3250 3475 3304 caremoniis
3528 3250 3705 3318 preci-

330 3336 581 3402 dardum,
615 3337 671 3390 in
720 3351 827 3406 qua
874 3335 1123 3391 defertur
1169 3352 1373 3406 corpus
1419 3339 1620 3394 Christi
1662 3340 1716 3394 in
1767 3341 1972 3398 feretro

329 3425 694 3492 reconditum,
730 3425 818 3479 die
863 3433 1056 3479 sancto
1113 3426 1294 3480 Marco
1335 3441 1512 3492 sacra,
1563 3429 1741 3484 tribus
1796 3431 1976 3500 Roga-

329 3515 564 3582 tionum,
605 3522 660 3568 et
707 3513 1058 3568 ascendentis
1097 3514 1150 3568 in
1184 3515 1381 3570 calum
1429 3517 1654 3583 Christi,
1685 3524 1744 3573 ut
1792 3521 1974 3588 capti-

328 3617 448 3657 vam
479 3603 708 3657 duceret
755 3603 1146 3671 captivitatem,
1179 3604 1266 3657 cui
1317 3618 1510 3658 recens
1558 3605 1844 3660 absolutus
1881 3608 1972 3661 in-

328 3697 504 3745 terest
527 3706 685 3757 reus;
721 3691 807 3745 die
838 3690 1071 3746 solemni
1103 3692 1357 3759 corporis
1385 3693 1608 3755 Christi,
1644 3700 1698 3747 et
1729 3695 1782 3747 in
1814 3694 1974 3747 festi-

327 3780 503 3833 vitate
545 3781 601 3832 S.
637 3780 899 3847 Audoeni,
947 3794 1055 3849 qua
1112 3779 1442 3834 cathedralis
1497 3780 1746 3835 ecclesia
1795 3783 1976 3837 clerus

325 3867 402 3923 ad
455 3866 697 3935 ejusdem
752 3870 924 3935 sancti
981 3869 1261 3923 basilicam
1313 3870 1682 3939 progreditur.
1739 3871 1792 3926 Si
1850 3888 1973 3942 qua

326 3963 509 4012 autem
570 3964 862 4012 occurrant
915 3958 1078 4012 varia
1136 3958 1624 4028 discrepantesque
1683 3960 1970 4028 lectiones,

330 4059 422 4101 eas
478 4047 534 4101 in
587 4048 854 4118 margine,
887 4061 952 4102 ex
1000 4047 1332 4102 cathedralis
1379 4048 1630 4104 ecclesia
1689 4051 1971 4108 ordinario

331 4149 431 4190 ms.
465 4137 519 4190 in
552 4138 672 4205 ejus
701 4137 944 4192 sacrario
982 4143 1220 4202 servato,
1255 4142 1470 4192 notatas
1500 4137 1677 4194 lector
1707 4140 1967 4196 inveniet.

402 4227 474 4279 Ex
504 4225 700 4280 eodem
757 4227 963 4295 pariter
1005 4226 1188 4280 varios
1228 4227 1475 4295 excerpsi
1525 4226 1684 4292 ritus,
1726 4230 1819 4297 qui
1861 4230 1971 4299 jam

325 4313 385 4366 in
415 4315 839 4385 metropolitana
869 4314 1104 4370 ecclesia
1145 4315 1534 4385 nonnullisque
1584 4318 1972 4385 paracialibus

323 4411 612 4457 servantur
675 4404 944 4470 ecclesiis,
1009 4417 1242 4473 quorum
1308 4408 1489 4459 tamen
1558 4418 1666 4460 non
1723 4408 1970 4464 meminit

2058 3337 2270 3405 busque
2301 3349 2468 3404 super
2496 3347 2618 3388 eum
2669 3334 2722 3387 in
2773 3334 2891 3402 ejus
2932 3336 3348 3390 consecratione
3379 3337 3698 3402 recitandis,

2056 3425 2411 3493 meminitque
2461 3423 2721 3478 Ecclesia
2775 3424 3194 3492 Rotomagensis
3249 3425 3377 3479 dum
3427 3439 3458 3479 a
3506 3439 3700 3479 conse-

2056 3515 2263 3570 crando
2292 3513 2436 3567 hanc
2467 3511 2864 3580 professionem
2907 3513 3075 3579 exigit
3108 3532 3119 3564 :
3166 3513 3250 3564 Vis
3291 3518 3487 3566 sanch
3517 3512 3700 3567 Eccle-

2053 3603 2146 3656 sia:
2177 3599 2560 3666 Rotomagensi,
2593 3606 2700 3651 etc.

2129 3693 2186 3743 In
2217 3689 2381 3755 hujus
2412 3683 2747 3739 Pontiﬁcalis
2776 3683 2883 3737 ﬁne
2915 3696 3104 3738 eorum
3136 3684 3359 3738 nomina
3409 3687 3698 3740 continen-

2057 3784 2165 3844 tur,
2201 3790 2340 3846 quos
2377 3780 2471 3828 aut
2519 3773 2698 3836 citari,
2751 3779 2846 3827 aut
2883 3773 3044 3828 etiam
3095 3774 3487 3828 communicari
3539 3788 3704 3844 opor-

2055 3868 2225 3931 tebat,
2259 3879 2400 3936 quos
2429 3864 2574 3918 inter
2603 3867 2962 3918 recensentur
3004 3863 3257 3917 monachi
3307 3863 3696 3933 proprietarii;

2055 3971 2178 4026 qua
2210 3954 2415 4009 referre
2446 3957 2598 4008 extra
2630 3966 2741 4006 rem
2765 3965 2884 4006 esse.
2915 3963 3025 4005 non
3057 3950 3411 4007 credidimus.

2125 4041 2504 4113 Episcopalem
2536 4040 2966 4095 admonitionem
3013 4039 3080 4094 ad
3131 4039 3469 4096 ordinandos
3497 4041 3698 4096 habui-

2053 4147 2175 4189 mus
2221 4147 2288 4188 ex
2335 4129 2640 4187 Pontiﬁcali
2687 4143 2784 4184 ms.
2837 4129 3190 4184 bibliotheca
3239 4129 3571 4185 cathedralis
3599 4144 3695 4185 an-

2055 4236 2249 4278 norum
2279 4219 2403 4284 300,
2436 4219 2492 4274 in
2541 4233 2650 4288 quo
2697 4217 2864 4272 multa
2914 4217 3297 4272 observatione
3335 4218 3498 4289 digna
3542 4234 3698 4289 repe-

2055 4312 2290 4365 riuntur.
2323 4310 2442 4363 Pra
2475 4306 2692 4362 cateris
2739 4305 2888 4375 quod
2931 4305 2999 4360 ad
3039 4305 3466 4362 subdiaconatus
3502 4308 3563 4361 18
3591 4322 3696 4362 an-

2052 4415 2173 4467 nos,
2219 4398 2287 4454 ad
2337 4397 2658 4452 diaconatus
2687 4394 2777 4462 20,
2808 4394 2876 4449 ad
2907 4394 3202 4450 sacerdotii
3251 4395 3500 4451 ordinem
3539 4395 3607 4448 24
3639 4402 3694 4448 et

326 4499 523 4546 auctor
553 4499 759 4548 noster.
808 4493 888 4547 Ad
931 4465 1043 4548 hos
1081 4491 1378 4562 confugere
1408 4493 1596 4549 licebit
1625 4495 1694 4549 iis
1721 4496 1815 4564 qui
1847 4511 1966 4551 ma-
1989 4465 2121 4545 D25
2148 4465 2412 4559 requirat.

323 4587 470 4634 trem
517 4581 804 4635 ecclesiam
853 4594 1134 4636 sacrorum
1181 4581 1383 4637 rituum
1433 4582 1625 4638 ducem
1677 4586 1831 4654 sequi
1882 4600 1973 4641 vo-

327 4668 553 4733 luerint,
603 4683 932 4739 omnemque
988 4684 1054 4725 ex
1101 4673 1220 4740 ejus
1268 4671 1541 4740 exemplo,
1591 4677 1653 4727 ut
1710 4687 1808 4743 par
1865 4683 1968 4742 est,

324 4757 644 4823 exsorbere,
677 4759 723 4813 si
780 4774 903 4828 qua
957 4759 1236 4825 inciderit,
1287 4759 1685 4827 difﬁcultatem,
1741 4763 1972 4818 servatis

326 4853 509 4900 tamen
542 4847 776 4915 primum
804 4848 1150 4903 caremoniis
1174 4849 1228 4903 in
1260 4848 1443 4903 rituali
1467 4851 1824 4920 prascriptis.

401 4935 479 4988 Ex
534 4935 728 4990 eodem
803 4942 858 4990 et
916 4936 1196 4991 ordinario
1271 4950 1371 4990 ms.
1451 4938 1737 5007 Bigotiano
1794 4939 1969 4995 sancti

322 5022 642 5078 chrismatis
689 5031 744 5078 et
789 5025 966 5080 sancti
1010 5025 1118 5080 olei
1179 5025 1494 5095 desumptas
1551 5027 1972 5084 benedictiones

319 5112 669 5168 exhibemus.

394 5202 623 5256 Necnon
665 5217 730 5257 ex
777 5203 972 5259 eodem
1021 5204 1305 5274 Bigotiano
1353 5206 1545 5261 codice
1604 5206 1853 5261 ordinem
1913 5207 1968 5262 in

315 5289 534 5344 lotione
569 5290 766 5358 pedum
802 5298 914 5346 tum
947 5307 1267 5362 pauperum,
1303 5301 1413 5348 tum
1445 5295 1807 5361 clericorum;
1841 5295 1970 5351 ofﬁ-

313 5378 469 5431 cium
504 5378 684 5434 missa
715 5380 900 5446 sicca,
932 5387 992 5435 ut
1033 5386 1250 5444 vocant,
1280 5382 1335 5434 in
1378 5382 1468 5436 die
1512 5384 1836 5439 Parasceves
1884 5401 1970 5441 ce-

315 5465 529 5521 lebrari
584 5467 844 5535 solitum;
912 5477 966 5523 et
1036 5469 1325 5539 ejectionis
1389 5475 1443 5522 et
1500 5471 1970 5530 reconciliationis

317 5555 710 5624 panitentium
760 5557 946 5624 ritum,
978 5571 1140 5626 quem
1189 5563 1502 5624 utrumque,
1536 5557 1662 5625 quia
1711 5560 1778 5614 ad
1820 5577 1966 5618 eam-

318 5643 452 5697 dem
486 5657 598 5698 rem
630 5646 890 5713 pertinet,
921 5646 1081 5701 simul
1114 5649 1590 5714 reprasentamus.

2125 4583 2354 4647 Insuper
2400 4591 2468 4631 ex
2515 4575 2709 4630 eodem
2757 4574 2949 4629 damus
2989 4573 3430 4629 benedictionem
3479 4570 3694 4625 abbatis

2054 4683 2175 4725 cum
2207 4666 2464 4723 omnibus
2509 4664 2768 4733 precibus
2814 4676 2982 4731 super
3028 4663 3278 4716 abbatem
3324 4658 3689 4716 ordinandum

2054 4755 2370 4819 fundendis,
2420 4753 2476 4807 in
2524 4765 2630 4822 qua
2680 4751 2884 4806 mentio
2935 4751 2992 4804 ﬁt
3039 4747 3370 4803 obedientia
3415 4749 3695 4819 episcopis

2053 4845 2400 4910 exhibenda,
2433 4855 2704 4911 quamque
2737 4841 2792 4894 in
2840 4842 3140 4906 conspectu
3178 4835 3428 4892 ecclesia
3459 4838 3696 4908 pollice-

2053 4938 2253 4992 bantur
2297 4932 2543 4988 abbates.
2576 4929 2685 4984 Sub
2738 4930 2856 4997 ejus
2902 4927 3062 4979 ﬁnem
3111 4922 3344 4980 habetur
3371 4927 3536 4997 hujus
3566 4942 3694 4997 pro-

2051 5024 2306 5081 fessionis
2337 5019 2666 5076 obedientia
2714 5015 2965 5077 formula,
3018 5028 3140 5082 qua
3187 5012 3328 5071 forte
3378 5017 3568 5071 eadem
3609 5023 3692 5070 est

2052 5129 2213 5186 quam
2263 5114 2416 5180 [Iugo
2474 5105 2871 5168 Ambianensis,
2931 5103 3381 5174 archiepiscOpus
3437 5105 3692 5158 Rotoma-

2050 5202 2254 5274 geusis,
2289 5199 2506 5267 exigere
2557 5195 2787 5256 solebat,
2847 5193 2989 5246 sicut
3038 5192 3105 5247 ab
3155 5191 3476 5248 Innocentio
3535 5192 3579 5245 ll
3633 5192 3689 5246 in

2051 5291 2286 5348 concilio
2317 5285 2570 5342 Remensi
2601 5280 2910 5336 mandatum
2941 5280 3137 5337 fuerat.

2123 5383 2346 5435 Necnon
2377 5390 2443 5430 ex
2473 5372 2666 5428 eodem
2699 5371 3102 5426 ordinationem
3150 5367 3365 5423 abbatis
3393 5369 3689 5425 canonico-

2051 5484 2171 5527 rum
2202 5474 2256 5523 et
2284 5462 2574 5520 abbatissa
2604 5459 3097 5515 sanctimonialium
3128 5457 3549 5524 desumpsimus.

2121 5552 2470 5625 Excipienda
2503 5549 2708 5619 pariter
2760 5551 2888 5604 visa
2937 5553 3064 5604 sunt
3103 5553 3214 5600 tres
3242 5545 3483 5615 antiqua
3513 5547 3688 5603 bene-

2050 5648 2323 5707 dictiones
2352 5638 2693 5710 pontiﬁcales
2731 5653 2798 5694 ex
2827 5635 3196 5712 vetustissimo
3244 5634 3542 5701 pontiﬁcali
3583 5650 3683 5692 ms.
