4156 6196
513 442 577 495 19

1635 444 1906 499 JOANNIS
1944 414 2357 497 ancuinpisc.
2400 442 2731 498 RUTOMAC.

3802 439 3870 491 20

506 558 615 621 700
643 568 835 624 saltem
873 582 1138 626 annorum
1184 567 1534 625 bibliotheca:
1582 548 1933 624 cathedralis.
1966 544 2503 636 'P'rimalprzeterea
2559 567 2685 623 huic
2731 554 2911 624 codici
2969 548 3349 624 auctoritatem
3402 566 3662 624 conciliat
3719 544 3866 634 quod

511 664 594 712 est
622 657 677 712 in
708 657 1071 715 dissolutione
1118 658 1337 729 synodi,
1369 660 1527 727 cujus
1563 663 1677 712 tres
1708 657 1924 727 priores
1957 668 2147 710 versus

510 753 723 802 exstant
783 749 839 802 in
891 747 1093 804 Ordine
1156 749 1421 803 Romano.
1483 748 1717 802 Duarum
1780 745 2148 815 posteriorum

508 836 740 906 primam
779 837 1027 891 continet
1073 836 1248 891 codex
1291 834 1431 890 infra
1461 835 1678 890 missam
1708 848 1831 904 quae
1864 833 1920 888 in
1946 832 2151 886 Nativi-

512 929 621 979 tate
660 925 875 979 Domini
924 924 1234 979 celebratur
1281 924 1458 996 media
1508 928 1692 987 nocte,
1745 922 1970 977 alteram
2011 920 2151 975 infra

513 1013 726 1067 missam
776 1012 996 1068 Sabbati
1043 1013 1237 1068 sancti.
1271 1011 1552 1081 Ejusmodi
1598 1009 2015 1065 benedictiones
2043 1009 2150 1064 im-

512 1105 705 1173 pertiri
735 1104 947 1159 solebat
993 1104 1285 1173 episcopus
1336 1101 1477 1157 infra
1526 1101 1811 1156 missarum
1860 1101 2149 1170 solemnia,

512 1198 803 1261 antequam
833 1193 951 1247 haec
980 1193 1143 1247 verba
1173 1190 1445 1260 proferret
1479 1211 1490 1246 :
1524 1193 1645 1245 Pax
1676 1191 1887 1245 Domini
1923 1191 1991 1245 sit
2020 1205 2153 1245 sem-

503 1294 604 1351 per
632 1280 889 1335 vobiscum
938 1279 1081 1349 (vide
1129 1282 1297 1344 Boua,
1332 1279 1427 1334 lib.
1481 1295 1521 1334 ιι
1552 1281 1672 1334 Rer.
1708 1278 1908 1348 liturg.,
1943 1295 1992 1335 c.
2043 1279 2148 1349 16).

510 1369 849 1438 Supradictae
890 1382 999 1424 non
1050 1368 1321 1423 habentur
1359 1368 1413 1422 in
1463 1369 1638 1424 sancti
1687 1368 1935 1439 Gregorii
1966 1370 2153 1423 Sacra-

511 1464 820 1514 mentorum
848 1458 1013 1512 libro.
1944 1530 1945 1533 η

580 1547 788 1615 Quibus
850 1545 1280 1601 subnectendam
1339 1546 1676 1603 credidimus
1750 1547 2150 1603 institutionem

510 1635 761 1691 canonici
811 1633 1079 1704 regularis
1117 1635 1393 1704 prioratus
1438 1637 1493 1690 8.
1551 1636 1720 1690 Laudi
1778 1637 2151 1705 Rotomagen-

509 1725 605 1789 sis,
639 1738 704 1777 ex
735 1722 1131 1791 processionali
1163 1738 1262 1778 ms.
1296 1728 1351 1778 et
1398 1723 1716 1780 collectario
1764 1724 1929 1794 hujus
1957 1724 2152 1780 domus

508 1817 953 1881 transsumptam.
1019 1814 1256 1883 Uterque
1330 1812 1507 1868 codex
1562 1819 1778 1869 aetatem
1862 1812 2150 1882 prtesefert

507 1868 803 1956 annorum.
848 1898 965 1955 160.
1024 1901 1103 1956 Ex
1167 1868 1231 1955 ea
1293 1901 1641 1958 institutione
1707 1868 2214 1970 patet‘annuamﬁ

508 1989 893 2067 probationem
940 2002 1051 2044 non
1098 1987 1267 2045 fuisse
1313 1990 1653 2060 requisitam,
1703 1991 1801 2047 sed
1859 1997 2147 2061 postquam

508 2084 799 2147 susceptus
852 2076 1029 2133 fuerat
1087 2079 1432 2149 candidatus,
1484 2094 1606 2135 eum
1656 2074 1850 2149 positis
1905 2080 2151 2136 vestibus

508 2165 887 2233 szecularibus,
949 2167 1228 2237 regulares
1285 2168 1549 2224 induisse.
1610 2169 1700 2223 Eae
1765 2175 1922 2223 erant
1964 2168 2151 2223 talaris

509 2255 715 2322 tunica,
766 2255 970 2310 lineum
1008 2256 1387 2312 indumentum
1436 2264 1491 2312 et
1539 2258 1817 2327 caputium
1865 2271 1877 2306 :
1930 2256 1999 2312 de
2036 2257 2151 2311 bir-

508 2334 651 2409 reto,
681 2348 736 2398 et
765 2344 989 2399 almutia
1037 2358 1161 2414 qua:
1209 2358 1355 2401 nunc
1400 2346 1627 2402 sinistro
1658 2345 1886 2401 brachio
1915 2345 2150 2416 imponi-

508 2420 600 2489 tur
630 2432 777 2489 nulla
808 2432 867 2487 ﬁt
897 2433 1123 2488 mentio.
1157 2433 1365 2489 Deinde
1394 2433 1531 2490 fusis
1560 2434 1840 2489 nonnullis
1870 2435 2147 2504 precibus,

506 2519 907 2592 professionem
956 2521 1242 2576 emittebat
1298 2522 1400 2577 hac
1445 2523 1738 2578 verborum
1787 2521 1961 2578 forma
2009 2536 2151 2592 pra:-

509 2616 833 2677 conceptam
867 2629 879 2663 :
912 2611 1026 2678 Ego
1071 2611 1240 2680 frater
1283 2613 1357 2668 N.
1409 2611 1628 2681 offerens
1676 2611 1828 2667 trado
1868 2626 1947 2666 me
1984 2611 2151 2682 ipsum

510 2698 698 2753 diuinis
722 2698 909 2770 pietati
954 2699 1009 2751 in
1056 2697 1279 2754 ecclesia
1308 2703 1373 2755 B.
1406 2701 1577 2756 Laudi
1623 2702 1934 2756 seruiturum
1959 2716 2150 2755 secun-

509 2786 630 2840 dum
679 2785 914 2854 regulam
959 2787 1022 2841 S.
1058 2788 1355 2855 Augustini,
1414 2792 1463 2843 et
1502 2790 1749 2858 promitto
1808 2788 2152 2843 obedientiam

512 2872 697 2926 domno
755 2874 830 2928 N.
876 2873 1046 2944 priori
1091 2874 1328 2943 praefata:
1383 2874 1636 2939 ecclesiaa,
1665 2884 1714 2929 et
1767 2874 2151 2931 successoribus

508 2963 618 3030 ejus
649 2962 896 3015 canonice
935 2962 1271 3017 intrantibus.
1320 2964 1530 3018 Exinde
1578 2964 1847 3019 admissus
1893 2964 1961 3018 ad
1993 2977 2152 3020 oscu-

510 3049 619 3104 lum
669 3050 873 3119 prioris
909 3055 964 3105 et
1011 3051 1310 3118 sociorum,
1364 3052 1726 3121 jurejurando
1788 3052 2036 3107 ﬁrmabat
2092 3068 2150 3108 se

512 3137 725 3194 ordinis
777 3144 981 3192 statuta
1037 3146 1399 3206 servaturum,
1448 3144 1504 3195 et
1549 3153 1746 3195 arcana
1795 3140 2020 3210 capituli
2061 3157 2181 3215 se-L

2233 654 2327 726 q'ui
2376 670 2498 735 eum
2547 656 2857 728 exscripsit,
2897 671 2963 712 ex
3009 657 3416 727 antiquioribus
3444 654 3602 710 libris
3630 653 3783 709 illum
3814 668 3873 707 se

2233 745 2576 800 transtulisse
2635 747 2690 801 iu
2740 745 3060 815 prmfatione
3118 746 3410 816 signiﬁcat.
3471 743 3610 799 Illud
3662 756 3728 797 eo
3760 756 3873 811 prie

2234 833 2451 889 czeteris
2497 835 2876 891 observatione
2907 836 3152 906 dignum,
3196 835 3343 906 quod
3384 833 3529 903 apud
3577 831 3875 887 canonicos

2234 922 2514 993 regulares
2562 937 2663 977 usu
2695 930 2975 993 receptum
3015 930 3150 989 erat,
3186 930 3246 977 ut
3289 923 3484 977 diebus
3513 918 3873 976 hebdomadas

2233 1015 2437 1066 sanctze
2462 1010 2804 1081 aliorumque
2838 1028 2933 1081 per
2978 1026 3179 1067 annum
3229 1011 3554 1067 solemnium
3585 1008 3872 1079 pervigilio

2233 1099 2300 1155 ad
2349 1100 2679 1156 celebranda
2725 1101 3037 1172 religiosius
3075 1116 3198 1171 quae
3241 1100 3560 1157 recolebant
3616 1096 3873 1168 mysteria

2234 1188 2491 1244 brevibus
2560 1188 2891 1267 mutuisque‘
2935 1204 2993 1244 se
3049 1189 3530 1245 cohortationibus
3605 1184 3874 1241 accende-

2234 1284 2378 1344 rent,
2403 1282 2457 1333 et
2496 1293 2595 1349 per
2613 1279 2905 1335 adventum
2934 1294 2962 1334 a
3001 1280 3260 1335 carnibus
3299 1282 3354 1333 et
3401 1275 3667 1346 sagimine
3705 1266 3874 1330 absti-

2234 1373 2452 1422 nerent.

2306 1456 2715 1525 Expositionem
2762 1458 2999 1512 Canonis
3028 1457 3208 1513 missa:
3239 1461 3295 1511 et
3325 1455 3636 1511 divinorum
3666 1450 3876 1508 ofﬁcio-

2234 1558 2353 1599 rum
2384 1545 2582 1600 incerti
2612 1547 2855 1601 auctoris
2884 1560 3161 1615 nunquam
3211 1552 3375 1600 antea
3404 1543 3628 1608 editam,
3655 1547 3709 1597 ct
3751 1548 3874 1612 quae

2232 1633 2289 1687 in
2339 1633 2524 1688 multis
2568 1634 2763 1688 Joanni
2804 1640 2995 1690 nostro
3038 1634 3313 1703 congruit,
3346 1630 3575 1687 tradidit
3619 1629 3780 1686 nobis
3810 1642 3877 1684 ex

2233 1721 2567 1778 bibliotheca
2588 1723 2871 1792 Bigotiana
2901 1723 3078 1778 codex
3123 1737 3223 1778 ms.
3266 1735 3532 1778 annorum
3562 1717 3704 1784 500;
3757 1718 3876 1788 ejus

2233 1817 2426 1867 auctor
2445 1817 2529 1867 est
2557 1813 2817 1885 antiquus
2854 1819 2909 1867 et
2939 1813 2994 1867 in
3031 1812 3291 1867 Amalarii
3322 1810 3562 1865 lectione
3592 1807 3730 1863 adeo
3756 1820 3875 1862 ver-

2233 1905 2383 1955 satus
2439 1907 2543 1966 est,
2603 1905 2662 1956 ut
2698 1902 2860 1971 hujus
2916 1900 3194 1956 breviator
3239 1900 3436 1957 merito
3496 1897 3605 1952 dici
3656 1895 3858 1966 possit.

2231 1991 2429 2046 Breves
2492 1996 2650 2045 notas
2724 1989 3023 2060 adjecimus
3079 2002 3203 2058 qua:
3279 1989 3399 2055 ejus
3454 1983 3872 2054 intelligentiam

2227 2080 2503 2149 juvarent.
2564 2081 2642 2135 Ex
2688 2078 2794 2134 hoc
2869 2078 3063 2135 codice
3131 2090 3249 2133 eam
3306 2080 3516 2145 partem
3574 2072 3874 2143 expositio-

2232 2169 2319 2224 nis
2393 2182 2669 2224 sacrarum
2727 2167 2956 2223 vestium
3024 2164 3305 2221 hausimus
3346 2207 3360 2232 ,
3428 2177 3590 2234 quam
3656 2159 3875 2217 deside-

2232 2256 2342 2313 rari
2390 2257 2446 2312 in
2485 2256 2635 2312 edito
2673 2256 2816 2311 libro
2859 2270 3024 2326 supra
3067 2254 3423 2321 monuimus;
3480 2266 3642 2322 quam
3691 2257 3873 2306 tamen

2232 2345 2322 2400 hic
2365 2350 2578 2400 exstare
2628 2344 2772 2414 passi
2819 2358 3027 2410 sumus,
3077 2357 3256 2412 neque
3313 2354 3413 2397 suo
3461 2341 3587 2396 loco
3634 2339 3873 2395 avulsam

2232 2434 2514 2490 contextui
2549 2433 2774 2493 Joannis
2812 2434 3161 2498 inseruimus,
3203 2445 3272 2486 ne
3303 2431 3437 2486 dicti
3464 2429 3673 2485 codicis
3702 2427 3876 2484 series

2232 2522 2714 2587 interturbaretur,
2739 2535 2920 2591 quam,
2945 2528 3007 2576 ut
3035 2524 3231 2586 exstat,
3264 2520 3409 2576 bona
3433 2518 3539 2573 ﬁde
3562 2529 3874 2587 repraesen-

2233 2600 2349 2665 tare
2381 2611 2566 2680 potius
2594 2610 2904 2664 habuimus.

2305 2700 2435 2754 Post
2499 2698 2620 2754 haec
2688 2698 3049 2753 instrumenta
3107 2697 3336 2752 duarum
3394 2694 3873 2752 celeberrimarum

2232 2786 2617 2844 fundationum
2683 2786 3091 2856 capellanorum
3161 2785 3375 2841 scilicet
3429 2785 3649 2856 collegii
3706 2784 3873 2840 Alba-

2234 2878 2421 2934 nensis
2469 2891 2536 2932 ex
2598 2875 2869 2931 tabulario
2934 2875 3464 2946 archiepiscopatus,
3524 2881 3580 2930 et
3652 2874 3872 2945 collegii

2233 2964 2700 3022 Clementinorum
2740 2969 2802 3019 ut
2855 2969 3070 3029 vocant,
3133 2978 3199 3018 ex
3238 2966 3356 3033 ejus
3399 2963 3871 3034 chartophylacio,

2234 3058 2493 3122 excerpta
2573 3053 2700 3108 ideo
2749 3052 3078 3119 addidimus,
3139 3053 3266 3122 quia
3322 3053 3567 3108 divinum
3636 3049 3872 3108 ofﬁcium

2235 3142 2466 3200 euntatio
2509 3156 2687 3196 eorum
2731 3156 2933 3212 semper
2964 3139 3126 3213 (Psal.
3168 3144 3312 3208 LXX),
3364 3141 3672 3211 horumque
3697 3142 3874 3211 portio

511 3241 634 3283 cum
663 3226 997 3293 habiturum,
1031 3241 1209 3296 neque
1259 3227 1513 3296 cuiquam
1565 3233 1824 3283 extraneo
1856 3214 2315 3298 patefactu-Cest
2343 3232 2533 3303 septies
2579 3231 2632 3285 in
2688 3229 2776 3285 die
2832 3230 3063 3299 conﬁteri
3119 3231 3339 3285 Domino
3391 3229 3552 3301 (Pent.
3595 3229 3780 3300 cxvm)
3827 3235 3877 3286 et

509 3330 650 3371 rum.
683 3316 784 3371 Ubi
805 3316 1094 3372 observare
1114 3316 1245 3372 licet
1284 3331 1380 3373 eos
1412 3324 1523 3371 tum
1546 3317 1942 3385 assiduitatem,
1974 3334 2072 3375 seu
2095 3326 2153 3375 ut

510 3410 727 3471 vocant,
753 3405 1105 3462 stabilitatem
1134 3406 1191 3462 in
1214 3406 1404 3462 eadem
1435 3407 1598 3464 domo
1648 3406 1814 3463 fuisse
1851 3408 2150 3477 professos.

583 3494 735 3549 Viam
767 3501 921 3565 parat
951 3495 1072 3550 haec
1100 3495 1374 3551 institutio
1397 3495 1465 3550 ad
1488 3496 1845 3564 ordinarium,
1869 3498 1982 3553 sive
2001 3504 2157 3554 vetus

512 3584 708 3640 rituale
749 3585 917 3639 totius
965 3584 1092 3638 anni
1119 3583 1188 3638 ad
1216 3598 1373 3639 usum
1402 3585 1794 3640 canonicorum
1825 3587 2156 3657 regularium

514 3673 758 3744 ejusdem
790 3673 1061 3739 ecclesiae,
1111 3673 1259 3743 quod
1311 3674 1365 3728 in
1424 3674 1610 3729 multis
1657 3676 1916 3745 scriptori
1967 3684 2156 3733 nostro

514 3763 868 3818 consentiens
907 3767 1009 3816 est.
1040 3762 1304 3816 Canonici
1335 3762 1478 3816 enim
1524 3764 1825 3832 regulares,
1867 3778 1935 3818 ne
1968 3777 2157 3833 parum

515 3849 597 3904 eis
645 3863 844 3903 nomen
881 3855 1211 3916 congrueret
1268 3862 1445 3913 suum,
1495 3850 1923 3918 viderenturque
1982 3851 2161 3905 minus

516 3936 822 3993 canonibus
849 3935 1220 4004 obsequentes
1260 3933 1466 4005 (con-cit.
1508 3938 1680 3990 Venet.
1717 3952 1765 3991 a.
1799 3936 1924 4001 465,
1957 3952 2005 3991 c.
2056 3939 2156 4004 15;

514 4028 724 4096 Epaon.
748 4039 799 4080 a.
835 4023 960 4091 517,
993 4039 1042 4079 c.
1085 4023 1441 4099 27;.Gerund.
1486 4040 1537 4079 a.
1577 4024 1681 4078 517
1715 4040 1763 4080 c.
1790 4045 1804 4091 ;
1836 4028 2062 4081 Bracar.
2096 4042 2157 4090 ιι,

517 4129 567 4169 a.
591 4112 716 4179 563,
752 4128 801 4193 c.
840 4114 860 4166 1
890 4134 904 4179 ;
943 4113 1106 4170 Tolet.
1139 4129 1215 4179 1v,
1240 4127 1289 4169 a.
1323 4112 1449 4180 633,
1490 4129 1540 4180 c,
1571 4113 1643 4181 2;
1689 4112 1851 4168 Tolct.
1883 4129 1958 4179 x1,
2003 4128 2053 4169 c.
2086 4112 2158 4182 3;

518 4206 789 4273 Rotomag.
840 4217 891 4258 a.
938 4200 1094 4271 1189,
1128 4218 1177 4259 c.
1227 4201 1297 4274 1),
1331 4203 1531 4273 quibus
1574 4208 1793 4258 cautum
1826 4211 1942 4257 erat
1971 4209 2032 4259 ut
2062 4218 2159 4259 or-

518 4293 703 4349 dinem
734 4306 895 4362 quem
943 4292 1011 4347 ad
1043 4292 1373 4348 celebranda
1419 4291 1601 4347 divina
1644 4290 1823 4347 ofﬁcia
1871 4292 2162 4349 observant

519 4380 928 4451 metropolitani
961 4380 1453 4452 comprovinciales
1482 4380 1815 4447 custodiant,
1857 4381 1925 4436 ad
1957 4382 2164 4439 dicace-

518 4486 684 4529 sanos
721 4472 860 4526 ritus
898 4484 957 4526 se
997 4470 1436 4535 conformabunt,
1486 4470 1633 4525 idem
1682 4470 1991 4551 recitabant
2047 4470 2165 4527 ofﬁ-

2231 3321 2463 3396 psallere
2492 3319 2685 3375 nomini
2712 3318 2972 3374 Attissimi
3024 3318 3195 3389 (Psat.
3235 3318 3340 3391 ιιι).
3397 3320 3634 3375 Primum
3683 3319 3877 3374 horum

2239 3410 2530 3482 collegium
2584 3410 2802 3464 Petrum
2862 3408 2930 3464 de
2994 3408 3359 3465 Colle-Medio
3424 3410 3879 3479 Rotomagensem

2239 3501 2417 3572 primo
2469 3497 2947 3567 archiepiscopum
2995 3497 3209 3552 eximiis
3255 3498 3370 3553 suis
3398 3499 3618 3553 statutis
3662 3496 3881 3554 notissi-

2240 3603 2406 3654 mum,
2468 3585 2596 3641 dein
2646 3585 2980 3640 cardinalem
3036 3591 3090 3640 et
3147 3587 3465 3656 episcopum
3522 3586 3880 3641 Albanensem

2241 3677 2463 3749 agnovit
2503 3682 2783 3731 auctorem
2838 3688 2982 3729 anno
3022 3675 3237 3731 Domini
3278 3675 3446 3743 1245;
3479 3675 3708 3731 alterum
3737 3688 3882 3730 anno

2247 3766 2385 3821 1350
2431 3769 2674 3822 erectum
2721 3766 2883 3819 Petro
2931 3764 3191 3834 Rogerio,
3241 3766 3335 3834 qui
3385 3780 3451 3820 ex
3496 3762 3882 3833 Rotomagensi

2242 3854 2662 3922 archiepiscopo
2704 3866 2947 3907 summus
2996 3853 3213 3907 demum
3262 3852 3508 3921 pontifex
3538 3853 3747 3909 electus
3776 3855 3879 3919 est,

2244 3941 2536 4010 dictusque
2593 3940 2844 3996 Clemens
2884 3942 2968 4007 VI,
3001 3940 3203 4010 gaudet
3248 3940 3558 3995 conditore.
3601 3940 3882 4008 Capellani

2243 4042 2374 4085 vero
2404 4029 2483 4083 sic
2512 4029 2581 4083 ab
2610 4032 2846 4098 utroque
2877 4028 3114 4083 instituti
3156 4033 3283 4083 sunt
3323 4032 3384 4082 ut
3414 4028 3468 4082 in
3506 4026 3707 4083 divinis
3731 4042 3886 4085 exse-

2244 4117 2480 4188 quendis
2501 4117 2699 4173 ofﬁciis
2736 4117 3000 4173 accedant
3030 4116 3310 4172 canonicis
3347 4115 3648 4187 adjutores,
3682 4129 3794 4171 non
3826 4123 3885 4173 ut

2245 4206 2517 4274 canonici,
2571 4206 2719 4277 quod
2767 4205 2907 4262 forte
2956 4206 3308 4273 arbitrantur,
3348 4206 3416 4262 ab
3468 4205 3579 4260 illis
3606 4200 3889 4260 Celebran-

2246 4297 2332 4352 dis
2374 4311 2434 4351 se
2477 4295 2683 4351 liberos
2730 4293 2904 4351 factos
2952 4301 3183 4366 putent;
3233 4295 3534 4351 cantabiles
3574 4294 3719 4351 enim
3759 4300 3887 4350 sunt

2245 4386 2316 4442 iis
2348 4384 2772 4457 justiﬁcationes
2808 4385 2902 4440 Dei
2944 4385 2998 4440 in
3049 4372 3211 4441 domo
3265 4383 3712 4441 sanctiﬁcationis
3767 4385 3888 4454 ejus

2257 4473 2428 4544 (Psut.
2463 4489 2661 4540 cxvm;
2708 4473 2840 4528 Isai.
2890 4473 3057 4539 LXIV},
3087 4470 3288 4543 quibus
3335 4473 3587 4527 insistere
3619 4486 3686 4528 eo
3718 4472 3889 4543 magis

520 4564 686 4629 cium,
719 4561 942 4618 eosdem
988 4560 1229 4629 psalmos
1274 4560 1616 4630 hymnosque
1647 4544 2035 4627 concinebant,
2068 4538 2529 4628 ad-Dtenentui',
2559 4538 2669 4632 quo
2708 4562 2871 4631 jussit
2928 4575 3024 4617 eos
3080 4538 3261 4615 divina
3301 4559 3480 4615 cilicia
3510 4574 3610 4628 per
3647 4574 3727 4627 se,
3777 4538 3887 4617 non

521 4653 652 4710 ditis
682 4653 846 4708 etiam
894 4650 962 4706 ad
1012 4650 1173 4705 ﬁnem
1219 4648 1642 4718 antiphonarum
1700 4652 1920 4706 canoris
1958 4652 2165 4721 repeti-

521 4742 767 4796 tionibus
798 4754 934 4810 quas
961 4741 1243 4811 pneumata
1289 4737 1451 4809 vulgo
1493 4745 1708 4795 vocant.
1752 4741 1969 4795 Summa
2000 4741 2167 4796 deni-

522 4844 630 4901 que
672 4837 789 4884 erat
821 4843 1010 4885 eorum
1058 4841 1181 4883 cum
1230 4826 1562 4882 cathedralis
1611 4828 1861 4885 ecclesiae
1906 4831 2167 4886 Rotoma-

521 4919 708 4992 gensis
764 4916 1049 4971 canonicis
1103 4916 1341 4973 societas
1391 4924 1557 4986 atque
1623 4919 1939 4984 consensio,
1994 4925 2052 4974 ut
2102 4933 2167 4974 ex

522 5008 688 5065 variis
739 5005 1005 5063 ordinarii
1040 5006 1205 5076 hujus
1245 5006 1384 5062 locis
1447 5007 1795 5076 perspicuum
1857 5008 1968 5064 ﬁet.
2027 5011 2168 5076 Qua-

524 5099 936 5168 dringentorem
967 5100 1050 5150 est
1088 5110 1355 5151 annorum
1386 5095 1563 5151 codex
1592 5097 1739 5167 quod
1778 5097 2022 5153 indicant
2054 5104 2164 5152 tum

525 5187 812 5243 character
863 5198 973 5253 quo
1005 5190 1257 5240 exaratus
1304 5192 1407 5251 est,
1442 5190 1555 5242 tum
1607 5186 1754 5256 quod
1805 5201 1925 5241 cum
1977 5200 2169 5242 omnes

524 5275 805 5346 sigillatim
836 5273 1002 5329 ferias
1031 5279 1336 5340 recenseat,
1370 5276 1742 5343 praetermittit
1792 5282 1972 5330 tamen
2022 5274 2170 5330 festi-

522 5366 721 5423 vitates
756 5365 848 5430 SS,
898 5363 1189 5427 Brunonis,
1230 5363 1519 5430 Dominici,
1555 5364 1850 5429 Francisci,
1904 5365 2168 5421 Ludovici

526 5457 863 5512 Francorum
912 5454 1076 5524 regis,
1118 5454 1228 5508 imo
1283 5456 1337 5506 et
1384 5454 1636 5521 corporis
1682 5451 1884 5507 Christi
1917 5452 2060 5507 diem
2093 5451 2170 5508 fe-

528 5550 692 5610 stum,
727 5544 885 5612 cujus
900 5542 1037 5608 ,loco
1067 5540 1203 5597 feria
1232 5540 1424 5610 quinta
1473 5548 1597 5609 post
1642 5542 1786 5597 diem
1837 5541 2169 5595 Dominiram

528 5631 889 5689 sanctissimae
919 5630 1174 5687 Trinitati
1220 5642 1429 5686 sacram
1468 5630 1581 5703 .(cui
1630 5630 1881 5686 dedicata
1921 5620 2023 5684 fuit
2047 5628 2172 5712 haec

531 5719 783 5785 ecclesia)
830 5718 1069 5777 ofﬁcium
1128 5719 1197 5775 de
1261 5717 1395 5774 feria
1452 5717 1570 5773 ﬁeri
1627 5718 1852 5773 indicat.
1916 5719 2169 5788 Majorem

2016 5825 2027 5853 \

2251 4666 2350 4722 per
2386 4651 2734 4716 substitutos,
2788 4650 2943 4706 obire
2990 4648 3285 4703 concilium
3327 4647 3705 4703 Tridentinum
3745 4663 3884 4704 sess.

2251 4740 2341 4807 24,
2375 4742 2452 4796 De
2476 4740 2598 4810 reﬂ,
2630 4756 2679 4795 c.
2718 4739 2799 4794 l2.
2834 4740 2964 4794 Cum
3017 4737 3243 4805 insuper
3279 4736 3530 4792 Christus
3567 4752 3663 4793 eos
3706 4737 3888 4792 incre-

2251 4829 2478 4900 paverit,
2539 4830 2633 4898 qui
2692 4827 2911 4897 alliga-nt
2967 4839 3128 4880 onera
3174 4826 3357 4894 gravia
3409 4831 3457 4881 et
3514 4824 3885 4896 importubilia,

2250 4920 2612 4991 imponuntque
2676 4932 2740 4971 ea
2806 4917 2859 4970 in
2914 4915 3153 4969 humeros
3211 4914 3489 4982 hominum,
3539 4928 3650 4985 quis
3704 4912 3891 4968 nolunt

2252 5009 2412 5078 digito
2450 5021 2652 5062 mouere
2683 5004 2902 5075 (Matth.
2945 5020 3104 5070 χχιιι,
3143 5002 3228 5073 4).
3271 5006 3419 5059 Inter
3455 5018 3517 5059 ea
3554 5017 3675 5072 qua:
3716 5002 3772 5057 in
3802 5003 3892 5058 his

2251 5096 2602 5153 monimentis
2640 5094 2981 5149 observanda
3010 5093 3234 5149 veniunt
3281 5108 3390 5149 non
3429 5092 3673 5147 intimum
3708 5092 3888 5148 loctun

2252 5192 2425 5252 tenet,
2458 5184 2605 5254 quod
2655 5197 2722 5239 eo
2766 5183 2929 5238 etiam
2976 5190 3223 5252 tempore
3266 5194 3606 5261 communem
3652 5181 3706 5236 in
3738 5182 3888 5247 cibo,

2254 5282 2408 5347 potu,
2476 5285 2668 5327 somno
2709 5271 2969 5341 cultuque
3008 5272 3171 5327 vitam
3237 5268 3424 5325 clerici
3472 5269 3725 5333 vixerint,
3769 5284 3893 5339 qua:

2253 5360 2572 5431 aliquandiu
2610 5361 2917 5431 interrupta
2967 5361 3201 5416 feliciter
3240 5358 3488 5413 restituta
3523 5357 3701 5414 fuerat
3732 5358 3821 5413 die
3867 5356 3887 5409 l

2252 5450 2474 5520 Aprilis,
2525 5463 2667 5506 anno
2724 5450 2880 5516 1666,
2932 5458 2987 5506 et
3026 5458 3132 5505 tam
3172 5448 3449 5517 sapienter
3488 5448 3670 5503 omnia
3713 5448 3889 5517 dispo-

2252 5541 2357 5596 sita
2385 5546 2447 5595 ut
2473 5554 2675 5596 mensae
2704 5538 2900 5610 frugali
2947 5552 3101 5593 sacra
3132 5535 3294 5593 lectio
3335 5550 3445 5592 non
3476 5536 3695 5593 deesset
3720 5557 3733 5601 ;
3767 5550 3886 5612 eam

2252 5628 2471 5684 tandem
2519 5642 2703 5684 mense
2750 5628 3034 5683 Decembri
3085 5639 3228 5685 anno
3284 5624 3417 5679 1668
3466 5625 3789 5697 diremptam
3842 5632 3897 5681 et

2254 5719 2585 5775 destructam
2625 5718 2891 5772 dolemus.
