4156 6196
344 348 407 425 2i

987 376 1185 434 LIBER
1221 379 1308 434 DE
1345 380 1623 436 OFFICIIS
1662 380 2207 439 ECCLESIASTICIS.
2252 417 2321 426 ——-
2362 392 2707 451 PRAEFATIO
2744 398 3069 458 EDITORIS.

3645 364 3718 463 22

409 500 513 554 Sex
542 482 830 604 prie-terea
877 488 1180 604 sermones,
1232 504 1463 576 primum
1510 488 1578 562 de
1626 488 2162 604 observantiaAcat
2190 488 2468 585 eloquium
2512 520 2606 577 Dei
2635 521 2866 593 ignitum
2901 527 3272 594 vehementer.
3304 536 3360 587 et
3386 533 3714 604 depravatos

338 576 445 663 qua
502 588 691 659 populi
741 596 993 660 pastores
1041 593 1225 650 colere
1274 595 1520 660 debent,
1572 601 1627 650 et
1680 594 1749 650 de
1797 592 2025 650 ofﬁcio“

334 682 615 759 pastorum
665 676 1104 751 clericorumque
1156 688 1520 749 czeterorum;
1578 683 1823 754 reliquos
1880 684 1982 738 de-

331 755 477 822 mum
508 762 773 838 quinque,
805 770 899 840 qui
948 771 1016 826 de
1050 786 1271 828 munere
1302 780 1492 843 agunt,
1525 773 1674 842 quod
1709 772 1979 827 incumbit

333 856 667 924 pastoribus,
718 858 956 915 docendi
1018 862 1227 930 populi,
1282 862 1641 932 perditosquc
1700 862 1981 917 hominum

336 958 520 1000 mores
566 952 621 1001 et
659 940 869 1002 scelera
899 950 1204 1020 arguendi;
1244 950 1312 1007 de
1360 953 1652 1006 sanctitate
1704 966 1812 1022 qua
1841 952 1981 1007 emi-

336 1048 472 1089 nere
526 1037 867 1104 sacerdotes,
928 1054 1201 1109 quamque
1271 1041 1538 1111 integram
1604 1048 1659 1096 et
1722 1042 1981 1096 intactam

336 1123 619 1179 custodire
651 1116 855 1180 debent
884 1126 1045 1182 etiam
1076 1142 1107 1182 a
1139 1134 1386 1198 tempore
1416 1129 1660 1198 suscepti
1691 1130 1981 1199 baptisma-

336 1209 445 1277 tis;
480 1213 683 1282 quibus
731 1214 955 1270 dotibus
1000 1216 1407 1288 virtutibusque
1455 1218 1662 1285 ornari,
1696 1233 1820 1288 qua:
1850 1217 1981 1273 vitia

335 1294 449 1355 tum
480 1300 588 1371 ipsi
622 1306 733 1358 tum
766 1302 1045 1361 inferioris
1073 1306 1287 1362 ordinis
1319 1307 1508 1363 clerici
1547 1307 1717 1363 vitare
1748 1313 1980 1363 tenean-

332 1395 444 1457 tur,
478 1390 681 1460 quibus
710 1408 740 1447 a
770 1394 1084 1451 sacerdotio
1132 1395 1441 1453 defectibus
1484 1404 1796 1463 arceantur,
1831 1396 1979 1471 quod

331 1479 655 1537 sacerdotes
700 1494 811 1537 non
858 1482 1026 1538 verbo
1078 1483 1277 1551 solum,
1335 1484 1433 1539 sed
1482 1497 1651 1554 opere
1708 1480 1869 1539 simul
1927 1487 1982 1538 et

334 1568 585 1638 exemplo
625 1575 879 1639 oporteat
908 1571 1235 1641 praedicare,
1266 1574 1499 1629 scientia
1546 1574 1814 1644 praeditos
1860 1584 1981 1627 esse

333 1671 441 1728 qua
488 1657 627 1714 alios
684 1659 940 1723 doceant,
995 1668 1220 1731 peccata
1275 1667 1678 1735 peccantesque
1725 1662 1981 1732 gravibus

331 1745 518 1802 verbis
545 1746 664 1802 sine
695 1747 893 1804 timore
923 1749 1022 1804 sed
1071 1764 1194 1805 cum
1243 1750 1443 1806 fiducia
1471 1751 1779 1821 increpare,
1813 1764 1977 1820 para-

2067 597 2199 686 cleri
2250 607 2549 678 pepulique
2599 626 2781 675 mores
2828 616 3154 686 castigandi,
3202 633 3267 676 ac
3314 597 3505 680 devios
3534 639 3564 679 a
3604 625 3710 682 fide

2065 684 2262 745 fratres
2318 693 2374 750 in
2433 711 2597 753 unum
2654 702 2847 761 summi
2906 684 3145 773 pastoris
3192 709 3335 765 ovile
3399 711 3711 769 adducendi

2066 775 2401 867 desiderium
2433 785 2645 855 ingens.
2696 791 2984 848 Prtedictis
3031 797 3253 854 statutis
3280 800 3516 867 pretium
3549 801 3711 858 etiam

2064 862 2193 959 fecit
2236 870 2454 959 raritas,
2495 889 2610 943 qua:
2656 880 2885 944 gratiam
2928 896 3131 953 semper
3173 862 3438 943 inveniens
3470 887 3552 959 (ut
3581 890 3714 945 Ter-

2066 953 2278 1009 tulliani
2321 959 2505 1015 verbis
2552 963 2765 1035 loquar)
2818 971 3285 1041 concupiscentiam
3339 953 3564 1034 concitat
3610 979 3712 1034 ha.

2063 1042 2215 1099 bendi
2274 1046 2390 1113 (lib.
2444 1065 2461 1103 1
2509 1052 2587 1106 De
2639 1054 2780 1110 cultu
2834 1059 2982 1127 fem.,
3041 1061 3133 1132 9);
3209 1066 3507 1122 concitavit
3561 1068 3708 1123 enim

2061 1147 2191 1226 vero
2222 1134 2276 1189 in
2310 1137 2441 1192 viris
2487 1139 2637 1195 illius
2685 1142 2942 1202 dioecesis
2990 1150 3193 1218 pietate
3239 1153 3601 1226 doctrinaque
3631 1157 3715 1213 in-

2063 1222 2329 1294 signibus,
2372 1242 2603 1296 quorum
2652 1231 2876 1289 adducti
2926 1240 3184 1305 precibus
3231 1256 3296 1298 ea
3346 1243 3437 1299 hic
3477 1222 3710 1302 exhibe-

2063 1327 2201 1368 mus.

2137 1403 2392 1462 Ultimum
2441 1407 2568 1465 ideo
2617 1417 2892 1482 occupant
2940 1413 3122 1472 locum
3168 1417 3209 1474 ii
3240 1421 3380 1478 ritus
3410 1424 3594 1493 quiin
3622 1439 3711 1482 ca-

2064 1492 2300 1549 thedrali
2349 1497 2584 1554 ecclesia
2631 1514 2816 1557 coram
2859 1504 2922 1559 D.
2966 1504 3390 1578 archiepiscopo
3420 1492 3713 1570 celebran-

2062 1587 2171 1649 tur,
2205 1585 2333 1653 quia
2379 1592 2436 1642 et
2488 1594 2736 1659 tempore
2777 1594 3138 1664 posteriores,
3170 1602 3227 1651 et
3255 1601 3547 1657 vernaculo
3576 1601 3713 1661 editi

2062 1680 2190 1728 sunt
2224 1694 2236 1729 :
2271 1677 2559 1734 constituti
2587 1678 2807 1737 fuerant
2836 1696 2981 1739 anno
3010 1684 3226 1741 Domini
3259 1684 3416 1754 1632,
3448 1688 3539 1745 die
3566 1692 3714 1747 Mar-

2062 1763 2133 1818 tis
2160 1771 2314 1820 sexta
2364 1767 2590 1836 Aprilis,
2631 1771 2875 1841 capitulo
2925 1781 3261 1847 congregato
3312 1791 3413 1848 per
3434 1779 3714 1848 juramen-

333 1840 428 1891 tos
457 1835 691 1935 denique
722 1851 843 1935 esse
894 1840 1187 1935 Conveniat
1213 1840 1299 1935 Δθα
1324 1841 1494 1935 fimi”
1526 1854 1626 1910 PFO
1657 1840 1982 1935 (ξοωωίδδᾶ-
2002 1836 2049 1892 Β
2069 1857 2179 1907 tum
2211 1858 2267 1908 et
2291 1835 2505 1912 domes.
2565 1835 2678 1915 Hos
2698 1835 2792 1916 -ex
2819 1835 3066 1931 ejusdem
3097 1835 3328 1935 capituli
3357 1835 3714 1925 monimentis

334 1938 458 1979 rum
504 1925 607 1980 sibi
654 1927 834 1983 ovium
880 1927 1056 1984 salute
1102 1928 1563 1999 profundendam,
1613 1929 1752 1985 adeo
1792 1944 1981 2000 perse-

335 2012 611 2070 cutionem
643 2020 940 2072 mortemve
970 2015 1267 2074 formidare
1315 2019 1384 2074 ab
1433 2031 1623 2074 eorum
1662 2023 1813 2073 sorte
1844 2017 1979 2073 alie-

333 2114 473 2171 num,
494 2108 595 2160 est.
620 2105 842 2161 Demum
874 2111 1162 2177 postquam
1194 2108 1396 2177 quibus
1441 2115 1733 2164 teneantur
1767 2107 1982 2163 astricti

333 2189 503 2247 officii
546 2194 631 2248 sui
660 2194 895 2250 vinculis
934 2194 1178 2264 edocuit,
1211 2197 1279 2252 ad
1320 2197 1767 2268 perpendendam
1808 2198 1985 2267 impo-

330 2278 425 2334 siti
472 2280 576 2336 sibi
629 2284 815 2339 oneris
871 2285 1191 2355 gravitatem
1250 2286 1337 2341 his
1392 2286 1595 2352 verbis,
1645 2286 1984 2343 Considerate

331 2382 457 2437 ergo
504 2384 634 2425 onus
680 2377 923 2439 vestrum,
956 2380 1151 2429 auctor
1194 2373 1465 2429 hortatur.
1500 2375 1631 2441 Quis
1676 2374 1770 2429 ille
1816 2373 1985 2429 fuerit

328 2458 509 2525 quaeri
540 2464 745 2527 potest,
778 2474 901 2516 cum
950 2476 1149 2520 nomen
1198 2463 1441 2518 auctoris
1489 2477 1603 2532 prae
1654 2478 1712 2519 se
1764 2477 1872 2519 non
1903 2463 1983 2520 fe-

325 2551 455 2600 rant
491 2567 504 2600 :
538 2548 596 2601 Si
656 2548 789 2615 quid
844 2549 902 2603 in
956 2564 1015 2604 re
1073 2550 1238 2605 dubia
1295 2553 1572 2621 conjicere
1628 2553 1779 2618 licet,
1841 2551 1983 2607 forte

326 2632 500 2689 fuerit
528 2636 621 2690 ivo
668 2638 1022 2693 Carnotensis
1069 2640 1384 2708 episcopus.
1424 2642 1558 2694 Nam
1606 2641 1752 2695 inter
1789 2655 1886 2696 eos
1914 2642 1984 2696 de

328 2723 537 2791 quibus
580 2723 860 2792 loquimur
907 2732 1021 2781 tres
1069 2726 1162 2781 alii
1212 2734 1428 2782 exstant
1474 2729 1530 2782 in
1571 2732 1762 2782 nostro
1792 2716 1985 2784 cedice

331 2825 440 2866 ms.
486 2811 840 2868 bibliothecae
888 2814 1190 2883 Bigotianaa
1237 2814 1345 2868 500
1388 2828 1681 2881 annorum,
1733 2816 1829 2885 qui
1875 2818 1986 2885 jam

330 2901 439 2955 sub
488 2902 606 2970 ejus
653 2902 878 2956 nomine
924 2916 1034 2957 non
1065 2904 1234 2958 semel
1294 2903 1657 2972 prodierunt;
1719 2905 1985 2973 loquendi

332 2995 607 3060 praeterea
649 3005 826 3061 genus
866 2991 1035 3059 idem,
1068 2992 1352 3061 dictioque
1400 2992 1707 3047 consimilis
1754 2992 1824 3047 iis
1870 3007 1986 3048 ser-

335 3079 593 3134 monibus
648 3094 789 3149 quos
836 3081 906 3135 de
964 3081 1129 3136 rebus
1187 3080 1579 3136 ecclesiasticis
1636 3081 1813 3137 edidit
1868 3084 1982 3146 lvo,

2064 1950 2356 2011 excerptos
2384 1945 2474 2002 hic
2503 1948 2788 2005 tradimus.

2137 2032 2214 2086 Ex
2261 2033 2348 2089 his
2394 2036 2670 2105 omnibus,
2727 2039 2960 2111 aliisque
3018 2043 3317 2112 veteribus,
3369 2044 3468 2101 sed
3525 2046 3710 2115 editis,

2066 2123 2179 2174 tum
2211 2121 2652 2195 Rotomagensis,
2703 2134 2816 2184 tum
2867 2131 3410 2201 comprovincialium
3453 2136 3715 2194 ecclesia-

2066 2222 2185 2263 rum
2231 2209 2392 2267 libris
2436 2220 2597 2270 notas
2644 2216 3002 2286 confecimus,
3055 2234 3192 2290 quas
3237 2221 3277 2277 ii
3325 2222 3430 2279 viri
3477 2238 3713 2294 quorum

2065 2297 2315 2355 consiliis
2351 2314 2462 2358 non
2494 2317 2686 2372 parere
2726 2306 2922 2377 religio
2950 2306 3164 2378 fuisset,
3193 2313 3534 2369 necessarias
3556 2313 3713 2385 judi-

2066 2394 2327 2444 caverunt
2354 2392 2423 2447 ad
2470 2396 2734 2463 majorem
2781 2398 3026 2454 auctoris
3072 2400 3248 2456 nostri
3286 2400 3713 2459 elucidationem

2067 2476 2244 2546 (cujus
2274 2480 2479 2537 utinam
2527 2483 2702 2541 libros
2743 2486 2809 2540 de
2853 2485 2992 2542 stola
3021 2492 3071 2543 et
3099 2488 3432 2545 dedicatione
3457 2489 3710 2558 ecclesia,

2064 2580 2262 2620 necnon
2308 2571 2573 2641 manipulo
2622 2574 2867 2643 reperire
2916 2580 2971 2630 et
3016 2576 3182 2632 edere
3211 2579 3602 2647 potuissemus,
3644 2581 3713 2637 de

2066 2655 2269 2722 quibus
2296 2656 2543 2728 loquitur
2589 2663 2795 2733 scripta
2834 2663 2901 2719 ad
2935 2679 3059 2720 eum
3090 2666 3325 2735 epistola
3354 2667 3710 2741 Lanfrancus)

2070 2756 2163 2795 eas
2207 2748 2434 2801 Joannis
2478 2748 2620 2804 libro
2676 2752 3012 2820 subjecimus
3068 2753 3138 2809 iis
3184 2755 3529 2823 intertextas,
3576 2771 3713 2827 quas

2066 2839 2307 2891 Joannes
2356 2838 2659 2903 Prevotius,
2693 2853 2969 2909 nunquam
3017 2842 3137 2898 sine
3181 2843 3392 2899 honore
3430 2846 3716 2901 nominan-

2068 2924 2172 2979 dus
2220 2926 2274 2979 in
2316 2925 2459 2979 idem
2509 2939 2649 2994 opus
2696 2940 2726 2981 e
2772 2941 2873 2982 ms.
2922 2929 3240 2985 Salicosano
3271 2931 3466 2987 codice
3496 2940 3710 2990 erutum

2068 3012 2318 3068 ediderat
2366 3014 2437 3082 (in
2493 3012 2705 3070 Collect.
2739 3014 2924 3071 concit.
2975 3018 3273 3088 Rotomag.,
3336 3034 3391 3091 p.
3450 3019 3592 3093 78;)
3652 3028 3712 3079 ut

2067 3108 2248 3157 autem
2279 3102 2498 3158 erudito
2528 3103 2647 3160 viro
2684 3118 2782 3160 sua
2820 3104 2940 3160 laus
2984 3106 3198 3182 integra
3236 3112 3473 3179 constet,
3505 3110 3710 3172 Prevo-

336 3169 646 3239 prazsertim
691 3184 977 3226 sermones
1024 3169 1091 3225 de
1150 3169 1465 3240 pastoribus
1512 3185 1634 3226 cum
1692 3184 1758 3227 eo
1817 3185 1977 3241 quem

2068 3193 2246 3247 tianas
2293 3192 2646 3249 distinximus
2683 3193 2770 3251 his
2816 3161 3230 3254 cbaracteribus
3260 3200 3350 3254 Pr.
3382 3161 3715 3270 dignoscan-

338 3256 534 3312 habuit
561 3258 653 3313 ille
682 3259 739 3314 in
772 3259 861 3315 die
898 3258 1038 3315 festo
1068 3260 1346 3316 cathedrae
1373 3261 1428 3316 S.
1471 3261 1617 3316 Petri
1648 3267 1977 3331 congruunt.

336 3346 459 3402 Alia
505 3362 628 3417 quae
675 3356 983 3405 consonant
1038 3347 1245 3404 referre
1301 3363 1765 3419 supervacaneum
1818 3350 1981 3406 duxi-

341 3448 483 3501 mus,
516 3443 629 3492 tum
676 3451 746 3493 ne
796 3438 991 3494 lectori
1021 3436 1298 3493 fastidium
1338 3452 1674 3509 pareremus,
1708 3444 1821 3494 tum
1853 3440 1981 3510 quia

334 3523 394 3578 id
439 3523 597 3580 facile
642 3526 926 3582 studiosus
975 3527 1307 3597 experietur.
1341 3529 1501 3583 Certe
1548 3526 1770 3583 difﬁteri
1817 3542 1980 3584 nemo

250 3631 256 3636 ·
330 3620 521 3683 potest
549 3616 679 3684 quin
728 3615 767 3670 ii
814 3616 927 3670 sint
962 3613 1195 3685 alicujus
1237 3615 1506 3686 episcopi,
1539 3616 1787 3685 loquitur
1833 3619 1979 3674 enim

329 3703 406 3757 ad
436 3704 750 3761 sacerdotes
795 3710 1052 3775 tanquam
1103 3710 1433 3774 potestatem
1462 3705 1695 3769 habens,
1737 3713 1792 3760 et
1822 3708 1980 3773 quasi

325 3791 607 3848 rationem
656 3793 723 3847 de
768 3808 952 3849 eorum
1004 3794 1269 3864 regimine
1310 3792 1650 3859 redditurus,
1684 3807 1795 3863 quo
1826 3794 1884 3849 tit
1915 3802 1975 3850 ut

327 3880 588 3951 synodici
627 3896 905 3939 sermones
943 3896 1064 3938 esse
1112 3882 1439 3948 videantur;
1474 3895 1631 3936 suum
1681 3889 1861 3937 tamen
1913 3897 1975 3938 ea

326 3969 386 4025 in
417 3984 479 4025 re
502 3969 767 4040 judicium
800 3972 999 4042 cuique
1028 3972 1101 4026 sit
1140 3971 1373 4027 liberum
1405 3985 1505 4041 per
1543 3985 1628 4026 me
1667 3971 1818 4039 licet,
1853 3973 1976 4044 qui-

326 4060 432 4119 bus
462 4060 613 4116 ducti
659 4063 998 4133 argumentis
1044 4076 1107 4117 ea
1156 4061 1420 4130 opinione
1470 4067 1774 4127 teneamur,
1806 4076 1975 4131 expo-

325 4151 505 4206 suisse
556 4151 694 4207 satis
756 4151 1041 4207 habemus.
1099 4146 1413 4214 Neminem,
1483 4149 1704 4219 opinor,
1765 4151 1974 4221 pigebit

330 4254 513 4309 operaa
559 4241 616 4295 in
662 4241 732 4295 iis
790 4240 1036 4312 legendis
1088 4240 1309 4309 positae,
1361 4252 1485 4295 cum
1536 4239 1779 4295 nondum
1838 4240 1973 4296 editi

328 4328 550 4397 fuerint,
612 4331 946 4401 monitisque
1002 4329 1284 4385 abundent
1338 4329 1562 4385 minime
1618 4336 1975 4386 contemnen-

327 4418 436 4474 dis.

2066 3280 2182 3347 das,
2217 3281 2419 3351 quibus
2453 3282 2739 3351 epistolam
2778 3284 3027 3353 ejusdem
3075 3285 3143 3341 ad
3184 3287 3244 3342 D.
3287 3287 3637 3345 Franciscum
3668 3290 3711 3346 ll

2064 3371 2520 3441 Rotomagensem
2568 3371 3044 3444 archiepiscopum
3087 3373 3453 3445 adjunximus.
3500 3379 3576 3434 De
3606 3391 3713 3435 no-

2065 3460 2193 3515 stris
2243 3460 2378 3515 nihil
2441 3460 2697 3528 dicimus,
2750 3463 2896 3517 aaris
2954 3464 3101 3518 enim
3149 3463 3291 3520 dicta
3340 3465 3610 3533 adiudicat
3660 3470 3711 3522 et

2056 3550 2248 3622 probat
2294 3555 2354 3606 nt
2400 3550 2635 3605 habetur
2680 3550 2827 3617 apud
2865 3550 2969 3606 Job
3000 3550 3118 3617 (Job
3147 3567 3224 3607 xu
3254 3556 3308 3608 et
3338 3554 3542 3623 uxrv).
3581 3556 3709 3625 Sty-

2061 3639 2148 3693 lus
2198 3638 2431 3706 simplex
2477 3638 2612 3691 nihil
2671 3636 2835 3690 habet
2880 3636 3117 3690 affectati
3175 3637 3393 3700 nitoris,
3451 3640 3547 3694 sed
3597 3654 3708 3696 non

2062 3726 2188 3780 ideo
2236 3724 2376 3779 forte
2420 3723 2599 3778 minus
2646 3722 2811 3777 rebus
2853 3722 3024 3777 sacris
3053 3723 3396 3793 exponendis
3424 3723 3705 3783 idoneus:

2063 3812 2200 3880 Quid
2230 3813 2365 3866 enim
2398 3811 2613 3882 prodest
2655 3810 2820 3867 clavis
2866 3826 3052 3878 aurea,
3082 3812 3130 3868 si
3158 3814 3367 3883 aperire
3394 3812 3537 3882 quod
3564 3814 3709 3891 υοιυτ

2058 3918 2175 3957 mus
2212 3917 2317 3956 non
2338 3901 2555 3972 potest?
2585 3906 2675 3957 aut
2713 3901 2838 3972 quid
2884 3900 3029 3958 obest
3063 3900 3237 3972 lignea
3282 3903 3329 3959 si
3365 3903 3464 3963 hoc
3484 3906 3707 3977 potest?

2057 3992 2265 4064 quando
2320 3990 2396 4046 nil
2450 4005 2736 4061 queremus
2782 3991 2886 4047 nisi
2930 3998 3112 4063 patere
3158 3992 3296 4064 quod
3350 3992 3583 4050 clausam
3630 4001 3708 4053 est

2058 4082 2130 4152 (S.
2169 4083 2411 4135 Ancnsr.
2463 4078 2563 4135 lib.
2596 4095 2652 4134 Iv
2698 4081 2776 4136 De
2823 4080 2963 4136 doct.
3014 4080 3229 4148 Christ.,
3280 4097 3332 4138 c.
3378 4080 3480 4153 ll).
3521 4083 3701 4141 Dictio

2057 4175 2208 4225 certe
2252 4169 2461 4239 placuit
2508 4169 2707 4224 amicis
2765 4170 2878 4225 sive
2917 4169 2999 4225 illi
3039 4170 3288 4247 examine
3339 4185 3448 4229 non
3480 4168 3696 4243 fallunt,

2055 4261 2168 4316 sive
2200 4259 2466 4314 charitate
2495 4257 2777 4326 falluntur,
2812 4259 3064 4330 cupimus
3091 4266 3273 4318 autem
3302 4266 3363 4318 ut
3400 4264 3589 4320 caeteri
3619 4265 3701 4321 sic

2055 4354 2336 4405 censeant.
2382 4350 2555 4404 Erunt
2602 4346 2742 4404 forte
2791 4348 2887 4417 qui
2935 4348 3141 4404 minuta
3171 4351 3334 4407 nimis
3363 4356 3419 4408 et
3446 4352 3569 4422 ipso
3598 4367 3699 4409 usu

2054 4442 2182 4496 trita
2230 4439 2508 4495 observari
2564 4442 2910 4508 querantur;
2969 4452 3157 4495 verum
3213 4442 3395 4497 omnia
3443 4442 3562 4498 haec
3625 4432 3707 4498 illi

396 4508 804 4578 Expositionem
844 4510 1186 4579 baptismatis
1234 4514 1288 4564 et
1338 4507 1694 4564 Encharistize
1744 4523 1809 4564 ex
1858 4522 1959 4565 eo-

2061 4529 2157 4586 sibi
2189 4528 2336 4585 dicta
2384 4542 2495 4585 non
2544 4500 2740 4598 putent
2779 4500 2976 4598 suique
3026 4528 3321 4596 similibus,
3352 4529 3449 4585 sed
3497 4529 3567 4585 iis
3603 4529 3699 4599 qui

325 4594 448 4651 dem
478 4598 669 4655 codice
699 4614 799 4655 ms.
833 4600 1233 4669 subjunximus.

396 4687 495 4741 His
530 4689 623 4757 qui
670 4689 738 4745 de
788 4689 1079 4758 disciplina
1126 4692 1296 4759 agunt
1337 4688 1708 4754 sermonibus,
1759 4702 1967 4759 appen—

319 4775 465 4831 dicis
511 4776 684 4832 instar
737 4778 1052 4833 induximus
1100 4778 1155 4831 in
1204 4777 1444 4831 animum
1497 4778 1739 4843 annecti,
1802 4791 1964 4846 posse

314 4870 582 4921 statutum
631 4867 895 4937 synodale
943 4868 1238 4936 Bajocense
1282 4880 1426 4921 anno
1481 4865 1616 4919 1518
1667 4866 1769 4921 sub
1812 4880 1965 4921 reve-

318 4954 494 5010 rendo
542 4955 599 5010 in
656 4956 874 5012 Christo
922 4958 1080 5011 Patre
1137 4957 1199 5010 D.
1262 4955 1539 5010 Ludovico
1596 4955 1664 5010 de
1724 4957 1963 5011 Canossa

317 5043 550 5110 editum,
592 5050 647 5101 et
695 5051 826 5102 tunc
856 5047 1002 5117 typis
1037 5045 1282 5103 Gothicis
1320 5060 1643 5106 excussum;
1691 5045 1962 5114 simulque

314 5133 655 5190 Ebroicense
702 5150 847 5190 anno
900 5135 1035 5189 1576
1092 5135 1485 5205 promulgatam
1543 5150 1573 5189 a
1624 5134 1852 5190 Claudio
1898 5135 1963 5189 de

311 5222 582 5286 Sainctes,
615 5224 709 5293 qui
739 5224 979 5280 concilio
1009 5223 1330 5279 Tridentino
1362 5223 1708 5291 interfuerat,
1745 5237 1960 5279 necnon

310 5317 369 5365 et
419 5312 742 5381 provinciali
790 5313 1177 5385 Rotomagensi
1235 5327 1378 5368 anno
1443 5312 1597 5379 1581,
1657 5315 1816 5382 cujus
1872 5328 1962 5369 ca-

308 5412 494 5456 nones
539 5400 596 5456 in
643 5401 893 5459 ordinem
941 5404 1248 5473 redegerat,
1298 5402 1600 5471 patriaeque
1652 5403 1853 5473 lingua:
1903 5402 1961 5458 in

300 5489 603 5547 mdiorum
637 5492 867 5563 gratiam
914 5491 1251 5547 reddiderat.
1294 5489 1477 5543 Virum
1526 5489 1671 5546 hunc
1702 5492 1957 5547 eximium

303 5578 524 5647 Spiritu
580 5581 676 5635 Dei
728 5581 952 5636 ductum
1007 5579 1214 5645 fuisse,
1281 5577 1585 5646 domusque
1660 5581 1779 5648 ejus
1841 5582 1959 5638 zelo

304 5673 648 5727 exaestuasse
678 5669 901 5726 decreta
933 5669 1186 5740 probant,
1219 5668 1275 5722 in
1327 5664 1529 5737 quibus
1576 5666 1778 5735 ubique
1827 5670 1960 5725 emi-

2052 4621 2191 4673 ritus
2241 4622 2464 4673 nostros
2521 4617 2746 4673 omnino
2798 4629 2909 4673 non
2963 4623 3188 4685 norunt,
3228 4623 3469 4685 suntque
3499 4622 3608 4671 tam
3639 4616 3696 4672 in

2049 4708 2256 4763 nostris
2286 4707 2531 4761 moribus
2563 4706 2862 4777 peregrini,
2893 4721 3054 4777 quam
3094 4718 3124 4760 a
3164 4710 3354 4760 nostro
3398 4706 3524 4773 jure
3562 4713 3693 4763 sunt

2048 4796 2247 4863 liberi;
2299 4795 2543 4865 cogitent
2589 4796 2898 4851 mendicum
2957 4809 3078 4851 esse
3126 4792 3412 4848 ﬂuviorum
3472 4808 3693 4852 cursum

2048 4888 2140 4957 qui
2183 4885 2475 4940 illustrium
2526 4890 2735 4941 tantum
2783 4885 2983 4942 satiare
3013 4881 3157 4937 valet
3185 4881 3461 4953 ardorem,
3498 4886 3686 4943 memi-

1996 5012 2000 5016 Α
2046 4976 2336 5044 nerintque
2383 4973 2690 5044 apostolum
2746 4988 2855 5029 non
2899 4971 3076 5025 solum
3118 4969 3347 5029 infirmis
3388 4974 3686 5039 infirmum,

2044 5064 2140 5119 sed
2190 5070 2246 5118 et
2291 5063 2546 5118 omnibus
2582 5062 2764 5118 omnia
2817 5058 3038 5114 factum.
3080 5059 3183 5116 Alii
3226 5059 3413 5118 forsan
3442 5061 3688 5131 antiquis

2044 5166 2148 5209 nos
2176 5153 2339 5207 nimis
2368 5152 2639 5207 inhaerere
2669 5149 2914 5204 moribus
2951 5151 3408 5217 criminabuntur,
3446 5149 3545 5211 sed

2230 5284 2467 5333 Moribus
2502 5278 2731 5345 antiquis
2757 5295 2839 5329 res
2872 5286 2975 5332 stat
3001 5282 3248 5332 Romane.
3271 5278 3506 5343 virisque

2044 5407 2093 5457 et
2138 5403 2255 5473 ipsa
2310 5401 2614 5471 antiquitas,
2646 5406 2705 5455 ut
2751 5399 2916 5457 habet
2965 5398 3395 5457 commentarius
3448 5399 3688 5455 Ambro-

2043 5492 2239 5547 siastes
2285 5490 2354 5560 (in
2400 5504 2518 5561 cap.
2578 5504 2639 5543 III
2689 5492 2861 5561 Epist.
2896 5492 2961 5545 II
2985 5489 3057 5545 ad
3104 5485 3370 5555 Timoth.),
3410 5486 3573 5543 robur
3609 5493 3687 5543 est

2042 5580 2305 5636 novitatis.
2340 5580 2563 5633 Veteres
2589 5590 2759 5648 porro
2797 5580 2878 5634 sic
2915 5588 3241 5633 veneramur
3288 5573 3684 5645 refer-imusque

2042 5670 2201 5734 ritus,
2233 5672 2293 5722 ut
2323 5666 2554 5723 usitatos
2601 5682 2742 5739 quos
2784 5665 3173 5739 praescripsere
3215 5663 3480 5735 praesules
3508 5664 3682 5723 nostri
