4156 6196
467 336 542 391 23

1606 330 1881 385 JOANNIS
1916 325 2336 383 ARCHIEPISC.
2376 325 2711 382 ROTOMAG.

3773 327 3846 383 24

467 473 615 517 nunc
650 471 929 515 servemus
964 455 1319 526 colamusque
1359 469 1427 511 ex
1473 455 1678 522 animo,
1712 453 1882 509 divini
1912 450 2340 511 memo-Amine
2360 452 2627 522 profectus
2672 453 2840 522 magis
2883 455 3134 523 quaritur
3178 452 3413 508 lectionis
3459 467 3615 524 quam
3658 467 3846 508 nomen

466 564 559 606 res
602 546 812 605 oraculi
854 567 867 603 :
899 548 1023 603 Non
1066 550 1364 600 contemnas
1411 558 1526 598 cum
1561 543 1789 598 senuerit
1825 546 1993 597 mater
2021 545 2113 597 tua

470 639 645 709 (Prov.
704 634 879 705 χχιιι).
937 635 993 689 Si
1035 639 1215 690 tamen
1246 632 1449 688 alicubi
1500 632 1608 686 labi
1651 631 1947 702 contigerit
1998 630 2116 702 (hoc

470 728 648 784 mines
693 725 837 781 enim
884 737 1093 790 sumus,
1138 721 1360 778 humani
1408 720 1542 776 nihil
1591 734 1621 774 a
1673 720 1834 776 nobis
1880 720 2117 775 alienum

477 814 776 885 putamus),
823 813 976 868 lubet
1042 812 1123 867 sic
1189 824 1311 865 cum
1381 810 1716 880 Hieronymo
1791 810 2117 864 denuntiare

476 905 547 975 (S.
578 906 761 969 11133.,
796 902 833 958 1.
868 918 885 956 ι
914 903 971 956 in
996 900 1181 967 Mich.,
1205 914 1255 955 c.
1289 898 1342 963 2)
1378 918 1389 952 :
1424 899 1474 952 Α
1496 896 1720 968 quolibet
1740 898 1889 969 cupio
1920 898 2122 953 discere

476 992 614 1065 quod
661 994 865 1061 ignoro,
916 989 1132 1046 libenter
1174 1003 1255 1043 me
1310 986 1618 1058 discipulum
1660 988 1770 1056 ejus
1812 986 2119 1058 proﬁtebor,

478 1081 753 1138 dummodo
801 1080 985 1135 doceat
1039 1082 1088 1132 et
1137 1091 1243 1131 non
1298 1076 1579 1141 detrahat;
1638 1074 1770 1131 nihil
1825 1077 1960 1131 enim
2016 1080 2122 1130 tam

476 1168 634 1240 facile
708 1183 861 1239 quam
930 1166 1147 1222 otiosum
1194 1164 1260 1219 de
1314 1163 1538 1220 aliorum
1594 1162 1774 1219 labore
1830 1164 2119 1235 disputare.

478 1259 764 1326 Unumque
811 1261 995 1311 votum
1049 1258 1296 1308 nostrum
1345 1254 1452 1308 erit
1495 1252 1644 1322 quod
1696 1251 1800 1308 fuit
1846 1252 2123 1323 quondam

478 1348 535 1402 S.
574 1344 860 1416 Augustini
890 1364 902 1399 :
938 1341 1123 1398 Doleat
1161 1342 1217 1396 in
1245 1356 1325 1395 me
1350 1341 1617 1412 fraternus
1648 1356 1852 1396 animus
1897 1341 1993 1409 (ait
2030 1340 2123 1397 ille

478 1435 647 1489 Deum
693 1432 982 1502 alloquens
1022 1430 1141 1495 [lib.
1192 1445 1227 1486 χ
1274 1431 1448 1501 ΟοηῙη
1481 1445 1531 1486 c.
1566 1429 1640 1499 4])
1673 1430 1810 1500 quod
1848 1428 2124 1485 dalendum

480 1521 654 1589 doces,
686 1521 891 1575 animus
936 1516 1027 1573 ille
1061 1518 1159 1573 hoc
1200 1518 1365 1589 faciat
1391 1518 1678 1588 fraternus,
1710 1533 1814 1574 non
1841 1523 2126 1575 catraneus

479 1609 625 1679 cujus
661 1623 721 1664 os
766 1607 993 1678 loquitur
1029 1608 1348 1671 vanitatem;
1399 1607 1688 1676 fraternus,
1738 1606 1825 1661 ille
1872 1609 1961 1677 qui
2013 1622 2128 1662 cum

481 1696 739 1769 approbat
784 1711 866 1751 me
911 1695 1101 1766 gaudet
1149 1695 1213 1750 de
1258 1710 1358 1762 me,
1399 1711 1515 1750 cum
1552 1700 1724 1752 autem
1760 1696 2019 1768 improbat
2047 1711 2129 1752 me

2199 541 2467 605 auctoris;
2498 545 2547 594 et
2574 541 2691 595 ideo
2738 542 2786 595 si
2810 542 3077 612 profectus
3123 547 3200 597 est
3248 544 3302 596 in
3340 541 3578 610 lectione,
3611 547 3662 597 et
3690 541 3846 597 habet

2200 628 2430 699 quisquis
2458 627 2547 682 ille
2582 633 2659 683 est
2688 629 2825 699 quod
2857 633 3027 700 potest
3074 631 3328 686 instruere
3367 630 3610 695 lecturos,
3642 631 3767 702 quid
3795 632 3846 685 ei

2201 732 2315 772 cum
2354 716 2603 772 vocabulo
2651 718 2787 788 quod
2810 719 2998 787 jucare
3041 734 3146 773 non
3176 725 3344 790 potest
3373 722 3608 775 curiosos
3628 720 3659 775 Ρ
3709 720 3845 776 Dein

2202 805 2436 861 studiosi
2500 806 2703 861 silentii
2762 806 3001 862 reddens
3056 809 3344 864 rationes:
3378 810 3575 875 Prima,
3640 809 3844 879 inquit,

2201 896 2409 950 veniens
2450 910 2485 949 a
2530 895 2777 950 mandato
2828 896 2924 950 Dei
2969 911 3069 966 quo
3112 897 3446 967 pracipimur
3492 899 3658 953 vitare
3682 899 3849 953 omni-

2203 983 2298 1038 bus
2337 982 2505 1038 modis
2560 984 2822 1039 terrestris
2870 982 3051 1053 gloria
3100 984 3402 1051 vanitatem,
3458 1001 3521 1041 ne
3576 986 3698 1041 dum
3752 986 3854 1041 hu-

2203 1086 2372 1128 mana
2425 1070 2598 1127 laudis
2651 1070 2893 1127 auratam
2955 1073 3231 1143 quarimus
3249 1115 3265 1140 ,
3320 1074 3588 1144 pramium
3646 1073 3852 1130 caleste

2199 1161 2502 1233 perdamus.
2561 1160 2813 1216 Secunda
2869 1175 3032 1216 causa
3064 1181 3076 1217 :
3108 1160 3321 1218 Scilicet
3375 1177 3441 1217 ne
3486 1164 3848 1219 auctoritatem

2204 1250 2502 1308 salubribus
2541 1250 2750 1321 scriptis
2799 1264 3040 1320 persona
3090 1265 3201 1306 sua
3249 1252 3490 1322 paruitas
3550 1252 3847 1321 derogaret,

2207 1342 2380 1398 omnia
2426 1354 2560 1395 enim
2607 1338 2795 1394 amodo
2844 1338 2985 1394 dicta
3035 1342 3170 1395 tanti
3206 1340 3594 1409 existimantur,
3626 1347 3850 1412 quantus

2207 1437 2282 1487 est
2311 1431 2422 1501 ipse
2455 1430 2544 1500 qui
2590 1428 2747 1484 dicit.
2780 1427 3049 1498 Siquidem
3091 1432 3199 1483 tam
3240 1428 3519 1484 imbecillia
3555 1435 3674 1484 sunt
3710 1429 3852 1499 judi-

2207 1522 2293 1576 cia
2337 1518 2487 1588 hujus
2533 1518 2797 1589 temporis,
2838 1531 2903 1571 ac
2942 1531 3076 1587 pene
3123 1520 3231 1571 tam
3277 1516 3444 1586 nulla,
3479 1522 3532 1572 ut
3561 1519 3650 1589 qui
3678 1518 3853 1588 legunt

2206 1623 2311 1663 non
2348 1613 2455 1663 tam
2502 1605 2824 1661 considerent
2872 1603 2993 1674 quid
3040 1603 3214 1672 legant
3261 1619 3417 1674 quam
3462 1606 3609 1675 cujus
3655 1606 3851 1675 legant,

2207 1702 2437 1752 nectam
2465 1694 2708 1751 dictionis
2753 1693 2855 1747 vim
2902 1699 3057 1763 atque
3098 1692 3336 1747 virtutem
3388 1709 3542 1764 quam
3579 1695 3854 1752 dictatoris

482 1786 819 1842 contristatur
862 1799 960 1855 pro
991 1800 1091 1851 me,
1122 1784 1245 1855 quia
1290 1785 1401 1838 sive
1436 1783 1687 1856 approbet
1731 1800 1833 1848 me,
1878 1786 1986 1840 sive
2032 1778 2191 1840 ἐπι-Β
2212 1787 2433 1856 cogitent
2461 1785 2782 1854 dignitatem.
2834 1781 3039 1836 Idcirco
3086 1781 3247 1850 igitur
3272 1782 3497 1852 scriptor
3522 1781 3611 1837 ille
3640 1783 3857 1838 abscon-

476 1874 663 1946 probet
690 1890 790 1941 me,
830 1873 999 1944 diligit
1046 1889 1145 1929 me.
1178 1873 1451 1929 Prolixam
1494 1876 1606 1943 jam
1659 1875 1795 1930 satis
1842 1874 2131 1945 praefatio-

485 1976 609 2019 nem
640 1976 751 2019 non
781 1963 904 2018 aliis
928 1977 1091 2032 quam
1121 1962 1356 2017 Salviani
1394 1963 1576 2018 verbis
1600 1965 1752 2033 juvat
1795 1965 2129 2022 concludere

490 2057 759 2127 (Sanun.
820 2053 875 2107 in
929 2053 1081 2123 epist.
1139 2051 1211 2107 ad
1259 2050 1547 2121 Salonium}
1610 2073 1627 2106 :
1680 2054 1923 2125 Requiret
1976 2056 2134 2125 forsi-

486 2150 578 2201 tan
619 2142 811 2212 aliquis
857 2141 972 2212 quis
1028 2139 1116 2195 ille
1156 2144 1340 2196 auctor
1379 2141 1448 2195 sit
1496 2162 1512 2195 :
1560 2146 1729 2213 potest
1774 2143 1872 2198 hoc
1928 2145 2133 2215 quidem

487 2232 669 2304 quati,
699 2235 749 2286 et
777 2235 914 2285 recte
961 2230 1208 2300 quaritur
1252 2230 1301 2284 si
1335 2230 1599 2299 inquisitio
1647 2228 1784 2286 ualet
1813 2232 1883 2287 ad
1908 2233 2133 2301 fructum

488 2320 711 2392 aliquem
753 2321 1044 2389 peruenire.
1094 2319 1347 2374 Caterum
1390 2318 1439 2372 si
1488 2318 1815 2389 infructuosa
1864 2326 1961 2387 est,
2008 2323 2133 2393 quid

485 2423 695 2465 necesse
723 2411 800 2462 est
837 2412 892 2463 ut
921 2406 1121 2461 laboret
1164 2407 1441 2462 curiositas
1478 2423 1594 2462 cum
1628 2410 1917 2479 profectum
1962 2412 2133 2466 curio-

487 2499 663 2554 sitatis
689 2512 795 2552 non
818 2497 886 2552 sit
913 2496 1158 2551 habitura
1203 2497 1426 2565 cognitio
1457 2496 1488 2551 ?
1532 2500 1598 2552 In
1636 2499 1775 2552 omni
1811 2499 1943 2554 enim
1990 2500 2132 2556 volu-

2214 1877 2269 1932 di
2297 1881 2345 1931 et
2375 1874 2583 1930 latitare
2621 1870 2856 1927 omnibus
2900 1870 3067 1925 modis
3103 1869 3285 1937 voluit,
3314 1884 3380 1925 ne
3423 1872 3621 1943 scripta
3660 1888 3774 1943 qua
3800 1874 3857 1928 in

2210 1980 2269 2020 se
2309 1962 2497 2018 habent
2536 1960 2816 2032 plurimum
2859 1957 3207 2025 salubritatis,
3256 1960 3459 2014 minora
3508 1960 3734 2030 forsitan
3759 1961 3855 2031 ﬂe-

2212 2058 2326 2108 rent
2368 2065 2467 2123 per
2511 2065 2703 2105 nomen
2732 2047 2982 2103 auctoris.
3026 2049 3246 2102 Demum
3298 2047 3386 2102 his
3419 2048 3605 2103 verbis
3631 2063 3754 2103 cum
3787 2063 3855 2106 eo

2196 2140 2615 2206 .concludimus,
2646 2145 2703 2194 et
2748 2137 3011 2193 lectorem
3069 2149 3357 2205 precamur
3409 2140 3465 2191 ut
3520 2142 3633 2192 oret
3685 2138 3860 2193 Domi-

2212 2246 2334 2286 num
2402 2230 2566 2284 Deum
2610 2232 2863 2293 nostrum,
2910 2230 2960 2280 et
3008 2225 3209 2280 orando
3264 2225 3498 2296 impetret
3542 2231 3598 2281 ut
3655 2225 3859 2282 libellus

2211 2335 2307 2392 pro
2365 2318 2585 2374 ecclesia
2641 2316 2834 2373 Christi
2890 2315 3212 2386 conscriptus
3270 2318 3466 2369 tantum
3505 2315 3646 2387 apud
3693 2317 3860 2371 Deum

2212 2408 2456 2480 scriptori
2482 2422 2576 2462 suo
2605 2405 2792 2477 prosit,
2833 2408 3077 2474 quantum
3125 2418 3239 2459 eum
3265 2404 3517 2475 prodesse
3558 2406 3671 2475 ipse
3699 2405 3862 2459 omni-

2215 2499 2309 2555 bus
2337 2498 2495 2569 cupit.
2528 2495 2677 2551 Vale.

1198 2831 1549 2887 ELENCHUS
1586 2833 1816 2888 EORUM
1854 2834 2009 2900 ρυλε
2044 2833 2113 2888 ΙΝ
2153 2834 2285 2890 HOC
2324 2832 2667 2889 VOLUMINE
2703 2827 3176 2885 CONTINENTUR

497 3007 716 3064 Ioannis
761 3004 1098 3060 Abi-incensis
1144 3004 1375 3076 episcopi
1429 3002 1562 3059 liber
1609 3008 1684 3060 De
1733 3006 1922 3074 ofﬁciis
1978 3002 2141 3058 eccle-
2161 3007 2205 3064 C
2227 3006 2523 3063 Benedictio

566 3076 816 3143 siasticis,
846 3090 969 3147 pag.
1019 3076 1066 3128 l.

499 3144 900 3205 Observationes
920 3144 989 3201 ad
1022 3145 1253 3201 eumdem
1279 3144 1487 3213 librum,
1526 3144 1615 3202 88.

499 3216 743 3289 Epistola
779 3219 846 3273 D.
887 3217 1106 3273 Joannis
1146 3218 1386 3289 _Prevotii
1440 3217 1506 3273 de
1551 3217 1733 3289 eodem
1779 3217 2027 3289 librouad
2075 3218 2142 3272 D.

572 3289 912 3346 Franciscum
932 3290 994 3344 II
1020 3286 1288 3342 Harlaum
1316 3290 1590 3356 Rotomag.
1623 3288 1878 3356 archiep.,
1915 3287 2034 3343 157.

502 3360 773 3416 Processio
821 3356 1138 3414 cathedralis
1184 3358 1416 3414 ecclesia
1458 3359 1531 3414 ad
1583 3358 1640 3417 S.
1684 3356 1995 3415 Gildardum
2030 3360 2145 3413 Do-

573 3430 763 3487 minica
792 3430 846 3485 in
875 3430 1051 3485 Hamis
1078 3428 1391 3500 palmarum,
1427 3428 1547 3486 159.

503 3502 776 3559 Processio
808 3516 878 3557 an
905 3501 968 3557 S.
1010 3499 1313 3556 Audoenum
1342 3501 1397 3555 in
1422 3501 1553 3571 festo
1584 3501 1647 3557 S.
1688 3501 1901 3571 Marci,
1920 3499 2040 3571 163.

508 3572 778 3629 Processio
806 3573 877 3628 ad
908 3572 966 3627 S.
1008 3571 1236 3640 Eligium
1257 3572 1398 3642 feria
1426 3570 1461 3623 2
1487 3572 1850 3641 Rogationum,
1888 3570 2006 3626 165.

504 3643 777 3701 Processio
808 3642 879 3701 ad
908 3644 970 3700 S.
995 3640 1303 3699 Geruasium
1329 3643 1467 3714 feria
1494 3642 1530 3697 3
1558 3640 1921 3712 Rogationum,
1960 3640 2078 3696 169.

504 3716 777 3774 Processio
825 3715 925 3789 ad“
943 3715 1007 3770 S.
1053 3714 1355 3769 Trinitatem
1404 3714 1469 3769 de
1513 3717 1693 3772 Monte
1735 3715 1873 3785 feria
1923 3713 1959 3766 4
1987 3716 2158 3784 Roga-
2236 3717 2484 3789 Ejusdem
2504 3718 2734 3789 auctoris
2748 3716 3006 3787 expositio
3027 3717 3316 3789 divinorum
3336 3732 3366 3773 ο

578 3790 793 3853 lionum,
838 3786 959 3838 171.

508 3858 779 3914 Processio
808 3856 863 3909 in
890 3856 1207 3909 Ascensione
1243 3854 1464 3919 Domini,
1502 3854 1620 3909 172.

509 3926 781 3983 Processio
809 3926 866 3978 in
891 3924 1023 3993 festo
1054 3925 1304 3994 Corporis
1333 3923 1544 3990 Christi,
1592 3923 1710 3981 173.

510 3995 783 4053 Processio
802 3994 874 4050 ad
892 3995 955 4050 S.
987 3995 1294 4076 4udoenum
1321 3995 1375 4048 in
1367 3994 1523 4119 (festo
1543 3995 1990 4077 ejusdemisancti,
2039 3995 2159 4050 174.

512 4069 831 4119 Fraamenta
896 4065 1157 4119 ordinarii
1217 4065 1366 4119 cathe
1404 4064 1535 4119 ralis
1607 4064 1839 4119 ecclesia
1920 4068 2159 4119 Rotoma-

512 4069 836 4136 Fragmenta
882 4065 1157 4136 ordinarii
1217 4065 1366 4120 cathe

584 4134 778 4208 gensis,
821 4134 944 4208 175.

514 4206 815 4266 Benedictio
863 4207 1176 4274 chrismatis,
1224 4206 1342 4263 184.

516 4279 849 4345 laudatum,
879 4293 974 4333 seu
996 4277 1120 4333 lotio
1148 4279 1355 4349 pedum,
1404 4278 1523 4333 186.

518 4350 759 4423 Ofﬁcium
786 4348 1256 4423 diei_1’_aracesues,
1299 4348 1417 4406 188.

818 4419 1021 4502 publice
1050 4421 1436 4502 paenitentiam,
1475 4419 1595 4475 193.

519 4490 893 4552 Reéoncilialio
922 4490 1294 4557 panilentium,
1341 4491 1461 4546 195.

520 4507 893 4552 [reconciliatio
905 4507 955 4618 ἆ)

520 4567 707 4623 Sermo
756 4563 903 4619 archi
941 4563 959 4617 i

591 4635 857 4692 ciliatione
881 4633 1254 4698 paenitentiam,
1301 4633 1420 4690 196.

528 4706 727 4789 inbuta
746 4721 848 4789 ριξε

951 4705 1017 4761 lis
1039 4719 1194 4778 cereo
1218 4704 1461 4778 paschali
1487 4706 1678 4778 amca,
1729 4704 1845 4778 198.

528 4776 859 4833 Caremonia
901 4777 1143 4901 quadam
1199 4790 1269 4830 ea:
1315 4776 1585 4834 ordinario
1618 4776 1868 4834 Ecclesia
1894 4779 2168 4847 Rotomag.

601 4860 714 4901 aua
740 4863 846 4901 non
872 4863 901 4901 o
936 4852 1231 4901 servantur.
1271 4846 1396 4901 200.

634 4860 714 4899 ua
740 4863 846 4901 non
872 4846 1231 4914 observantur,
1271 4846 1396 4902 200.

530 4915 771 4987 Ofﬁcium
796 4917 1051 4987 infantum
1076 4921 1132 4975 in
1157 4919 1242 4975 die
1264 4919 1643 4987 Innocentium,
1679 4918 1804 4974 202.

634 4861 714 4899 ua
740 4863 846 4901 non
872 4861 1231 4914 observantur,
1271 4861 1396 4902 zuu.

531 4916 577 4974 Ο
673 4915 771 4969 'um
796 4917 1051 4984 infantum
1076 4921 1132 4975 in
1157 4919 1242 4975 die
1264 4919 1643 4987 Innocentium,
1679 4918 1804 4974 202.

531 4988 578 5045 0
637 4986 773 5067 cium
794 4985 979 5053 stella,
1009 5006 1101 5045 seu
1118 4993 1273 5047 trium
1291 5004 1488 5059 regum,
1519 5005 1633 5045 cum
1651 4995 1826 5057 cantu,
1866 4989 1993 5046 206.

533 5060 580 5116 Ο
639 5071 775 5112 ctum
831 5057 1075 5129 sepulcri
1146 5062 1428 5117 Dominica
1515 5061 1928 5117 Resurrectionis
1944 5106 1963 5129 ,

606 5124 783 5196 cantu,
823 5124 950 5181 211.

536 5201 813 5257 Ordinatio
844 5197 1092 5269 episcopi,
1131 5198 1255 5254 215.

536 5272 767 5329 Nomina
795 5268 1147 5341 vocandoi‘um
1174 5274 1878 5341 etexcommunicandorum,
1917 5273 2043 5330 224.

537 5341 761 5413 Manilio
790 5340 1017 5413 episcopi
1038 5339 1125 5413 ad
1154 5339 1492 5413 ordinandas,
1531 5346 1657 5403 225.

538 5411 840 5469 Benedictio
870 5411 1074 5468 abbatis
1100 5411 1485 5481 monachorum,
1523 5415 1649 5475 228.

543 5481 845 5540 Benedictio
875 5482 1082 5539 abbatis
1107 5483 1493 5551 canonicorum,
1532 5486 1657 5543 237.

546 5551 848 5611 Benedictio
873 5552 1185 5627 episcopalis
1218 5554 1279 5608 in
1300 5552 1557 5611 solutione
1578 5558 1787 5629 synodi,
1823 5555 1952 5615 244.

1029 5062 1075 5113 ri
1146 5062 1428 5117 Dominica
1515 5061 1928 5117 Resurrectionis
1944 5106 1963 5130 ,

962 4563 1115 4617 aconi
1139 4563 1216 4636 ad
1259 4563 1489 4636 archiep.
1532 4565 1805 4633 Rotomag.
1844 4578 1941 4636 pro
1986 4579 2170 4620 recon-

2062 5076 2178 5119 cum

2294 3006 2523 3063 medictio
2577 3004 2892 3130 egocopalis
2929 3005 2999 3060 ad
3046 3006 3256 3060 missam
3285 3006 3340 3059 in
3368 3011 3519 3060 nocte
3565 3007 3875 3063 Nativitatis

2294 3078 2523 3132 Domini.
2562 3076 2596 3129 2
2673 3116 2689 3132 .

2345 3093 2523 3145 omini,
2562 3093 2689 3132 245.

2224 3149 2546 3275 Βεέιῶἀίσέιῖϐ
2586 3146 2897 3220 episcopalis
2954 3147 3024 3203 ad
3088 3147 3303 3202 missam
3350 3148 3407 3202 in
3456 3147 3693 3206 Sabbato
3751 3166 3876 3206 san-

2297 3234 2400 3286 cto,
2439 3234 2565 3273 τωο.

2236 3292 2387 3346 Vetus
2415 3291 2543 3347 ordo
2574 3291 2645 3347 ad
2684 3290 3055 3346 instituendum
3098 3291 3403 3361 canonicum
3450 3305 3563 3361 reg.
3605 3293 3662 3346 in
3704 3292 3873 3348 eccle-

2298 3362 2381 3416 sia
2418 3363 2481 3419 S.
2520 3361 2691 3418 Laudi
2728 3361 3140 3430 Rotomagensis,
3181 3360 3306 3417 247.

2230 3433 2569 3489 Ordinarium
2632 3437 2776 3488 vetus
2817 3433 3185 3488 canonicorum
3230 3432 3549 3500 regular-ium
3593 3434 3656 3491 S.
3708 3435 3881 3491 Laudi

2302 3506 2715 3574 Rotomagensis,
2755 3503 2882 3557 254.

2235 3576 2511 3646 Expositio
2557 3575 2742 3646 incerti
2786 3574 3016 3646 auctoris
3069 3589 3227 3646 super
3271 3576 3528 3631 Cononem
3574 3576 3743 3631 missa
3801 3592 3882 3632 se-

2306 3643 2528 3701 cundum
2555 3645 2902 3711 Amalarium,
2941 3643 3037 3698 361
3054 3689 3066 3702 .

3367 3718 3640 3788 ﬂiciorum,
3678 3715 3807 3773 385.

2238 3787 2498 3844 Fundatio
2545 3790 2605 3844 Χ
2645 3787 2949 3843 clericorum
2988 3788 3194 3857 collegii
3222 3789 3286 3843 de
3314 3787 3542 3845 Albania
3570 3789 3625 3843 in
3661 3788 3882 3845 ecclesia

2310 3858 2603 3913 cathedrali
2619 3860 2894 3927 Rotomag.
2930 3873 3068 3912 anno
3103 3858 3257 3925 1245,
3297 3858 3420 3912 422.

2242 3929 2502 3984 Fundatio
2546 3944 2638 3983 xvr
2703 3928 3007 3983 clericorum
3080 3928 3285 3996 collegii
3356 3929 3787 3988 Clementinorum
3830 3933 3886 3987 in

2314 3999 2496 4054 eadem
2524 3998 2743 4054 ecclesia
2775 4014 2910 4055 anno
2957 3998 3110 4067 1350,
3149 3999 3273 4054 432.

1404 4064 1535 4120 ralis
1607 4064 1839 4121 ecclesia
1920 4068 2164 4122 Roloma-
2243 4069 2428 4153 §ermo
2454 4069 2489 4153 1
2520 4070 2593 4153 ad
2614 4068 2862 4153 populum
2893 4070 2974 4153 de
2998 4064 3347 4153 .honorgndis
3376 4070 3717 4153 presbyteris:

2246 4139 2425 4214 sermo
2453 4140 2490 4214 2
2517 4141 2590 4214 ad
2612 4139 2853 4214 pastores
2880 4139 3153 4214 Ecclesia,
3176 4142 3240 4197 de
3260 4139 3430 4212 ofﬁcio
3451 4139 3728 4214 pastorali.
3757 4144 3885 4200 453.

2245 4211 2431 4267 Sermo
2455 4209 2491 4263 3
2521 4211 2592 4267 ad
2613 4209 2936 4279 sacerdotes,
2977 4211 3103 4266 459.

2250 4283 2435 4338 Sermo
2464 4281 2499 4333 4
2527 4282 2599 4337 ad
2626 4283 2946 4351 sacerdotes,
2985 4283 3113 4337 465.

2177 4328 2232 4387 D
2464 4328 2597 4407 ἑᾶἇ
2621 4328 2946 4421 Ξᾶἑὲἱηᾶἇὶἔεῗξ
2979 4328 3107 4410 ἐξὲξ

2248 4426 2433 4481 Sermo
2461 4422 2497 4476 6
2526 4423 2897 4491 desacerdote,
2939 4424 3066 4478 481.

2248 4495 2527 4566 Expositio
2556 4493 2881 4566 baptismatis
2908 4501 2957 4550 et
2988 4496 3334 4565 eucharistia,
3373 4497 3499 4554 488.

2251 4567 2520 4641 Synodus
2547 4567 2871 4641 Bajocensis_
2893 4582 3030 4623 anno
3095 4567 3248 4635 1518,
3297 4567 3563 4625 celebrata
3590 4584 3688 4641 per
3722 4572 3786 4627 R.
3826 4572 3890 4627 Ρ.

2325 4637 2641 4763 ιιιάουᾶσωῖῑ
2698 4638 2763 4693 de
2836 4639 3092 4707 Canossa,
3156 4641 3495 4708 Bajocensem
3576 4637 3892 4713 episcopum.

2325 4723 2492 4763 annen
2534 4748 2548 4761 .
2631 4752 2644 4763 .

2323 4723 2548 4779 appena.
2600 4723 2644 4779 ι.

2251 4778 3085 4867 δηίείξιειςἝὺνξίρειιειτμφῖιηρ
3157 4779 3315 4867 £5276.
3350 4780 3530 4838 ἰαδεια
3576 4799 3671 4867 ρετ
3717 4785 3782 4839 R-
3828 4785 3892 4840 P-

2326 4849 2600 4926 Claudium
2677 4851 2747 4907 de
2820 4851 3086 4918 Sainctes,
3151 4849 3518 4910 Ebroicensem
3576 4849 3898 4926 episcopum,

2262 4921 2775 5065 Ep‘igttolagoejusdem
2833 4992 2904 5048 ad
2960 4991 3368 5049 illustrissimum
3423 4995 3744 5053 cardinalem
3794 4999 3904 5055 Ca-

2311 5062 2480 5189 rga»:
2548 5078 2582 5119 a
2646 5063 2907 5119 Borbonto
2954 5065 3380 5134 Rotomagensem
3437 5068 3902 5141 archiepiscopum,

2259 5206 2455 5278 Forma
2490 5204 2827 5278 professionis
2849 5204 3035 5278 decani
3067 5206 3285 5275 ruralis,
3325 5222 3447 5278 app.
3489 5207 3579 5265 59.

2262 5274 2419 5358 Bulla
2453 5274 2651 5358 Urbani
2673 5290 2829 5358 papa
2848 5276 2913 5331 de
2932 5278 3200 5358 ordinibus
3228 5274 3638 5358 el_résidentia,
3647 5295 3771 5358 app.
3810 5281 3904 5338 60.

2264 5347 2475 5423 Dittera
2512 5346 2752 5423 Gregorii
2774 5362 2930 5423 papa
2954 5351 3015 5405 X
3037 5364 3194 5421 super
3211 5349 3409 5423 eodem,
3441 5365 3565 5423 app.
3594 5346 3697 5423 761}

2265 5416 2591 5491 ceremonies
2634 5418 2722 5488 qui
2774 5416 3113 5477 s’observent'
3137 5436 3202 5476 en
3256 5420 3454 5491 l’eglise
3474 5416 3487 5422 ’
3500 5416 3802 5478 cathedrale
3841 5420 3909 5477 de

2338 5489 2628 5612 gg’uenclen
2694 5493 2944 5561 presence
3006 5492 3073 5548 de
3126 5489 3487 5560 monseigneur
3530 5491 3911 5564 l’archeueque,
