4156 6196
386 423 457 475 27
1028 398 1031 403 λ
1523 424 1793 479 JOANNIS
1830 422 2248 478 ARCHIEPISC.
2288 398 2616 479 acroma.
3689 419 3758 474 28

462 552 617 605 Anno
647 552 716 607 ab
748 551 1125 610 incarnatione
1155 550 1370 609 Domini
1398 548 1533 604 1079
1550 551 1787 620 Joannes
1813 546 2095 620 archie-A
2184 547 2757 620 Ecclesiwiminuuutur
2786 561 2928 620 opes,
2960 560 3113 602 socer
3141 546 3282 620 ordo
3299 546 3532 618 tepescit,

387 620 653 690 piscopus
690 631 883 679 octavo
925 624 1259 689 [undecimo]
1303 636 1446 677 anno
1478 617 1761 690 regiminis
1798 617 1884 690 sui
1922 618 2026 673 de-

387 687 608 747 functus
640 699 740 761 est,
774 701 829 749 et
858 687 935 749 inv
962 695 1285 764 baptisterio
1336 687 1574 764 basilica:
1607 687 1672 741 ad
1716 689 2032 764 aquilonem

391 764 689 832 tumulatus
728 759 830 819 est.
867 759 1271 821 Monumentum
1305 766 1421 832 ejus
1457 760 1540 830 (1)
1579 774 1655 832 ex
1682 759 1808 815 albo
1851 760 2032 832 lapide

390 831 590 915 factum
642 841 744 901 est,
792 836 846 890 in
896 852 1005 906 quo
1050 829 1365 907 hujusmodi
1415 829 1751 901 epitaphium
1801 831 2036 886 solcrtcr

389 912 655 960 insertum
689 913 789 962 est.

461 1010 801 1081 Metropolim
831 1017 946 1067 tuus
966 1014 1110 1081 jacet
1140 1013 1241 1078 hic,
1270 1012 1394 1066 urbs
1422 1012 1839 1081 Rotomagensis,

535 1080 767 1137 Culmina
795 1083 859 1137 de
886 1080 1080 1138 summo
1111 1099 1208 1153 quo
1240 1084 1487 1137 moriente
1514 1084 1625 1138 ruis
1647 1104 1663 1137 :

466 1185 552 1259 (ι)
595 1188 768 1258 Hujus
798 1189 1003 1244 nullum
1038 1189 1205 1246 hodie
1236 1190 1455 1245 videtur
1482 1190 1791 1260 vestigium.

2256 619 2484 674 Provida
2511 618 2713 687 relligio
2743 617 2892 688 quem
2917 633 3015 673 sua
3044 617 3324 673 constituit.

2186 690 2288 744 Hic
2314 689 2547 759 neglecta
2575 690 2664 744 diu
2692 704 2947 744 canonum
2975 689 3184 743 decreta
3206 690 3516 758 reformans,

2262 763 2492 815 Instituit
2522 766 2664 816 caste
2692 761 2862 832 vivere
2886 760 3236 832 presbyteros.

2192 833 2339 889 Dona
2374 832 2467 886 Dei
2494 832 2588 885 sub
2619 847 2676 885 eo
2707 830 2913 885 venatio
2945 830 3087 901 nulla
3113 834 3280 901 fuere,

2260 903 2396 956 Huic
2424 906 2473 956 et
2501 918 2623 972 opes
2654 902 2832 969 largas
2861 900 3073 957 contulit
3101 900 3350 956 ecclesiae.

2189 975 2392 1040 Lingua
2420 974 2637 1034 diserta,
2669 988 2846 1040 genus,
2876 974 3155 1043 sapientia,
3185 972 3363 1027 sobria
3392 972 3499 1026 vita

2261 1046 2397 1099 Huic
2422 1045 2539 1114 fuit,
2573 1045 2793 1112 exiguus
2823 1059 2970 1114 quem
2997 1045 3121 1111 tegit
3150 1045 3253 1098 iste
3271 1043 3427 1114 lapis,

2191 1118 2349 1171 Nona
2377 1115 2488 1170 dies
2517 1114 2835 1186 Septembris
2861 1120 2995 1181 erat,
3026 1130 3140 1169 cum
3168 1129 3328 1169 carne
3360 1116 3599 1169 Joannes

2260 1185 2606 1258 Exspatiatus
2635 1186 2740 1242 obit
2766 1207 2782 1240 :
2812 1188 2882 1242 sit
2911 1186 3011 1240 sibi
3037 1200 3163 1241 uera
3192 1186 3357 1257 quies.
3386 1185 3571 1241 Amen.

1687 1481 2471 1623 JOANNIS

1349 1734 2169 1833 ABRINCENSIS
2254 1731 2813 1831 EPISCOPI

1936 1944 2237 2033 LIBER

846 2132 1067 2254 DE
1161 2130 1879 2257 OFFICIIS
1989 2125 3321 2256 ECCLESIASTICIS

1232 2366 1320 2420 ΑΙ)
1357 2365 1736 2421 MAURILIUM
1773 2364 2311 2420 ROTOMAGENSEM
2347 2362 2927 2418 ARCHIEPISCOPUM

478 2652 494 2724 Ι
542 2664 627 2736 (1)
662 2652 889 2723 Domino
919 2683 1046 2725 vere
1083 2675 1296 2737 sancto,
1328 2676 1384 2726 ct
1431 2670 1643 2727 meritis
1687 2668 2034 2734 honorando,
2058 2651 2552 2740 BCarthaginense
2592 2660 2639 2729 3
2680 2666 2975 2723 concilium
3026 2664 3132 2736 (1v,
3172 2678 3223 2720 c.
3263 2634 3333 2718 44
3362 2648 3417 2719 et
3453 2662 3549 2733 45)
3601 2676 3771 2720 cano-

348 2798 357 2803 -
396 2756 668 2811 Mannum
714 2759 1013 2813 venerabili
1067 2758 1179 2830 (2),
1211 2765 1415 2817 sanctae
1468 2760 1889 2830 Rotomagensis
1942 2761 2046 2815 Ec-

394 2843 580 2900 clesia:
636 2846 1078 2916 archiepiscopo,
1145 2847 1230 2919 (3)
1299 2852 1538 2904 Joannes
1601 2849 2041 2914 Abrincacensis,

394 2932 635 2988 omnium
694 2934 1079 3003 episcoporum
1139 2937 1350 2992 meritis
1409 2937 1645 3003 inﬁmus,
1698 2951 1931 3007 corpore
1989 2941 2043 2989 et

394 3022 592 3090 spiritu
625 3021 793 3076 totius
823 3022 1154 3079 obedientiaz
1187 3039 1402 3080 munus.

467 3109 733 3175 Quoniam
782 3117 891 3165 tua;
950 3113 1297 3179 paternitatis
1343 3113 1687 3168 sanctitatem
1736 3113 1805 3168 de
1858 3112 2040 3168 eccle-

396 3197 636 3251 siasticae
687 3197 971 3268 dignitatis
1020 3199 1269 3268 profectu
1313 3215 1533 3270 semper
1578 3200 1891 3268 sollicitam,
1925 3203 2044 3269 ejus

396 3285 552 3354 lapsu
602 3286 770 3342 nimio
820 3301 1055 3344 maerore
1094 3289 1256 3356 afﬁci,
1289 3290 1608 3361 sazpissimis
1654 3289 1784 3346 inde
1832 3305 2041 3346 mecum

397 3372 601 3452 habyis
631 3375 1033 3444 quaestionibus
1072 3380 1355 3447 comperi;
1408 3376 1624 3448 hocque
1654 3378 1903 3435 dolorem
1943 3378 2040 3435 tibi

396 3470 751 3533 augmentare
808 3468 927 3535 ejus
982 3469 1330 3536 reparatione
1388 3469 1660 3539 ﬂagranti,
1711 3469 1859 3538 quod
1897 3470 2042 3524 vires

397 3551 464 3608 ad
523 3551 630 3608 hoc
685 3560 793 3609 tuae
850 3554 1196 3611 subtraxerat
1260 3556 1609 3612 imbecillitas
1675 3557 2039 3627 aegritudinis,

395 3641 635 3712 parvitas
665 3656 783 3698 mea
830 3648 939 3700 tuae
989 3645 1348 3702 sanctissimae
1388 3639 1435 3706 2
1476 3645 1688 3716 optioni
1735 3646 2039 3718 suifragari,

397 3744 508 3787 non
566 3732 752 3802 aliquo
808 3732 949 3789 fastu
1006 3749 1290 3802 succensa,
1346 3732 1443 3792 sed
1511 3736 1599 3804 pia
1661 3736 2042 3805 compassione

397 3825 669 3875 commota
703 3822 934 3889 appetiit
968 3842 979 3876 :
1032 3828 1091 3877 ut
1120 3823 1268 3891 quod
1318 3823 1711 3893 negligentium
1762 3832 2039 3892 pastorum

2126 2760 2250 2813 nice
2307 2760 2599 2814 observare
2646 2778 2658 2812 :
2710 2757 2943 2821 scilicet,
2994 2760 3054 2809 ut
3109 2754 3297 2809 clerici
3357 2765 3612 2818 coronas,
3662 2765 3771 2809 non

2126 2849 2444 2912 absconsas,
2477 2847 2572 2902 sed
2624 2852 2874 2914 patentes
2919 2844 3192 2897 habeant:
3228 2839 3293 2909 (6)
3322 2839 3488 2894 variis
3527 2852 3629 2894 nec
3668 2854 3769 2896 ru-

2126 2935 2244 2989 beis
2274 2940 2499 2990 utantur
2528 2933 2886 2999 indumentis,
2920 2930 3110 2999 cappis
3138 2929 3194 2984 in
3226 2927 3461 2985 ecclesia
3492 2941 3771 2998 nunquam

2126 3022 2231 3077 nisi
2280 3023 2471 3093 nigris.
2523 3023 2700 3078 Unum
2750 3026 2986 3088 tempus,
3023 3023 3077 3083 et
3115 3031 3222 3073 una
3270 3015 3390 3073 dies
3435 3015 3510 3071 sit
3555 3031 3775 3088 semper

2126 3112 2207 3166 eis
2262 3111 2513 3167 radendi.
2565 3110 2703 3165 Huic
2761 3113 3039 3178 praecepto
3095 3105 3423 3163 inobediens
3478 3105 3771 3162 districtim

2125 3202 2406 3270 subjaceat
2453 3199 2813 3270 correptioni.
2860 3198 2946 3271 ('7)
2988 3197 3143 3265 Quod
3192 3201 3358 3265 caput
3405 3200 3654 3251 nostrum
3704 3210 3769 3252 ex

2124 3291 2427 3360 apostolica
2496 3290 2747 3347 doctrina
2812 3290 2868 3344 in
2935 3286 3211 3358 superiori
3284 3290 3438 3355 parte
3505 3285 3766 3354 radimus,

2122 3381 2427 3451 superﬂuas
2457 3379 2894 3449 temporalesque
2927 3376 3291 3447 cogitationes
3319 3375 3388 3429 de
3420 3380 3622 3442 mente,
3645 3390 3769 3445 quae

2124 3484 2224 3539 per
2247 3476 2412 3539 caput
2441 3468 2783 3539 exprimitur,
2826 3480 3075 3523 resecare
3109 3465 3385 3534 jubemur.
3424 3464 3510 3534 (8)
3548 3466 3649 3519 Per
3677 3477 3769 3521 co-

2124 3573 2315 3615 ronam
2345 3559 2688 3629 capillorum,
2722 3571 2882 3627 quam
2913 3557 2969 3611 in
3000 3554 3248 3611 inferiori
3279 3558 3434 3625 parte
3465 3559 3761 3624 portamus,

2124 3648 2468 3717 temporalia,
2502 3648 2622 3702 sine
2652 3647 2854 3716 quibus
2882 3658 3128 3715 praesens
3145 3645 3255 3699 vita
3282 3656 3394 3699 non
3425 3642 3762 3712 transigitur,

2125 3737 2388 3794 concordi
2438 3737 2648 3792 ratione
2698 3749 2908 3807 regere,
2942 3739 2998 3790 et
3025 3734 3105 3790 eis
3143 3734 3396 3789 ordinata
3432 3732 3765 3787 discretione

2124 3827 2205 3881 uti
2263 3827 2640 3881 admonemur.
2700 3824 2857 3891 Quod
2915 3837 2983 3878 ne
3040 3822 3360 3892 capillorum
3419 3819 3767 3891 superﬂuitas

397 3906 729 3974 depravatur
775 3910 1008 3975 incuria,
1062 3915 1170 3965 tua:
1220 3917 1426 3965 sanctae
1472 3912 1759 3980 religionis
1814 3928 2042 3981 repare—
2073 3928 2290 3982 ﬂaures
2318 3914 2401 3969 vel
2451 3914 2641 3968 oculos
2688 3912 2992 3982 cooperiat,
3030 3925 3185 3968 sacra
3228 3909 3422 3979 religio
3471 3909 3763 3977 observat;

397 3998 489 4049 tur
514 3994 812 4064 vigilantia.
848 3997 986 4052 Hinc
1017 4001 1108 4053 tua
1145 4000 1472 4054 auctoritate
1521 3998 1696 4054 fretus
1741 3976 2198 4057 sententiascne
2246 4017 2408 4057 aures
2453 4002 2638 4057 cordis
2684 4002 2768 4056 vel
2798 3976 3009 4057 oculos
3053 4002 3120 4057 ad
3170 3976 3374 4056 bonum
3426 3999 3766 4069 operandum

398 4089 713 4139 sanctorum
773 4084 994 4141 Patrum
1060 4101 1371 4157 aggressus,
1429 4082 1876 4158 diversarumque
1933 4092 2042 4146 Ec-

399 4170 691 4226 clesiarum
748 4187 934 4229 mores
978 4180 1033 4230 et
1079 4176 1511 4232 consuetudines
1566 4184 1944 4246 prospectans,
1987 4186 2042 4236 et

396 4273 481 4326 ea,
514 4274 637 4329 quae
676 4261 743 4315 ad
776 4262 943 4317 divini
993 4264 1174 4319 cultus
1220 4263 1399 4320 ofﬁcia
1449 4266 1746 4334 pertinent,
1780 4268 2039 4340 quodque

396 4347 453 4404 in
502 4363 561 4404 se
609 4351 834 4422 mystice
892 4353 1200 4420 continent,
1243 4353 1601 4410 nihilominus
1658 4355 2037 4427 considerans,

395 4437 684 4509 quamdam
760 4441 916 4509 quasi
991 4442 1395 4499 coniectionem
1460 4458 1526 4499 ex
1583 4458 1647 4499 ea
1722 4444 2039 4504 diversitate

395 4530 700 4599 compowi,
743 4544 905 4600 quam
953 4532 1210 4587 omnibus
1256 4533 1436 4588 adhuc
1486 4534 1755 4589 occultam
1805 4542 1913 4591 tua:
1961 4551 2040 4592 sa-

395 4619 644 4687 gacitatis
701 4627 1042 4691 repraesento
1100 4622 1356 4687 exanimi,
1417 4627 1476 4677 ut
1531 4630 1846 4693 susceptum
1904 4638 2037 4696 Opu-

395 4707 603 4763 sculum
654 4710 933 4781 inspicias,
967 4717 1022 4766 et
1068 4711 1416 4781 inspiciendo
1465 4727 1603 4778 eam,
1647 4728 1863 4783 precor,
1906 4714 2037 4771 dili-

394 4795 631 4865 gentiam
670 4799 950 4867 adhibeas,
985 4816 1093 4870 qua
1124 4806 1177 4856 te
1218 4800 1381 4857 nobis
1417 4815 1540 4856 eum
1580 4817 1700 4857 esse
1738 4804 2035 4873 signiﬁces,

396 4896 558 4952 quem
618 4883 673 4937 in
740 4891 1064 4951 paternitate
1122 4904 1186 4946 ac
1254 4890 1569 4959 magisterio
1630 4896 1713 4946 sat
1776 4893 2039 4949 decenter

396 4971 644 5027 exhibes.
693 4972 805 5025 Tua
852 4976 1054 5045 quippe
1102 4977 1287 5044 refert,
1325 4985 1385 5034 ut
1431 4978 1477 5032 si
1528 4977 1707 5047 aliqua
1756 4981 1866 5035 sint
1913 4998 2036 5052 quae

395 5061 610 5133 valeant
650 5068 879 5132 paterno
916 5063 1110 5120 aﬂ‘ectu
1160 5069 1296 5123 velis
1334 5081 1597 5134 annuere,
1629 5068 1675 5122 si
1706 5082 1833 5126 vero
1873 5086 2039 5128 econ-

395 5156 500 5215 tra,
534 5151 811 5221 vigilantis
853 5151 1148 5221 magisterii
1197 5171 1428 5213 censura
1475 5157 1774 5228 corrigere.
1805 5161 1960 5227 Quod
1990 5163 2037 5218 si

394 5239 527 5296 utile
586 5247 641 5294 et
696 5247 870 5296 ratum
930 5248 1020 5295 tua
1068 5246 1393 5301 auctoritate
1450 5254 1726 5315 censetur,
1758 5248 1835 5319 (4)
1886 5257 2037 5318 post-

2123 4090 2528 4145 sollicitudines
2569 4095 2625 4144 et
2661 4089 2865 4145 divitiae
2917 4090 3082 4159 hujus
3127 4088 3314 4144 saeculi
3355 4087 3676 4157 impediant,
3707 4090 3767 4143 ut

2122 4193 2469 4249 summopere
2517 4179 2923 4249 provideamus,
2971 4179 3241 4249 designat.
3292 4176 3447 4245 Quod
3495 4190 3626 4232 vero
3675 4176 3758 4247 (9)

2123 4269 2345 4325 barbam
2385 4268 2646 4335 radimus,
2679 4282 2780 4338 per
2807 4282 2966 4338 quam
3006 4268 3179 4323 virtus
3218 4266 3472 4336 corporis
3510 4265 3765 4335 designa-

2121 4363 2231 4424 tur,
2264 4370 2365 4413 nos
2395 4358 2592 4413 mentis
2638 4356 2908 4412 feritatem
2955 4357 3226 4421 amittere,
3260 4360 3315 4410 et
3355 4355 3507 4423 juxta
3535 4357 3765 4423 Aposto-

2122 4447 2230 4502 lum
2266 4448 2323 4517 (Ι
2348 4449 2468 4503 Cor.
2500 4462 2612 4514 xxv,
2644 4445 2740 4518 20)
2777 4443 2986 4516 parvuli
3024 4444 3080 4499 in
3127 4443 3346 4500 Christo
3386 4440 3527 4498 efﬁci
3558 4438 3764 4497 debere

2121 4536 2435 4606 ﬁguramur.

2192 4627 2308 4680 Hoc
2339 4638 2470 4695 ergo
2507 4623 2785 4693 expedito,
2817 4622 2970 4679 hora:
3004 4622 3186 4678 noctis
3233 4626 3289 4677 et
3317 4620 3429 4675 diei
3471 4620 3628 4689 juxta
3674 4633 3765 4675 ca-

2121 4714 2374 4769 nonicam
2421 4713 2822 4770 institutionem
2861 4714 3029 4768 certis
3078 4709 3420 4781 temporibus
3468 4708 3765 4765 observen—

2121 4808 2247 4868 tur;
2281 4810 2335 4859 et
2364 4801 2617 4858 canonici
2655 4801 2723 4857 ad
2762 4801 3049 4857 ecclesiam
3089 4792 3145 4862 4
3185 4799 3383 4855 devote
3423 4808 3763 4867 congregen-

2121 4898 2211 4947 tur
2239 4895 2269 4946 ἐι
2298 4892 2500 4961 quibus
2543 4892 2618 4945 ita
2649 4895 2708 4945 ut
2737 4890 3017 4954 scribitur,
3052 4904 3152 4958 per
3197 4893 3373 4944 totum
3416 4886 3543 4941 anni
3583 4885 3762 4939 circu-

2121 4980 2231 5035 lum
2262 4979 2633 5036 ecclesiastica
2679 4976 2857 5033 ofﬁcia
2905 4983 3153 5047 agentur.
3201 4978 3337 5045 Quia
3366 4989 3495 5031 vero
3526 4978 3764 5047 quatuor

2120 5069 2407 5125 elementis
2453 5067 2838 5131 subsistentes,
2886 5067 3170 5122 Dominum
3219 5070 3382 5122 nocte
3430 5079 3494 5120 ac
3542 5063 3633 5119 die
3682 5061 3765 5139 of-

2119 5157 2411 5220 fendimus,
2463 5157 2685 5227 dignum
2735 5161 2818 5210 est
2876 5161 2935 5209 ut
2982 5163 3179 5225 quater
3233 5159 3395 5211 nocte
3453 5158 3508 5207 et
3555 5151 3646 5207 die
3707 5152 3763 5207 in

2119 5249 2355 5319 hymnis,
2398 5253 2453 5303 et
2500 5245 2741 5315 psalmis,
2777 5250 2832 5299 et
2879 5246 3227 5302 orationibus
3275 5243 3368 5299 Dei
3418 5241 3764 5312 omnipoten-

395 5343 556 5400 quam
592 5328 660 5384 de
700 5329 1120 5400 metrOpolitana
1159 5331 1289 5385 sede
1332 5334 1538 5391 stillare
1577 5318 1902 5403 videbimus,
1946 5318 2270 5401 ca-Dtiam,
2321 5336 2669 5403 antiquorum
2721 5333 2967 5404 exempla
3012 5339 3307 5399 sectantes,
3360 5330 3579 5403 placare
3640 5336 3762 5385 stu-

395 5431 599 5473 nonum
646 5423 847 5473 statuta
893 5425 1209 5490 sequentes,
1251 5427 1453 5477 nostra:
1500 5426 1795 5496 propinare
1845 5427 2037 5483 stude-

392 5507 593 5563 bimus.

2118 5426 2377 5488 deamus;
2432 5420 2630 5477 Esdras
2679 5422 2820 5477 enim
2870 5437 2901 5477 a
2948 5424 3263 5493 captivitate
3302 5418 3636 5491 Babylonica
3666 5432 3761 5473 re-

2115 5528 2308 5571 versus
2351 5512 2433 5581 (ΙΙ
2474 5509 2636 5567 Esdr.
2687 5525 2758 5579 Ix,
2810 5511 2860 5581 3)
2912 5512 3175 5583 populum
3232 5509 3592 5579 Israeliticum
3656 5505 3761 5575 (10;

465 5590 811 5663 Propositum
868 5604 1074 5652 sancta:
1132 5595 1416 5667 religionis
1464 5598 1518 5651 in
1577 5574 1766 5667 primis
1814 5610 2035 5671 oportet
2117 5608 2312 5672 quater
2357 5574 2519 5656 nocte
2567 5606 2620 5655 et
2668 5574 2757 5655 dic
2811 5574 3034 5657 domino
3078 5598 3315 5670 psallere
3340 5598 3408 5654 ad
3439 5574 3562 5667 ejus
3589 5574 3759 5651 mise-

390 5682 626 5740 clericos
681 5682 736 5737 in
792 5684 1061 5748 maribus,
1115 5684 1325 5750 habitu,
1367 5692 1422 5738 ει
1477 5684 1692 5743 incessu
1744 5690 1830 5761 (5)
1879 5694 2031 5761 juxta
2115 5689 2410 5747 ricordiam
2476 5688 2878 5762 provocandam
2942 5688 3204 5746 instituit.
3285 5685 3563 5758 Propheta
3628 5696 3760 5743 vero
