4156 6196
402 429 470 482 29

1477 428 1673 482 LIBER
1714 427 1797 481 DE
1834 425 2112 479 OFFlCllS
2151 392 2692 479 ECCLESIASTIClS.

3706 400 3776 455 30

404 556 570 612 David
615 555 822 625 septies
870 557 927 611 iu
974 556 1063 612 die
1116 556 1331 612 laudem
1378 554 1609 610 Domino
1639 567 1698 607 se
1736 550 1961 615 dixisse,
1995 549 2290 620 etAjuxta
2338 550 2484 621 quod
2533 518 2797 604 Dominus
2839 541 3103 614 praecepit
3151 536 3322 609 Moysi
3379 534 3584 625 (Exod;
3624 510 3774 594 xxtx,

406 644 585 700 media
633 651 795 700 nocte
845 645 914 699 ad
974 643 1343 701 conﬁtendum
1414 642 1642 697 Domino
1709 640 2046 705 surrexisse,

407 734 569 788 nobis
624 733 819 788 indicit
884 733 1070 803 (Psal.,
1122 737 1331 797 cxvnt).
1410 733 1517 787 Has
1573 744 1806 799 namque
1862 730 2047 794 horas,

406 822 619 878 scilicet
669 822 922 888 Primam,
973 822 1228 889 Tertiam,
1279 823 1516 887 Sextam,
1566 822 1795 883 Nouam,
1842 820 2049 884 Vespe-

408 925 497 967 ras
549 917 602 965 et
645 910 1097 980 Completorium,
1147 912 1454 965 Nocturnas
1500 915 1555 964 et
1603 906 1917 963 matutinale
1955 903 2049 959 Of-

408 1000 610 1068 ficium,
662 1000 731 1055 ad
792 1000 1133 1070 psallendum
1187 1000 1418 1056 Domino
1469 999 1644 1053 sancti
1692 1000 1879 1052 Patres
1936 1008 2050 1063 prie

410 1088 626 1146 caneris
655 1088 959 1158 elegerunt.
1001 1089 1236 1143 Primam
1268 1102 1417 1153 vero,
1451 1088 1579 1156 quia
1612 1087 1733 1141 ﬁnis
1762 1092 1845 1140 est
1874 1086 2054 1145 noctis

409 1185 465 1235 et
502 1178 717 1232 initium
766 1176 897 1232 diei.
948 1179 1079 1233 Haec
1134 1177 1270 1232 hora
1318 1176 1467 1231 omni
1506 1183 1774 1244 tempore,
1809 1176 2053 1243 exceptis

412 1268 609 1325 diebus
656 1267 833 1323 tribus
889 1267 1162 1336 passionis
1207 1266 1444 1333 Domini,
1496 1270 1551 1320 et
1599 1272 1808 1334 septem
1858 1264 2054 1319 diebus

412 1356 657 1421 Paschae,
715 1370 838 1410 cum
897 1356 1147 1411 oratione
1204 1354 1503 1421 Dominica,
1557 1360 1611 1408 et
1666 1353 1947 1423 Symbolo,
2000 1358 2054 1408 et

410 1444 681 1514 Capitulo,
714 1450 769 1498 et
797 1443 1037 1507 Collecta
1066 1443 1393 1513 completur.
1443 1445 1504 1500 In
1535 1442 1638 1497 hac
1676 1442 1805 1510 quia
1834 1448 2053 1497 noctem

408 1548 534 1591 cum
586 1533 761 1589 salute
809 1534 1192 1603 transegimus,
1247 1533 1453 1602 pastori
1505 1538 1695 1587 nostro
1728 1531 1931 1602 gratias
1959 1531 2055 1586 de~

410 1625 602 1684 bemus
650 1622 903 1688 reddere,
938 1628 993 1678 et
1041 1621 1313 1691 quidquid
1362 1621 1489 1676 mali
1519 1622 1761 1690 quinque
1800 1620 2054 1676 sensibus

412 1712 662 1782 corporis
699 1711 1095 1778 contraximus,
1136 1710 1395 1780 precibus
1432 1715 1495 1779 et
1512 1709 1767 1780 lacrymis
1797 1711 1917 1778 ejus
1946 1710 2052 1764 mi-

2140 639 2243 709 13),
2278 620 2385 709 (l8)
2420 642 2699 696 incensum
2729 647 2896 704 super
2925 633 3097 687 altare
3127 644 3157 684 a
3188 626 3474 683 sacerdote
3506 620 3735 677 offertur
3764 638 3775 673 :

2133 729 2344 796 sicque,
2396 734 2453 783 ut
2499 729 2556 782 in
2604 725 2822 782 caeteris
2870 721 3040 784 horis,
3098 717 3199 785 (19)
3232 729 3352 770 cum
3385 711 3634 769 oratione
3680 709 3780 761 Do-

2134 818 2332 871 minica
2380 824 2433 871 et
2478 817 2762 885 precibus,
2805 810 3049 880 exceptis
3094 800 3139 867 7
3185 805 3338 861 festis
3368 802 3617 859 oratione
3647 808 3776 850 vero

2134 921 2352 975 semper
2381 906 2709 975 completur.

2213 994 2332 1064 (20)
2368 994 2502 1060 Quia
2531 1007 2661 1047 vero
2694 998 2817 1061 post
2846 993 3112 1059 Vcsperas
3148 999 3257 1042 non
3308 982 3491 1038 statim
3540 975 3779 1047 quiesci-

2135 1100 2274 1151 mus,
2307 1084 2402 1139 sed
2454 1082 2690 1138 terrenis
2736 1081 2998 1150 operibus
3035 1085 3090 1135 et
3130 1072 3549 1131 necessitatibus
3579 1077 3781 1133 corpo-

2136 1189 2276 1239 rum,
2302 1188 2425 1242 qum
2445 1173 2653 1239 absque
2671 1169 2692 1193 *
2715 1169 2939 1223 omnino
2971 1166 3216 1222 exerceri
3247 1166 3546 1231 nequeunt,
3572 1157 3593 1181 *
3621 1153 3778 1225 quid-

2137 1262 2269 1333 quid
2321 1263 2376 1316 in
2416 1260 2528 1314 illis
2575 1257 2945 1326 deliquimus,
2997 1270 3097 1323 per
3141 1250 3557 1322 completorium
3598 1255 3782 1300 emen-

2137 1350 2347 1406 damus.
2383 1352 2440 1404 111
2480 1349 2582 1403 hac
2620 1346 2825 1415 quippe
2856 1344 2992 1397 hora
3021 1343 3324 1397 secundum
3354 1339 3624 1394 elementa
3654 1345 3781 1405 cor-

2136 1441 2288 1510 poris
2334 1438 2529 1502 nostri,
2576 1436 2777 1505 quibus
2824 1432 3113 1487 Dominum
3152 1430 3498 1495 offendimus,
3546 1428 3784 1494 quatuor

2135 1530 2203 1585 ad
2257 1526 2584 1598 placandum
2634 1522 2920 1578 Dominum
2971 1519 3210 1588 psalmos
3258 1516 3523 1579 canimus,
3557 1512 3780 1582 quibus,

2135 1624 2263 1690 post
2309 1615 2604 1686 capitulum
2655 1614 2858 1682 hymno
2906 1610 3078 1674 dicto,
3129 1604 3237 1677 (21)
3284 1604 3545 1673 hymnum
3584 1602 3784 1690 iterum

2130 1688 2562 1777 justiSimeonis
2600 1701 2910 1771 adjicimus,
2962 1703 3022 1753 ut
3067 1710 3098 1750 a
3144 1697 3256 1749 Deo
3286 1690 3550 1747 custoditi
3578 1696 3632 1743 et
3660 1688 3783 1777 illu-

412 1800 773 1858 sericordiam
822 1791 868 1862 5
920 1799 1251 1869 postulando
1290 1776 1514 1867 delere;
1564 1773 1895 1868 id'insuper
1923 1812 2053 1855 exo-
2076 1858 2107 1865 η
2131 1773 2329 1851 minati
2361 1795 2417 1849 in
2450 1807 2582 1862 pace
2617 1790 2982 1860 quiescamus.
3018 1787 3215 1840 Postea
3246 1785 3304 1836 ut
3334 1780 3391 1835 in
3427 1778 3621 1848 prima,
3659 1773 3780 1847 (22)

415 1905 533 1947 rare
581 1896 640 1946 ut
697 1890 1004 1951 imminenti
1053 1889 1143 1947 die
1195 1890 1263 1946 ab
1319 1889 1573 1967 omnibus
1620 1867 2390 1960 malisigregemBoratioue
2420 1881 2721 1957 Dominica,
2773 1883 2829 1933 et
2873 1874 3153 1947 Symbolo,
3196 1877 3251 1927 et
3288 1867 3657 1931 confessione,
3685 1878 3786 1920 nos

411 1994 567 2035 suum
599 1980 859 2050 dignetur
899 1976 1218 2044 defendere,
1252 1984 1307 2033 et
1354 1964 1597 2046 quinque
1638 1991 1832 2032 sensus
1860 1991 2058 2047 corpo—
2135 1980 2327 2030 contra
2374 1971 2554 2026 noctis
2599 1967 2827 2023 insidias
2870 1965 3200 2023 munientes,
3244 1960 3437 2015 horam
3486 1967 3609 2010 cum
3658 1966 3785 2021 pre-

410 2068 488 2127 ris
535 2069 711 2127 nostri
759 2069 817 2125 iu
868 2067 1217 2137 beneplacito
1255 2081 1355 2122 suo
1394 2066 1654 2136 dirigere.
1686 2066 1898 2122 Idcirco
1935 2065 2053 2137 (11)

408 2159 653 2228 quinque
701 2156 941 2226 psalmos
987 2156 1272 2213 canimus:
1326 2155 1423 2211 sed
1474 2156 1618 2210 trina
1654 2161 1859 2210 sanctae
1888 2154 2057 2210 Trini-

412 2247 538 2302 tatis
593 2246 991 2318 gloriﬁcatioue
1049 2244 1453 2312 connectimus,
1512 2250 1572 2300 ut
1627 2257 1823 2299 sensus
1881 2244 2055 2299 nostri

412 2337 531 2404 ejus
570 2334 676 2389 fide
710 2334 1044 2389 muniantur.
1099 2331 1221 2403 (12)
1274 2332 1481 2399 Quibus
1529 2331 1690 2387 fidem
1731 2331 2055 2387 catholicam

408 2438 439 2479 a
496 2425 555 2480 B.
615 2422 909 2479 Athanasio
962 2421 1334 2479 Alexandrino
1394 2421 1703 2491 patriarcha
1752 2421 2054 2490 expositam

407 2513 719 2581 adjicimus,
750 2516 811 2566 ut
858 2516 1049 2566 contra
1096 2511 1279 2565 omnia
1320 2509 1545 2564 adversa
1573 2509 1809 2565 visibilia
1838 2525 1934 2564 seu
1974 2510 2058 2564 in-

411 2599 650 2656 visihilia
697 2600 768 2654 sit
815 2598 975 2654 nobis
1021 2598 1460 2667 inexpugnabilis
1490 2598 1734 2667 clypeus.
1768 2597 1869 2667 (13)
1920 2600 2055 2654 Ter-

410 2689 543 2745 tiam
576 2700 725 2753 vero,
759 2686 888 2757 quia
935 2687 992 2741 in
1032 2700 1096 2740 ea
1125 2686 1361 2754 Spiritus
1390 2691 1614 2740 sanctus
1642 2700 1808 2754 super
1836 2692 2058 2754 aposto-

410 2777 496 2834 los
544 2775 871 2841 descendit;
912 2776 1151 2839 Sextam,
1204 2773 1333 2842 quia
1380 2773 1436 2827 in
1485 2787 1548 2827 ea
1597 2773 1928 2828 Salvatorem
1960 2787 2059 2828 no-

411 2871 583 2921 strum
614 2862 1007 2919 cruciﬂxerunt
1033 2861 1250 2927 Judaei;
1283 2862 1512 2925 Nouam,
1544 2860 1671 2929 quia
1702 2861 1757 2917 in
1806 2875 1868 2915 ea
1912 2861 2056 2919 idem

409 2952 655 3009 Salvator
697 2951 754 3006 in
803 2964 968 3006 cruce
1019 2948 1267 3019 pendens
1313 2947 1565 3017 spiritum
1612 2948 1812 3002 emisit.
1863 2951 1923 3004 In
1970 2949 2056 3003 his

412 3043 587 3101 tribus
614 3040 767 3097 horis
800 3038 925 3111 (14)
962 3039 1046 3094 bis
1093 3043 1205 3094 tres
1248 3037 1486 3107 psalmos
1514 3050 1636 3092 cum
1679 3037 1819 3092 trina
1850 3037 2057 3107 gloriﬁ-

409 3131 624 3188 catioue
670 3134 876 3185 sancta:
919 3127 1200 3183 Trinitatis
1239 3126 1523 3181 cauimus:
1562 3126 1722 3182 fidem
1756 3126 1897 3181 enim
1929 3140 2055 3181 sau-

2138 2063 2313 2125 cibus,
2346 2064 2401 2115 et
2448 2058 2697 2115 oratione
2747 2053 3087 2124 complemus
3119 2049 3223 2120 123)
3258 2059 3419 2119 quam
3450 2042 3614 2101 lectio
3645 2054 3782 2110 prte-

2139 2151 2287 2208 cedit
2332 2150 2401 2205 de
2448 2146 2713 2215 exemplis
2739 2149 3055 2201 sanctorum
3086 2142 3327 2203 Patrum,
3359 2134 3427 2189 ad
3468 2129 3786 2189 excitandas

2136 2241 2194 2297 in
2226 2240 2373 2294 bono
2404 2236 2613 2293 animas
2650 2232 2899 2289 fratrum.

2215 2326 2333 2399 (24)
2368 2325 2543 2380 Media
2575 2328 2756 2387 nocte,
2783 2323 2938 2391 juxta
2976 2317 3307 2386 Prophetam
3353 2312 3528 2384 (Psal.
3562 2305 3785 2399 cxvni),

2136 2419 2205 2475 ad
2227 2395 2612 2472 confitendum
2661 2411 2889 2466 Domino
2930 2419 3157 2475 surgere
3206 2403 3488 2459 debemus.
3522 2395 3789 2466 Populum

2138 2507 2280 2562 enim
2341 2503 2625 2559 sedentem
2674 2500 2729 2554 in
2781 2497 3046 2559 tenebris,
3080 2501 3135 2550 et
3183 2492 3373 2547 umbra
3412 2486 3606 2543 mortis
3635 2482 3784 2538 venit

2137 2594 2389 2653 Christus
2421 2591 2712 2654 redimere,
2745 2594 2907 2642 natus
2932 2585 3001 2641 de
3031 2583 3263 2653 virgine,
3306 2577 3485 2634 noctis
3533 2576 3588 2630 in
3643 2579 3789 2643 tem-

2141 2699 2296 2754 pore,
2346 2696 2507 2752 quam
2556 2680 2717 2736 etiam
2766 2691 2863 2732 sua
2904 2673 3196 2731 illustravit
3241 2666 3670 2726 resurrectione.
3729 2662 3789 2717 In

2140 2751 2265 2836 hac,
2306 2771 2432 2841 quia
2476 2782 2671 2824 somno
2720 2766 3038 2822 dominante
3088 2763 3374 2829 hucusque
3421 2751 3790 2821 conticuimus

2138 2839 2427 2916 Dominum
2479 2856 2856 2924 deprecamur,
2907 2857 2968 2906 ut
3013 2851 3156 2904 labia
3204 2853 3391 2901 nostra
3448 2844 3516 2897 ad
3573 2839 3788 2911 laudem

2138 2962 2291 3003 suam
2340 2942 2802 3016 pronuntiandam
2856 2932 2903 3000 8
2953 2939 3168 3006 aperire
3216 2935 3490 3003 dignetur.
3540 2931 3692 2995 Post,
3732 2930 3791 2997 ut

2136 3037 2192 3091 iu
2243 3041 2563 3090 caeterarum
2616 3029 2916 3102 primordio
2963 3028 3242 3084 horarum,
3276 3024 3453 3093 ipsum
3499 3021 3552 3077 in
3592 3022 3784 3075 nostro

2136 3139 2303 3194 opere
2343 3122 2452 3195 (25)
2506 3120 2811 3190 adjutorem
2844 3118 3179 3173 invocamus.
3213 3116 3451 3181 Postque
3482 3110 3685 3180 hymno
3717 3103 3783 3195 ad

410 3227 514 3277 ctte
555 3218 839 3275 Trinitatis
884 3223 1066 3273 mente
1106 3222 1162 3270 et
1208 3229 1442 3284 corpore
1491 3219 1680 3271 tenere
1709 3230 1773 3270 ac
1802 3206 2265 3271 venerariGeum
2311 3194 2634 3283 placandum
2685 3208 2854 3273 dicto,
2897 3208 3001 3276 (26)
3034 3203 3324 3261 duodecim
3358 3199 3597 3272 psalmos
3626 3194 3782 3284 caui-

411 3310 693 3366 debemus.
746 3308 855 3367 Has
899 3320 1121 3376 quoque
1169 3282 1716 3374 cum—responsorio,
1767 3309 1822 3359 et
1866 3319 2051 3372 versu,
2138 3319 2278 3371 mus,
2330 3306 2390 3356 ut
2436 3315 2534 3370 per
2579 3297 2870 3353 duodecim
2918 3296 3082 3349 horas
3132 3293 3310 3348 noctis
3356 3305 3387 3344 a
3434 3288 3665 3343 Domino
3715 3282 3783 3336 ab

412 3403 469 3455 et
517 3396 619 3468 (15)
671 3397 923 3452 oratione
970 3394 1269 3456 Dominica,
1304 3400 1359 3449 et
1398 3394 1674 3463 precibus,
1724 3399 1779 3449 et
1822 3394 2053 3463 psalmo,
2140 3392 2394 3450 omnibus
2440 3389 2597 3444 malis
2645 3395 2913 3441 tueamur.
2966 3386 3031 3439 Et
3072 3383 3201 3452 quia
3248 3382 3367 3435 haec
3407 3376 3661 3468 custodia
3688 3384 3788 3441 per

414 3491 669 3549 Miserere
696 3488 815 3551 inci,
848 3489 1007 3552 Deus,
1036 3485 1478 3556 genuflectendo,
1520 3488 1575 3539 et
1622 3485 1871 3541 oratione
1912 3499 2058 3541 com-

414 3579 661 3649 plemus:
715 3576 960 3645 exceptis
1006 3574 1180 3641 festis,
1212 3575 1267 3629 in
1313 3574 1514 3643 quibus
1542 3574 1721 3629 oratio
1750 3574 2054 3640 Dominica,

420 3674 475 3724 et
523 3681 715 3737 preces
769 3679 891 3721 cum
942 3664 1149 3733 psalmo
1197 3670 1252 3717 et
1303 3662 1682 3731 genuﬂcxione
1734 3662 2058 3730 praetermit-

424 3762 632 3811 tuntur.
671 3754 861 3810 Finitis
902 3753 990 3808 his
1036 3751 1381 3807 diurnalibus
1418 3750 1634 3815 officiis,
1687 3749 1787 3819 (16)
1833 3756 2060 3803 noctur-

424 3844 569 3901 nalia
617 3844 954 3907 succedunt,
1015 3841 1070 3896 in
1130 3840 1333 3909 quibus
1380 3840 1634 3907 Vespera:
1695 3837 1867 3906 prima
1924 3836 2060 3891 hora

418 3932 692 3989 consistit.
743 3925 791 3993 6
838 3933 896 3986 In
944 3930 1068 3997 hac,
1118 3929 1246 3997 quia
1291 3927 1413 3981 finis
1453 3932 1536 3982 est
1574 3926 1705 3992 diei,
1748 3932 1804 3980 et
1844 3925 2060 3980 initium

418 4024 618 4088 noctis,
662 4030 722 4077 ut
768 4021 824 4077 in
865 4020 1058 4090 prima,
1091 4018 1335 4088 quinque
1383 4016 1622 4086 psalmos
1653 4020 1879 4085 propter
1903 4014 2062 4084 quin-

420 4127 526 4181 que
568 4125 764 4167 seusus
811 4109 1062 4178 corporis
1108 4107 1388 4163 canimus:
1440 4112 1499 4160 ut
1528 4105 1797 4174 quidquid
1829 4120 1928 4173 per
1968 4119 2063 4161 eos

418 4203 474 4257 in
523 4201 613 4257 die
662 4199 1023 4263 oli'endimus,
1077 4196 1408 4267 psalmorum
1467 4195 1857 4263 deprecatione
1903 4194 2065 4250 nobis

420 4290 764 4358 dimittatur;
821 4293 876 4345 et
914 4287 1079 4343 iidem
1119 4300 1314 4342 sensus
1352 4283 1526 4339 nostri
1555 4284 1872 4338 imminente
1904 4290 2065 4338 nocte

421 4396 455 4436 a
498 4381 730 4437 Domino
775 4379 833 4434 in
882 4375 1228 4446 beneplacito
1260 4387 1360 4429 suo
1391 4373 1717 4442 dirigantur.
1770 4372 2068 4441 Unusquis-

425 4484 531 4539 que
579 4468 821 4539 psalmus
869 4480 992 4523 cum
1042 4464 1341 4539 antiphona
1392 4469 1677 4525 cantetur,
1732 4466 1788 4516 ut
1828 4462 2068 4516 instituit

2137 3497 2235 3538 sex
2282 3476 2707 3552 Meggundi
2755 3474 3067 3552 necessaria
3096 3471 3235 3552 fuit,
3278 3467 3503 3552 eosdem
3548 3460 3789 3532 psalmos

2138 3586 2236 3627 sex
2629 3542 3011 3645 eéﬁugmgéig
3027 3546 3517 3645 l’cﬁ':a§1_t§él1§x)as,
3550 3557 3609 3606 ut
3638 3548 3787 3603 (lixi-

2142 3627 3151 3721 mus,“citarita§°éxprihiiturf“hieran
3190 3635 3267 3696 ae
3292 3638 3637 3696 fextzitandos
3666 3636 3792 3690 ani--

2134 3758 2265 3813 mos
2285 3734 2859 3816 «udictpivetmratjone
2900 3730 3183 3816 Dominica
3201 3729 3280 3816 ‘ad
3296 3723 3636 3816 ‘mundanda
3665 3734 3790 3778 cor-

2134 3804 2437 3911 Eti'nita;
2468 3804 2866 3900 dieifetﬁctighe
2906 3804 3537 3911 ἑξξξὲόιιείώίζὲιῖιθυωε,
3572 3820 3685 3867 tres
3715 3811 3792 3867 le-

2142 3894 2357 3982 ctiones
2412 3894 2688 3988 ieguntui‘,
2735 3894 2987 3985 quarum
3013 3894 3473 3978 unamquamque"
3500 3896 3792 3972 responso-

2144 4014 2285 4070 rium
2317 4006 2692 4076 subsequitur.
2747 4002 3100 4058 Lectionibus
3149 3998 3529 4069 praedicamus,
3562 4005 3791 4063 respon-

2146 4104 2222 4161 sis
2260 4103 2404 4157 bona
2434 4111 2622 4168 opera,
2657 4108 2780 4165 quae
2818 4091 3081 4160 subsequi
3120 4088 3363 4154 debent,
3409 4086 3786 4155 designantur.

2146 4198 2250 4249 Sex
2281 4192 2424 4247 enim
2456 4192 2647 4244 aetates
2676 4184 2853 4238 tribus
2892 4179 3253 4249 temporibus,
3288 4178 3342 4232 id
3389 4184 3492 4242 est,
3526 4172 3792 4230 naturalis

2147 4283 2304 4353 legis,
2366 4278 2501 4347 legis
2559 4275 2777 4338 litterae,
2829 4276 2885 4326 et
2932 4268 3069 4339 legis
3115 4267 3305 4337 gratiae
3362 4264 3787 4322 concluduntur.

2148 4369 2302 4439 Quod
2352 4369 2496 4423 idem
2544 4362 2842 4419 Dominicis
2881 4359 3076 4414 diebus
3123 4362 3179 4413 et
3225 4356 3379 4411 festis
3418 4370 3515 4424 per
3545 4361 3658 4408 tres
3696 4363 3789 4404 no-

2150 4436 2372 4517 cturnas
2411 4456 2691 4526 figuratur.
2742 4448 2897 4516 Quod
2928 4461 3057 4503 vero
3105 4447 3160 4501 in
3202 4445 3380 4515 primo
3416 4448 3687 4497 nocturno
3736 4436 3791 4489 in

424 4523 906 4628 bevatursvlgnatius
955 4523 1263 4624 patriarcha
1312 4523 1707 4608 Antiochenus.
1769 4552 1871 4606 Per
1927 4523 2674 4620 psaluDDominicisvdiebus
2702 4538 2992 4594 duodecim
3042 4533 3283 4628 psalmos
3328 4544 3451 4586 cum
3500 4527 3641 4580 trina
3678 4523 3794 4593 glo-

425 4661 592 4713 mum,
639 4647 732 4717 qui
781 4644 1181 4701 alternantibus
1227 4641 1413 4698 choris
1459 4645 1729 4706 cantatur,
1779 4640 1921 4695 bona
1950 4639 2066 4693 fra-

426 4744 568 4793 trum
618 4749 785 4806 0pera
833 4734 1227 4804 designantur:
1276 4745 1373 4800 per
1419 4729 1795 4799 antiphonam,
1829 4745 1951 4798 quze
1996 4731 2064 4785 ab

427 4840 538 4883 uno
590 4825 856 4893 incipitur
901 4828 955 4879 et
1010 4836 1041 4876 a
1102 4821 1319 4877 caeteris
1370 4819 1736 4875 communiter
1788 4826 2060 4879 cantatur.

425 4913 665 4969 charitas
702 4910 1046 4979 exprimitur,
1097 4921 1204 4977 qua
1252 4904 1493 4961 ﬁdelium
1542 4910 1753 4960 mentes
1801 4905 1857 4960 in
1899 4920 2065 4961 unum

425 5005 850 5059 connectuntur.
904 4998 1042 5053 Hinc
1083 5011 1115 5050 a
1163 4996 1469 5061 sacerdote,
1511 4994 1604 5063 qui
1653 4995 1826 5049 vicem
1865 4996 2065 5051 Christi

428 5092 589 5163 gerit,
624 5090 809 5154 lectio,
860 5087 915 5142 id
964 5092 1049 5141 est
1094 5085 1402 5141 exhortatio
1444 5082 1653 5152 populi,
1689 5096 1756 5138 ne
1787 5084 2063 5151 deﬁciant,

427 5182 525 5236 sed
574 5181 628 5235 in
676 5179 824 5234 bono
873 5188 1039 5245 opere
1088 5180 1459 5243 perseverent,
1493 5172 1745 5227 dicetur:
1789 5188 1951 5240 quam
1980 5190 2068 5230 re-

427 5283 710 5339 sponsum,
751 5266 808 5322 id
858 5271 942 5320 est
989 5264 1191 5319 bonum
1238 5262 1508 5318 exhortati
1557 5261 1746 5332 populi
1794 5277 1962 5331 opus,
2015 5269 2070 5319 et

428 5358 682 5429 hymnus,
735 5356 788 5411 id
836 5361 920 5410 est
976 5353 1094 5409 laus
1142 5353 1272 5409 Dei.
1337 5352 1688 5422 prosequitur
1730 5367 1743 5405 :
1805 5358 1860 5408 et
1908 5367 2068 5421 versu

428 5448 581 5504 dicto
640 5445 763 5517 (l7)
824 5445 1057 5514 hymnus
1101 5446 1305 5496 sanctae
1354 5441 1564 5507 Mariae,
1620 5440 1963 5510 humilitatis,
2016 5450 2071 5498 et

430 5536 784 5599 obedientiaa,
816 5538 871 5589 et
922 5531 1041 5601 spei
1091 5527 1340 5597 exemplo
1391 5540 1492 5583 nos
1539 5531 1925 5598 corroborans,
1968 5534 2070 5597 Do-

428 5627 647 5685 minicte
676 5621 1073 5683 incarnationis
1110 5616 1426 5675 memoriam
1454 5616 1522 5671 ad
1553 5620 1911 5677 exercendam
1942 5621 2068 5678 ﬁdei

430 5720 638 5773 nostrae
676 5711 1022 5769 devotionem
1070 5707 1232 5765 nobis
1278 5703 1510 5761 reducit.
1552 5704 1853 5774 Incipiente
1883 5723 2072 5766 versus

2148 4636 2453 4694 riﬁcatione
2502 4635 2707 4688 sanctae
2758 4627 3039 4685 Trinitatis
3085 4623 3350 4685 canimus,
3402 4622 3639 4685 quatuor
3684 4626 3791 4668 una

2147 4724 2565 4798 gloriﬁcatione,
2600 4728 2655 4777 et
2694 4735 2800 4776 una
2849 4716 3149 4785 antiphona
3199 4708 3537 4798 copulamugs,
3589 4702 3793 4798 duode-

2148 4794 2252 4873 cim
2305 4811 2664 4883 patriarchas,
2715 4826 2780 4865 ex
2838 4806 3039 4877 quibus
3084 4799 3342 4855 Judaicus
3399 4796 3495 4851 Dei
3553 4794 3792 4864 populus

2149 4910 2482 4977 propagatus
2534 4907 2636 4965 est,
2684 4899 2749 4953 ad
2802 4891 3115 4951 memoriam
3165 4887 3478 4942 reducimus
3519 4906 3531 4939 :
3589 4884 3681 4952 qui
3734 4883 3790 4937 iu

2150 4972 2385 5065 quatuor
2439 4990 2759 5051 virtutibus,
2817 4980 3029 5039 scilicet.
3087 4977 3404 5045 prudentia,
3447 4972 3789 5033 fortitudine,

2154 5062 2198 5146 9
2246 5082 2457 5152 justitia
2506 5086 2560 5134 et
2606 5069 2964 5142 temperantia
3007 5067 3295 5139 fulgentes,
3328 5076 3527 5133 easque
3558 5062 3792 5116 Trinita-

2152 5174 2223 5228 tis
2252 5151 2376 5225 tide
2426 5175 2480 5223 et
2530 5164 2795 5220 charitate
2843 5163 3275 5222 connectentes,
3321 5152 3548 5208 Domino
3598 5151 3793 5207 devote

2151 5262 2461 5319 servierunt
2498 5276 2509 5309 :
2562 5264 2794 5322 quorum
2835 5249 3097 5318 exemplis
3142 5248 3405 5304 debemus
3434 5241 3651 5297 instrui.
3696 5242 3796 5296 Per

2152 5328 2454 5407 secundum
2498 5346 2826 5396 nocturnum
2875 5339 3253 5408 significantur
3301 5332 3354 5386 hi
3405 5331 3498 5400 qui
3534 5331 3636 5386 sub
3674 5328 3795 5400 lege

2153 5440 2375 5495 fuerunt
2405 5430 2595 5488 eadem
2625 5426 2730 5484 ﬁde
2771 5434 2826 5484 et
2855 5427 3121 5484 charitate
3151 5421 3367 5477 muniti.
3415 5422 3520 5476 Per
3549 5420 3792 5485 tertium,

2148 5531 2207 5587 hi
2253 5525 2346 5596 qui
2393 5519 2494 5577 sub
2540 5518 2715 5589 gratia
2761 5517 2982 5574 fuerunt
3011 5512 3219 5569 eisdem
3248 5509 3543 5566 virtutibus
3590 5508 3794 5564 illumi-

2155 5617 2289 5681 nati.
2334 5615 2447 5681 Per,
2488 5623 2682 5680 novem
2714 5607 3018 5673 lectiones,
3060 5599 3260 5671 quibus
3304 5601 3379 5675 Te
3426 5597 3793 5663 deumlauda-

2152 5720 2286 5773 mus,
2337 5700 2551 5758 scilicet
2597 5698 2815 5754 laudem
2860 5693 2977 5763 Dei,
3026 5688 3431 5761 conjungimus,
3463 5701 3566 5745 nos
3592 5688 3788 5746 horum
