4156 6196
382 362 447 417 31
1519 371 1793 427 JOANNIS
1827 371 2241 426 ABCHIEPISC.
2284 372 2615 427 ROTOMAG.
3677 369 3747 424 32

384 487 548 544 trium
595 495 901 562 temporum
954 492 1202 564 exempla
1250 493 1324 549 ita
1372 494 1575 550 imitari
1626 494 2019 564 praedicatione
2039 496 2378 565 Asequitur,
2429 502 2484 552 et
2531 496 2694 552 dictis
2737 495 3012 566 precibus,
3069 495 3168 567 (36)
3218 495 3564 552 confessione
3604 495 3747 551 facta

386 581 442 630 et
487 590 655 647 opere
703 579 907 636 debere
956 582 1308 652 designatur,
1358 588 1417 637 ut
1464 596 1656 639 novem
1704 583 2022 653 angelorum

384 663 676 722 ordinibus
729 671 988 740 conjungi
1048 685 1371 737 mereamur,
1421 676 1481 726 ut
1537 685 1601 725 ex
1658 672 1820 727 nobis
1866 673 2024 728 deci-

332 796 343 809 .
383 765 506 808 mus
532 761 891 825 restauretur,
924 760 1018 829 qui
1067 760 1267 814 divinis
1312 759 1711 814 incessabiliter
1756 760 2023 817 inhereat

384 838 660 898 laudibus.

459 928 569 999 (27)
600 933 704 987 Per
748 932 994 989 Ofﬁcium
1026 935 1343 990 matutinale
1374 936 1666 991 recolimus
1694 937 2019 1006 baptismum

385 1016 564 1087 plebis
593 1021 930 1089 Israelitice,
964 1039 1065 1093 per
1102 1037 1262 1092 quem
1293 1031 1483 1079 noster
1524 1024 1808 1094 ﬁguratur,
1840 1026 1934 1095 qui
1965 1028 2021 1081 in

364 1106 567 1177 _vigilia
615 1112 876 1166 matutina
925 1112 1095 1166 Exodi
1134 1111 1311 1168 factus
1353 1119 1456 1179 est,
1506 1113 1635 1167 dum
1684 1114 1893 1169 necatis
1941 1116 2021 1170 di-

383 1195 507 1250 vina
551 1199 795 1265 potentia
841 1199 1128 1267 hostibus,
1179 1201 1403 1255 rubrum
1461 1215 1608 1256 mare
1664 1203 2019 1259 transierunt.

382 1285 443 1337 In
473 1284 580 1340 hoc
628 1288 788 1341 etiam
830 1288 1165 1343 Dominicam
1205 1291 1666 1345 resurrectionem
1705 1292 2019 1359 recolimus,

382 1386 543 1441 quam
572 1388 782 1431 summo
822 1375 1065 1432 diluculo
1112 1376 1294 1447 angeli
1341 1379 1730 1435 nuntiaverunt
1779 1381 2022 1436 mulieri-

372 1450 504 1514 'bus.
553 1462 612 1515 In
661 1462 762 1518 hac
810 1463 945 1520 hora
993 1465 1237 1535 quinque
1283 1466 1521 1536 psalmos
1557 1468 1627 1523 ad
1667 1470 2021 1526 muniendum

381 1548 625 1618 quinque
672 1553 925 1621 corporis
971 1567 1167 1609 sensus
1213 1556 1478 1611 canimus.
1540 1558 1671 1612 Post
1716 1560 2023 1615 sacerdotis

378 1634 566 1702 lectio,
618 1652 742 1706 que
789 1640 1085 1709 capitulum
1131 1648 1376 1711 vocatur,
1419 1658 1521 1699 nos
1562 1645 1619 1700 in
1667 1646 1814 1703 bono
1854 1661 2022 1718 opere

380 1738 732 1793 perseverare
779 1727 1033 1784 hortatur
1071 1750 1084 1785 :
1130 1731 1219 1786 cui
1270 1744 1372 1787 nos
1410 1732 1734 1791 obedientes
1761 1736 2023 1806 hymnum

2104 600 2226 640 cum
2258 586 2515 655 precibus
2539 585 2615 641 ibi
2638 586 3062 656 pertinentibus,
3090 586 3347 640 oratione.
3367 586 3615 654 subjecta
3644 586 3745 640 ho-

2105 688 2164 728 ra
2201 674 2560 745 compleatur.
2616 674 2737 746 (37)
2790 676 2969 730 Prima
3017 674 3165 729 ﬁnita
3206 676 3261 729 in
3300 675 3598 744 capitulum
3639 674 3747 728 fra-

2104 769 2218 818 tres
2265 765 2612 820 conveniant.
2671 763 3040 835 Martyrologii
3090 764 3275 830 lectio,
3335 763 3565 833 legatur,
3621 762 3743 834 (38)

2104 866 2173 908 ne
2202 853 2385 922 aliqua
2415 853 2589 907 sancti
2621 850 2886 907 festivitas
2922 852 2978 906 in
3009 853 3250 908 crastino
3275 851 3604 907 celebranda
3659 843 3745 912 12

2103 941 2447 1011 negligenter
2491 942 2793 998 omittatur.
2826 943 3018 1005 Versu,
3054 942 3293 995 Pretiosa
3322 946 3398 995 est
3433 941 3489 994 in
3525 954 3747 1010 conspe-

2103 1034 2188 1084 ctu
2230 1030 2461 1094 Domini,
2501 1030 2671 1096 dicto,
2722 1030 2898 1085 beate
2946 1030 3147 1095 Marie,
3180 1037 3604 1098 sanctorumque
3654 1028 3746 1082 in-

2103 1118 2443 1174 tercessione
2490 1118 2784 1188 postulata,
2826 1125 3051 1187 tumque
3099 1119 3210 1173 Deo
3260 1117 3315 1172 in
3365 1130 3555 1172 eorum
3586 1117 3747 1172 auxi-

2104 1206 2179 1262 lio
2219 1206 2493 1273 invocato,
2525 1207 2774 1263 oratione
2820 1207 3101 1262 Dominica
3141 1205 3433 1274 completa,
3484 1218 3606 1259 cum
3654 1194 3757 1259 εει-δ

2104 1295 2348 1351 cerdotis
2395 1296 2666 1362 oratione,
2713 1295 2789 1350 ibi
2841 1294 3079 1349 ﬁniatur.
3131 1294 3262 1349 lnde
3312 1293 3575 1349 recitetur
3625 1291 3747 1363 (39)

2103 1382 2268 1438 lectio
2312 1383 2517 1455 regule
2565 1383 2920 1449 canonicalis,
2973 1381 3082 1453 (40)
3112 1396 3207 1437 seu
3240 1380 3552 1452 pastoralis,
3618 1379 3743 1451 (41)

2102 1472 2185 1527 vel
2216 1472 2449 1542 alicujus
2477 1473 2743 1544 regularis
2772 1473 2919 1529 libri.
2959 1472 3167 1528 Deinde
3225 1472 3401 1543 culpe
3431 1471 3753 1527 examinen-

2104 1566 2195 1614 tur
2236 1580 2249 1615 :
2302 1562 2632 1616 examinatio
2673 1560 3070 1617 canonicaliter
3099 1567 3441 1616 exerceatur.
3500 1561 3631 1614 Post
3684 1557 3752 1613 ad

2105 1648 2395 1704 ecclesiam
2444 1648 2692 1715 redeant,
2739 1655 2794 1704 et
2842 1650 3061 1703 missam
3110 1647 3482 1703 matutinalem
3532 1651 3749 1702 canant.

2104 1739 2163 1792 In
2211 1751 2275 1793 ea
2323 1738 2408 1794 he
2447 1738 2727 1794 orationes
2765 1737 3057 1793 dicantur:
3091 1737 3266 1806 prima
3304 1735 3562 1792 Fidelium
3587 1736 3749 1801 Deus,

379 1812 612 1869 Domino
678 1829 1019 1873 resonamus.
1097 1812 1179 1881 ΙΟ
1232 1822 1400 1878 Versu
1467 1838 1688 1894 quoque
1755 1826 2014 1895 excitati,
2038 1825 2369 1893 Bsecunda,
2430 1827 2590 1891 Deus,
2648 1828 2738 1897 qui
2783 1828 2920 1881 inter
2976 1825 3311 1896 apostolicos,
3372 1826 3554 1890 tertia,
3614 1824 3752 1879 Deus

381 1899 642 1970 hymnum
699 1905 973 1962 Zacharie
1022 1909 1394 1977 concinimus,
1455 1913 1511 1967 in
1574 1927 1684 1983 quo
1740 1916 2028 1972 Dominum

379 2001 483 2045 nos
509 1991 779 2060 visitasse,
813 1999 868 2049 et
914 1995 1349 2067 redemptionem
1399 2015 1499 2070 per
1542 2002 1811 2058 Abraham
1865 2005 2027 2061 nobis

381 2080 705 2147 promissam
775 2084 1132 2153 complevisse
1166 2129 1180 2153 ,
1257 2087 1623 2146 collaudando
1683 2092 2024 2162 proﬁtemur.

383 2168 554 2222 Versu
600 2168 863 2240 incepto,
907 2174 1062 2242 juxta
1108 2176 1255 2244 quod
1305 2178 1566 2234 Dominus
1610 2181 1780 2250 Moysi
1818 2197 2029 2252 prece-

385 2256 468 2325 pit
513 2258 715 2322 (Exod.
764 2261 934 2333 xxxx),
982 2264 1244 2319 sacerdos
1291 2266 1573 2323 incensum
1631 2284 1800 2339 super
1854 2272 2026 2329 altare

383 2344 667 2416 adolebit;
726 2349 917 2419 sicque
975 2358 1035 2407 ut
1088 2353 1144 2408 in
1201 2356 1475 2425 Vesperis,
1534 2358 1834 2428 antiphona
1889 2375 2024 2417 can-

382 2437 515 2501 tata,
539 2435 649 2508 (28)
681 2452 803 2493 cum
834 2441 1084 2497 oratione
1114 2443 1416 2512 Dominica,
1441 2452 1495 2501 et
1515 2448 1795 2516 precibus,
1823 2456 1878 2504 et
1906 2464 2028 2505 ora-

381 2523 534 2579 tione
564 2525 771 2582 ﬁnitur.
822 2529 882 2583 ln
929 2528 1083 2585 festis
1118 2546 1249 2588 vero
1279 2534 1457 2589 oratio
1487 2537 1767 2593 Dominica
1797 2544 1852 2594 et
1891 2553 2023 2609 pyre-

380 2625 475 2668 ces
502 2626 613 2669 non
652 2614 931 2672 dicuntur.
963 2620 1079 2686 Quo
1110 2621 1264 2676 ﬁnito
1296 2629 1356 2677 ut
1398 2624 1453 2678 in
1492 2627 1709 2681 ceteris
1739 2606 2023 2684 horis—Do-

380 2701 562 2758 minus
608 2702 975 2774 benedicitur,
1026 2714 1081 2763 et
1126 2710 1195 2764 ab
1247 2712 1501 2768 omnibus
1528 2714 1633 2769 sibi
1663 2721 1847 2785 grates
1885 2717 2026 2773 refe-

381 2793 596 2847 runtur.
644 2792 804 2848 Aliud
851 2809 1074 2866 quoque
1122 2800 1407 2869 mysticum
1441 2802 1583 2872 gerit
1623 2802 1729 2860 hoc
1759 2803 2018 2862 ofﬁcium.

378 2876 484 2932 Per
526 2881 758 2949 primum
808 2884 1072 2954 psalmum
1120 2888 1391 2957 primitiva
1439 2891 1508 2946 de
1544 2891 1751 2949 Judeis
1777 2895 2021 2950 Ecclesia

381 2964 734 3038 designatur;
770 2987 869 3042 per
896 2976 1196 3031 secundum
1228 2978 1297 3033 de
1326 2980 1615 3047 gentibus;
1650 2995 1750 3049 per
1774 2984 2016 3047 tertium,

380 3056 469 3108 cui
517 3070 659 3112 unus
701 3060 943 3127 psalmus
981 3064 1083 3117 sub
1133 3078 1239 3118 una
1275 3065 1447 3131 gloria
1475 3067 1753 3135 adjicitur,
1787 3075 2018 3138 uterque

2109 1916 2273 1970 uenia:
2315 1914 2555 1984 largitor,
2614 1922 2740 1984 post
2793 1921 3011 1970 cetere
3059 1928 3185 1983 que
3231 1912 3492 1969 fratribus
3535 1912 3757 1982 placue-

2109 2005 2241 2060 rint.

2180 2094 2346 2165 Signo
2394 2091 2673 2149 indicante
2719 2092 2902 2147 Tertia
2938 2094 3211 2147 cantetur.
3260 2090 3421 2145 Missa
3467 2087 3578 2144 diei
3615 2087 3754 2143 hora

2108 2184 2301 2249 tertia,
2348 2189 2579 2252 excepto
2624 2181 2818 2252 jejunii
2869 2187 3117 2250 tempore
3141 2221 3155 2246 ,
3215 2178 3546 2235 celebretur.
3605 2177 3754 2232 Hora

2109 2274 2255 2328 enim
2308 2272 2470 2328 tertia
2516 2270 2719 2341 linguis
2762 2269 3078 2325 Judeorum
3126 2267 3421 2323 cruciﬁxus
3467 2272 3551 2321 est
3597 2264 3758 2320 Chri-

2107 2366 2226 2417 stus
2263 2380 2275 2415 :
2322 2359 2521 2430 jejunii
2552 2366 2800 2428 tempore
2849 2357 2984 2414 hora
3026 2370 3192 2422 nona,
3242 2356 3299 2410 in
3346 2368 3454 2425 qua
3499 2354 3751 2409 Christus

2108 2450 2290 2505 emisit
2318 2449 2592 2518 spiritum.
2644 2447 2803 2502 Missa
2841 2459 2973 2501 vero
3004 2444 3115 2500 diei
3144 2445 3251 2500 hoc
3281 2442 3477 2499 ordine
3506 2441 3757 2497 celebre-

2108 2543 2217 2593 tur.
2279 2540 2338 2593 ln
2392 2537 2585 2593 Primis
2629 2536 2685 2590 in
2732 2534 3015 2590 ferialibus
3062 2532 3258 2588 diebus
3304 2531 3429 2587 due
3476 2541 3755 2599 campane

2105 2627 2422 2696 pulsentur,
2477 2624 2602 2697 (42)
2652 2625 2709 2679 in
2757 2622 2913 2678 festis
2958 2634 3169 2677 omnes.
3216 2620 3298 2675 Ad
3347 2618 3535 2675 Gloria
3580 2617 3751 2682 Patri,

2105 2715 2277 2771 choro
2323 2714 2607 2770 introitum
2655 2727 2685 2767 a
2734 2712 2896 2767 beato
2942 2709 3239 2765 Celestino
3294 2708 3604 2764 institutum
3659 2720 3749 2762 ca-

2103 2811 2291 2870 nente,
2322 2803 2584 2860 sacerdos
2614 2802 2670 2856 in
2695 2800 2974 2866 vestiario,
3026 2799 3325 2868 ceterique
3364 2796 3600 2853 ministri
3630 2807 3753 2852 san-

2103 2892 2175 2946 tis
2215 2892 2460 2947 vestibus
2499 2892 2653 2959 juxta
2684 2888 2936 2944 ordinem
2987 2886 3305 2953 induantur,
3346 2886 3560 2942 scilicet
3606 2884 3759 2951 alba,

2102 2979 2245 3034 stola
2273 2987 2329 3034 et
2359 2978 2648 3034 dalmatica
2678 2976 2947 3033 diaconus
2969 2997 2985 3030 :
3030 2975 3173 3038 alba,
3225 2982 3281 3031 et
3318 2976 3523 3042 tunica,
3557 2980 3612 3030 et
3636 2988 3755 3031 ma-

2100 3068 2294 3137 nipulo
2344 3066 2766 3123 subdiaconus:
2831 3057 2909 3126 l3
2957 3065 3158 3134 reliqui
3207 3069 3419 3119 tantum
3448 3063 3608 3131 albis,
3639 3063 3753 3120 sci-

379 3143 636 3221 populus,
668 3147 891 3215 gentilis
933 3155 987 3203 et
1028 3150 1274 3217 Judeus,
1316 3154 1411 3221 qui
1457 3154 1513 3208 in
1560 3154 1665 3209 ﬁne
1696 3156 1886 3213 mundi
1918 3172 2023 3213 una
2044 3151 2087 3209 C
2108 3156 2239 3212 licet
2288 3155 2399 3225 (43)
2428 3154 2538 3211 duo
2585 3154 2847 3225 acolythi,
2880 3166 3022 3209 unus
3052 3153 3147 3224 qui
3176 3158 3361 3209 cantet
3388 3152 3669 3225 graduale,
3700 3162 3757 3210 et

377 3228 505 3298 ﬁde,
556 3245 662 3287 una
710 3232 829 3304 lege
877 3237 1301 3307 conjungentur.
1351 3240 1455 3295 Per
1510 3247 1802 3312 quartum,
1862 3260 2023 3315 quem

380 3321 537 3387 pueri
578 3322 632 3376 in
679 3324 895 3379 camino
944 3326 1157 3381 ardenti
1198 3329 1538 3396 cecinerunt,
1570 3332 1893 3389 Antichristi
1928 3336 2024 3390 tri-

377 3408 609 3477 bulatio,
660 3425 821 3481 quam
872 3419 1103 3485 uterque
1152 3430 1253 3486 pro
1300 3418 1517 3475 Christo
1568 3421 1807 3490 patietur
1842 3436 2023 3493 popu-

378 3497 502 3591 lus.)
535 3500 641 3554 Per
685 3506 799 3587 tres
845 3502 1086 3591 psalmos
1127 3506 1386 3591 Ιταιιεῖιξιιτ
1426 3508 1521 3581 qui
1568 3509 1671 3591 sub
1690 3510 2025 3591 ξιιρζζριονὶα

378 3575 815 3682 seiungeris.
843 3575 1270 3682 sesese:
1289 3575 1391 3682 iui
1409 3575 1931 3682 sitnsots'biaten
1970 3606 2025 3657 οι

378 3678 493 3732 Noe
523 3663 909 3748 exprimuntur;
932 3663 1899 3760 dum‘Ch'ristoiin.laude'et'gloria
1937 3705 2025 3746 re-

376 3766 769 3860 suam}?!
812 3769 978 3860 iis"?
1001 3772 1301 3860 ,ιιιιῑεειηιεν
1334 3774 2025 3860 ερεθίιυειιεὲεξιειιιιξτετεί

376 3840 1315 3946 Ρνίιιιειιηὲνξέιξιιῌξρξιιξιιξξξιῇξθδ
1343 3840 1524 3946 nubta}
1559 3840 2026 3946 ξιδὰἰίἱὲέηξιξθέ

377 3932 784 4012 congregetth
805 3932 1029 4014 ,'°(30)'
1048 3932 1142 4003 ubi
1170 3932 1444 4021 religiose
1493 3932 1525 4009 ⁷Ι
1555 3932 1579 4009 Ι-
1608 3932 2019 4021 consistentes,

377 4041 489 4083 non
538 4029 640 4085 hac
687 4037 781 4087 aut
829 4033 956 4088 illac
996 4049 1055 4090 se
1096 4047 1395 4108 moventes,
1427 4055 1529 4097 nec
1560 4041 1722 4097 alicui
1753 4043 2024 4100 confabu-

378 4112 574 4182 lantes,
609 4131 787 4188 neque
836 4120 951 4176 bini
998 4123 1180 4191 simul,
1214 4127 1319 4182 nisi
1369 4130 1810 4199 competentibus
1847 4131 2019 4198 horis,

379 4204 657 4273 sedentes,
692 4206 793 4279 (31)
824 4215 880 4265 et
925 4211 993 4267 ad
1042 4212 1226 4270 Gloria
1263 4218 1432 4285 Patri,
1466 4218 1534 4274 ad
1572 4218 1743 4275 altare
1772 4234 1831 4275 se
1857 4221 2021 4276 incli-

381 4293 566 4349 nando
595 4301 893 4366 vertentes,
937 4298 1058 4373 (32)
1112 4303 1340 4360 chorum
1382 4320 1491 4362 non
1541 4316 1757 4375 exeant,
1789 4311 2024 4379 majores

378 4384 588 4454 absque
646 4386 862 4455 decani,
922 4391 1163 4449 minores
1216 4395 1423 4467 absque
1480 4397 1701 4454 licentia
1758 4400 2019 4455 cantoris.

2108 3243 2319 3301 deferat
2365 3242 2789 3308 candelabrum;
2851 3241 2990 3297 alter
3044 3242 3138 3312 qui
3186 3240 3452 3308 Alleluia,
3513 3248 3569 3297 et
3617 3241 3756 3297 ferat

2109 3333 2466 3390 thuribulum.
2528 3332 2634 3405 (44)
2694 3332 2907 3387 Psalmo
2964 3331 3115 3387 dicto
3142 3369 3158 3393 ,
3225 3331 3525 3400 incipiente
3578 3331 3750 3387 choro

2108 3422 2293 3479 Gloria
2338 3421 2509 3485 Patri,
2558 3420 2819 3476 sacerdos
2866 3420 3164 3489 ceterique
3196 3419 3431 3474 ministri
3471 3420 3551 3474 sic
3580 3419 3648 3474 ad
3678 3418 3756 3475 al-

2105 3517 2224 3568 tare
2292 3511 2615 3581 procedant.
2683 3510 2958 3566 Diaconus
3014 3509 3291 3579 precedat
3347 3509 3752 3579 presbyterum,

2106 3602 2479 3658 subdiaconus
2508 3599 2830 3670 precedens
2869 3598 3160 3654 diaconum
3205 3598 3344 3654 ferat
3381 3598 3752 3668 Evangelium,

2110 3689 2232 3762 (45)
2264 3689 2629 3746 ceroferarius
2670 3703 2792 3743 cum
2823 3701 2985 3743 cereo
3028 3688 3305 3757 praecedat
3332 3686 3746 3753 subdiaconum,

2105 3780 2345 3850 portitor
2387 3778 2653 3834 thuribuli
2701 3775 3112 3833 ceroferarium.
3157 3778 3290 3832 Dum
3330 3789 3461 3847 ergo
3499 3782 3625 3831 ante
3667 3776 3755 3832 al-

2104 3874 2221 3923 tare
2268 3868 2538 3932 venerint,
2584 3866 2957 3921 subdiaconus
3002 3864 3349 3935 Evangelium
3379 3869 3548 3933 ponat
3585 3879 3755 3934 super

2106 3956 2357 4010 dextrum
2405 3968 2577 4009 cornu
2626 3953 2847 4019 altaris,
2915 3953 3008 4008 ubi
3057 3966 3230 4022 usque
3277 3952 3345 4006 ad
3395 3952 3749 4022 Evangelium

2105 4043 2365 4099 manebit.
2418 4045 2520 4098 Per
2567 4041 2739 4097 altare
2785 4041 3086 4097 Jerusalem
3131 4040 3479 4110 designatur,
3530 4039 3587 4095 in
3641 4053 3751 4110 qua

2104 4133 2174 4188 ab
2220 4132 2379 4187 initio
2428 4131 2695 4186 adventus
2741 4130 2956 4186 Domini
3004 4129 3315 4200 evangelica
3363 4129 3618 4185 doctrina
3665 4144 3753 4188 re-

2105 4222 2310 4287 sonuit,
2344 4225 2400 4276 et
2450 4219 2578 4275 inde
2625 4233 2799 4289 usque
2847 4219 2915 4274 ad
2956 4218 3236 4289 publicum
3275 4218 3463 4285 exivit,
3508 4223 3569 4274 ut
3608 4219 3753 4274 scri-

2106 4317 2258 4403 ptum
2290 4315 2374 4403 est
2416 4330 2454 4403 :_
2471 4311 2556 4403 De
2604 4309 2767 4403 Sion“
2784 4308 2946 4403 exilit
2994 4307 3102 4376 lex,
3134 4313 3190 4403 e’l
3216 4307 3424 4403 uerbum
3452 4308 3660 4403 Dontini

2103 4398 2394 4455 Jerusalem
2441 4400 2570 4470 (Isa.
2627 4413 2687 4464 ιι,
2736 4396 2813 4464 3).
2865 4398 3063 4453 Postea
3110 4395 3482 4453 subdiaconus
3510 4396 3578 4450 ad
3608 4395 3749 4450 sini-

374 4473 475 4542 Qui
531 4481 709 4531 autem
768 4476 950 4549 legere
1008 4486 1332 4552 perrexerit,
1393 4500 1503 4543 non
1556 4488 1792 4543 medium
1838 4484 2277 4557 chori,Dstram
2328 4487 2634 4544 sacerdotis
2681 4490 2961 4551 transeat,
3015 4485 3283 4541 diaconus
3336 4485 3404 4541 ad
3462 4482 3747 4551 dextram;

378 4575 666 4635 quousque
696 4564 805 4638 (33)
835 4574 961 4625 ante
992 4576 1047 4625 et
1083 4576 1232 4628 retro
1271 4574 1537 4642 inclinet,
1589 4582 1867 4642 transeat;
1919 4591 2022 4633 nec

378 4665 499 4708 cum
530 4656 785 4725 strepitu,
816 4658 913 4714 sed
974 4659 1237 4717 decenter
1264 4669 1476 4734 pergat,
1517 4671 1577 4721 ut
1613 4665 1670 4721 in
1711 4667 1929 4723 incessu
1968 4672 2023 4723 et

378 4738 570 4795 habitu
598 4758 788 4801 eorum
821 4748 1014 4821 religio
1052 4764 1272 4820 semper
1316 4761 1596 4823 appareat.
1645 4756 1746 4823 Qui
1778 4769 1907 4812 vero
1954 4771 2022 4812 ex

380 4840 487 4881 una
539 4837 691 4897 parte
744 4836 810 4888 ad
868 4837 1093 4895 alteram
1149 4854 1358 4895 summa
1415 4842 1634 4912 quidem
1695 4846 2020 4902 necessitate

382 4913 531 4981 ierit,
565 4922 692 4971 ante
722 4927 1098 4985 tantummodo
1127 4934 1279 4985 stans
1316 4930 1537 5000 quidem
1586 4940 1903 4989 reverenter
1936 4934 2021 4989 in-

379 5003 567 5061 clinet.
616 5006 862 5062 Violator
907 5010 1068 5081 hujus
1114 5020 1385 5089 pr0positi
1432 5019 1691 5091 legitime
1740 5024 2021 5094 subjaceat

379 5095 739 5166 correptioni.
785 5097 997 5167 Hymno
1044 5103 1193 5161 dicto
1225 5110 1416 5177 psalmi
1449 5123 1572 5165 cum
1602 5111 1903 5181 antiphona
1951 5113 2019 5169 ad

375 5198 475 5240 eos
526 5188 836 5255 pertinente
883 5186 1174 5247 dicantur:
1228 5205 1347 5263 post
1378 5213 1520 5268 quos
1560 5200 1862 5272 Quicunque
1890 5202 2018 5268 vult,

378 5288 503 5329 cum
532 5276 831 5343 antiphona
860 5283 1065 5335 sancte
1093 5280 1373 5341 Trinitatis
1401 5294 1671 5357 cantetur,
1707 5289 1809 5359 (34)
1854 5305 2023 5348 exce-

377 5363 490 5435 ptis
533 5363 731 5420 diebus
785 5367 1093 5424 Nativitatis
1148 5370 1363 5428 Domini
1420 5390 1594 5447 usque
1650 5378 1719 5435 ad
1777 5386 2020 5435 octavam

378 5452 722 5523 Epiphanie,
756 5460 813 5509 et
840 5455 1037 5513 diebus
1075 5459 1449 5516 Pentecostes.
1486 5464 1608 5537 (35)
1640 5467 2021 5538 Subsequente

378 5540 622 5612 capitulo
650 5542 868 5599 Domine
903 5547 1168 5617 miserere,
1199 5548 1256 5604 in
1302 5548 1587 5609 ferialibus
1613 5557 1830 5625 diebus,
1863 5556 2021 5613 festi-

379 5629 464 5685 vis
507 5634 688 5686 autem
734 5633 871 5701 Regi
911 5636 1240 5706 seculorum,
1272 5642 1683 5709 responsorium
1712 5660 1835 5702 cum
1865 5661 2023 5703 versu

2105 4578 2200 4633 ubi
2256 4576 2604 4633 confessione
2663 4575 2895 4631 invicem
2952 4572 3114 4641 facta,
3177 4573 3286 4646 (46)
3346 4574 3639 4629 diaconum
3695 4579 3752 4628 et

2104 4666 2498 4722 subdiaconum
2529 4663 2811 4721 osculetur
2838 4663 3100 4720 sacerdos
3123 4684 3136 4723 :
3174 4662 3404 4733 primum
3428 4662 3574 4717 enim
3594 4661 3751 4718 Chri-

2103 4763 2223 4813 stus
2268 4770 2457 4827 pacem
2496 4754 2765 4824 apostolis
2811 4753 2984 4819 dedit,
3017 4767 3117 4822 per
3144 4766 3241 4808 eos
3268 4752 3392 4807 orbi
3421 4750 3742 4806 transmisit.

2102 4848 2342 4915 Postque
2391 4844 2496 4914 (47)
2544 4842 2805 4899 sacerdos
2850 4841 3150 4910 ceterique
3198 4840 3432 4896 ministri
3473 4846 3622 4895 retro
3652 4852 3779 4894 co-.

2102 4950 2217 4991 ram
2247 4935 2404 4990 altari
2434 4932 2676 4989 breviter
2704 4937 2864 4987 orent
2893 4936 3103 4985 stantes
3132 4929 3328 4985 ordine
3365 4943 3487 4985 suo.
3538 4926 3746 4983 Deinde

2104 5025 2337 5095 primum
2368 5023 2436 5077 ab
2466 5022 2717 5077 oratione
2747 5031 2979 5089 surgens
3028 5018 3315 5073 inclinanti
3365 5018 3469 5073 sibi
3518 5017 3750 5072 inclinet

2103 5114 2359 5178 diacono,
2407 5112 2673 5167 diaconus
2721 5107 3008 5163 inclinanti
3055 5107 3419 5173 subdiacono,
3459 5105 3753 5163 subdiaco-

2102 5218 2207 5259 nus
2259 5198 2543 5257 inclinanti
2590 5197 2695 5253 sibi
2744 5195 2937 5252 choro.
3005 5189 3092 5258 I4
3136 5198 3411 5253 Diaconus
3446 5210 3578 5252 vero
3626 5203 3753 5267 post

2105 5293 2518 5349 inclinationem
2576 5294 2808 5357 utraque
2866 5286 3056 5343 altaris
3114 5301 3322 5343 cornua
3378 5284 3747 5351 deosculans,

2101 5379 2378 5438 sacerdoti
2415 5376 2652 5433 medium
2681 5376 2868 5431 altaris
2903 5376 3172 5433 osculanti
3190 5373 3559 5460 _Evangelium
3590 5388 3751 5431 oscu-
3860 5420 3863 5423 λ

2104 5469 2325 5525 landum
2382 5464 2575 5522 offerat
2601 5480 2625 5529 ς
2667 5464 2950 5535 evangelio
2997 5466 3144 5521 enim
3190 5464 3443 5519 Christus
3492 5463 3750 5533 prevari-

2104 5556 2340 5614 cationis
2366 5553 2792 5626 chirographum
2822 5553 3033 5620 delens,
3066 5565 3254 5623 pacem
3310 5551 3517 5608 mundo
3552 5551 3746 5607 dedit:

2105 5647 2263 5715 cujus
2326 5644 2678 5715 preconibus
2740 5650 3032 5711 utrumque
3099 5640 3384 5712 populum,
3457 5640 3744 5697 Judaicum
