4156 6196
388 307 458 366 33

1467 309 1664 363 LIBER
1707 309 1792 363 DE
1830 308 2111 364 OFFICIIS
2149 307 2694 364 ECCLESIASTICIS.

3687 311 3753 368 34

384 435 589 504 quippe
639 439 694 488 et
749 433 1010 503 gentilem
1056 432 1161 487 sibi
1211 431 1605 488 reconciliavit.
1656 431 1813 499 Quod
1861 431 2422 500 altarerperando,
2482 436 2831 501 promeretur
2887 437 3144 488 aeternam
3191 435 3441 504 gloriam,
3491 451 3614 506 qum
3662 450 3762 506 per

381 522 646 579 sacerdos
701 521 1023 588 osculatur,
1093 521 1363 592 signiﬁcat
1425 528 1642 591 gentem
1706 521 1949 575 Judaaam
1977 521 2035 576 in

384 611 684 669 Jerusalem
718 617 1043 677 morantem,
1076 625 1236 680 quam
1265 611 1526 666 Christus
1564 610 1670 664 sibi
1702 609 2034 665 reconcilia-

387 700 500 764 vit;
536 713 637 768 per
665 698 1026 769 evangelium,
1058 699 1314 768 gentilem
1347 698 1629 768 populum.
1665 698 1872 752 Dehinc
1903 712 2035 767 per-

386 789 466 860 git
512 787 775 842 sacerdos
822 787 890 842 ad
932 787 1179 842 dextrum
1239 800 1412 843 cornu
1459 787 1694 842 altaris:
1755 787 2034 842 dexteram

388 876 533 932 enim
582 875 833 930 Christus
887 889 1106 944 semper
1177 875 1288 946 egit
1351 877 1553 931 vitam:
1624 876 1848 931 dextera
1889 875 2034 931 enim

388 963 496 1017 vita
533 962 843 1031 acquiritur
880 962 1121 1017 cmlestis
1163 963 1358 1032 gloria.
1418 963 1532 1034 (48)
1590 963 1863 1019 Diaconus
1910 968 2037 1032 post

391 1066 511 1107 eum
544 1051 791 1107 eamdem
822 1051 1086 1107 imitando
1116 1052 1278 1107 vitam
1309 1053 1496 1122 [fort.,
1538 1053 1715 1117 viam]
1748 1053 2032 1118 consistat,

389 1153 678 1210 quousque
737 1140 788 1194 ei
845 1140 1039 1195 sedere
1097 1140 1308 1196 innuat.
1359 1142 1541 1196 Sessio
1590 1141 1839 1211 episcopi
1882 1142 2035 1210 juxta

393 1229 614 1284 decreta
664 1228 869 1283 Urbani
914 1243 1069 1298 papae
1116 1230 1294 1300 (epist.
1349 1229 1413 1284 de
1459 1229 1694 1284 calhedr.
1745 1230 1903 1300 episc.
1957 1245 2033 1293 1v,

389 1333 437 1372 c.
499 1316 629 1386 35),
686 1323 740 1372 et
796 1318 1224 1388 Carthaginense
1264 1318 1557 1374 concilium
1584 1318 1804 1374 caeteris
1833 1317 2037 1373 celsior

391 1405 559 1460 debet
588 1405 705 1460 ﬁeri
729 1447 743 1469 ,
777 1405 833 1460 in
881 1420 989 1474 qua
1019 1405 1281 1461 cathedra
1339 1407 1672 1476 pontiﬁcalis
1729 1407 2036 1462 honoriﬁce

390 1495 797 1560 constituatur;
859 1495 1154 1565 episcopus
1202 1496 1346 1551 enim
1384 1497 1593 1563 Graece,
1634 1496 1824 1551 Latine
1854 1509 2037 1566 super-

387 1583 660 1638 intendens
689 1583 1126 1653 interpretatur:
1178 1584 1304 1640 ideo
1350 1585 1536 1652 altior,
1588 1586 1732 1640 sicut
1787 1584 2032 1651 vinitori,

390 1672 458 1726 ad
511 1672 927 1728 custodiendam
976 1673 1190 1728 vineam
1237 1674 1453 1728 Domini
1501 1675 1732 1729 sabaoth
1781 1675 1832 1729 ei
1880 1673 2068 1729 locus.

2118 519 2348 574 Alleluia
2380 520 2681 591 ﬁguratur;
2739 534 2839 589 per
2887 525 3137 585 tractum,
3191 523 3285 590 qui
3334 524 3484 578 nullo
3536 538 3761 594 respon-

2119 606 2284 662 dente
2315 614 2585 674 cantatur,
2617 615 2672 662 et
2700 608 2756 662 in
2787 607 3040 662 melodiis
3068 610 3184 664 suis
3211 609 3626 666 similitudinem
3655 611 3763 666 fert

2117 697 2373 764 gemitus,
2433 698 2540 751 vita
2599 697 3036 766 contemplativa,
3098 698 3153 752 in
3211 714 3317 768 qua
3375 699 3604 768 perfecti
3659 700 3762 754 viri

2118 792 2343 852 peccata
2375 785 2662 854 plorando,
2696 786 2799 841 soli
2825 788 2934 841 Deo
2973 787 3240 854 vacando,
3290 795 3587 855 morantes,
3621 802 3760 843 eam-

2118 872 2241 928 dem
2273 874 2633 930 excellentius
2661 876 2884 945 quidem
2913 876 3141 946 gloriam
3163 884 3567 946 promerentur.
3588 880 3765 932 Pneu-

2119 975 2204 1016 ma
2235 964 2561 1030 sequentiaa,
2594 965 2741 1033 quod
2783 971 2907 1034 post
2953 964 3181 1021 Alleluia
3226 973 3497 1034 cantatur,
3547 966 3762 1022 laudem

2119 1054 2342 1104 aeterna:
2384 1042 2463 1110 I7
2495 1050 2686 1120 glorim
2718 1054 3010 1122 signiﬁcat,
3043 1054 3135 1109 ubi
3158 1055 3305 1110 nulla
3327 1057 3432 1111 erit
3453 1055 3765 1111 necessaria

2116 1138 2408 1193 verborum
2441 1138 2670 1204 locutio,
2693 1141 2790 1194 sed
2821 1142 2936 1196 sola
2965 1158 3120 1211 pura,
3144 1151 3198 1199 et
3227 1144 3282 1198 in
3313 1146 3424 1200 Deo
3445 1159 3664 1214 semper
3681 1145 3765 1198 in—

2119 1233 2267 1282 tenta
2299 1228 2580 1298 cogitatio.
2633 1228 2734 1298 (56)
2783 1231 2888 1284 Per
2934 1233 3146 1288 tabulas
3196 1248 3402 1301 osseas,
3452 1249 3588 1304 quas
3637 1247 3769 1288 can-

2118 1320 2272 1371 tores
2328 1323 2518 1372 teneut
2573 1318 2628 1371 in
2688 1319 2957 1384 manibus,
3007 1319 3168 1376 fortis
3215 1323 3485 1378 bonorum
3536 1337 3765 1393 operum

2121 1406 2546 1474 perseverantia,
2597 1420 2704 1474 qua
2753 1406 2954 1460 divinis
3001 1415 3222 1476 oportet
3277 1411 3549 1467 inhaerere
3598 1411 3770 1467 laudi-

2118 1493 2241 1559 bus,
2284 1494 2621 1563 designatur.
2662 1495 2921 1550 Lectores
2967 1496 3215 1564 epistolm
3263 1503 3319 1552 et
3365 1500 3662 1570 Evangelii,
3714 1507 3770 1556 et

2119 1589 2376 1638 cantores
2421 1582 2699 1653 gradualis
2747 1591 2802 1639 et
2847 1582 3096 1651 Alleluia,
3142 1585 3198 1639 in
3229 1584 3437 1641 festivis
3467 1589 3663 1644 diebus
3709 1589 3767 1644 in

2119 1671 2389 1740 pulpitum
2444 1672 2781 1728 ascendant:
2841 1673 3047 1728 debent
3103 1673 3249 1729 enim
3299 1684 3552 1744 pastores
3583 1684 3639 1733 et
3669 1679 3768 1734 do-

392 1767 752 1830 praaparatur,
789 1775 977 1830 quam,
1017 1763 1318 1830 incipiente
1356 1763 1522 1832 Hyrie
1560 1761 1775 1828 eleisoa,
1823 1762 2308 1831 episco-Bctores
2358 1760 2807 1829 praedicationem
2853 1775 3007 1817 suam
3049 1764 3204 1832 juxta
3251 1764 3574 1833 prophetam
3623 1767 3770 1821 exal—

397 1866 498 1921 pus
518 1864 635 1904 cum
651 1850 930 1905 ministris
950 1850 1066 1905 suis
1086 1851 1368 1917 ascendat,
1392 1865 1625 1921 quorum
1647 1851 1739 1906 alii
1759 1857 1925 1917 stent,
1947 1850 2040 1906 alii

394 1940 638 1995 sedeant.
679 1941 785 1994 Per
833 1953 930 1995 eos
976 1941 1072 2010 qui
1118 1939 1315 1994 sedent
1363 1941 1604 1996 membra
1643 1939 1846 1995 Christi
1895 1940 2039 1996 desi-

389 2034 626 2099 gnantur
653 2028 709 2082 in
743 2042 879 2098 pace
909 2029 1288 2098 quiescentia:
1333 2043 1433 2098 per
1481 2043 1578 2085 eos
1607 2030 1702 2099 qui
1751 2021 1833 2089 I5
1867 2035 2034 2096 stant,

393 2117 449 2172 in
479 2117 777 2172 certamine
810 2118 1008 2186 posita.
1043 2117 1226 2174 Gloria
1255 2119 1310 2172 in
1356 2117 1580 2173 excelsis
1625 2119 1736 2173 Deo
1784 2132 1906 2173 cum
1956 2119 2040 2173 in-

391 2206 642 2275 cuaperit,
674 2207 759 2261 vel
790 2207 1096 2262 orationem
1135 2207 1338 2262 dixerit
1385 2205 1653 2277 pontifex,
1686 2221 1750 2261 ac
1779 2208 2042 2263 sacerdos

392 2295 459 2349 ad
491 2297 761 2351 orientem
791 2301 1072 2363 vertatur;
1107 2310 1216 2351 non
1249 2296 1378 2366 quia
1407 2296 1484 2351 ibi
1531 2296 1712 2352 solum
1757 2297 1829 2351 sit
1860 2297 2041 2352 Domi-

395 2398 516 2451 nus,
549 2385 644 2454 qui
675 2386 879 2455 ubique
909 2399 1019 2442 non
1051 2386 1297 2442 locorum
1329 2386 1544 2455 spatiis,
1595 2387 1692 2440 sed
1738 2387 2042 2456 majestatis

394 2473 645 2541 potentia
676 2487 921 2541 praesens
948 2479 1051 2538 est,
1084 2473 1182 2528 sed
1230 2474 1359 2542 quia
1405 2474 1474 2528 ab
1525 2475 1738 2530 oriente
1786 2474 1879 2530 lux
1931 2475 2043 2529 ori-

397 2567 510 2627 tur,
570 2575 677 2629 qua
733 2568 949 2620 caetera:
1006 2568 1190 2630 partes
1245 2563 1637 2617 illustrantur:
1699 2565 1778 2618 sic
1844 2578 1875 2618 a
1931 2566 2042 2619 Deo

390 2661 670 2702 summum
700 2647 926 2714 bonum,
976 2661 1087 2716 quo
1133 2654 1284 2704 totus
1329 2650 1482 2703 orbis
1538 2649 1895 2705 illuminatur.
1946 2655 2045 2706 Per

390 2734 781 2790 salutationem
813 2735 1120 2790 sacerdotis
1151 2743 1204 2791 et
1243 2737 1658 2805 responsionem
1710 2739 1901 2806 populi
1953 2751 2048 2792 eo-

395 2838 513 2879 rum
572 2825 880 2878 communis
929 2831 984 2878 et
1032 2823 1388 2878 charitativus
1437 2824 1752 2880 ostenditur
1797 2825 2046 2892 affectus,

393 2912 701 2967 alternatim
734 2925 966 2966 monens
995 2918 1048 2967 et
1081 2919 1280 2981 optans
1309 2918 1370 2966 ut
1391 2913 1444 2966 in
1479 2913 1559 2967 eis
1589 2928 1810 2983 semper
1830 2920 2048 2970 maneat

395 3000 663 3057 Christus.
695 3000 851 3066 Quod
900 2999 1052 3054 solus
1098 3001 1394 3069 episcopus
1442 3001 1732 3056 salutando
1782 3003 2044 3071 populum

2121 1855 2238 1904 tare
2269 1849 2417 1914 ([εαὶ.
2451 1866 2536 1916 XL,
2568 1851 2646 1918 9),
2677 1857 2730 1904 et
2779 1865 2947 1920 opera
2995 1851 3062 1906 ad
3112 1852 3493 1908 instruendum
3540 1854 3636 1910 Dei
3668 1867 3770 1924 po-

2122 1938 2329 2008 pulum,
2381 1943 2440 1992 ut
2489 1938 2542 1992 in
2592 1939 2673 1993 eis
2718 1939 2855 1994 illud
2901 1940 3242 1997 Dominicum
3285 1942 3581 2011 impleatur
3631 1957 3770 2013 prae-

2121 2032 2338 2096 ceptum
2386 2047 2397 2081 :
2459 2029 2688 2081 Luceaat
2743 2029 2905 2098 opera
2977 2034 3150 2085 vestra
3220 2045 3397 2086 coram
3453 2032 3764 2101 hominibus,

2121 2119 2170 2170 et
2197 2115 2485 2184 gloriﬁcent
2514 2117 2723 2170 Patrem
2753 2122 2997 2185 vestr-um,
3029 2119 3118 2188 qui
3147 2118 3199 2172 iu
3238 2118 3383 2173 caelis
3429 2125 3505 2176 est
3540 2120 3760 2190 (Matth.

2121 2219 2177 2259 v.
2244 2204 2349 2274 16).
2415 2205 2686 2259 Diaconus
2744 2219 2867 2260 cum
2922 2206 3192 2276 pulpitum
3248 2209 3519 2276 ascendit,
3570 2210 3775 2266 celsius

2123 2293 2389 2348 consistat
2421 2292 2805 2349 ceroferariis:
2857 2296 3208 2366 Evangelium
3258 2299 3403 2353 enim
3451 2299 3654 2354 Christi
3702 2299 3779 2356 le-

2123 2396 2244 2452 gem
2276 2387 2330 2437 et
2360 2381 2658 2451 prophetas
2689 2383 2998 2452 priecellit;
3031 2399 3131 2453 per
3160 2385 3426 2440 thuribuli
3470 2402 3599 2442 vero
3638 2403 3774 2458 por-

2125 2471 2367 2538 titorem,
2400 2472 2494 2540 qui
2526 2472 2582 2525 in
2623 2471 2814 2527 eodem
2868 2473 2990 2528 loco
3039 2488 3162 2528 cum
3216 2474 3451 2531 diacono
3501 2477 3775 2543 consistit,

2126 2559 2446 2631 designatur
2475 2559 2770 2630 fragrantia
2795 2560 3063 2616 doctrinae
3095 2569 3150 2617 et
3178 2564 3506 2634 magnalium
3553 2566 3777 2620 Christi.

2126 2649 2374 2714 Crucem,
2439 2663 2599 2717 quam
2656 2649 2956 2718 incipiente
3005 2651 3298 2721 Evangelio
3356 2651 3631 2708 frontibus
3678 2666 3780 2708 no-

2129 2736 2260 2789 stris
2334 2737 2703 2805 imponimus,
2780 2737 2848 2791 ad
2923 2739 3274 2808 expellendas
3339 2755 3528 2796 omnes
3587 2756 3780 2810 pravas

2132 2824 2514 2890 suggestiones
2569 2823 2817 2890 facimus,
2869 2839 3002 2880 crux
3051 2828 3195 2880 enim
3256 2827 3410 2895 pellit
3464 2843 3654 2883 omnes
3683 2829 3779 2884 ad-

2130 2909 2420 2964 versitates
2449 2910 2636 2964 animi.
2669 2911 2728 2964 In
2761 2911 2950 2965 eadem
3000 2913 3136 2967 hora
3185 2913 3288 2984 (57)
3321 2922 3542 2984 oportet
3571 2918 3783 2986 episco-

2130 3010 2232 3066 pos
2261 3005 2314 3052 et
2355 2997 2582 3052 abbates
2611 2998 2843 3053 baculos
2870 2999 2938 3054 de
2969 3001 3219 3056 manibus
3249 3002 3526 3071 deponere
3571 3005 3628 3058 in
3676 3019 3779 3060 au-

401 3091 517 3144 Paa:
545 3089 751 3144 Domini
781 3089 936 3154 dicit,
986 3087 1095 3159 (49)
1147 3089 1392 3144 ostendit
1442 3103 1566 3143 eum
1613 3104 1734 3145 esse
1781 3084 2248 3150 vicariumcditu
2288 3085 2439 3140 verbi
2469 3087 2704 3150 Domini,
2737 3093 2791 3141 et
2821 3092 2947 3142 ante
2995 3089 3278 3144 Dominum
3328 3090 3558 3147 devotos
3608 3092 3778 3148 humi-

399 3177 621 3243 Christi,
663 3177 757 3246 qui
806 3191 1101 3247 resurgens
1148 3191 1178 3232 a
1227 3178 1482 3244 mortuis,
1544 3193 1733 3247 pacem
1781 3180 2050 3248 apostolis

401 3266 686 3322 nuntiavit.
718 3266 1092 3321 Ministrorum
1143 3272 1618 3336 quantuscumque
1666 3266 1832 3323 fuerit
1861 3283 2051 3325 nume-

402 3370 514 3422 rus,
547 3357 723 3424 major
752 3369 878 3423 pars
907 3355 962 3408 in
994 3354 1240 3420 dextera,
1274 3355 1455 3410 minor
1483 3356 1538 3410 in
1568 3356 1791 3411 sinistra
1824 3357 1883 3426 [/2
1918 3358 2046 3412 add.

402 3449 615 3514 parte]:
651 3449 883 3512 utraque
909 3443 1054 3498 enim
1105 3443 1421 3499 benedictio
1469 3443 1683 3499 scilicet
1730 3445 2049 3514 temporalis

403 3540 456 3588 et
486 3539 710 3600 aeterna,
745 3532 907 3587 nobis
935 3546 964 3586 a
1010 3533 1121 3587 Deo
1151 3538 1235 3587 est
1265 3532 1615 3601 postulanda,
1669 3533 1799 3588 licet
1846 3535 2052 3589 instan-

403 3625 512 3679 tius
566 3623 918 3692 sempiterna.
979 3620 1307 3676 Ceroferarii
1364 3636 1494 3677 vero
1554 3637 1728 3691 usque
1785 3623 1854 3676 ad
1883 3625 2050 3692 Kyrie

403 3712 616 3777 eleison,
676 3709 781 3781 (40)
836 3710 905 3764 ab
962 3716 1150 3764 austro
1206 3709 1275 3763 ad
1333 3709 1647 3778 aquilonem
1720 3710 2052 3764 candelabra

408 3805 652 3862 teneant,
684 3813 790 3866 quo
820 3799 1063 3868 incmpto
1094 3797 1299 3852 ibidem
1331 3797 1628 3852 dimittant.
1653 3799 1755 3852 Per
1784 3803 2050 3864 austrum,

407 3887 505 3956 qui
537 3891 618 3941 est
646 3893 836 3941 ventus
873 3886 1104 3952 calidus,
1159 3885 1398 3954 Spiritus
1443 3885 1620 3940 sancti
1673 3884 1855 3940 fervor
1901 3885 2054 3940 desi-

403 3982 624 4048 gnatur,
657 3976 750 4044 qui
779 3975 893 4030 veri
923 3975 1057 4030 solis
1103 3981 1249 4040 ortu,
1300 3975 1368 4029 ab
1417 3974 1630 4030 oriente
1677 3975 1744 4029 ad
1796 3974 2054 4030 occiden-

401 4072 531 4129 tem,
588 4064 848 4118 mundum
907 4063 1292 4129 illuminando,
1352 4061 1698 4117 diffunditur.
1724 4064 1876 4118 Unus
1923 4076 2052 4118 vero

405 4153 600 4208 tertius
631 4152 686 4207 in
718 4151 898 4207 medio
930 4157 1226 4220 ponantur,
1256 4165 1354 4220 per
1413 4143 1492 4211 I6
1545 4166 1706 4220 quem
1733 4194 1746 4218 ,
1801 4152 1894 4208 ubi
1943 4153 2053 4208 duo

402 4242 486 4298 vel
519 4249 633 4297 tres
671 4241 989 4312 congregati
1028 4240 1232 4296 fuerint
1279 4241 1336 4295 in
1383 4241 1603 4296 nomine
1655 4241 1891 4308 Domini,
1940 4243 2054 4296 Do-

407 4331 610 4387 minum
641 4331 836 4386 adesse
885 4330 1205 4400 designatur
1233 4329 1440 4395 (Matth.
1475 4345 1632 4397 xviii,
1663 4329 1783 4401 20).
1817 4332 1920 4385 Per
1948 4331 2055 4386 hoc

2130 3172 2259 3228 liter
2295 3180 2461 3229 stare.
2514 3176 2782 3244 Tempore
2843 3168 2923 3236 l8
2985 3191 3095 3246 quo
3154 3178 3387 3233 ministri
3446 3181 3646 3236 casulis
3701 3182 3782 3237 in-

2130 3261 2393 3328 duuntur,
2474 3264 2724 3318 oratione
2793 3264 2944 3319 ﬁnita
3013 3265 3116 3334 (58)
3170 3266 3554 3336 subdiaconus
3619 3275 3780 3324 exuta

2131 3350 2316 3406 casula
2347 3352 2644 3421 Epistolam
2675 3353 2842 3422 legat,
2883 3368 2989 3422 qua
3035 3353 3176 3409 lecta
3226 3356 3423 3411 iterum
3473 3357 3685 3424 induat,
3728 3363 3783 3413 et

2131 3441 2419 3510 corporale
2449 3442 2518 3496 ad
2557 3442 2727 3496 altare
2755 3440 3008 3496 deferens
3056 3443 3290 3499 diacono
3341 3445 3580 3500 tribuat:
3633 3446 3781 3514 quod

2131 3530 2225 3585 ille
2256 3530 2310 3584 in
2343 3530 2501 3584 altari
2545 3530 2824 3598 disponat.
2876 3533 3122 3599 lncmpto
3173 3538 3353 3587 tractu
3402 3541 3497 3588 aut
3532 3534 3783 3604 Alleluia,

2133 3619 2402 3672 diaconus
2432 3617 2672 3671 casulam
2712 3623 2894 3679 exuat,
2927 3624 2982 3670 et
3008 3618 3109 3671 sub
3158 3619 3354 3672 dextro
3397 3635 3549 3674 armo
3597 3636 3787 3690 super-

2135 3719 2242 3773 que
2290 3703 2574 3756 sinistrum
2633 3707 2822 3770 ponat,
2883 3703 3134 3757 dextrum
3193 3712 3320 3773 post
3375 3705 3785 3774 discoopertum

2135 3791 2373 3848 habeat:
2426 3789 2709 3845 brachium
2741 3791 2884 3844 enim
2917 3792 3152 3859 Domini,
3205 3793 3352 3862 quod
3394 3795 3449 3848 in
3502 3794 3620 3866 lege
3670 3802 3789 3851 erat

2135 3880 2484 3946 absconsum,
2518 3879 2678 3934 nobis
2727 3879 2985 3948 patefecit
3031 3882 3398 3954 Evangelium.
3449 3885 3605 3951 Quod
3669 3884 3785 3957 (59)

2137 3969 2319 4025 casula
2364 3969 2613 4044 induitur
2659 3968 2944 4035 diaconus,
3010 3971 3282 4041 signiﬁcat
3341 3975 3628 4043 mysticum
3685 3975 3788 4029 sub

2137 4059 2256 4129 lege
2286 4065 2537 4127 tempus;
2571 4058 2720 4127 quod
2753 4060 2990 4127 exuitur,
3033 4060 3229 4130 ﬁgurat
3258 4068 3474 4132 tempus
3521 4065 3623 4119 sub
3671 4078 3789 4134 gra-

2138 4149 2233 4214 tia,
2295 4147 2359 4217 [Γ.
2402 4146 2457 4199 in
2506 4151 2638 4215 quo]
2691 4149 2949 4216 mysteria
2995 4148 3324 4205 revelantur.
3376 4151 3787 4221 Propinquante

2138 4234 2414 4305 Evangelii
2465 4235 2700 4289 termino
2750 4235 3012 4291 sacerdos
3058 4237 3350 4307 thymiama
3398 4240 3453 4294 in
3504 4241 3787 4295 thuribulo

2139 4330 2326 4394 ponat,
2387 4337 2497 4392 quo
2550 4322 2652 4392 (60)
2701 4323 2985 4379 incensato
3032 4325 3212 4392 altari,
3265 4333 3390 4382 ante
3439 4329 3787 4399 Evangelium

409 4421 553 4490 quod
586 4420 694 4490 (51)
725 4420 968 4489 ἱηοωριο
996 4420 1163 4489 Kyrie
1192 4419 1338 4474 cerei
1367 4418 1738 4487 deponuntur,
1773 4433 1892 4485 nos,
1925 4419 2054 4475 dum
2075 4413 2434 4479 Ddeferatur.
2469 4414 2573 4468 Per
2602 4411 2960 4479 thuribulum,
3001 4415 3150 4484 quod
3199 4414 3548 4487 fragrantiam
3599 4417 3789 4471 odoris

413 4511 696 4566 Dominum
726 4524 1034 4576 exoramus,
1068 4508 1308 4564 contrito
1349 4508 1514 4563 corde
1562 4507 1838 4561 humiliari
1886 4521 2060 4577 opor-

412 4605 525 4653 tere
574 4600 1002 4654 demonstratur.
1071 4597 1352 4652 Salutante
1402 4596 1728 4666 presbytero
1772 4597 2056 4666 populum,

413 4687 617 4742 ibidem
648 4694 890 4743 teneant.
923 4687 1184 4742 Oratione
1216 4685 1386 4752 ﬁnita,
1420 4685 1487 4739 ab
1537 4686 1750 4740 oriente
1798 4685 1867 4739 ad
1915 4685 2062 4740 occi-

414 4776 633 4831 dentem
666 4777 979 4842 collocent;
1013 4775 1231 4831 duobus
1262 4775 1406 4829 enim
1453 4773 1815 4828 Testamentis
1863 4773 2064 4828 illumi-

413 4872 613 4920 nantur
641 4873 879 4935 quatuor
913 4871 1098 4935 partes
1135 4863 1344 4920 mundi.
1397 4862 1512 4933 (52)
1545 4864 1763 4931 Septem
1812 4862 2066 4918 candela-

414 4955 512 5010 bra
543 4956 600 5010 in
629 4955 787 5011 festis
815 4955 1126 5025 signiﬁcant
1154 4963 1363 5024 septem
1395 4953 1540 5008 dona
1583 4952 1819 5022 Spiritus
1865 4953 2061 5007 sancti.

418 5043 526 5114 (53)
556 5044 863 5113 Incipiente
895 5043 1236 5099 subdiacono
1266 5041 1585 5111 Epistolam,
1629 5040 1889 5095 sacerdos
1912 5043 2067 5110 juxta

417 5132 588 5188 altare
618 5133 830 5197 sedeat,
863 5138 918 5188 et
947 5131 1182 5187 diacono
1211 5131 1268 5185 in
1299 5130 1423 5186 loco
1454 5143 1554 5185 suo
1593 5128 1788 5184 sedere
1836 5129 2063 5186 innuat:

419 5223 525 5292 (54)
583 5223 956 5279 subdiaconus
1009 5236 1158 5287 vero,
1213 5226 1444 5291 excepto
1495 5225 1744 5288 tempore
1795 5219 2071 5274 ministra-

419 5313 593 5368 tionis
620 5328 754 5379 suae,
789 5314 844 5367 in
877 5313 1050 5368 choro
1089 5315 1326 5365 maneat.
1364 5309 1477 5380 (55)
1513 5309 1812 5379 Epistolam
1843 5322 2072 5378 respon-

423 5402 634 5456 sorium
691 5401 1020 5471 opportunis
1066 5398 1407 5467 temporibus
1453 5404 1662 5454 tractus
1707 5397 1791 5453 vel
1839 5396 2075 5452 Alleluia

426 5495 755 5559 sequuntur.
787 5491 891 5545 Per
930 5486 1342 5558 responsorium
1391 5485 1540 5553 quod
1584 5486 1894 5542 alternatim
1940 5499 2075 5541 can-

430 5583 600 5647 tatur,
631 5579 808 5637 activa
836 5579 948 5636 vita
975 5576 1316 5648 designatur,
1373 5574 1431 5628 in
1470 5587 1577 5643 qua
1619 5575 1884 5643 Ecclesia,
1934 5575 2077 5633 bona

2141 4503 2362 4568 emittit,
2419 4501 2562 4556 fama
2610 4502 2901 4569 bonorum,
2951 4518 3074 4572 quae
3125 4504 3430 4560 doctrinam
3479 4503 3782 4572 praecessit.

2141 4594 2413 4648 Diaconus
2459 4591 2847 4647 benedictione
2894 4605 2926 4646 a
2971 4593 3258 4649 sacerdote
3304 4597 3549 4660 accepta,
3598 4592 3667 4646 ab
3714 4592 3790 4646 al-

2143 4682 2246 4737 tari
2303 4680 2651 4750 Evaugelium
2710 4679 3010 4750 accipiens,
3089 4680 3193 4750 (61)
3268 4693 3435 4746 super
3506 4679 3788 4736 sinistrum

2144 4783 2352 4826 armum
2411 4770 2672 4839 imponat.
2733 4772 2838 4825 Per
2892 4771 3174 4824 sinistrum
3226 4767 3370 4820 enim
3418 4781 3626 4823 armum
3681 4769 3792 4825 vita

2143 4857 2465 4929 temporalis
2509 4858 2846 4928 designatur,
2910 4857 2966 4910 in
3024 4869 3132 4923 qua
3177 4860 3399 4922 oportet
3442 4857 3792 4927 Evangelium

2147 4947 2475 5018 praedicari;
2519 4954 2574 5002 et
2603 4946 2975 5002 subdiaconus
3003 4949 3128 4997 ante
3178 4957 3300 4998 eum
3351 4945 3603 5015 pulvinar
3647 4945 3793 5002 defe-

2149 5043 2250 5091 rat.
2287 5038 2390 5091 Per
2418 5036 2668 5105 pulvinar
2697 5033 2843 5102 quod
2877 5031 3162 5099 praecedit,
3196 5033 3281 5089 lex
3329 5035 3611 5104 ﬁguratur,
3644 5048 3795 5103 qua:-

2150 5124 2499 5195 Evangelium
2549 5121 2868 5193 praecessit;
2927 5134 3026 5188 per
3071 5121 3282 5191 plumas
3328 5105 3450 5191 q'ué'e
3498 5122 3646 5175 intus
3694 5135 3797 5178 oc-

2153 5213 2450 5280 cultantur,
2485 5211 2761 5282 mysteria,
2793 5223 2917 5278 quae
2946 5210 3002 5264 in
3042 5210 3160 5282 lege
3200 5209 3667 5277 continebantur;
3702 5224 3800 5279 per

2154 5302 2426 5357 levitatem
2478 5301 2697 5370 plumae,
2753 5306 3029 5369 praecepta
3096 5291 3180 5359 l9
3231 5297 3434 5352 veteris
3483 5296 3620 5368 legis
3666 5297 3804 5353 levia

2156 5391 2224 5446 ad
2255 5389 2720 5459 comparationem
2753 5402 2908 5444 nova:
2935 5409 2947 5443 :
2995 5389 3051 5444 in
3083 5388 3177 5442 illa
3220 5385 3365 5441 enim
3395 5386 3640 5442 dicitur:
3683 5389 3808 5444 Non

2158 5481 2362 5535 occides
2396 5477 2592 5548 (Exod.
2627 5493 2716 5533 xx.
2772 5477 2874 5549 l3),
2925 5478 2981 5532 in
3030 5489 3170 5532 nova
3209 5488 3362 5542 vero,
3413 5477 3516 5542 Qui
3561 5475 3809 5530 irascitur

2155 5567 2316 5638 fratri
2358 5581 2476 5633 suo,
2525 5580 2646 5623 rcus
2693 5568 2792 5624 erit
2826 5567 3028 5639 judicio
3080 5562 3301 5634 (Matth.
3347 5578 3400 5619 v.
3450 5563 3564 5635 22).
3608 5563 3809 5634 Sicque
