4156 6196
393 233 464 294 35

1540 216 1816 298 Joannis
1852 209 2268 298 anculnprsc.
2311 209 2642 266 ROTOMAG.

3705 209 3776 268 36

392 307 502 432 (62)
543 351 985 432 praecedentibus
1031 345 1364 404 ceroferario
1413 341 1789 408 thuribulique
1841 334 2375 432 latore,A_rnuntur_
2408 338 2632 432 sanctae.
2672 333 2968 432 mulieres,
3021 349 3146 432 quae
3189 336 3461 432 lpatiente
3519 336 3772 432 Domino,

389 425 509 506 cum
544 425 903 522 processione
939 440 1007 494 ad
1057 437 1329 508 pulpitum
1385 439 1598 504 pergat,
1626 435 1710 522 __et
1756 425 2042 522 supposito

313 577 349 606 ρ
387 517 679 610 Evangelio
710 550 774 590 ac
805 533 1110 592 incensato,
1163 538 1352 580 versus
1395 522 1468 616 ad
1513 519 1821 616 aquilone-3m
1871 517 2044 568 Evan-

385 604 588 701 gelium
639 626 820 696 legat:
866 634 974 690 per
1019 616 1333 686 aquilonem
1383 611 1525 701 enim
1573 604 1869 701 inﬁdelitas

385 693 521 774 tium
582 693 922 784 designatur,
983 707 1184 777 quibus
1243 698 1589 770 Evangelium
1639 695 1707 749 ab
1775 693 2043 784 apostolis

385 809 511 879 igne
570 781 810 876 Spiritus
846 795 1028 854 sancti
1072 791 1320 848 accensis
1363 785 1714 879 praadicatur.
1743 781 1871 879 .(63)
1925 783 2042 879 Quo

386 871 532 952 iccto
582 871 915 950 candelabra
976 883 1428 951 exstinguantur:
1493 871 1864 929 immolatione
1897 871 2040 926 enim

387 986 503 1042 veri
533 983 691 1055 Agni,
725 979 895 1052 typici
925 971 1154 1031 cessavit
1197 965 1525 1031 immolatio,
1575 969 1632 1020 et
1681 968 1882 1055 caetera
1928 973 2042 1030 my-

389 1051 734 1144 steriaiqum
777 1071 829 1124 in
878 1066 996 1133 lege
1043 1057 1468 1142 continebantur
1517 1058 1572 1108 et
1609 1051 1896 1122 prophetis
1943 1063 2042 1144 per

390 1137 720 1222 candelabra
779 1137 1117 1222 designatisf
1156 1146 1262 1218 (64)
1319 1145 1611 1200 Incensum
1661 1139 1934 1194 sacerdoti
1983 1137 2040 1192 in

390 1249 671 1310 thuribulo
701 1246 981 1305 offeratur,
1035 1245 1090 1294 et
1138 1232 1490 1304 Evangelium
1543 1229 1776 1302 primum
1825 1243 1856 1282 a
1903 1227 2039 1304 sub-I

388 1339 621 1394 diacono
651 1333 754 1387 sibi
787 1333 1100 1400 porrectum
1133 1321 1434 1384 osculetur,
1467 1317 1614 1390 quod
1659 1321 1784 1386 post
1833 1330 1862 1370 a
1913 1314 2038 1369 dia-

388 1441 528 1484 cono
559 1421 876 1479 osculetur:
913 1423 967 1470 et
1013 1415 1070 1468 in
1116 1411 1326 1467 festivis
1373 1408 1570 1463 diebus
1619 1420 1649 1460 a
1695 1404 2038 1460 subdiacono

386 1513 531 1573 omni
562 1513 733 1574 clero,
765 1509 994 1563 incenso
1026 1500 1395 1572 praecedente,
1449 1499 1834 1566 praesentetur.
1869 1493 2042 1547 Evan-

2126 418 2464 492 fugientibus
2493 421 2803 491 discipulis,
2836 421 2966 476 licet
3021 413 3218 478 timore
3265 427 3320 478 et
3370 437 3605 479 maerore
3653 419 3776 494 pete

2126 511 2314 576 culsae,
2349 511 2405 566 in
2435 510 2542 577 his,
2572 525 2696 580 quae
2729 511 2796 565 de
2827 524 2894 566 eo
2924 510 3148 578 ﬁebant,
3191 517 3347 566 erant
3386 511 3770 579 intendentes;

2124 601 2219 655 sed
2257 599 2488 654 Domino
2529 599 2597 655 de
2627 613 2791 655 cruce
2822 600 3078 670 deposito
3109 615 3172 655 ac
3227 601 3470 670 sepulto,
3525 601 3652 657 inde
3692 615 3777 656 re-

2125 696 2449 757 cesserunt,
2504 695 2558 744 et
2611 695 2852 745 aromata
2913 689 3212 758 sepulturae
3271 697 3637 762 paraverunt;
3699 691 3774 746 ita

2123 779 2447 834 subdiaconi
2479 778 2548 833 ab
2589 793 2654 834 eo
2686 779 2808 834 loco
2841 779 3151 846 discedant,
3180 783 3235 834 et
3273 780 3496 850 corpori
3543 794 3608 834 ac
3655 793 3778 834 san-

2123 867 2274 938 guini
2330 867 2532 923 Christi
2589 865 2898 923 ministrare
2959 871 3225 938 satagant,
3285 867 3576 924 eﬁ‘erentes
3623 859 3776 939 pate-

2123 970 2246 1011 nam
2293 971 2390 1026 per
2437 970 2654 1011 manum
2705 956 2923 1012 diaconi
2973 956 3248 1012 sacerdoti
3297 957 3364 1012 ad
3413 956 3775 1028 frangendum

2123 1045 2179 1098 in
2237 1059 2301 1100 ea
2356 1058 2560 1114 corpus
2617 1045 2852 1100 Domini.
2913 1045 3028 1100 Hoc
3087 1043 3306 1114 expleto
3341 1046 3624 1104 .sacerdos
3664 1043 3772 1117 (71)

2123 1133 2391 1188 Dominici
2431 1133 2683 1202 corporis
2731 1139 2786 1188 et
2832 1135 3115 1206 sanguinis
3161 1136 3636 1191 consecrationem
3669 1123 3772 1196 22

2116 1221 2276 1290 juxta
2309 1229 2624 1279 sanctorum
2674 1223 2892 1278 Patrum
2943 1222 3342 1286 institutionem
3381 1237 3520 1293 puro
3571 1231 3627 1279 et
3669 1223 3773 1280 hu-

2123 1310 2235 1366 mili
2289 1310 2456 1366 corde
2506 1310 2800 1381 compleat.
2854 1313 2988 1366 Dum
3049 1326 3179 1380 ergo
3237 1312 3305 1366 ad
3357 1311 3524 1368 Nobis
3573 1325 3774 1384 quoque

2116 1398 2480 1470 peccatoribus
2531 1400 2764 1464 venerit,
2819 1399 2984 1454 altius
3043 1413 3234 1456 vocem
3293 1415 3444 1456 suam
3508 1399 3770 1471 proferat,

2123 1491 2178 1542 et
2209 1494 2403 1556 pectus
2433 1502 2588 1543 suum
2621 1487 2914 1558 percutiat.
2947 1487 3112 1544 Vocis
3139 1489 3282 1544 enim
3310 1489 3642 1546 exaltatione
3674 1503 3774 1560 per

383 1603 703 1674 geliolecto
731 1595 966 1668 populus
1004 1607 1035 1647 a
1064 1589 1352 1645 sacerdote
1400 1584 1707 1650 salutetur;
1760 1580 2039 1637 oﬁ‘erenda
2123 1579 2504 1674 centurionem
2548 1579 2846 1674 gentilium
2875 1581 3230 1674 _exprimitur
3295 1581 3605 1652 professio;
3674 1596 3774 1652 per

382 1667 682 1764 incipiatur
715 1667 742 1755 ,ί
797 1667 898 1754 (65)
969 1695 1130 1754 quam
1206 1677 1412 1732 ﬁnitam
1485 1687 1676 1729 versus
1753 1667 2373 1764 sequatur.Bpectoris
2415 1669 2749 1736 tunsionem,
2787 1669 3102 1725 Iudaeorum
3157 1675 3384 1740 pectora
3437 1686 3532 1727 sua
3581 1685 3774 1741 percu-

385 1756 608 1834 lnterim
639 1786 770 1828 vero
801 1771 958 1844 panis
981 1775 1035 1823 et
1064 1766 1176 1822 vini
1207 1763 1413 1821 oblatio
1463 1775 1494 1816 a
1538 1758 1880 1815 subdiacono
1929 1756 2043 1811 dia-
2126 1757 2376 1813 tientium
2410 1758 2749 1814 lamentatio.
2783 1759 2885 1814 Ubi
2915 1773 3046 1830 ergo
3075 1759 3142 1815 ad
3175 1759 3296 1816 haec
3334 1761 3497 1818 verba
3536 1762 3768 1844 venerit,

384 1855 547 1932 cono,
600 1879 630 1918 a
677 1862 911 1917 diacono
956 1857 1217 1914 oil‘eratur
1268 1852 1628 1922 presbytero;
1693 1845 1797 1916 (66)
1847 1852 2042 1901 cantor
2126 1846 2360 1914 scilicet,
2392 1848 2496 1901 Per
2519 1860 2666 1916 quem
2695 1845 2806 1900 haec
2835 1848 3027 1913 omnia,
3080 1848 3316 1916 Domine,
3364 1864 3568 1919 semper
3611 1843 3768 1918 bona,

383 1968 579 2026 aquam
640 1952 810 2006 linteo
858 1953 1174 2016 coopertum
1221 1943 1277 2018 in
1325 1939 1481 1994 festis
1523 1936 1757 2026 diacono
1806 1933 2036 2026 deferat,

385 2023 547 2114 quam
605 2039 870 2096 diaconus
919 2037 1045 2091 vino
1097 2033 1357 2088 misceat:
1409 2026 1557 2082 dulci
1601 2023 2038 2114 enimAcantoris

384 2104 778 2194 modulatione,
829 2123 1066 2198 populus
1113 2122 1206 2192 pia
1253 2118 1545 2174 devotione
1593 2118 1648 2169 et
1697 2104 1799 2174 20
1849 2112 2035 2167 divino

381 2237 566 2278 amore
623 2215 964 2281 accenditur,
1026 2221 1081 2268 et
1137 2211 1218 2266 sic
1274 2208 1342 2264 ad
1398 2205 1688 2262 Dominum
1731 2203 1925 2266 currit,
1979 2205 2034 2256 et

381 2326 548 2368 unum
583 2323 785 2378 corpus
823 2306 876 2360 in
925 2303 1143 2359 Christo
1194 2297 1451 2356 efﬁcitur.
1503 2296 1606 2349 Per
1651 2292 1834 2346 vinum
1881 2289 2034 2346 Chri-

380 2408 516 2467 stus,
552 2414 651 2470 per
687 2409 883 2467 aquam
933 2391 1190 2464 populus,
1237 2403 1336 2459 per
1374 2385 1603 2440 linteum
1643 2385 2031 2450 cooperturam

378 2504 535 2562 aqua:
593 2487 749 2542 labor
804 2479 1195 2538 modulationis
1251 2474 1535 2562 cantoris,
1575 2485 1684 2541 quo
1764 2470 2031 2562 liberatur

379 2558 618 2652 populus
650 2589 681 2629 a
719 2571 1114 2646 cogitationum
1166 2565 1431 2636 pravitate
1463 2584 1474 2617 :
1527 2561 1641 2652 lino
1690 2559 1834 2652 enim
1871 2558 2031 2612 labor

377 2645 731 2736 exprimitur.
789 2645 944 2729 Aqua
1007 2657 1168 2712 mista
1237 2653 1386 2718 vino,
1459 2649 1696 2720 populus
1757 2645 2028 2702 adunatus

375 2753 640 2821 Christo;
674 2753 856 2806 vinum
887 2748 1006 2803 sine
1055 2758 1194 2814 aqua
1245 2741 1496 2798 Christus
1543 2743 1664 2806 est;
1715 2750 1856 2807 aqua
1903 2737 2022 2790 sine

376 2845 524 2911 vino,
568 2841 806 2914 populus
851 2839 971 2894 sine
1021 2835 1259 2892 Christo.
1314 2830 1419 2901 (67)
1466 2829 1600 2886 Aliis
1629 2827 1826 2882 diebus
1863 2825 2028 2914 mini-

377 2939 517 2992 stret
559 2913 676 2989 eam
724 2927 1030 2998 acolythus.
1092 2922 1197 2994 (68)
1247 2919 1516 2978 Sacerdos
1565 2916 1900 2970 oblationem
1949 2913 2026 2966 ita

2123 1939 2254 1990 tunc
2303 1933 2569 2012 diaconus
2613 1933 2858 1999 accedat,
2909 1939 2965 1990 et
3020 1934 3245 1990 dextera
3295 1949 3456 1990 manu
3515 1937 3770 1991 dextrum

2121 2037 2293 2079 cornu
2325 2021 2630 2092 corporalis
2659 2022 2913 2092 accipiat,
2964 2035 3084 2077 cum
3129 2023 3419 2078 sacerdote
3467 2023 3768 2094 discoope-

2119 2112 2242 2167 riat.
2276 2111 2564 2178 Sacerdos,
2596 2113 2700 2166 Per
2724 2112 2912 2182 ipsum,
2954 2110 3190 2167 dicendo
3223 2109 3356 2182 (73),
3407 2106 3590 2168 oblata
3633 2125 3768 2182 qua-

2117 2203 2246 2256 tuor
2276 2206 2462 2272 partes
2491 2199 2680 2255 calicis
2710 2205 2914 2269 tangat.
2946 2197 3324 2256 Immolatione
3348 2200 3492 2256 enim
3515 2201 3768 2271 corporis

2115 2289 2318 2344 Christi
2395 2288 2678 2358 redempta
2752 2294 2881 2343 sunt
2943 2295 3182 2358 quatuor
3256 2289 3473 2345 climata
3548 2289 3760 2346 mundi.

2115 2379 2254 2436 Item
2284 2375 2389 2448 (73)
2421 2377 2670 2432 oratione
2700 2376 2850 2430 ﬁnita
2901 2383 3134 2446 uterque
3181 2377 3407 2433 calicem
3459 2378 3661 2446 levent,
3712 2379 3767 2434 et

2112 2465 2272 2520 simul
2319 2469 2525 2534 ponant
2558 2472 2614 2519 et
2647 2465 2990 2534 cooperiant.
3031 2465 3164 2520 Inde
3204 2463 3308 2535 (74)
3361 2465 3530 2522 altare
3581 2466 3769 2522 diaco-

2114 2567 2218 2608 nus
2247 2553 2548 2620 osculetur,
2581 2553 2784 2609 deinde
2815 2551 3094 2608 dexteram
3125 2553 3434 2609 sacerdotis
3461 2555 3762 2624 scapulam.

2112 2636 2217 2696 Per
2267 2642 2545 2712 scapulam
2603 2641 2910 2696 sacerdotis
2957 2641 3097 2711 lapis
3151 2641 3490 2712 designatur,
3544 2644 3599 2698 in
3648 2657 3759 2714 quo

2111 2731 2338 2801 angelus
2367 2729 2435 2786 ad
2465 2729 2779 2801 sepulcrum
2830 2729 3054 2785 resedit.
3089 2732 3316 2801 Semper
3347 2731 3491 2787 enim
3537 2733 3765 2803 angelus

2110 2819 2421 2874 credendus
2451 2825 2534 2874 est
2583 2818 2776 2874 adesse
2825 2819 3186 2875 immolationi
3239 2820 3490 2889 corporis
3535 2819 3766 2876 Christi:

2108 2909 2213 2962 Per
2255 2907 2546 2964 diaconum
2605 2908 2808 2977 Joseph
2865 2908 3209 2977 exprimitur,
3267 2923 3367 2979 per
3412 2909 3758 2966 sacerdotem

381 3025 694 3090 comportat,
724 3024 785 3071 ut
815 2995 870 3068 in
896 3015 1120 3068 dextera
1151 3013 1304 3078 parte
1333 3005 1530 3060 hostiae
1561 3001 1786 3090 calicem
1818 3000 2022 3090 consti-
2043 3004 2087 3066 c
2106 2995 2478 3090 Nicomcdus;
2511 3010 2612 3090 per
2641 2997 3001 3052 elevationem
3017 2996 3099 3090 de
3138 2996 3297 3090 altari
3328 2996 3543 3090 hostire,
3597 2998 3762 3090 depo-

383 3087 539 3167 tuat;
573 3122 603 3162 a
632 3106 827 3160 dextro
858 3101 1002 3155 enim
1057 3098 1227 3152 latere
1273 3092 1491 3149 Domini
1529 3089 1751 3159 sanguis
1800 3087 2026 3144 deﬂuxit

383 3206 440 3270 et
471 3210 648 3270 aqua:
682 3194 873 3261 sicque
931 3184 1209 3256 corporali
1267 3185 1558 3270 cooperta;
1589 3177 1689 3249 (69)
1743 3178 2024 3270 incensum

384 3265 626 3356 desuper
655 3279 868 3344 otferat,
915 3283 969 3332 et
1016 3274 1097 3328 sic
1144 3272 1378 3326 diacono
1429 3268 1710 3339 praebeat;
1763 3265 2028 3356 diaconus

381 3352 540 3431 vero'
571 3370 628 3425 in
687 3365 923 3423 circuitu
981 3361 1169 3416 altaris
1211 3356 1440 3424 deferat,
1493 3361 1683 3426 postea
1727 3352 2024 3418 sacerdoti,

379 3461 583 3523 deinde
614 3458 866 3514 ministro
898 3451 1112 3516 reddat,
1147 3453 1205 3503 ut
1253 3447 1402 3502 clero
1446 3443 1763 3514 populoque
1794 3440 2022 3496 deferat.

380 3549 654 3610 Praeterea
711 3543 990 3614 accipiens
1038 3544 1288 3610 patenam
1339 3535 1407 3590 de
1457 3531 1638 3599 altari,
1687 3530 2028 3586 subdiacono

380 3642 663 3717 porrigat;
698 3634 812 3706 (70)
858 3630 1232 3688 subdiaconus
1260 3638 1412 3717 vero,
1446 3621 1708 3717 si_fuet_'it,
1740 3619 2024 3717 .acolyvtho.

378 3708 496 3789 Non
539 3708 670 3784 licet
717 3725 862 3781 enim
911 3720 1209 3791 quidquam
1269 3715 1411 3770 sacri
1469 3713 1538 3767 ab
1597 3709 1755 3766 altari
1811 3708 2026 3764 auferre

379 3819 566 3883 alicui,
599 3815 705 3868 nisi
737 3811 995 3872 diacono,
1026 3806 1111 3859 vel
1165 3801 1462 3857 sacerdoti.
1513 3799 1663 3853 Tunc
1707 3811 1890 3852 coram
1939 3797 2025 3852 al-

385 3907 488 3964 tari
546 3906 670 3958 oret
717 3897 1014 3952 inclinatus
1061 3890 1321 3945 sacerdos
1367 3887 1539 3950 solus,
1591 3883 1920 3953 postulando
1967 3889 2028 3938 ut

381 3993 582 4064 dignus
611 3985 786 4058 possit
815 3981 1079 4038 accedere
1111 3979 1179 4033 ad
1209 3975 1402 4040 altare,
1435 3977 1490 4064 et
1511 3971 2026 4064 insisterecultibus

381 4061 602 4146 divinis,
637 4091 704 4131 ne
737 4075 828 4130 ﬁat
858 4072 936 4127 illi
969 4067 1116 4140 quod
1137 4066 1336 4121 factum
1361 4069 1445 4118 est
1465 4061 1908 4126 Betbsamitibus,
1929 4061 2023 4130 qui

379 4181 586 4232 temere
644 4165 898 4221 viderunt
950 4171 1132 4214 arcam
1188 4152 1402 4209 Domini
1460 4151 1508 4222 (I
1571 4152 1696 4218 Reg.
1755 4165 1832 4214 v1,
1907 4147 2018 4220 19).

377 4259 628 4318 Christus
657 4253 802 4309 enim
832 4253 1122 4317 antequam
1155 4246 1454 4314 pateretur,
1504 4251 1653 4310 saepe
1701 4236 1852 4291 solus
1901 4251 2021 4306 per-

2109 3083 2236 3140 sitio
2264 3086 2465 3146 Christi
2495 3085 2563 3141 de
2595 3100 2797 3151 cruce;
2855 3100 2954 3156 per
3001 3086 3404 3155 depositionem
3457 3085 3656 3142 iterum
3703 3088 3757 3144 in

2109 3171 2294 3238 altari,
2325 3173 2606 3244 sepultura
2635 3173 2858 3230 Christi.
2901 3175 3030 3229 Post
3077 3189 3201 3244 quae
3249 3175 3510 3231 sacerdos
3555 3162 3762 3232 oratio;

2110 3275 2233 3316 nem
2265 3263 2603 3317 Dominicam
2633 3262 2741 3318 alta
2769 3276 2902 3318 voce
2945 3261 3209 3333 proferat.
3261 3257 3364 3326 23
3408 3265 3512 3320 Per
3560 3264 3761 3321 exalta-

2112 3351 2317 3406 tionem
2383 3352 2683 3408 Dominicae
2759 3353 3030 3408 orationis
3090 3353 3498 3410 demonstratur
3555 3359 3757 3412 nostrae

2112 3439 2294 3494 unitas
2362 3440 2722 3495 fraternitatis
2776 3442 2850 3508 (S.
2910 3443 3040 3497 Cvr.
3103 3443 3167 3497 de
3231 3447 3367 3498 orat.
3430 3429 3756 3513 Dominica):

2110 3529 2251 3583 Deus
2279 3527 2414 3582 enim
2449 3529 2610 3584 Pater
2637 3535 2829 3594 noster,
2865 3533 3018 3602 pacis
3065 3536 3114 3586 et
3150 3531 3443 3586 concordiw
3489 3533 3754 3602 magister,

2109 3617 2188 3672 sic
2211 3633 2309 3672 nos
2335 3611 2492 3672 unum
2524 3633 2624 3690 pro
2669 3619 2906 3675 omnibus
2957 3635 3114 3676 orare
3173 3621 3366 3687 docuit,
3420 3621 3672 3693 quomodo
3703 3623 3757 3677 in

2109 3719 2212 3761 uno
2265 3722 2440 3761 omnes
2491 3708 2741 3779 portauit.
2799 3709 2979 3776 Clero,
3040 3710 3151 3766 Sed
3179 3708 3346 3765 libera
3374 3726 3468 3765 nos
3515 3727 3548 3766 a
3593 3709 3753 3779 malo,

2111 3795 2510 3865 respondente,
2561 3797 2799 3853 ofﬁcium
2857 3799 3292 3854 consecrationis
3321 3799 3587 3869 perﬁciat.
3649 3800 3758 3859 Sed

2111 3883 2274 3939 libera
2305 3883 2476 3950 dicto,
2518 3885 2784 3940 diaconus
2814 3891 2868 3940 et
2911 3886 3283 3941 subdiaconus
3310 3901 3370 3940 se
3419 3889 3650 3956 erigant,
3701 3894 3758 3946 et

2110 3973 2302 4029 oculos
2329 3973 2384 4028 in
2436 3973 2706 4027 Dominici
2751 3972 3002 4042 corporis
3048 3973 3522 4028 consecrationem
3575 3976 3757 4032 inten-

2107 4062 2278 4129 dant;
2319 4061 2396 4116 ait
2427 4061 2568 4116 enim
2619 4061 2972 4132 evangelista,
3025 4061 3154 4132 quia
3199 4063 3310 4117 noti
3355 4062 3467 4132 ejus
3523 4079 3557 4118 α
3604 4063 3756 4135 longe

2103 4149 2334 4212 stabant,
2393 4165 2491 4205 sua
2543 4155 2758 4222 pectora
2815 4150 3156 4221 percutientes
3204 4149 3352 4222 (Luc.
3416 4165 3570 4214 xxm,
3627 4150 3750 4222 49).

2105 4239 2206 4294 Ubi
2237 4254 2368 4310 ergo
2399 4239 2466 4294 ad
2498 4239 2700 4306 locum,
2732 4239 2814 4296 Da
2861 4239 3118 4312 propitius
3159 4253 3360 4312 pacem,
3393 4240 3625 4307 venerit,
3658 4241 3752 4320 qui

377 4328 608 4408 noctans
649 4333 726 4406 2|
774 4342 828 4395 in
858 4337 1108 4394 oratione
1139 4331 1334 4398 oravit,
1367 4342 1475 4385 non
1507 4341 1608 4398 pro
1655 4339 1735 4391 se,
1769 4325 1863 4380 sed
1914 4339 2084 4404 proD
2108 4327 2316 4383 mantili
2374 4327 2600 4384 indutus
2651 4333 2920 4397 tenuerat,
2983 4328 3131 4394 [add
3201 4334 3475 4399 patenam]
3511 4321 3755 4384 subdia-

375 4437 556 4496 nobis.
590 4430 789 4489 Czeteri
820 4441 949 4483 vero
980 4423 1216 4479 ministri
1263 4425 1416 4475 stent
1454 4419 1509 4472 in
1541 4415 1792 4472 oratione
1823 4414 2019 4470 ordine

375 4540 499 4583 suo.
532 4525 661 4580 Post
691 4534 815 4592 quae
849 4528 1036 4571 versus
1064 4511 1132 4566 ad
1163 4509 1423 4582 populum
1455 4521 1612 4562 orare
1636 4508 1873 4592 moneat,
1897 4518 2021 4560 con-

378 4627 674 4682 versusque
705 4591 774 4664 ad
807 4606 976 4664 altare
1015 4604 1284 4657 secretam
1323 4597 1627 4652 orationem
1675 4591 1859 4649 dicat:
1913 4609 2020 4663 qua

379 4702 668 4769 completa,
713 4701 840 4753 Vere
870 4695 1099 4766 dignum,
1132 4687 1327 4742 devota
1359 4691 1539 4740 mente
1587 4683 1846 4752 dulcique
1887 4697 2018 4737 voce

379 4787 640 4862 proferat,
683 4790 737 4842 in
785 4787 942 4856 cujus
989 4781 1096 4836 ﬁne
1144 4779 1426 4848 hymnum,
1481 4775 1728 4838 Sanctus,
1782 4775 2014 4862 sanctus,

375 4859 609 4941 sanctus,
641 4888 671 4928 a
696 4871 860 4927 beato
895 4874 1044 4928 Sixto
1093 4869 1402 4925 institutum
1425 4863 1626 4919 chorus
1647 4859 2014 4932 respondeat;

379 4967 645 5023 diaconus
675 4967 729 5017 et
759 4960 991 5014 ministri
1024 4961 1089 5014 ad
1144 4962 1212 5014 Te
1257 4957 1416 5026 igitur
1464 4957 1814 5022 perseverent
1869 4954 2018 5005 retro

376 5053 754 5116 sacerdotem;-
775 5061 947 5115 usque
987 5047 1093 5100 Sed
1141 5047 1306 5101 libera
1352 5057 1483 5106 nos;
1533 5037 1779 5094 inclinati
1827 5039 2016 5094 Domi-

373 5127 450 5200 no
481 5144 626 5200 enim
659 5136 887 5212 patienti
921 5147 1154 5188 maerore
1185 5141 1239 5188 et
1269 5135 1464 5189 timore
1495 5129 1579 5186 sui
1610 5128 2018 5198 compatieban-

377 5240 468 5290 tur
495 5231 752 5301 apostoli.
787 5227 892 5281 Per
939 5221 1354 5278 inclinationem
1400 5221 1756 5276 diaconorum
1803 5213 2016 5284 signiti-

376 5326 533 5378 catur
589 5313 848 5373 mmstitia
903 5309 1318 5382 apostolorum;
1374 5323 1472 5378 per
1529 5304 2015 5370 subdiaconorum,

374 5415 686 5466 sanctarum
773 5404 1080 5460 mulierum.
1157 5397 1489 5453 Subdiaconi
1562 5409 1692 5453 vero
1767 5392 2019 5448 similiter

373 5497 626 5585 inclinati
657 5495 769 5584 sint
797 5493 853 5574 in
883 5497 1110 5576 aspectu
1148 5485 1474 5576 sacer-dotis,
1506 5501 1605 5557 per
1651 5497 1793 5556 quos
1840 5481 2022 5552 expri.

2105 4431 2247 4472 cono
2279 4415 2408 4485 (75),
2440 4416 2815 4474 subdiaconus
2853 4417 3108 4483 diacono,
3163 4417 3430 4473 diaconus
3475 4417 3751 4474 sacerdoti

2105 4505 2318 4570 offerat,
2368 4504 2424 4559 in
2475 4519 2583 4574 qua
2639 4507 2902 4562 sacerdos
2949 4520 3152 4576 corpus
3193 4505 3407 4561 Domini
3458 4505 3754 4576 tripliciter

2105 4593 2331 4661 dividat,
2383 4607 2614 4663 quarum
2672 4595 2906 4664 partium
2965 4609 3127 4650 unam
3164 4593 3424 4649 sacerdos
3454 4593 3612 4650 calici
3643 4595 3750 4650 im-

2104 4684 2345 4748 mittcns,
2405 4685 2524 4738 Pax
2575 4685 2802 4750 Domini,
2854 4685 2963 4739 alta
3007 4698 3141 4739 voce
3189 4681 3446 4749 dicendo,
3499 4686 3750 4754 protinus

2103 4771 2301 4826 subdat
2321 4777 2568 4826 secrete:
2611 4773 2737 4828 Fiat
2769 4773 3050 4828 commistio
3089 4773 3326 4844 corporis
3387 4779 3436 4828 et
3480 4773 3748 4841 sanguinis

2103 4863 2311 4918 Domini
2355 4861 2504 4916 nobis
2559 4862 2928 4933 accipimtibus
2983 4863 3038 4916 in
3085 4861 3240 4918 vitam
3293 4869 3539 4918 retentam
3596 4861 3744 4933 (76).

2101 4953 2219 5008 Alia
2276 4966 2356 5017 se,
2412 4951 2701 5006 diaconum
2774 4951 3282 5022 subdiaconumque
3357 4951 3742 5008 communicet.

2102 5043 2336 5098 Tertiam
2368 5041 2642 5104 viaticum,
2674 5041 2719 5094 si
2748 5053 2889 5107 opus
2920 5038 3086 5095 fuerit
3115 5042 3170 5096 in
3223 5041 3406 5110 patina
3455 5055 3628 5110 usque
3677 5041 3746 5097 ad

2103 5133 2263 5188 ﬁnem
2319 5129 2498 5186 missa:
2557 5136 2819 5184 reservet.
2878 5129 2982 5184 Per
3031 5131 3353 5200 particulam
3405 5131 3604 5187 oblata:
3653 5131 3751 5188 im-

2102 5222 2282 5277 missa:
2314 5221 2369 5275 in
2423 5219 2648 5275 calicem
2707 5217 3020 5274 ostenditur
3075 5233 3278 5290 corpus
3323 5221 3547 5287 Christi,
3599 5219 3746 5291 quod

2103 5309 2405 5366 resurrexit
2458 5321 2488 5362 a
2537 5306 2806 5375 mortuis;
2866 5322 2965 5380 per
3029 5314 3324 5364 comestam
3381 5323 3412 5363 a
3457 5309 3749 5364 sacerdote

2101 5397 2185 5453 vel
2241 5395 2467 5466 populo,
2519 5393 2878 5452 viviﬁcantem
2937 5411 3034 5453 eos
3090 5397 3144 5452 in
3202 5395 3334 5463 Deo,
3375 5397 3578 5454 Christi
3625 5410 3749 5454 cum

2103 5483 2393 5554 discipulis
2457 5484 2572 5540 suis
2637 5491 2762 5560 post
2839 5486 3299 5543 resurrectionem
3376 5488 3747 5544 conversatio.
