4156 6196
411 226 486 313 37
531 194 536 198 .

1483 247 1681 327 LIBER
1720 249 1809 339 DE
1843 251 2125 345 OFFIC‘IIS.
2158 256 2701 343 ECCLESIASTICIS.

3720 286 3790 355 38

413 377 670 445 Tertiam,
728 395 853 455 quae
892 376 998 445 24
1035 391 1280 447 remanet
1335 389 1392 461 in
1449 388 1628 457 altari,
1670 396 1828 461 vocat
1872 379 2289 452 sanctaAenim
2328 387 2562 443 Leonem
2625 406 2893 451 summum
2935 402 3248 467 pontiﬁcem
3288 407 3533 466 diluculo
3573 411 3791 469 missam

411 466 658 529 Ecclesia
696 469 954 529 viaticum
992 475 1317 554 morientis;
1362 484 1419 533 ut
1462 478 1791 534 ostendatur
1820 495 1928 537 non
1962 498 2058 540 eos

410 555 616 617 debere
666 557 918 628 deputari
971 562 1289 634 morientes,
1357 564 1453 621 sed
1495 566 1833 625 dormientes
1867 572 1959 640 qui
2002 573 2055 627 in

408 644 628 703 Christo
686 647 1016 717 moriuntur,
1077 650 1203 706 dum
1256 653 1349 708 tali
1414 660 1677 726 tantoque
1718 657 1946 714 ductore
1987 661 2055 716 ad

406 738 671 801 aeternam
700 735 865 791 vitam
897 737 1272 806 perducuntur
1306 739 1454 811 (77).
1479 743 1533 797 Si
1564 750 1743 799 autem
1776 760 1916 816 opus
1944 762 2054 803 non

408 819 611 893 fuerit”
655 824 872 893 tertiam
912 827 1192 893 sacerdos,
1234 835 1327 883 aut
1365 843 1506 886 unus
1547 832 1918 890 ministrorum
1959 851 2054 892 ac-

410 894 597 985 cipiat.
629 913 748 967 Non
779 918 961 979 autem
992 915 1226 971 iutincto
1258 930 1419 985 pane,
1453 918 1549 973 sed
1593 922 1747 989 juxta
1783 923 2055 981 deﬁnitio-

408 1012 530 1065 nem
570 999 819 1055 Toletani
886 1002 1109 1056 concilii
1166 1017 1413 1059 seorsum
1482 1020 1737 1078 corpore,
1806 1026 2052 1068 seorsum

337 1124 350 1142 .
405 1087 695 1160 sanguine,
753 1089 1014 1159 sacerdos
1075 1093 1465 1159 communicet,
1526 1104 1757 1166 excepto
1824 1100 2049 1171 populo,

406 1191 567 1255 quem
597 1176 834 1235 intincto
865 1193 1027 1251 pane,
1070 1194 1181 1235 non
1212 1184 1561 1253 auctoritate,
1602 1187 1699 1241 sed
1745 1187 1864 1259 (78)
1898 1204 2051 1245 sum-

405 1278 489 1334 ma
527 1265 857 1333 necessitate
912 1266 1125 1323 timoris
1181 1271 1464 1340 sanguinis
1513 1272 1713 1329 Christi
1771 1276 2052 1333 eﬂ‘usionis

402 1354 742 1435 permittitur
778 1356 1202 1414 communicare.
1254 1360 1387 1413 Dum
1420 1374 1550 1430 ergo
1595 1362 1855 1419 sacerdos
1894 1365 2052 1421 mini-

401 1443 536 1505 stris
599 1444 1037 1500 communionem
1087 1448 1322 1519 porrigit
1393 1448 1541 1521 (79),
1604 1466 2049 1525 unumquemque

402 1532 659 1601 primitus
705 1532 1006 1600 osculetur,
1039 1540 1096 1590 et
1132 1543 1258 1606 post
1288 1539 1381 1611 qui
1425 1541 1912 1597 communicandas
1942 1551 2043 1610 est,

402 1634 565 1685 manu
594 1621 902 1695 sacerdotis
920 1622 1187 1701 osculata,
1212 1628 1651 1683 communionem
1692 1629 1760 1684 ab
1799 1644 1864 1686 eo
1904 1631 2048 1687 acci-

2143 471 2467 531 celebrasse.
2528 478 2685 535 Missa
2742 497 2841 551 pro
2896 486 3170 545 defunctis
3226 493 3434 562 absque
3492 500 3675 556 Gloria
3736 488 3793 558 et
3836 530 3851 543 υ

2140 561 2389 633 Alleluia,
2432 572 2486 621 et
2543 571 2694 637 pacis
2752 575 2941 631 osculo
2982 578 3315 635 celebretur.
3346 561 3494 640 Sunt
3532 593 3784 657 quaedam

2142 650 2414 717 ecclesiae,
2467 655 2521 709 in
2561 659 2759 726 quibus
2797 665 3042 733 exceptis
3094 667 3558 741 depositionibus,
3608 680 3784 737 solum

2140 751 2241 807 per
2296 742 2567 800 Kalendas
2615 750 2876 806 mensium
2944 754 3124 810 missae
3199 756 3389 814 festive
3438 762 3788 824 celebrantur

2140 834 2500 886 mortuorum.
2579 837 2689 891 Nos
2761 854 2889 896 vero
2965 845 3234 912 quotidie,
3295 851 3542 919 exceptis
3606 851 3780 924 festis,

2138 920 2193 968 et
2236 914 2355 986 (85)
2388 919 2584 976 diebus
2612 926 2986 997 Pentecostes,
3011 947 3111 1001 pro
3142 937 3223 989 eis
3253 914 3484 995 Domino
3513 914 3785 999 sacriﬁca;

2138 1016 2276 1071 mus,
2320 1007 2723 1069 anniversarios
2762 1018 2882 1073 dies
2928 1020 3117 1077 festive
3157 1026 3469 1083 recolimus.
3514 1031 3783 1100 Vesperas

2138 1101 2193 1183 et
2234 1096 2520 1152 Matutinas
2567 1102 2775 1172 absque
2814 1109 2955 1163 Deus
3000 1112 3054 1165 in
3100 1114 3435 1183 adjutorium,
3470 1124 3525 1174 et
3562 1096 3784 1177 Domine

2136 1180 2300 1276 labia,
2332 1190 2387 1276 et
2426 1186 2611 1244 Gloria
2639 1192 2810 1256 Patri,
2852 1180 3193 1257 celebramus
3243 1204 3297 1259 in
3337 1206 3783 1276 depositionibus

2135 1278 2191 1326 et
2218 1272 2374 1329 festis
2400 1290 2523 1332 cum
2554 1292 2748 1335 novem
2786 1282 3138 1345 lectionibus.

2704 1405 2805 1474 27
2858 1416 3204 1477 EXCEPTIO.

2204 1541 2263 1593 In
2302 1541 2548 1599 Adventu
2586 1559 2716 1601 vero
2756 1554 2810 1601 et.
2848 1548 3257 1621 Septuagesima
3307 1571 3480 1629 usque
3524 1565 3590 1619 ad
3632 1566 3776 1623 diem

2131 1628 2334 1695 Cumae,
2395 1636 2447 1685 et
2487 1641 2724 1701 quatuor
2786 1640 3091 1706 temporum
3157 1628 3409 1701 Sabbatis
3456 1658 3511 1704 et
3548 1656 3778 1723 agendis

405 1708 535 1778 piat.
595 1710 879 1766 Postremo
932 1725 1063 1789 vero
1103 1714 1447 1783 particulam,
1489 1731 1612 1787 quae
1652 1717 1707 1771 in
1748 1718 1918 1774 calice
1959 1734 2044 1774 re-
2060 1719 2108 1777 B
2132 1724 2470 1774 mortuorum
2534 1721 2893 1797 festivis(86),
2955 1729 3221 1789 diaconus
3288 1739 3343 1788 et
3405 1708 3777 1800 subdiaconus

406 1799 617 1864 mansit,
676 1798 938 1855 sacerdos
993 1808 1173 1856 sumat
1215 1823 1227 1857 :
1273 1810 1326 1858 et
1366 1810 1491 1875 post
1544 1806 1779 1862 diacono
1819 1809 2043 1864 calicem

409 1886 475 1943 ad
511 1886 900 1955 mandandum,
942 1894 997 1945 et
1034 1890 1358 1967 sumendum
1409 1893 1556 1963 quod
1598 1897 1879 1964 remansit,
1922 1913 2046 1975 por-

401 1971 558 2042 rigat,
599 1975 693 2044 qui
735 1975 789 2030 in
847 1975 1130 2051 sinistrum
1192 1993 1366 2034 cornu
1424 1981 1613 2036 altaris
1652 1983 1878 2039 calicem
1920 1971 2041 2042 eum

397 2048 594 2131 patena
653 2048 911 2131 deferat,
945 2066 1038 2121 ubi
1097 2065 1218 2138 (80)
1263 2075 1472 2138 partem
1529 2071 1633 2125 sibi
1692 2074 1945 2143 accipiat,
1988 2083 2043 2131 et

395 2159 605 2220 partem
662 2152 1003 2209 subdiacono
1061 2156 1290 2211 tribuat.
1334 2158 1464 2213 Post
1502 2160 1766 2218 mundato
1806 2170 2040 2236 utroque

393 2241 613 2310 utrique
652 2243 1004 2317 participem.
1045 2244 1346 2315 Acolythus
1383 2261 1512 2302 vero
1543 2249 1772 2305 alterum
1813 2253 2038 2310 calicem

392 2330 668 2387 sacerdoti
717 2332 782 2387 ad
824 2333 1171 2389 mundandos
1209 2335 1414 2407 digitos
1453 2338 1683 2395 deferat.
1728 2342 2036 2400 Subdiaco-

336 2442 345 2451 ν
392 2431 496 2475 nus
532 2427 715 2475 autem
753 2421 821 2476 ad
861 2422 1232 2478 mundandum
1274 2425 1499 2481 calicem
1542 2432 1597 2482 et
1637 2436 1889 2500 patenam
1931 2426 2035 2495 25

390 2506 632 2565 diacono
666 2508 886 2563 serviat.
930 2510 1059 2584 Post
1106 2512 1514 2569 mundationem
1558 2524 1771 2585 patente
1812 2527 1866 2574 et
1905 2522 2037 2576 cali-

388 2595 477 2649 cis
531 2594 820 2665 acolythus
874 2602 1163 2666 utrumque
1201 2601 1411 2655 mantili
1468 2603 1771 2660 involutum
1827 2613 2031 2675 teneat,

385 2696 567 2753 usque
606 2683 675 2738 ad
732 2683 1156 2752 completionem
1214 2687 1404 2757 primae
1446 2680 1572 2759 post
1611 2696 2031 2763 communionis,

388 2784 596 2840 suaque
635 2772 825 2827 caeteri
891 2772 1126 2828 ministri
1183 2772 1382 2831 ofﬁcia.
1443 2777 1730 2845 Sacerdos,
1763 2772 1833 2835 'ut
1871 2798 2035 2853 supra

390 2846 645 2927 diximus,
689 2860 896 2931 partito
955 2875 1190 2929 corpore
1229 2864 1467 2930 Domini,
1507 2868 1629 2920 Par
1656 2869 1883 2935 Domini,
1926 2870 2034 2926 alta

388 2963 519 3005 voce
556 2947 800 3018 proferat
836 2944 978 3021 (8'1),
1020 2964 1050 3025 a
1090 2964 1199 3021 quo
1231 2966 1372 3007 unus
1411 2955 1799 3009 canonicorum
1841 2972 2030 3026 pacem

2129 1806 2429 1863 induantur
2465 1812 2707 1879 casulis;
2751 1815 2796 1867 si
2836 1823 3016 1871 autem
3072 1820 3127 1874 in
3185 1822 3392 1879 eisdem
3433 1830 3775 1897 temporibus

2128 1894 2393 1952 festivitas
2448 1904 2711 1966 evenerit,
2764 1904 3072 1962 dalmaticis
3110 1915 3165 1963 et
3230 1913 3468 1981 tunicis;
3521 1894 3776 1977 similiter

2127 1982 2182 2037 in
2224 1985 2313 2039 die
2352 1986 2555 2053 Cmam,
2598 1996 2653 2044 et
2690 1992 2927 2049 Sabbato
2948 1997 3191 2053 Paschae.
3235 2000 3292 2054 ln
3334 2004 3589 2061 omnibus
3619 2006 3772 2066 festis

2126 2071 2426 2128 induantur
2471 2077 2581 2132 duo
2657 2080 2997 2138 ceroferarii.
3065 2086 3354 2155 Graduale,
3395 2090 3646 2163 Alleluia,
3685 2097 3770 2153 vel

2125 2168 2357 2217 tractum
2398 2164 2513 2219 bini
2580 2172 2634 2221 et
2673 2168 2788 2223 bini
2828 2173 3126 2228 cantabunt
3165 2176 3352 2232 clerici
3397 2179 3540 2250 (87).
3585 2184 3770 2242 Gloria

2124 2249 2175 2303 in
2223 2250 2467 2317 emcelsis,
2507 2254 2563 2308 in
2605 2253 2759 2310 festis
2806 2266 3038 2328 excepto
3067 2263 3337 2332 Adventu,
3379 2273 3435 2322 et
3461 2249 3770 2344 Quadrageo

2122 2338 2274 2395 simae
2314 2346 2584 2411 tempore,
2635 2359 2853 2415 semper
2893 2354 3016 2417 post
3062 2353 3230 2421 Kyrie
3258 2353 3473 2420 eleisoa,
3505 2338 3768 2419 sacerdos

2120 2427 2188 2483 ad
2228 2430 2495 2486 orientem
2533 2446 2723 2489 versus
2762 2436 3009 2506 incipiat,
3034 2442 3183 2508 quod
3214 2443 3582 2513 Telesphorus
3601 2464 3762 2520 papa,

2119 2530 2183 2571 ea
2221 2533 2344 2587 qua:
2384 2522 2712 2591 angelicam‘
2766 2534 3175 2595 prosequuntur
3222 2532 3555 2600 adjiciendo,
3599 2540 3766 2594 insti-

2119 2607 2257 2661 tuit:
2303 2614 2357 2663 et
2385 2612 2739 2679 Symmachus
2762 2629 2899 2684 papa
2927 2617 3075 2671 omni
3106 2618 3195 2674 die
3228 2622 3529 2691 Dominica,
3572 2634 3627 2681 et
3668 2642 3764 2684 na-

2118 2694 2309 2749 talitiis
2339 2706 2631 2768 martyrum
2664 2709 2886 2757 cantare
2917 2708 3183 2775 praecepit
3222 2709 3328 2779 (88)
3355 2732 3370 2777 ;
3393 2718 3445 2767 et
3479 2713 3559 2769 sic
3588 2715 3761 2774 altare

2119 2780 2475 2862 incensando,
2517 2795 2729 2843 secrete
2786 2806 2907 2846 cum
2966 2794 3232 2850 ministris
3280 2798 3518 2856 dicendo
3558 2803 3757 2872 ﬁniat;

2118 2875 2242 2937 post
2290 2884 2414 2938 quae
2467 2873 2521 2925 in
2560 2873 2685 2929 loco
2725 2890 2824 2932 suo
2858 2879 3012 2946 juxta
3046 2881 3216 2936 altare
3255 2887 3513 2951 resideat,
3556 2896 3612 2946 et
3648 2893 3763 2949 dia-

2116 2971 2259 3013 cono
2299 2958 2574 3015 licentiam
2613 2963 2842 3019 sedendi
2884 2967 3108 3023 tribuat.
3144 2971 3407 3039 Hymnum
3448 2990 3578 3032 vero
3618 2994 3762 3049 pra:-

385 3037 637 3108 accipiat,
660 3051 821 3108 quam
844 3038 901 3115 in
932 3043 1165 3111 utroque
1185 3039 1357 3095 choro
1389 3043 1689 3110 majoribus
1713 3043 2025 3103 distribuat.
2052 3051 2094 3110 ρ.
2114 3044 2279 3100 fatum
2321 3047 2525 3103 chorus
2545 3050 2841 3107 celebriter
2877 3057 3127 3112 canendo
3165 3037 3401 3128 expleat.
3426 3065 3582 3122 Dicto
3606 3037 3761 3139 hym-

385 3126 494 3197 lpsi
532 3134 710 3187 autem
767 3128 986 3187 caeteris
1025 3129 1097 3183 ita
1137 3128 1421 3200 porrigant
1468 3137 1528 3184 ut
1575 3130 1757 3187 nullus
1796 3132 1863 3188 de
1904 3134 2027 3191 loco

384 3222 683 3285 moveatur,
722 3216 821 3288 sed
859 3230 889 3271 a
926 3217 1202 3287 superiori
1261 3219 1497 3288 accipiat
1537 3225 1592 3274 et
1631 3219 1882 3277 inferiori
1923 3226 2026 3278 tri-

383 3302 531 3361 buat.
568 3306 722 3361 Unus
748 3286 1017 3360 minorum
1051 3305 1337 3377 utriusque
1369 3286 1524 3363 chori
1549 3323 1580 3362 a
1609 3310 1907 3378 majoribus
1936 3328 2026 3367 ac-

382 3393 567 3464 cipiat,
590 3394 812 3463 etjuxta
831 3402 1166 3464 praeceptum
1190 3396 1437 3451 ordinem
1469 3399 1687 3452 caeteris
1708 3400 2021 3457 distribuat.

382 3482 496 3537 Hoc
534 3489 715 3539 autem
745 3482 974 3538 ﬁrmiter
1003 3490 1243 3551 teneant,
1281 3484 1436 3552 juxta
1465 3486 1796 3554 apostolum,
1829 3489 2023 3545 honore

380 3570 597 3626 invicem
620 3573 998 3643 pravenientes
1029 3571 1194 3642 (Rom.
1226 3588 1323 3638 x11,
1374 3573 1475 3641 10),
1510 3579 1566 3628 ut
1606 3576 1799 3630 dantes
1832 3592 2018 3645 pacem

380 3667 437 3719 et
457 3660 786 3731 recipientes
814 3673 1033 3730 semper
1056 3658 1345 3727 inclinent,
1368 3676 1467 3730 per
1489 3663 1732 3718 osculum
1760 3666 1908 3733 pacis
1930 3666 2022 3721 de-

383 3748 628 3818 signatur
655 3755 857 3804 nostrze
882 3747 1091 3803 utilitas
1120 3747 1248 3802 ﬁdei
1284 3746 1432 3820 (82).
1463 3750 1676 3805 Chorus
1705 3765 1835 3805 vero
1876 3753 2022 3820 psal-

378 3838 480 3904 lat,
518 3840 697 3907 Aguus
722 3838 835 3905 Dei,
869 3837 1018 3907 quod
1065 3837 1288 3908 Sergius
1326 3852 1466 3908 papa
1507 3845 1754 3909 tempore
1805 3841 2019 3897 confra-

377 3926 580 3987 etiouis
644 3927 893 3996 corporis
946 3926 1162 3981 Domini
1237 3930 1457 3982 cantare
1516 3930 1801 3998 praecepit,
1862 3934 2018 4001 cujus

371 4016 511 4086 Agni
570 4015 871 4070 immolatio
937 4014 1199 4070 mundum
1266 4015 1519 4069 redemit.
1595 4017 1711 4083 Quo
1771 4018 2014 4089 incoepto

372 4103 701 4163 candelabra
758 4102 1153 4159 illuminentur.
1208 4105 1347 4175 Agni
1388 4105 1641 4175 passione
1680 4106 2016 4164 illuminatus

372 4198 456 4247 est
493 4192 731 4249 mundus
769 4191 912 4261 (83).
973 4192 1245 4247 Diaconus
1282 4199 1461 4248 autem
1501 4194 1548 4248 si
1588 4195 1772 4250 casula
1820 4198 2011 4265 utitur,

371 4295 532 4351 quam
573 4281 700 4347 sibi,
741 4288 802 4336 ut
838 4294 1004 4350 supra
1034 4279 1291 4348 diximus,
1315 4282 1775 4351 circumdederat,
1819 4286 2009 4353 choro,

2112 3146 2205 3199 no,
2245 3135 2506 3190 sacerdos
2543 3137 2778 3193 salutato
2808 3142 3015 3209 populo
3055 3146 3359 3202 orationem
3400 3151 3566 3209 dicat.
3608 3135 3756 3214 Ordo

2107 3236 2237 3276 vero
2278 3223 2456 3279 missae
2497 3239 2662 3295 supra
2700 3229 2957 3299 scriptus'
2997 3246 3097 3300 per
3134 3239 3308 3291 totum
3346 3249 3613 3299 servetur.
3647 3248 3753 3303 Sed

2107 3310 2164 3364 in
2194 3310 2281 3364 his
2309 3311 2505 3366 diebus
2546 3313 2676 3385 (89),
2735 3318 2903 3372 Credo
2933 3319 2987 3373 in
3042 3336 3200 3377 unum
3260 3328 3444 3393 Deum,
3493 3346 3524 3385 a
3572 3347 3756 3391 sacer-

2106 3398 2239 3454 dote
2277 3400 2574 3469 incoeptum
2626 3407 2955 3475 cantabitur,
3004 3410 3217 3467 scilicet
3263 3418 3519 3474 omnibus
3555 3422 3753 3479 diebus

2104 3487 2424 3555 Dominicis,
2470 3483 2571 3551 28
2605 3496 2659 3546 et
2694 3502 2821 3548 octo
2862 3495 3058 3551 diebus
3096 3500 3338 3570 Paschae,
3382 3513 3438 3560 et
3485 3509 3753 3568 Penteco-

2103 3583 2237 3642 stes,
2280 3584 2333 3631 et
2394 3580 2703 3633 Nativitatis
2740 3583 2978 3647 Domini,
3021 3592 3076 3638 et
3114 3588 3170 3640 in
3202 3589 3292 3644 die
3331 3594 3654 3662 Epiphania:
3694 3605 3750 3655 et

2103 3666 2474 3728 Ascensionis,
2536 3673 2591 3719 et
2654 3667 2710 3719 in
2782 3670 2997 3723 cunctis
3070 3681 3275 3729 sanctm
3325 3680 3505 3734 Mariae
3572 3684 3745 3753 festis,

2103 3757 2329 3818 excepta
2380 3752 2832 3819 Annuntiatione,
2883 3761 2939 3809 et
2993 3760 3167 3813 sancti
3215 3762 3441 3820 Joannis
3489 3752 3747 3839 Baptista;

2103 3838 2403 3905 nativitate,
2464 3840 2816 3912 omniumque
2867 3846 3264 3916 apostolorum,
3344 3860 3398 3909 et
3436 3857 3490 3912 S.
3532 3859 3743 3931 Crucis,

2100 3928 2386 3997 sanctique
2416 3929 2715 3998 Michaelis,
2757 3936 2812 3987 et
2850 3933 2904 3988 in
2943 3937 3193 3993 Omnium
3233 3942 3555 4002 Sanctorum
3594 3928 3746 4009 festi;

2098 4015 2284 4081 vitate,
2327 4023 2381 4071 et
2438 4019 2812 4076 Dedicationis
2868 4024 3138 4081 ecclesiae.
3217 4030 3454 4089 Sabbato
3519 4039 3745 4097 Paschaa

2098 4104 2181 4157 vel
2211 4105 2566 4161 Pentecostes
2605 4122 2715 4164 non
2756 4118 3028 4180 cantetur,
3062 4128 3243 4185 neque
3276 4119 3401 4176 ullis
3429 4123 3554 4179 aliis
3592 4126 3743 4185 festi-

2097 4194 2375 4261 vitatibus,
2404 4196 2501 4251 sed
2531 4211 2749 4267 semper
2800 4201 3150 4272 Evangelium
3188 4207 3445 4267 salutatio
3483 4217 3741 4273 sacerdoo

2096 4281 2167 4335 tis
2232 4285 2616 4354 subsequatur.
2685 4288 2889 4344 Diebus
2935 4293 3208 4361 omnibus,
3252 4307 3484 4370 excepto
3543 4306 3739 4375 jejunii

369 4374 568 4439 Agnus,
593 4370 680 4427 bis
718 4375 1024 4441 repetente,
1066 4370 1262 4426 iterum
1310 4370 1522 4426 induat.
1563 4373 1830 4429 Sacerdos
1867 4376 2367 4441 salu-Dtempore,
2425 4380 2577 4429 sexta
2634 4376 2851 4431 missam
2917 4387 3218 4451 sequatur;
3280 4386 3399 4457 (90)
3460 4370 3613 4447 nona
3641 4409 3739 4452 sua

372 4466 484 4517 tato
524 4460 730 4531 populo
805 4461 1108 4516 orationem
1169 4459 1337 4514 dicat.
1379 4460 1477 4515 Cui
1514 4461 1713 4516 iterum
1754 4462 2011 4520 salutanti

369 4548 652 4618 populum,
720 4549 1005 4615 diaconus,
1065 4551 1163 4616 Ite,
1208 4540 1307 4610 26
1370 4549 1547 4617 missa,
1607 4555 1853 4620 tempore
1909 4568 2010 4610 suo

368 4644 481 4705 aut,
528 4624 905 4701 Benedicamus
951 4638 1193 4705 Domino,
1245 4638 1494 4694 succinat
1536 4637 1683 4711 (84).
1725 4641 1885 4697 Clero
1925 4656 2011 4697 re-

334 4727 695 4796 .spondente,
735 4730 844 4783 Deo
874 4727 1096 4796 gratias,
1129 4725 1367 4783 ofﬁcium
1406 4726 1577 4781 ﬁniat.

438 4816 597 4871 Missa
659 4829 810 4881 vero,
852 4824 911 4871 ut
976 4816 1302 4885 praedictum
1344 4821 1446 4882 est,
1483 4818 1635 4886 juxta
1694 4824 2007 4874 sanctorum

363 4904 615 4960 instituta
671 4905 886 4959 Patrum
944 4905 1080 4959 hora
1119 4904 1280 4959 tertia
1339 4905 1669 4961 celebranda
1708 4913 1789 4960 est
1833 4928 1844 4961 :
1888 4909 2005 4978 ipsa

362 4994 507 5051 enim
554 4994 692 5055 hora
731 4994 1023 5049 cruciﬁxus
1069 4993 1318 5049 Christus
1384 4993 1585 5063 linguis
1639 4995 1951 5057 Judaeorum
1988 5016 2001 5063 ;

358 5083 663 5145 secundum
719 5096 1062 5139 communem
1137 5084 1592 5139 consuetudinem
1644 5086 1828 5154 potius
1868 5086 2003 5142 hora

357 5180 531 5239 sexta,
572 5173 701 5243 quia
722 5173 778 5228 in
819 5187 881 5228 ea
920 5186 1112 5241 passus
1146 5178 1229 5249 est
1269 5174 1520 5227 manibus
1547 5181 1999 5246 persecutorum;

356 5268 607 5333 tempore
649 5262 844 5333 jejunii
883 5262 1019 5317 hora
1058 5275 1221 5329 nona,
1264 5263 1391 5332 quia
1431 5262 1485 5318 in
1525 5277 1591 5318 eo
1631 5264 1812 5317 emisit
1841 5266 2003 5333 spiri-

355 5359 492 5407 tum.
532 5352 634 5419 Qui
671 5357 852 5407 autem
910 5350 1238 5406 necessitate
1295 5358 1421 5407 ante
1478 5352 1712 5407 Tertiam
1751 5352 1834 5407 vel
1876 5360 2001 5425 post

351 5441 562 5497 Nonam
604 5454 713 5497 non
744 5447 1030 5511 perpetue,
1064 5439 1161 5493 sed
1192 5439 1469 5496 desiderio
1500 5443 1843 5499 sacriﬁcandi
1876 5445 2000 5498 mis-

354 5544 470 5587 sam
527 5530 829 5597 celebrant,
888 5543 998 5586 non
1067 5534 1195 5584 sunt
1251 5530 1734 5599 reprehendendi;
1797 5532 1999 5605 legitur

2096 4460 2231 4515 hora
2270 4462 2509 4519 dicatur.
2552 4465 2608 4518 ln
2657 4468 2921 4535 vespcris,
2957 4476 3011 4523 et
3059 4474 3342 4530 matutinis
3378 4478 3565 4545 plures
3593 4495 3738 4536 cam-

2096 4563 2251 4617 panae
2281 4551 2556 4620 sigillatim
2606 4562 2841 4621 sonent;
2893 4565 3172 4626 postremo
3204 4568 3264 4616 ut
3292 4565 3347 4617 in
3387 4565 3549 4619 missa
3589 4567 3733 4636 dum,

2094 4643 2148 4692 et
2186 4639 2265 4693 sic
2322 4640 2657 4710 incipiantur
2710 4658 2975 4714 vesperae.
3043 4651 3429 4718 Unusquisque
3495 4654 3736 4722 psalmus

2092 4740 2215 4781 cum
2254 4729 2553 4798 antiphona
2594 4738 2847 4788 cantetur
2888 4735 3035 4805 (91),
3088 4750 3229 4803 quos
3266 4739 3585 4810 capitulum,
3638 4746 3736 4802 de-

2091 4814 2219 4869 hinc
2260 4816 2492 4886 hymnus
2520 4824 2801 4889 sequatur,
2824 4824 2918 4890 qui
2940 4814 3216 4890 nunquam
3258 4832 3726 4904 praetermittatur.

2090 4903 2153 4955 Et
2198 4902 2320 4973 (92)
2354 4903 2573 4961 feriales
2612 4908 2817 4977 hymni,
2852 4910 2956 4962 nisi
2987 4908 3041 4961 in
3082 4907 3237 4967 festis
3268 4918 3323 4969 et
3360 4914 3556 4974 diebus
3593 4902 3733 4978 Pen-

2089 4996 2346 5057 tecostes,
2388 5010 2607 5064 semper
2636 5002 2953 5051 cantentur.
2987 4997 3143 5053 Dicto
3172 5015 3354 5072 versu,
3394 5010 3724 5079 Magni/ient,

2087 5094 2207 5133 cum
2249 5083 2549 5151 antiphona
2588 5090 2858 5149 cantetur,
2892 5090 2946 5139 et
2993 5101 3114 5142 cum
3159 5091 3280 5165 (93)
3313 5096 3482 5164 Kyrie
3508 5096 3723 5165 eleison,

2086 5175 2141 5222 et
2214 5173 2464 5228 oratione
2526 5172 2828 5238 Dominica,
2921 5174 3075 5231 ﬂexis
3137 5184 3392 5250 genibus,
3469 5187 3728 5253 precibus

2086 5258 2277 5313 liniant
2312 5281 2322 5314 :
2368 5268 2422 5316 et
2461 5274 2570 5315 non
2620 5259 2797 5315 solum
2864 5278 3127 5335 vesperae,
3168 5270 3265 5323 sed
3315 5283 3506 5327 omnes
3545 5276 3727 5333 noctis

2085 5352 2139 5400 et
2169 5348 2277 5402 diei
2328 5348 2501 5413 horae,
2543 5349 2787 5417 exceptis
2844 5353 3200 5409 Pentecostes
3254 5360 3311 5409 et
3373 5356 3581 5416 festivis
3610 5364 3721 5420 die-

2083 5434 2203 5489 bus.
2239 5435 2506 5491 Sacerdos
2536 5450 2657 5490 cum
2687 5440 2906 5495 caeteris
2924 5457 2983 5497 se
3005 5449 3350 5511 peccatorem
3382 5462 3724 5519 cognoscens

2080 5525 2427 5593 genuﬂectat.
2497 5525 2633 5591 Quia
2690 5541 2818 5585 vero
2884 5532 3056 5585 vicem
3122 5530 3323 5590 Christi
3389 5539 3550 5607 gerit,
3593 5541 3722 5598 dum
