4156 6196
461 214 536 270 39
1602 223 1874 279 JOANNIS
1909 223 2325 283 ARCHIEPISC.
2367 229 2699 286 ROTOMAG.
3444 266 3446 268 τ
3767 237 3838 297 40

462 349 562 418 29
616 357 683 412 ad
739 361 1044 416 orationem
1116 363 1351 432 venerit,
1417 369 1604 434 surgat
1668 371 1724 420 et
1796 366 2061 421 oratione:

2146 351 2401 418 lcosten,
2445 361 2500 409 et
2545 369 2576 409 a
2621 355 2912 411 Nativitate
2969 370 3142 426 usque
3189 359 3258 414 ad
3307 367 3553 418 octavam
3601 364 3840 434 Epipha-

458 448 654 502 stando
685 447 851 502 dicat.
885 450 1038 505 Stare
1068 465 1198 508 vero
1230 454 1524 522 pugnantis
1561 459 1689 509 est:
1731 460 1934 523 pugnat
1972 469 2105 526 ergo
2189 443 2296 496 οἷαὶ
2344 448 2400 497 ει
2461 443 2716 499 omnibus
2772 442 2946 511 Ῑθεῐίδ,
2999 453 3059 501 ut
3114 461 3144 502 ἃ
3201 449 3460 506 Kalendis
3515 453 3839 510 Novembris

457 536 720 592 sacerdos
791 537 991 593 Christi
1032 541 1375 597 orationibus
1448 548 1639 598 contra
1713 543 1925 598 hostem
1965 545 2108 599 anti-
2190 545 2362 600 usque
2392 532 2458 586 ad
2491 540 2655 602 οὸρυῑ
2688 535 2884 602 ieiunii
2914 549 3160 604 νθδβοτεὲ
3189 543 3396 594 tantum
3427 541 3682 597 dicamur
3711 549 3837 613 Ροδῑ

458 639 624 693 quum
664 640 765 694 pro
807 627 1012 697 ρορυιο
1069 631 1174 686 sibi
1207 632 1517 686 commisso_
1557 633 1609 685 Si
1648 637 1830 686 autem
1870 633 2106 702 aiicuius
2188 633 2444 689 vesperas
2473 621 2604 688 diei,
2639 630 2763 691 post
2803 625 3095 680 matutinas
3135 625 3324 682 laudes
3362 629 3546 699 vigilia
3584 638 3835 687 mortuo-

457 713 632 767 sancti
691 716 936 770 evenerit
990 715 1274 785 festivitas,
1307 720 1482 775 oratio
1517 725 1726 774 tantum
1765 721 1884 775 sine
1925 723 2108 790 preci-
2187 723 2305 763 Γιυη
2361 725 2482 764 cum
2527 712 2808 766 matutinis
2847 713 3103 769 [andiblls
3142 730 3375 781 eorum;
3422 717 3546 790 (99)
3581 734 3610 774 ³
3649 721 3833 790 capite

457 801 560 856 bus
588 801 844 859 sufﬁciat.
901 806 967 859 Et
1032 808 1077 861 si
1121 807 1314 862 festum
1355 808 1517 862 trium
1560 808 1855 864 lectionum
1915 809 2102 874 fuerit,
2181 799 2377 867 ieiunii
2435 814 2609 869 usque
2655 801 2722 856 ad
2775 802 3048 858 Kalendas
3093 806 3436 874 Novembris:
3484 822 3730 878 Vespera?
3778 815 3835 865 θῐ

456 891 511 945 in
552 892 834 947 matutinis
892 894 1261 950 invitatorium
1301 901 1355 949 et
1387 895 1496 965 (94)
1533 897 1764 967 hymnus
1802 897 1870 953 de
1909 906 2061 955 sanet

2185 885 2383 956 vigilia
2423 895 2762 944 mortuorum
2821 899 2946 960 post
2983 908 3239 963 vesperas
3277 895 3410 962 diei,
3452 904 3576 966 post
3614 899 3836 954 matuti-

455 984 725 1047 cantetur,
761 988 1028 1036 nocturna
1087 989 1200 1038 tota
1248 984 1485 1049 dicatur,
1547 1001 1737 1041 versus
1794 987 1862 1042 de
1906 994 2061 1042 sanet

2185 987 2312 1030 num
2353 975 2543 1032 laudes
2581 993 2682 1047 pro
2722 979 2998 1036 defunctis
3032 1002 3044 1037 :
3087 983 3235 1052 quod
3276 983 3517 1040 ofﬁcium
3557 993 3682 1054 post
3718 1001 3833 1042 ma-

455 1083 577 1125 cum
631 1070 1019 1140 responsoriis,
1071 1076 1128 1124 et
1165 1072 1446 1126 matutina
1503 1072 1695 1128 laudes
1733 1089 1855 1128 cum
1895 1075 2058 1145 hymn

2184 1064 2388 1120 tutinas
2452 1065 2643 1122 laudes
2707 1068 2763 1122 in
2830 1076 3025 1138 quarta
3081 1069 3215 1126 feria
3279 1073 3553 1142 passionis
3614 1075 3832 1130 Domini

451 1159 659 1229 absque
700 1158 954 1228 precibus
984 1158 1370 1226 celebrentur;
1414 1160 1684 1216 lectiones
1720 1178 1850 1219 vero
1900 1165 1968 1219 de
2017 1166 2102 1220 hi-
2182 1152 2422 1210 ﬁniatur.
2481 1155 2562 1210 lbi
2626 1171 2756 1212 νθτο
2823 1157 2961 1227 (100)
3037 1175 3160 1215 cum
3237 1175 3430 1218 ηονθῐη
3497 1162 3832 1220 lectionibus

451 1251 621 1306 storia
662 1250 927 1319 legantur.
971 1251 1132 1304 Missa
1169 1264 1322 1315 vero,
1363 1251 1408 1305 si
1432 1252 1752 1308 denotatum
1790 1253 1947 1309 libris
1977 1254 2061 1310 ofﬁ

2181 1239 2374 1298 festive
2414 1243 2746 1312 celebretur,
2789 1247 2919 1315 quia
2948 1262 3059 1303 non
3104 1250 3338 1318 amplius
3368 1265 3542 1321 usque
3582 1253 3638 1307 in
3669 1259 3829 1309 octa-

451 1339 682 1394 cialibus
737 1336 977 1392 ofﬁcium
1019 1337 1291 1404 habuerit,
1353 1340 1422 1395 de
1459 1349 1651 1397 sancto
1700 1343 1841 1409 erit;
1878 1344 1964 1398 sin
2001 1358 2098 1400 au-
2179 1345 2298 1386 vam
2337 1334 2692 1390 Ρθηῐθεοδῑεδ
2747 1335 2980 1392 (Ῐίοθωικ
3043 1339 3158 1393 Ποε
3213 1338 3358 1394 idem
3417 1339 3510 1394 θθῐ
3546 1342 3602 1396 in
3641 1342 3827 1412 “gilia

450 1436 578 1497 tem,
639 1431 989 1486 Dominicalis
1037 1429 1382 1496 cantabitur;
1435 1430 1613 1486 oratio
1669 1445 1821 1500 vero,
1863 1438 1918 1487 et
1954 1432 2098 1488 Alle-
2177 1420 2486 1476 Νὸῐίνίῐθῑίδ
2550 1423 2848 1478 Ποῐηίηίοῶ
2899 1445 2912 1479 ε
2954 1440 3065 1481 ηοῐι
3113 1427 3257 1481 enim
3306 1428 3541 1498 amplius
3579 1430 3826 1486 0910b”-

446 1517 576 1582 lm'a,
610 1519 677 1572 de
717 1523 908 1573 sancto
949 1518 1184 1573 dicatur,
2180 1508 2328 1564 bitur
2371 1524 2544 1580 usque
2585 1511 2652 1566 ad
2684 1519 2927 1568 octavam
2967 1515 3310 1584 Epiphaniae.

517 1606 597 1659 Ab
643 1606 891 1660 Adventu
959 1621 1130 1675 usque
1197 1607 1265 1660 ad
1323 1605 1668 1662 Nativitatem
1725 1607 1782 1662 in
1821 1613 2094 1664 conventu
2254 1590 2359 1658 32
2409 1600 2587 1654 Prima
2633 1601 2913 1657 Dominica
2965 1603 3243 1660 Adventus
3299 1607 3534 1673 Domini,
3583 1609 3822 1664 Sabbato

445 1696 708 1750 memoria
757 1700 964 1750 tantum
1039 1697 1094 1750 S.
1163 1697 1344 1750 Maria
1419 1696 1666 1766 virginis,
1734 1697 2061 1768 omniumqun

2146 1686 2231 1752 iin
2272 1689 2517 1756 vesperis
2557 1691 2969 1758 responsorium
3003 1713 3015 1747 :
3065 1695 3204 1748 Ecce
3249 1694 3359 1749 dies
3413 1696 3640 1760 ueniunt,
3673 1697 3824 1752 dice-

443 1791 756 1839 sanctorum
799 1784 1128 1839 celebretur.
1169 1787 1211 1839 A
1267 1783 1561 1846 Nativitate
1612 1800 1784 1854 usque
1813 1787 1883 1842 ad
1922 1793 2061 1842 octa-

2176 1781 2266 1829 tur
2304 1774 2448 1845 (101)
2509 1777 2656 1845 quod
2710 1778 2885 1834 altero
2933 1782 3282 1849 pracedente
3321 1782 3557 1839 Sabbato
3596 1783 3653 1838 in
3693 1798 3820 1854 pro-

442 1886 560 1927 vam
620 1873 940 1942 Epiphaniae
998 1879 1206 1928 mnium
1271 1879 1476 1930 sancta,
1533 1874 1734 1930 Mai-iw,
1774 1875 1855 1930 Αι)
1902 1881 2092 1932 octava
2175 1864 2519 1921 nuntiatione
2567 1867 2844 1922 Adventus
2891 1869 3126 1938 Domini,
3159 1885 3190 1925 a
3228 1871 3445 1928 duobus
3494 1873 3658 1929 cleris
3695 1888 3821 1944 cap-

442 1959 764 2028 Epiphania
822 1975 999 2030 usque
1057 1961 1123 2015 ad
1187 1968 1352 2030 caput
1421 1961 1618 2030 jejunii
1661 1961 1784 2033 (95)
1829 1964 2091 2020 memoria
2175 1954 2259 2022 pis
2305 1953 2514 2008 indutis
2569 1955 2823 2025 primitus
2884 1957 3244 2014 celeberrime
3291 1961 3622 2017 cantabitur.
3662 1962 3818 2029 Quod

441 2054 647 2103 sancta
686 2049 888 2114 Maria,
941 2048 1282 2118 angelorum,
1330 2050 1558 2104 Joannis
1594 2050 1873 2119 Baptista,
1913 2053 2090 2108 sancti

440 2137 608 2204 Petri,
648 2138 874 2193 Joannis
912 2138 1282 2208 evangelista,
1341 2144 1767 2208 sanctorumque
1806 2141 2086 2210 apostolo-

439 2239 559 2280 rum
617 2232 672 2281 et
743 2227 888 2281 beati
963 2227 1246 2296 Stephani,
1325 2228 1565 2282 omnium
1633 2237 1950 2299 martyrum,
2029 2233 2084 2286 S.

436 2313 674 2380 Martini,
729 2316 1081 2385 omniumque
1120 2314 1521 2382 confessorum,
1567 2322 1879 2372 sanctarum
1926 2320 2088 2390 virgi-

437 2414 586 2468 num,
629 2404 981 2471 omniumque
1021 2411 1334 2459 sanctorum
1374 2406 1429 2458 in
1474 2407 1718 2474 vesperis
1750 2398 1853 2466 30
1893 2415 1948 2461 et
1978 2422 2087 2463 ma-

436 2490 629 2544 tutinis
693 2505 912 2559 semper
977 2491 1273 2546 recolatur.
1319 2492 1438 2563 (96)
1499 2495 1558 2548 ln
1600 2494 1763 2548 missa
1802 2510 1952 2562 vero,
1995 2511 2086 2551 ex-

433 2579 612 2647 ceptis
657 2577 830 2645 festis,
879 2581 1121 2634 secunda
1170 2581 1348 2636 oratio
1407 2581 1476 2636 de
1525 2584 1782 2638 omnibus
1829 2585 2078 2654 sanctis;

432 2667 595 2721 tertia
635 2681 735 2736 pro
775 2667 1076 2736 episcopo;
1119 2676 1312 2737 quarta
1370 2684 1470 2739 pro
1524 2672 1739 2726 cunctis
1787 2672 1892 2727 sibi
1933 2688 2081 2728 com-

428 2755 646 2820 missis;
699 2754 818 2824 (97)
863 2756 1052 2824 quinta
1075 2770 1176 2826 pro
1208 2757 1458 2827 principe
1488 2764 1544 2814 et
1572 2761 1720 2815 omni
1763 2761 1988 2830 populo.
2017 2763 2077 2817 ln

428 2843 592 2898 missa
649 2857 750 2912 pro
799 2842 1094 2910 defunctis,
1137 2845 1310 2914 prima
1369 2849 1611 2902 omnium
1651 2847 2073 2915 defunctorum;

431 2931 675 2985 secunda
706 2931 1134 2999 episcoporum;
1195 2934 1359 2987 tertia
1426 2933 1651 2988 fratrum
1691 2941 1747 2988 et
1783 2950 2070 3002 sororum;

2172 2041 2228 2096 in
2269 2042 2374 2097 isto
2422 2043 2644 2112 quidem
2696 2045 2932 2102 Sabbato
2978 2046 3245 2102 adventus
3292 2048 3524 2118 hymnus
3571 2051 3821 2107 Conditor

2172 2128 2325 2196 alme,
2377 2131 2750 2204 subsequitur.
2817 2134 3122 2204 Capitulum
3181 2150 3332 2203 vero,
3392 2143 3446 2192 et
3501 2153 3710 2207 versus,
3763 2146 3819 2196 et

2171 2219 2471 2288 antiphona
2502 2221 2570 2276 de
2607 2221 2856 2278 Adventu
2894 2224 3169 2280 dicantur.
3201 2225 3282 2280 Ab
3323 2225 3425 2282 hac
3465 2227 3601 2283 hora
3641 2243 3814 2298 usque

2171 2308 2237 2362 ad
2280 2316 2523 2364 octavam
2583 2312 2804 2367 Pascha
2864 2311 3001 2382 (102)
3060 2315 3343 2383 processio
3383 2316 3450 2370 ad
3492 2317 3813 2373 cruciﬁxum

2170 2396 2316 2452 nulla
2357 2398 2466 2452 ﬁat.
2509 2400 2785 2456 Matutina
2840 2416 2962 2455 cum
3021 2403 3246 2471 pr0prio
3287 2405 3624 2472 invitatorio,
3666 2406 3816 2476 hym-

2169 2486 2274 2552 nis,
2317 2494 2371 2540 et
2409 2488 2798 2556 responsoriis,
2849 2495 2905 2543 et
2942 2491 3260 2558 antiphonis
3299 2490 3489 2546 festive
3528 2493 3816 2549 celebren-

2168 2580 2275 2629 tur.
2317 2575 2637 2630 Matutinum
2703 2591 2824 2631 cum
2865 2577 3206 2646 propheticis
3243 2594 3338 2633 sex
3377 2581 3716 2650 antiphonis,
3757 2589 3812 2639 et

2167 2663 2343 2718 tribus
2380 2663 2586 2718 ultimis
2605 2664 2926 2734 apostolicis
2957 2680 3057 2734 per
3095 2666 3308 2721 diversa
3346 2674 3615 2725 nocturna
3654 2671 3812 2726 dica-

2163 2756 2271 2806 tur.
2314 2754 2373 2806 ln
2415 2753 2592 2822 primo
2632 2761 2906 2809 nocturno
2947 2754 3089 2809 liber
3144 2757 3300 2812 Isaia
3355 2757 3670 2826 incipiatur,
3712 2761 3806 2830 qui

2162 2854 2262 2908 per
2317 2847 2492 2894 totum
2542 2841 2844 2897 Adventum
2913 2858 3086 2912 usque
3143 2845 3211 2900 ad
3264 2847 3606 2902 Nativitatem
3666 2847 3808 2918 lega-

2161 2935 2286 2991 tur;
2327 2928 2423 2982 sed
2464 2929 2519 2983 in
2559 2931 2818 2986 secundis
2864 2933 3154 2988 nocturnis
3191 2934 3259 2990 de
3307 2936 3654 2992 sermonibus
3699 2939 3808 2992 Pa-

427 3024 623 3087 quarta
663 3031 762 3086 pro
795 3019 1121 3073 commissis.
1161 3020 1242 3074 Ab
1278 3021 1485 3075 octavis
1504 3023 1859 3078 Pentecostes
1899 3039 2061 3093 usque

2160 3016 2324 3077 trum,
2376 3013 2431 3067 in
2492 3014 2671 3069 tertiis
2727 3015 2795 3070 de
2844 3018 3284 3086 expositionibus
3329 3021 3745 3090 Evangeliorum
3789 3043 3801 3076 :

424 3107 492 3162 ad
548 3107 853 3162 Adventum
911 3107 1126 3162 Domini
1202 3108 1322 3163 hac
1383 3110 1572 3164 eadem
1631 3111 1892 3166 memoria
1949 3128 2072 3168 cum

422 3203 628 3253 sancta
667 3198 859 3252 Crucis
897 3198 1252 3254 veneratione
1290 3199 1679 3256 celebrabitur.
1717 3204 1774 3256 ln
1815 3203 1902 3258 his
1939 3218 2070 3274 ergo

423 3285 788 3355 temporibus,
835 3285 958 3356 (98)
1020 3287 1066 3342 si
1105 3288 1162 3342 in
1210 3288 1511 3344 Dominicis
1568 3289 1833 3346 festivitas
1878 3305 2068 3348 novem

420 3375 719 3431 lectionum
759 3375 994 3445 alicujus
1031 3378 1206 3432 sancti
1248 3379 1511 3445 evenerit,
1563 3395 1828 3450 vespera,
1870 3389 1925 3437 et
1962 3397 2071 3437 ma-

419 3465 633 3530 tutina,
677 3470 731 3519 et
778 3465 944 3519 missa
983 3465 1052 3519 de
1091 3471 1282 3521 sancto
1323 3466 1770 3524 celebrabuntur.
1813 3472 2067 3540 Vespera

417 3552 580 3608 etiam
612 3553 786 3622 ipsius
822 3553 996 3608 sancti
1019 3554 1089 3608 de
1127 3559 1321 3610 sancto
1361 3555 1624 3611 ﬁnientur
1653 3573 1668 3620 ;
1711 3564 1765 3613 et
1794 3560 1936 3614 si‘in
1975 3561 2064 3615 die

415 3641 698 3697 Dominica
754 3640 1020 3696 festivitas
1058 3643 1222 3697 trium
1270 3643 1568 3699 lectionum
1609 3647 1874 3712 evenerit,
1918 3649 2063 3703 unde

415 3731 675 3795 ofﬁcium,
717 3729 800 3784 vel
843 3730 1023 3799 passio
1075 3730 1359 3798 habeatur,
1419 3733 1792 3789 iuvitatorium
1832 3741 1886 3789 et
1916 3736 2064 3806 hym-

414 3832 518 3874 nus
556 3818 624 3872 de
663 3825 854 3872 sancto
894 3818 1145 3885 dicetur;
1188 3833 1286 3874 sex
1343 3819 1612 3875 lectiones
1669 3836 1792 3876 cum
1832 3824 2060 3879 totidem

414 3906 782 3976 responsoriis
839 3907 907 3961 de
943 3969 948 3972 _
982 3907 1210 3963 historia
1269 3908 1557 3978 legentur;
1637 3917 1762 3979 post
1839 3913 2060 3966 tertium

409 4000 761 4060 nocturnum,
820 4009 978 4050 versu
1035 3996 1103 4050 de
1154 4003 1345 4052 sancto
1386 3997 1556 4064 dicto,
1601 3998 1950 4068 Evangelium
1989 4001 2058 4055 de

412 4083 605 4140 eodem
645 4085 1055 4154 pronuntietur,
1089 4091 1144 4140 et
1163 4085 1285 4140 alia
1326 4086 1594 4142 lectiOnes
1615 4103 1738 4142 cum
1780 4089 2059 4145 matutinis

408 4172 665 4228 laudibus
716 4173 784 4228 de
838 4180 1029 4228 sancto
1087 4173 1549 4242 celebrabuntur;
1601 4177 1648 4231 si
1705 4181 1886 4232 autem
1933 4193 2058 4247 pro-

409 4260 589 4331 prium
647 4260 884 4317 ofﬁcium
943 4261 1200 4329 defuerit,
1251 4263 1602 4318 Dominicalis
1657 4264 1821 4320 missa
1876 4272 2056 4322 canta-

2157 3101 2413 3156 similiter
2451 3102 2505 3156 in
2563 3111 2755 3172 quarta
2795 3110 2851 3159 et
2897 3112 3048 3160 sexta
3088 3105 3260 3173 feriis,
3303 3115 3358 3162 et
3385 3109 3624 3166 Sabbato
3663 3117 3801 3165 tem-

2156 3189 2362 3258 poralis
2422 3191 2641 3260 jejunii,
2706 3199 2760 3247 et
2826 3194 3009 3263 vigilia
3073 3195 3384 3251 Nativitatis
3444 3198 3678 3253 Domini.
3748 3199 3802 3256 Si

2153 3277 2418 3334 festivitas
2455 3280 2512 3334 in
2550 3281 2848 3337 Dominicis
2904 3283 2991 3338 his
3046 3285 3312 3350 evenerit,
3353 3293 3412 3340 ut
3458 3302 3624 3357 supra
3663 3287 3804 3344 dixi-

2152 3382 2293 3434 mus,
2362 3369 2418 3424 in
2487 3370 2726 3426 crastino
2802 3371 3131 3427 celebranda
3199 3382 3528 3430 reservetur.
3599 3377 3656 3430 In
3715 3377 3802 3431 his

2150 3457 2479 3524 Dominicis,
2557 3467 2611 3513 et
2683 3459 2741 3513 in
2818 3459 2903 3514 his
2977 3475 3102 3530 qua
3175 3467 3304 3517 sunt
3377 3478 3408 3518 a
3482 3465 3803 3536 Septuage—

2149 3545 2284 3602 sima
2376 3562 2549 3616 usque
2642 3547 2698 3602 in
2791 3549 3019 3616 Pascha,
3110 3553 3178 3606 Te
3261 3553 3422 3607 Deum
3499 3552 3795 3618 laudamus,

2148 3649 2258 3691 non
2326 3636 2672 3704 cantabitur;
2750 3637 2847 3692 sed
2913 3639 3033 3708 ejus
3098 3639 3220 3696 loco
3297 3655 3502 3696 nonum
3568 3655 3796 3710 respon-

2145 3725 2352 3780 sorium
2439 3731 2740 3794 repetetur.
2821 3727 2968 3783 Ordo
3051 3727 3321 3785 fcrialium
3397 3730 3629 3797 dierum,
3691 3722 3792 3792 33

2147 3820 2206 3867 ut
2257 3827 2422 3882 supra
2479 3815 2804 3879 notavimus,
2856 3822 3124 3870 servetur.
3196 3819 3254 3870 ln
3295 3819 3595 3873 Dominicis
3636 3819 3786 3874 ﬁnita

2145 3902 2318 3970 prima
2359 3903 2641 3971 processio
2682 3903 2762 3956 sic
2815 3902 2926 3967 ﬁat,
2969 3908 3028 3957 ut
3087 3908 3295 3958 tantum
3335 3919 3365 3958 a
3405 3905 3666 3959 cruciﬁxo
3707 3906 3791 3959 di-

2142 3997 2340 4058 vertat,
2381 3992 2437 4046 in
2495 4006 2601 4060 qua
2649 3991 2967 4060 antiphona
3005 3991 3283 4047 Adventus
3322 3993 3783 4062 processionales,

2141 4087 2235 4136 aut
2272 4080 2455 4149 aliqua
2492 4079 2844 4149 responsoria
2869 4086 3178 4135 cantentur.

2558 4217 2643 4270 DE
2682 4216 2915 4271 DOMINI
2952 4217 3107 4271 NATl
3117 4216 3372 4272 VITATE.

407 4347 592 4418 bitur;
626 4352 802 4405 oratio
833 4364 964 4405 vero
995 4357 1050 4404 et
1086 4350 1315 4404 Alleluia.
1347 4352 1414 4406 de
1436 4358 1626 4406 sancto
1659 4353 2047 4412 celebrabitur.
2068 4361 2116 4416 1)
2205 4350 2533 4405 Solemnitas
2571 4349 2876 4403 Nativitatis
2914 4349 3127 4404 Domini
3157 4349 3231 4404 ita
3271 4349 3599 4406 celebretur.
3635 4349 3776 4421 (103)

405 4437 460 4492 Si
518 4452 711 4494 novem
779 4438 1070 4492 lectionem
1129 4439 1393 4505 evenerit,
1456 4448 1627 4494 totum
1687 4442 1925 4500 oﬂicium
1982 4445 2050 4501 de

403 4535 596 4582 sancto
627 4525 1013 4594 complebitur.
1055 4526 1134 4580 Ab
1172 4527 1421 4581 Adventu
1463 4543 1594 4599 ergo
1637 4545 1810 4601 usque
1841 4534 1909 4588 ad
1950 4537 2050 4590 Na-

403 4615 694 4681 tivitatem,
739 4605 816 4672 3|
868 4620 924 4668 et
951 4627 981 4668 a
1020 4615 1428 4685 Septuagesima
1471 4632 1643 4687 usque
1682 4621 1748 4674 ad
1791 4624 2049 4678 Penteco-

403 4707 546 4767 sten,
587 4703 632 4755 si
681 4701 876 4758 festum
926 4707 1119 4759 novem
1169 4704 1466 4760 lectionum
1509 4707 1562 4761 in
1596 4710 1894 4767 Dominicis
1924 4727 2047 4768 eve-

401 4791 566 4857 nerit,
608 4790 844 4846 ofﬁcium
888 4796 1067 4850 noctis
1114 4801 1169 4850 et
1228 4794 1337 4849 diei
1389 4810 1664 4866 nunquam
1706 4803 2041 4869 mutabitur;

399 4879 662 4936 festivitas
718 4895 848 4935 vero
906 4883 960 4937 in
1019 4886 1315 4939 crastinum
1365 4885 1694 4942 celebranda
1742 4891 2044 4945 reservabi-

397 4973 506 5026 tur.
543 4971 726 5026 Sancti
766 4983 896 5024 vero
935 4971 1002 5025 de
1044 4987 1152 5040 quo
1193 4982 1306 5028 tres
1346 4979 1552 5029 tantum
1595 4977 1860 5034 lectiones
1901 4980 2042 5035 cele-

396 5059 644 5127 brantur,
701 5060 748 5115 si
796 5057 992 5114 festum
1049 5061 1106 5115 in
1162 5062 1279 5130 ipsa
1327 5064 1415 5120 die
1465 5067 1730 5131 evenerit,
1780 5070 2040 5125 memoria

395 5151 604 5202 tantum
653 5149 722 5204 de
770 5162 836 5204 co
894 5148 1003 5202 ﬁat.
1055 5152 1097 5203 A
1147 5151 1406 5207 Paschatc
1458 5169 1629 5224 usque
1679 5155 1746 5208 ad
1797 5147 2036 5212 octavam

392 5238 746 5292 Pentecostes
802 5238 1062 5293 memoria
1112 5243 1320 5294 tantum
1368 5250 1570 5298 sancta
1619 5244 1829 5309 Crucis,
1880 5253 1934 5299 et

391 5325 594 5391 Maria,
637 5333 692 5380 et
728 5326 976 5384 Omnium
1027 5329 1371 5390 Sanctorum,
1422 5330 1475 5384 in
1516 5333 1781 5402 vesperis,
1823 5339 1878 5387 et
1927 5349 2037 5389 ma-

389 5413 585 5469 tutinis
632 5413 743 5467 ﬁat.
791 5417 1014 5485 Agenda
1063 5421 1403 5472 mortuorum
1453 5420 1534 5475 sic
1574 5436 1675 5490 per
1722 5427 1895 5477 totum
1941 5437 2035 5478 an-

386 5515 515 5558 num
555 5499 888 5571 celebretur,
929 5510 1160 5574 excepto
1200 5519 1232 5561 a
1270 5505 1476 5561 Pascha
1515 5521 1690 5579 usque
1728 5510 1796 5565 ad
1839 5511 2033 5567 Pente-

2133 4442 2175 4494 A
2215 4439 2431 4494 duobus
2460 4438 2780 4492 cantoribus
2818 4439 3066 4506 cappatis
3095 4438 3299 4493 chorus
3329 4446 3550 4508 regatur
3584 4459 3596 4492 :
3632 4438 3775 4509 (104)

2132 4542 2162 4582 a
2193 4527 2414 4597 quibus,
2448 4526 2599 4581 dicto
2638 4525 2901 4594 capitulo,
2945 4527 3375 4594 responsorium,
3420 4528 3465 4581 Ο
3491 4528 3652 4594 Juda,
3694 4543 3781 4584 ce-

2131 4616 2360 4671 lebriter
2397 4615 2739 4670 decantetur.
2784 4615 2994 4682 llymno
3052 4613 3222 4675 dicto,
3292 4613 3415 4667 Veni
3459 4615 3773 4686 redemptor,

2129 4705 2430 4774 antiphona
2471 4718 2591 4759 cum
2650 4703 2793 4757 trina
2855 4700 3184 4769 repetitione
3241 4715 3406 4770 super
3444 4704 3771 4773 Magni/icui,

2129 4801 2382 4850 cantetur
2422 4809 2435 4848 :
2478 4792 2694 4847 duobus
2751 4788 3047 4844 thuribulis
3102 4788 3273 4844 altare
3314 4791 3649 4846 incensetur.
3691 4793 3768 4846 Ad

2127 4885 2452 4939 matutinum
2512 4879 2651 4947 (105)
2708 4890 2900 4932 omnes
2947 4889 3225 4945 campana
3268 4879 3440 4946 prima
3480 4879 3658 4934 noctis
3695 4879 3772 4935 vi-

2125 4972 2253 5044 gilia
2294 4972 2616 5043 pulsentur;
2677 4966 2876 5022 deinde
2936 4965 3079 5020 bina
3120 4972 3176 5020 et
3230 4966 3372 5023 bina
3412 4968 3770 5025 consonando

2125 5067 2550 5130 consequentur.
2595 5056 2732 5126 (106)
2775 5055 3149 5111 lnvitatorium
3189 5072 3218 5110 a
3258 5064 3494 5126 quatuor
3549 5057 3770 5114 clericis

2123 5157 2409 5214 cantetur;
2452 5148 2686 5218 hymnus
2723 5143 3003 5215 se’quatur.
3055 5145 3292 5202 Chorum
3331 5153 3390 5201 ut
3427 5147 3483 5201 in
3522 5148 3769 5218 vesperis

2122 5240 2232 5294 duo
2274 5244 2482 5308 regant.
2525 5235 2716 5292 Omnia
2757 5236 3110 5305 responsoria
3140 5242 3361 5290 cantent
3391 5235 3503 5290 bini
3538 5243 3593 5292 et
3624 5237 3763 5303 bini,

2118 5328 2258 5398 (107)
2315 5327 2558 5392 tertium,
2601 5331 2834 5391 sextum,
2877 5340 3080 5381 nonum
3131 5325 3320 5393 cappis
3356 5324 3574 5392 induti;
3617 5326 3760 5396 (108)

2116 5417 2174 5472 in
2212 5416 2479 5481 secundo,
2530 5414 2723 5485 quinto
2764 5422 2818 5469 et
2857 5423 3071 5480 octavo,
3114 5421 3168 5468 et
3206 5413 3274 5467 ad
3319 5416 3387 5468 Te
3431 5417 3594 5469 Deum
3637 5413 3759 5469 lau-

2116 5505 2320 5570 damus,
2379 5505 2473 5560 scd
2535 5509 2590 5561 et
2645 5503 2712 5559 ad
2772 5504 3103 5566 Benedictus,
3181 5502 3350 5558 altare
3417 5504 3754 5560 incensetur.
