4156 6196
203 314 265 370 41

1285 313 1481 369 LIBER
1519 311 1606 366 DE
1642 309 1924 366 OFFICllS
1960 311 2501 370 ECCLESIASTICIS.

3501 314 3574 369 42

205 440 340 514 (109)
381 437 674 495 Lectiones
712 436 878 507 primi
929 438 1186 493 nocturni
1224 436 1292 493 de
1331 436 1620 507 prophetis
1659 439 1843 499 erunt,
1865 441 1915 497 Α
1933 436 2075 493 cium
2106 439 2345 496 ﬁniatur.
2395 437 2707 495 Matutinale
2754 434 2996 494 ofﬁcium
3026 438 3087 491 ut
3123 436 3404 507 prioribus
3431 441 3572 496 dua-

204 528 428 588 secundi
485 528 554 584 de
609 526 963 583 sermonibus
1018 528 1257 593 Patrum,
1318 526 1466 581 tertii
1516 526 1585 581 de
1624 524 1849 594 exposi-

205 621 350 676 tione
382 616 821 688 Evangeliorum.
859 615 1018 687 (110)
1068 616 1193 671 Tria
1228 614 1521 686 Evangelia
1549 615 1605 669 in
1636 613 1846 683 cappis,

204 710 429 765 incenso
454 748 469 774 ,
530 710 586 761 et
631 703 980 760 candelabris
1025 703 1468 774 praecedentibus
1492 746 1507 771 ,
1566 694 1671 763 34
1728 715 1851 772 pro-

202 796 541 853 nuntientur.
591 794 774 850 Finito
818 806 966 849 nono
1014 793 1412 863 responsorio,
1469 790 1627 863 (111)
1678 792 1852 861 major

199 885 448 944 ecclesiae
495 884 777 950 sacerdos,
817 882 863 937 si
911 880 1104 948 fuerit,
1157 882 1469 953 dalmatica.
1505 882 1733 937 indutus
1796 885 1852 936 et

201 975 384 1032 casula
430 960 721 1043 procedat,
774 976 830 1027 et
873 970 1225 1042 Evangelium
1272 970 1610 1043 genealogize
1649 969 1852 1026 Christi

201 1064 511 1122 secundum
559 1061 869 1117 Matthazum
915 1059 1106 1117 festive
1153 1060 1335 1131 legat;
1387 1074 1498 1131 quo
1553 1060 1719 1127 lecto,
1785 1062 1854 1114 Te

200 1155 371 1209 Deum
420 1150 714 1215 laudamus,
764 1149 873 1204 alta
918 1162 1052 1205 voce
1102 1149 1350 1218 incipiat,
1396 1155 1451 1204 et
1516 1155 1641 1219 post
1698 1147 1847 1219 (112)

204 1241 392 1297 clerus
420 1245 475 1295 et
503 1238 760 1308 populus,
792 1238 943 1294 brevi
989 1252 1142 1294 mora
1188 1238 1587 1305 intercedente,
1619 1237 1853 1292 lavatum

204 1334 381 1385 exeat.
442 1327 652 1383 Deinde
699 1325 887 1382 clerici
942 1328 1115 1382 sacris
1168 1328 1413 1382 vestibus
1468 1325 1646 1381 induti
1706 1325 1851 1396 (113)

209 1418 427 1474 missam
458 1416 742 1471 celebrent
766 1430 889 1471 cum
919 1415 1205 1482 laudibus,
1257 1424 1311 1471 et
1350 1415 1659 1486 sequentia,
1692 1427 1854 1484 quam

212 1505 355 1577 (114)
402 1504 735 1561 secretarius
780 1504 1031 1561 ecclesim
1079 1505 1342 1572 celebret,
1391 1505 1687 1560 secundam
1725 1517 1856 1559 vero

212 1600 422 1662 cantor,
465 1594 683 1649 tertiam
732 1594 935 1662 praesul
980 1600 1073 1649 aut
1121 1594 1381 1650 decanus.
1421 1593 1553 1648 Ideo
1599 1593 1655 1647 in
1695 1600 1857 1648 nocte

210 1682 421 1754 angelis
466 1683 687 1737 missam
737 1688 960 1737 cantare
1003 1682 1372 1751 Telesphorus
1412 1694 1553 1752 papa
1596 1681 1855 1748 instituit,

1932 526 2035 581 bus
2088 529 2344 585 noctibus
2400 542 2499 599 per
2536 528 2717 583 omnia
2773 542 2804 582 a
2861 526 3199 597 presbyteris
3254 532 3435 583 tamen
3492 533 3577 584 est

1932 615 2226 685 agendum.
2278 618 2439 673 Missa
2488 616 2732 672 diluculo
2780 615 3115 671 matutinalis
3151 616 3483 683 celebretur,
3515 623 3579 672 ut

1933 705 2251 761 authentico
2300 706 2501 762 Missali
2559 706 3003 772 demonstratur;
3081 711 3137 760 et
3201 705 3458 761 similiter
3518 705 3578 760 in

1934 793 2215 849 nativitate
2272 796 2449 850 sancti
2502 797 2729 851 Joannis
2783 795 3080 865 Baptistae;
3140 799 3375 865 uterque
3431 793 3579 851 enim

1934 882 2003 936 ab
2049 883 2277 939 exordio
2325 884 2465 939 lucis
2494 885 2709 954 seipsos
2739 884 3056 941 obtulerunt
3083 885 3196 940 Deo
3226 884 3576 952 sacriﬁcium,

1934 972 2264 1045 virginitatis
2309 974 2663 1044 evangelista,
2713 975 3061 1031 abstinentia:
3108 975 3369 1044 Baptista.
3410 975 3583 1044 Major

1935 1062 2099 1119 missa
2143 1062 2200 1118 in
2247 1062 2458 1132 cappis,
2511 1064 2668 1131 cujus
2712 1062 2996 1131 ofﬁciales,
3029 1064 3124 1133 qui
3164 1070 3290 1119 sunt
3319 1062 3460 1135 (122)
3487 1077 3580 1118 sa-

1935 1151 2209 1219 cerdotes,
2243 1157 2467 1206 utantur
2520 1150 2739 1205 casulis.
2790 1152 3048 1221 Vesperis
3093 1158 3153 1208 ut
3199 1167 3366 1223 supra
3394 1151 3584 1219 ﬁnitis,

1937 1240 2124 1295 ﬁnitur
2152 1239 2495 1296 sacerdotale
2525 1237 2785 1294 ofﬁcium.

2013 1328 2150 1400 (123)
2203 1328 2507 1397 Incipiente
2555 1326 2739 1382 ofﬁcio
2789 1325 3077 1392 infantum,
3117 1328 3174 1381 in
3224 1329 3499 1396 omnibus,
3530 1333 3593 1384 ut

1938 1433 1969 1473 a
2016 1418 2265 1473 diaconis
2314 1416 2369 1471 in
2418 1431 2542 1484 suo,
2575 1415 2866 1486 agendum,
2901 1415 3051 1481 licet,
3084 1422 3145 1470 ut
3192 1416 3248 1470 in
3279 1424 3457 1474 morte
3486 1420 3593 1473 Do-

1938 1507 2092 1573 mini,
2130 1509 2199 1561 Te
2227 1509 2412 1573 Deum,
2445 1512 2500 1561 et
2547 1504 2741 1562 Gloria"
2758 1505 2814 1559 in
2842 1503 3087 1572 excelsis,
3137 1509 3193 1559 et
3240 1504 3492 1573 Alleluia,
3534 1507 3593 1561 in

1940 1596 2155 1666 aliquot
2203 1595 2455 1653 ecclesiis
2501 1610 2569 1651 ex
2616 1608 2769 1651 more
2817 1595 3044 1663 antiquo
3092 1592 3415 1661 omittatur;
3466 1594 3595 1663 quia

1940 1691 2000 1740 ut
2045 1685 2295 1740 Christus
2343 1684 2693 1739 occideretur
2719 1726 2734 1750 ,
2786 1688 2869 1738 tot
2917 1682 3126 1753 parvuli
3166 1680 3347 1737 occidi
3389 1681 3595 1751 juben-

210 1774 343 1842 quia
390 1771 449 1826 in
495 1785 557 1826 ea
607 1776 767 1825 natus
815 1774 899 1825 est
944 1769 1190 1826 Salvator
1236 1770 1445 1835 mundi,
1489 1775 1545 1825 et
1589 1769 1718 1839 quia
1766 1772 2075 1840 se-Btur;
2126 1779 2183 1829 et
2227 1773 2338 1829 illis
2386 1773 2587 1828 occisis
2615 1772 2675 1827 ﬁt
2705 1786 2854 1828 mors
2882 1771 3085 1826 Christi
3116 1770 3419 1827 secundum
3451 1770 3600 1825 aesti-

212 1860 400 1929 ipsum
446 1864 559 1914 erat
606 1858 893 1915 oblaturus
946 1858 1184 1915 hostiam
1241 1864 1486 1915 sanctam
1542 1872 1643 1928 pro
1691 1860 1863 1914 totius

214 1948 407 2004 mundi
453 1947 667 2013 salute,
718 1952 773 2003 et
818 1948 873 2003 in
923 1962 987 2004 ea
1037 1954 1251 2018 partum
1298 1948 1573 2019 Virginis,
1631 1948 1689 2003 in
1745 1949 1865 2017 ejus

210 2035 378 2092 laude
425 2035 609 2092 Gloria
647 2036 708 2091 in
755 2036 979 2091 carcelsis
1023 2038 1163 2105 Deo,
1209 2042 1531 2104 cantantes,
1581 2036 1864 2092 nuntiave-

210 2130 345 2181 runt
373 2126 684 2195 pastoribus
727 2125 927 2196 angeli.
980 2127 1094 2194 Qua
1140 2133 1384 2196 peracta,
1417 2127 1712 2181 matutinas
1750 2125 1867 2181 lau-

214 2214 319 2270 des
365 2214 696 2284 compleant.
750 2216 959 2282 Quibus
1004 2214 1296 2285 completis
1347 2214 1504 2286 (115)
1549 2221 1742 2270 cantor
1770 2227 1867 2269 an-

214 2300 523 2369 tiphonam,
565 2304 704 2357 Ecce
750 2302 1006 2373 completa
1049 2308 1189 2370 sunt,
1237 2303 1504 2374 incipiat;
1556 2303 1644 2359 cui
1688 2304 1866 2359 oratio

212 2402 528 2460 congruens
557 2393 1096 2448 commemorationis
1128 2399 1331 2448 sancta:
1370 2393 1552 2449 Marim
1583 2392 1863 2449 succedat.

214 2477 360 2547 (116)
410 2479 714 2546 Incipiente
764 2479 1009 2536 diluculo
1058 2481 1229 2536 altera
1268 2483 1433 2537 missa
1476 2482 1669 2538 eodem
1701 2481 1867 2537 modo

212 2567 555 2631 celebretur,
605 2572 666 2620 ut
713 2568 905 2635 prima.
957 2569 1119 2624 Lucis
1146 2584 1276 2625 vero
1307 2570 1533 2626 exordio
1573 2570 1744 2625 altera
1782 2584 1871 2624 ca-

210 2656 394 2721 nitur,
419 2655 571 2723 quia,
597 2655 753 2723 juxta
781 2655 936 2710 Isaia:
967 2657 1305 2722 vaticinium,
1344 2658 1464 2725 ipsa
1501 2657 1591 2711 die
1631 2658 1724 2712 lux
1751 2663 1872 2713 orta

212 2750 306 2801 est
334 2757 474 2799 nova
502 2744 723 2812 populis
752 2744 1078 2800 sedentibus
1118 2746 1175 2800 in
1227 2746 1472 2800 tenebris
1511 2748 1641 2813 (Isa.
1684 2761 1757 2811 1x,
1791 2745 1871 2815 2),

211 2847 320 2889 seu
370 2839 597 2901 propter
632 2832 1003 2902 visitationem
1052 2838 1333 2903 pastorum
1371 2833 1439 2888 ad
1478 2848 1727 2903 praesepe
1768 2836 1874 2889 Do-

215 2920 380 2986 mini,
403 2920 459 2974 in
491 2934 600 2991 quo
630 2921 958 2977 invenerunt
987 2936 1184 2992 panem
1213 2922 1555 2993 angelorum,
1608 2914 1711 2983 35
1760 2936 1871 2992 quo

218 3009 548 3065 reﬁciuntur
612 3011 806 3068 anima;
872 3016 1208 3068 sanctorum.
1272 3013 1402 3068 Post
1466 3012 1685 3068 tertiam
1740 3025 1871 3068 vero

1945 1863 2239 1918 mationem
2291 1862 2525 1917 Herodis
2566 1882 2579 1916 :
2632 1868 2813 1916 tamen
2862 1861 2993 1930 quia
3032 1859 3239 1930 placuit
3292 1858 3596 1925 modernis,

1946 1952 2126 2022 placet
2157 1956 2213 2006 et
2241 1950 2402 2007 nobis
2448 1954 2509 2005 ut
2556 1955 2868 2006 cantentnr.
2918 1948 3252 2005 Subdiaconi
3294 1954 3350 2004 et
3378 1946 3601 2003 diaconi

1946 2040 2149 2096 tunicis
2206 2047 2262 2095 et
2317 2032 2419 2101 37
2481 2038 2790 2095 dalmaticis
2845 2043 3090 2105 utantur,
3153 2038 3400 2107 quamvis
3453 2035 3601 2106 apud

1947 2129 2211 2199 quasdam
2250 2128 2526 2184 Ecclesias
2570 2128 2672 2183 hac
2715 2127 2805 2183 die
2856 2128 2917 2198 [ﬁ
2950 2126 3078 2182 add.
3111 2132 3262 2192 usus]
3294 2125 3600 2182 casularum

1947 2219 2234 2275 habeatur.

2025 2306 2164 2378 (124)
2214 2308 2275 2361 In
2323 2305 2464 2362 festo
2512 2305 2690 2361 sancti
2738 2304 2998 2376 Sylvestri
3034 2318 3132 2359 sex
3172 2304 3363 2374 primm
3410 2302 3605 2358 lectio-

1950 2411 2049 2453 nes
2094 2396 2164 2451 de
2211 2402 2439 2462 sancto,
2499 2400 2613 2451 tres
2659 2394 2865 2449 ultima:
2922 2393 2991 2448 de
3049 2392 3368 2459 nativitate;
3439 2391 3605 2447 missa

1949 2484 2286 2541 matutinalis
2332 2484 2400 2539 de
2451 2489 2682 2548 sancto;
2746 2484 2949 2552 major,
3004 2481 3325 2537 nativitatis.
3375 2480 3606 2536 Caeteris

1950 2587 2081 2629 vero
2111 2574 2308 2629 diebus
2335 2588 2509 2642 usque
2538 2573 2605 2629 ad
2638 2578 2889 2628 octavum
2936 2585 2968 2625 a
3017 2570 3235 2626 duobus
3282 2569 3502 2625 clericis
3546 2568 3606 2624 in

1955 2662 2145 2730 cappis
2201 2666 2453 2716 cantetur
2509 2661 2902 2716 invitatoriam.
2971 2661 3174 2714 Novem
3231 2657 3426 2729 psalmi
3482 2669 3607 2713 eum

1956 2748 2190 2804 totidem
2220 2748 2577 2816 antiphonis;
2629 2748 2788 2818 (125)
2834 2747 3104 2802 lectiones
3131 2750 3246 2800 tres
3275 2760 3399 2800 cum
3430 2745 3609 2799 tribus

1955 2834 2326 2906 responsoriis
2373 2848 2404 2889 a
2450 2833 2596 2889 binis
2641 2840 2697 2888 et
2743 2833 2890 2888 binis
2930 2833 3309 2888 concinendis.
3347 2835 3417 2887 Te
3445 2834 3610 2887 Deum

1954 2925 2231 2981 laudamus
2282 2928 2573 2991 cantetur;
2630 2928 2685 2977 et
2733 2923 2913 2977 missae
2965 2920 3204 2976 ofﬁcium
3264 2919 3423 2992 (126)
3484 2932 3609 2976 cum

1954 3013 2211 3069 laudibus
2250 3017 2306 3067 et
2351 3011 2640 3081 sequentia
2687 3016 2772 3066 est
2816 3010 3107 3081 agendum.
3157 3012 3373 3067 Octava:
3431 3008 3609 3064 sancti

221 3113 446 3169 semper
490 3100 549 3154 in
595 3101 772 3156 Natali
809 3101 1026 3157 Domini
1056 3100 1151 3156 ﬁat
1179 3102 1482 3171 processio,
1516 3116 1641 3171 quae
1670 3108 1731 3157 ut
1758 3100 1936 3159 fue-C
1957 3101 2240 3171 Stephani,
2269 3105 2329 3155 ut
2374 3099 2573 3155 festum
2618 3098 2997 3166 Dominieale;
3052 3097 3209 3169 (127)
3244 3098 3422 3153 sancti
3449 3099 3609 3153 Joan-

220 3188 300 3244 rit
338 3188 510 3257 ﬁnita,
544 3191 715 3259 major
762 3191 927 3245 missa
974 3189 1306 3246 celebretur.
1340 3190 1481 3261 (117)
1531 3192 1590 3245 In
1628 3190 1873 3260 vesperis

223 3276 463 3346 hymnus
503 3296 516 3331 :
559 3279 603 3332 Α
646 3277 774 3333 solis
799 3283 962 3346 ortus,
995 3283 1057 3335 ut
1098 3280 1155 3334 in
1186 3279 1468 3335 matutinis
1497 3279 1751 3334 laudibus
1787 3293 1875 3334 ca-

224 3370 426 3421 natur:
478 3366 567 3422 cui
616 3368 1049 3437 responsorium,
1114 3368 1333 3423 Verbum
1383 3383 1528 3434 caro,
1588 3382 1874 3438 praepona-

226 3460 338 3509 tur.
388 3454 583 3511 Finitis
628 3456 715 3511 his
741 3457 1009 3526 vesperis,
1060 3455 1201 3528 (118)
1245 3458 1465 3513 diaconi
1495 3457 1874 3513 diaconalibus

222 3543 472 3599 vestibus
499 3545 680 3600 induti
711 3546 1014 3616 procedant
1059 3560 1183 3601 cum
1230 3546 1425 3611 cereis,
1468 3552 1730 3602 canentes
1768 3545 1873 3601 ali-

223 3633 381 3704 quod
411 3635 821 3703 responsorium
869 3635 938 3690 de
986 3640 1177 3690 sancto
1226 3636 1527 3705 Stephano,
1568 3637 1727 3704 cujus
1772 3648 1876 3688 na-

222 3721 363 3777 talis
390 3720 604 3776 orditur
629 3722 948 3779 celebratio.
999 3723 1379 3792 Subsequatur
1419 3722 1723 3792 antiphono
1752 3734 1876 3776 cum

223 3807 419 3866 Gloria
456 3809 624 3872 Patri,
672 3815 727 3865 et
772 3812 1023 3867 oratione
1072 3812 1220 3867 dicta
1266 3811 1607 3881 compleatur
1649 3824 1877 3880 vesper-

226 3898 346 3953 tina
377 3898 617 3969 synaxis.
653 3898 801 3971 (119)
849 3902 909 3955 1n
948 3900 1232 3956 matutinis
1260 3906 1320 3956 ut
1349 3900 1684 3971 praecedenti
1714 3905 1877 3956 nocte

227 3987 524 4059 pulsentur
579 4003 879 4059 campana.
929 3993 973 4044 A
1019 3996 1256 4060 quatuor
1319 3990 1570 4047 diaconis
1633 3990 1881 4061 cappatis

228 4081 488 4132 cantetur
550 4077 944 4147 invitatorium,
1012 4086 1337 4135 conservato
1403 4084 1608 4137 caetero
1664 4093 1878 4150 praece-

228 4164 417 4221 dentis
444 4166 626 4222 noctis
655 4168 851 4224 ordine
897 4168 954 4223 in
1002 4169 1337 4225 lectionibus
1387 4175 1443 4225 et
1488 4169 1878 4240 responsoriis,

228 4258 288 4309 et
335 4260 621 4312 cantorum
669 4271 919 4313 numero.
969 4259 1093 4313 Tria
1137 4264 1319 4315 tamen
1369 4260 1721 4329 respousoria
1768 4271 1879 4315 non

227 4349 525 4401 cantentur
570 4346 628 4401 in
677 4348 889 4418 cappis.
940 4348 1291 4419 Evangelium
1339 4350 1661 4419 pronuntiet
1697 4349 1882 4405 diaco-

1954 3191 2060 3257 nis,
2110 3196 2172 3245 ut
2217 3187 2414 3244 festum
2462 3187 2738 3258 apostoli;
2791 3188 3191 3253 Innocentium,
3235 3192 3295 3241 ut
3342 3186 3462 3241 dies
3507 3186 3611 3241 Do-

1954 3278 2246 3334 minicalis.
2284 3276 2440 3349 (128)
2472 3276 2600 3331 Dies
2627 3276 3098 3341 Circumcisionis,
3130 3276 3226 3345 qui
3270 3281 3353 3330 est
3383 3280 3610 3331 octavus

1956 3366 2293 3434 nativitatis,
2353 3365 2665 3422 celebretur
2729 3373 2789 3420 ut
2853 3364 3052 3420 festum
3117 3365 3294 3418 sancti
3358 3363 3607 3428 Joannis,

1956 3458 2203 3526 exceptis
2231 3455 2433 3512 casulis
2461 3460 2517 3510 et
2563 3456 2729 3508 missa
2772 3451 3099 3508 matutinali.
3150 3451 3281 3506 Ideo
3311 3453 3609 3520 praecipuae

1956 3545 2283 3602 festivitates
2319 3550 2447 3599 octo
2495 3542 2694 3596 diebus
2741 3540 3020 3604 coluntur,
3054 3539 3182 3607 quia
3228 3553 3325 3593 sex
3355 3540 3611 3593 aetatibus

1956 3634 2201 3703 vergitur
2247 3630 2522 3694 mundus;
2575 3627 2808 3697 septima
2854 3630 2989 3681 aetas
3034 3630 3119 3680 est
3165 3639 3338 3693 usque
3381 3625 3449 3679 ad
3482 3623 3610 3679 uni-

1958 3721 2224 3777 versalem
2273 3719 2735 3775 resurrectionem
2782 3714 3004 3786 requies
3049 3715 3351 3770 animarum
3397 3718 3614 3769 sancta-

1960 3825 2120 3875 rum;
2170 3816 2382 3875 octava,
2424 3820 2651 3878 regnum
2698 3805 2795 3860 Dei
2826 3809 2951 3875 post
2977 3803 3440 3860 resurrectionem
3470 3817 3614 3859 sem-

1960 3901 2231 3972 piternam
2256 3919 2270 3954 :
2320 3902 2376 3953 et
2409 3895 2537 3952 ideo
2568 3900 2757 3950 octava
2786 3894 2906 3950 dies
2935 3894 3115 3964 agitur
3145 3892 3442 3961 celebrior,
3482 3894 3613 3963 quia

1960 3992 2018 4047 in
2079 3991 2202 4061 ipso
2257 3999 2429 4058 regno
2478 3984 2682 4041 Christi
2730 3983 2902 4054 gloria
2965 3984 3071 4039 erit
3126 3982 3498 4052 sempiterna,
3557 3988 3614 4037 et

1961 4078 2254 4135 ineﬁ‘abllis
2301 4074 2614 4132 exsultatio.
2665 4074 2733 4128 Et
2783 4073 2980 4129 iterum
3033 4071 3161 4127 dum
3188 4076 3503 4129 sanctorum
3536 4071 3614 4126 fe-

1963 4176 2048 4227 sta
2095 4169 2466 4232 celebramus,
2518 4166 2574 4220 in
2620 4163 2709 4220 die
2758 4164 3125 4220 solemnitatis
3170 4177 3360 4219 eorum
3408 4163 3615 4219 anima-

1962 4274 2083 4316 rum
2128 4257 2341 4328 requiei
2390 4247 2493 4317 38
2545 4253 2973 4325 congaudemus,
3005 4252 3063 4307 in
3092 4256 3286 4309 octavo
3326 4266 3516 4309 eorum
3556 4253 3613 4306 in

1961 4349 2135 4421 gloria
2166 4344 2580 4403 resurrectioni.

227 4444 339 4486 nus
389 4431 805 4503 dalmaticatus,
854 4436 1291 4506 thymiamaterio
1340 4442 1396 4492 et
1442 4437 1619 4493 cereis
1675 4424 1946 4507 praece—D
2041 4435 2184 4503 (129)
2237 4435 2364 4490 Dies
2411 4431 2731 4502 Epiphania:
2780 4435 2841 4487 ut
2890 4430 3010 4487 dies
3038 4430 3346 4487 Nativitatis
3374 4427 3616 4483 celebre-

228 4520 515 4576 dentibus.
566 4524 681 4579 Duo
721 4524 940 4580 diaconi
986 4526 1043 4580 in
1074 4525 1382 4581 dalmaticis
1409 4526 1636 4583 chorum
1667 4530 1880 4598 regant,

230 4609 356 4679 qui,
413 4610 583 4667 altare
640 4612 1000 4681 incensando,
1063 4616 1134 4669 Te
1188 4616 1353 4670 Deum
1406 4614 1695 4685 incipiant.
1743 4618 1883 4671 Ante

226 4702 585 4766 nocturnum,
638 4705 695 4756 et
750 4702 807 4757 in
862 4703 1119 4759 laudibus
1170 4708 1461 4761 cantentur
1507 4705 1695 4775 hymni
1748 4720 1887 4775 prae-

225 4787 379 4841 senti
427 4785 568 4843 festo
625 4791 894 4859 congrui;
945 4792 1016 4847 ad
1062 4792 1402 4859 Benedictus,
1450 4793 1753 4863 antiphona
1800 4799 1886 4849 ter

226 4880 537 4945 repetatur.
588 4878 751 4933 Missa
803 4880 859 4934 in
906 4881 1097 4951 cappis
1127 4882 1458 4939 celebretur.
1509 4883 1610 4949 Qui
1656 4882 1884 4939 chorum

227 4968 455 5035 regent,
497 4970 553 5021 et
598 4966 861 5038 graduale
908 4969 991 5025 vel
1030 4969 1261 5027 Alleluia
1307 4970 1651 5028 cantabunt:
1702 4972 1800 5026 sed
1831 4976 1887 5027 et

226 5052 539 5137 Epistolam
583 5054 670 5111 vel
718 5057 1070 5128 Evangelium
1119 5059 1324 5131 legent,
1366 5064 1592 5116 utantur
1637 5059 1889 5116 dalmati-

225 5133 336 5197 cis.
400 5133 500 5205 36
557 5144 755 5200 Finitis
820 5145 1200 5204 diaconalibus
1255 5149 1539 5219 vesperis,
1612 5148 1890 5205 recolatur

228 5229 402 5302 (120)
435 5246 561 5288 cum
589 5234 892 5304 antiphona
938 5241 990 5292 et
1043 5236 1227 5293 Gloria
1271 5239 1441 5306 Patri,
1489 5239 1753 5295 memoria
1788 5240 1890 5295 Na-

225 5319 487 5378 tivitatis.

306 5410 457 5481 (121)
514 5412 789 5486 Deinceps
844 5415 1278 5487 procedentibus
1335 5418 1717 5476 sacerdotibus
1767 5434 1891 5476 cum

225 5498 446 5556 casulis
489 5506 545 5557 et
593 5504 789 5573 cereis,
841 5505 1115 5561 cantando
1164 5506 1576 5575 responsorium
1623 5510 1690 5563 In
1724 5509 1891 5564 medio

223 5588 496 5659 eecleaiw,
547 5607 670 5649 cum
718 5594 951 5665 quadam
995 5594 1298 5665 antiphona
1344 5598 1401 5649 et
1447 5594 1719 5665 oratione,
1767 5596 1894 5653 ofﬁ-

386 5700 624 5757 ΡΔἹἮΟῘ..
665 5702 888 5758 CXLVII

1966 4534 2057 4583 tur
2105 4523 2255 4597 (130)
2301 4523 2509 4592 absque
2557 4520 2897 4577 invitatorio.
2957 4521 3250 4576 Lectiones
3307 4515 3467 4586 primi
3515 4528 3616 4570 no-

1966 4615 2148 4673 cturni
2194 4613 2264 4669 de
2314 4611 2601 4683 prophetis
2639 4616 2838 4678 erunt;
2887 4609 3137 4673 secundi,
3171 4608 3240 4662 de
3270 4604 3618 4661 sermonibus

1965 4708 2223 4769 Patrum;
2276 4702 2447 4767 tertii,
2506 4700 2576 4756 de
2634 4700 2979 4771 expositione
3035 4694 3473 4764 Evlngeliorum.
3533 4694 3618 4748 In-

1965 4794 2279 4852 vitatorium
2309 4792 2533 4862 quidem
2579 4790 2638 4844 in
2677 4790 2771 4846 die
2820 4783 3144 4857 Epiphania:
3174 4782 3617 4852 praedecessores

1968 4889 2191 4941 nostros
2218 4881 2461 4937 arbitror
2489 4893 2602 4935 non
2646 4877 2871 4941 dixisse,
2904 4872 3031 4927 ideo
3061 4871 3211 4941 quod
3261 4887 3362 4944 per
3390 4880 3619 4944 praeter-

1967 4974 2282 5029 missionem
2327 4967 2667 5025 invitationis
2712 4964 2780 5019 ab
2827 4959 3156 5017 Herodianis
3201 4962 3465 5033 cperibus
3511 4960 3620 5015 dis-

1969 5075 2196 5133 crepare
2224 5058 2516 5124 videntur;
2568 5054 2663 5125 qui
2711 5065 2774 5106 ea
2822 5049 2912 5104 die
2960 5049 3029 5105 ad
3076 5049 3183 5106 hoc
3212 5051 3527 5107 Scribarum
3565 5054 3622 5102 et

1969 5151 2372 5208 Pharisaeorum
2419 5144 2551 5201 fecit
2591 5138 2992 5203 invitationem,
3024 5145 3085 5195 ut
3131 5139 3392 5195 Dominus
3432 5141 3622 5192 noster

1969 5244 2128 5298 Jesus
2166 5238 2418 5295 Christus
2464 5235 2532 5290 ab
2582 5230 2790 5287 eisdem
2837 5230 3215 5300 investigatus,
3261 5225 3469 5296 perﬁde
3517 5241 3621 5282 ne-

1973 5336 2221 5397 caretur;
2270 5325 2366 5383 sed
2418 5320 2576 5393 (131)
2631 5333 2742 5375 non
2792 5320 3017 5377 omnino
3068 5316 3341 5373 omittitur
3391 5316 3525 5385 quin
3565 5317 3623 5371 in

1974 5420 2169 5478 ordine
2216 5414 2549 5487 psalmorum
2598 5409 2880 5465 recitetur.
2932 5410 3088 5476 Saepe
3129 5403 3274 5458 enim
3312 5404 3564 5461 Christus
3592 5420 3625 5461 a

1975 5512 2068 5583 pia
2097 5506 2320 5578 Virgine
2351 5505 2545 5569 matre,
2586 5513 2650 5555 ac
2696 5498 2859 5556 beato
2905 5493 3107 5564 Joseph
3153 5493 3482 5564 caeterisque
3511 5494 3628 5551 suis

1975 5600 2182 5670 ubique
2210 5591 2488 5658 ﬁdelibus,
2530 5588 2664 5647 licet
2689 5602 2801 5646 non
2832 5585 3008 5658 palam
3038 5585 3266 5653 propter
3294 5596 3629 5654 persequen-

3415 5691 3453 5745 2
