4156 6196
606 303 678 360 43

1739 299 2014 359 JOANNIS
2050 294 2468 356 ARCHIEPISC.
2510 299 2845 357 ROTOMAG.
3902 296 3968 357 44

606 429 741 487 tium
789 430 1021 498 rabiem,
1071 432 1253 487 tamen
1308 426 1527 486 occulte
1575 426 1876 484 colebatur.
1908 428 2048 481 Deus
2084 427 2328 486 uosterA
2409 426 2536 481 Dies
2579 440 2710 483 vero
2756 423 3163 481 Puriﬁcationis
3207 428 3414 483 sanctae
3461 424 3643 483 Mariae
3672 423 3884 491 festive,
3912 430 3970 483 ut

602 519 880 589 refugium,
932 526 988 576 et
1032 525 1330 591 sequentes
1374 518 1614 590 psalmos
1654 529 1774 573 cum
1813 515 2133 585 antiphonis
2168 514 2246 570 al-

603 607 900 665 leluiaticis
944 610 1003 665 in
1052 611 1215 666 tertia
1260 616 1529 667 nocturna
1567 620 1687 663 cum
1726 605 2096 675 responsoriis
2142 605 2243 661 ba-

604 698 842 767 ptisterii
889 699 1017 755 ideo
1064 700 1316 767 dicimus,
1366 698 1494 768 quia
1530 696 1587 751 in
1626 695 1792 751 tertio
1836 700 2104 765 tempore,
2136 695 2245 751 sci-

600 787 735 844 licet
763 789 975 858 gratiae,
1009 790 1160 847 venit
1206 788 1472 843 Christus.
1521 785 1703 841 Finito
1750 798 1898 841 nono
1937 798 2243 854 responso-

600 877 707 946 rio,
742 877 884 948 (132)
925 878 1184 935 sacerdos
1213 875 1596 931 dalmaticatus
1642 880 1698 929 et
1736 874 2011 930 casulatus
2046 888 2240 943 proce-

599 967 715 1034 dat,
776 973 831 1023 et
885 966 1231 1036 Evangelium
1280 963 1617 1035 genealogis:
1674 963 1878 1019 Christi
1936 963 2239 1019 secundum

596 1057 797 1112 Lucam
842 1055 1160 1120 solemniter
1204 1053 1370 1124 legat.
1420 1055 1480 1110 In
1518 1052 1810 1109 Nativitate
1856 1053 2073 1109 Domini
2121 1053 2241 1121 ejus

596 1144 877 1216 generatio
914 1144 981 1198 ab
1018 1143 1291 1199 Abraham
1339 1134 1442 1204 39
1485 1147 1639 1211 patre
1660 1142 1786 1198 ﬁdei
1808 1147 1864 1197 et
1880 1142 2235 1210 obedientia,

596 1249 769 1303 usque
814 1233 882 1288 ad
928 1234 1135 1303 Joseph
1165 1234 1343 1288 virum
1389 1233 1593 1301 Mariae,
1643 1247 1766 1302 quae
1814 1232 2091 1289 Christum
2128 1232 2235 1287 ﬁde

593 1322 850 1390 concepit
898 1326 952 1376 et
999 1320 1237 1390 peperit,
1278 1320 1667 1376 descendendo
1718 1326 1973 1376 contexta
2011 1319 2232 1390 legitur.

592 1409 842 1464 Christus
879 1409 1025 1464 enim
1072 1408 1266 1465 ﬁdeles
1295 1422 1551 1478 quaerens
1579 1408 1647 1464 de
1677 1408 1809 1464 sede
1838 1409 2138 1478 majestatis
2167 1407 2235 1463 ad

589 1498 700 1553 ima
728 1498 1055 1565 descendit,
1103 1498 1363 1568 Patrique
1391 1512 1567 1568 usque
1595 1498 1664 1553 ad
1712 1503 1942 1555 mortem
1972 1498 2237 1554 obedien-

590 1586 686 1653 do,
719 1588 813 1655 qui
862 1587 1141 1656 perierant
1188 1587 1442 1643 redemit.
1494 1589 1554 1642 In
1602 1587 1877 1657 baptismo
1915 1600 2045 1643 vero
2093 1588 2231 1657 ejus,

590 1677 766 1745 ipsius
818 1678 1107 1746 generatio
1155 1678 1223 1732 ab
1282 1677 1401 1733 Heli
1452 1676 1563 1733 ﬁlio
1613 1678 1872 1747 adoptivo
1930 1691 2105 1747 usque
2164 1678 2233 1733 ad

2324 516 2752 586 Assumptionis,
2787 515 3102 572 celebretur
3124 558 3140 583 ,
3196 517 3445 587 exceptis
3471 515 3655 587 vigilia
3684 520 3741 571 et
3769 513 3969 577 octavis

2327 606 2610 675 processio
2660 606 2737 663 ita
2783 605 2896 672 ﬁat,
2930 609 2990 661 ut
3020 605 3198 661 cereis
3227 611 3281 662 et
3321 604 3671 665 candelabris
3695 602 3890 674 positis
3914 603 3968 663 in

2324 694 2516 763 altera,
2557 695 2603 752 si
2652 694 2836 762 fuerit,
2887 694 3143 763 ecclesia,
3197 694 3355 766 (138)
3407 695 3477 751 ad
3525 708 3644 751 eam
3690 693 3872 753 clerus
3916 696 3969 749 et

2324 784 2563 855 pepulus
2591 784 2947 853 antiphonam
2986 803 2999 839 :
3051 785 3162 840 Ave
3189 785 3386 855 gratia,
3419 783 3692 841 cantando
3716 781 3967 853 religiose

2323 879 2555 944 pergant
2602 874 2791 943 ibique
2829 872 3088 929 candelas
3130 874 3199 929 ab
3249 875 3513 944 episcopo
3551 873 3636 929 vel
3684 871 3967 931 sacerdote

2322 968 2563 1019 sacratas
2606 963 2684 1029 [id
2732 967 2830 1031 est,
2884 963 3229 1028 benedictae]
3279 965 3573 1035 accipiant.
3620 962 3829 1030 Quibus
3881 975 3967 1019 ae-

2321 1055 2523 1120 censis,
2574 1058 2769 1109 cantor
2815 1053 3195 1123 antiphonam,
3246 1056 3442 1110 Lumen
3477 1054 3549 1109 ad
3585 1051 3963 1118 reuelationem,

2319 1140 2590 1212 incipiat;
2643 1158 2753 1213 qua
2800 1143 2972 1211 ﬁnita,
3018 1144 3240 1199 Adoma
3290 1142 3611 1211 thalamum,
3662 1145 3960 1207 cantantes,

2319 1231 2387 1286 ad
2419 1238 2648 1289 matrem
2679 1232 2969 1289 ecclesiam
3018 1246 3120 1302 per
3148 1232 3466 1299 claustrum,
3498 1236 3593 1288 aut
3637 1231 3695 1288 in
3736 1230 3963 1286 circuitu

2319 1321 2570 1379 ecclesia:
2626 1321 2875 1378 redeant.
2935 1321 3146 1378 Deinde
3203 1321 3656 1392 responsorium,
3713 1317 3958 1390 Accepit,

2319 1416 2623 1479 cantantes,
2656 1417 2784 1471 ante
2814 1411 3044 1469 chorum
3073 1411 3298 1478 ﬁniant;
3332 1409 3494 1482 (139)
3539 1425 3732 1467 versus
3772 1420 3965 1478 sequa-

2318 1507 2409 1559 tur
2437 1516 2469 1557 a
2506 1501 2723 1558 duobus
2751 1501 2970 1558 clericis
3000 1504 3251 1557 cantatus
3285 1521 3297 1556 :
3340 1504 3468 1569 post
3496 1500 3802 1570 repetendo
3828 1499 3965 1556 anti-

2318 1591 2560 1661 phonam
2593 1590 2823 1646 chorum
2871 1590 3100 1657 intrent,
3132 1595 3187 1646 et
3231 1589 3313 1645 sic
3355 1590 3576 1650 missam
3621 1603 3746 1644 cum
3794 1588 3966 1645 laudi-

2319 1680 2423 1736 bus
2469 1686 2525 1736 et
2565 1680 2855 1751 sequentia
2910 1678 3104 1737 festive
3154 1679 3456 1735 celebrent.
3497 1679 3554 1734 Si
3601 1684 3784 1734 autem
3815 1677 3965 1735 festi-

588 1765 779 1834 Adam,
813 1767 907 1836 qui
936 1767 1165 1837 gloriam
1196 1767 1430 1837 primum
1458 1767 1564 1822 sibi
1603 1780 1920 1823 concessam
1950 1766 2459 1836 peccandoBvitas
2501 1770 2618 1839 ipsa
2668 1769 2914 1826 evenerit
2959 1766 3101 1824 infra
3147 1768 3631 1841 Septuagesimam,
3681 1780 3781 1837 pro
3827 1765 3968 1822 Alle-

589 1856 800 1923 amisit,
857 1856 1203 1928 septuaginta
1258 1861 1470 1926 septem
1535 1857 1985 1927 generationibus
2034 1871 2232 1912 ascen-

588 1944 773 2000 dendo
833 1951 1090 2001 contexta
1133 1946 1354 2017 legitur.
1414 1947 1769 2016 Septuaginta
1825 1947 1971 2002 enim
2021 1952 2233 2016 septem

588 2035 894 2092 undenario
958 2050 1188 2093 numero
1243 2036 1451 2106 septies
1507 2035 1657 2092 dicto
1722 2036 2074 2108 colliguntur.
2129 2038 2234 2092 Per

586 2125 844 2181 undecim
872 2139 1026 2193 vero,
1069 2126 1218 2195 quod
1268 2130 1352 2182 est
1394 2126 1651 2196 Decalogi
1681 2126 2064 2197 transgressio,
2098 2140 2231 2196 pec-

585 2219 726 2281 cata,
759 2220 815 2270 et
861 2230 962 2285 per
1008 2216 1378 2285 septenarium
1425 2221 1635 2286 septem
1684 2215 1829 2272 dona
1856 2216 2034 2271 sancti
2060 2216 2233 2285 Spiri-

581 2306 673 2359 tus
700 2305 1085 2374 exprimuntur
1125 2326 1138 2361 :
1193 2319 1293 2376 per
1332 2320 1477 2375 quin,
1510 2305 1765 2376 originali
1798 2311 2047 2376 peccato,
2080 2305 2228 2375 quod

582 2392 652 2447 ab
693 2393 865 2449 Adam
912 2394 1305 2462 contraximus,
1352 2395 1681 2463 caeterisque
1730 2395 1984 2450 omnibus
2029 2394 2086 2449 in
2135 2394 2231 2450 ba-

583 2482 839 2550 ptismate
884 2483 1102 2552 deletis,
1136 2483 1234 2539 ﬁlii
1281 2484 1378 2539 Dei
1416 2484 1662 2553 adoptivi
1709 2482 1996 2551 efﬁcimur,
2038 2484 2227 2554 sicque

584 2570 730 2626 bona
761 2572 1066 2641 operando,
1108 2572 1215 2628 ﬁde
1265 2578 1321 2629 et
1367 2573 1682 2629 obedientia
1711 2575 1779 2630 ad
1825 2573 2070 2629 eamdem
2099 2573 2225 2644 glo-

581 2660 739 2727 riam,
788 2676 952 2731 quam
998 2662 1169 2718 Adam
1217 2662 1516 2732 plasmatus
1553 2664 1805 2733 accepit,
1857 2664 2223 2734 pervenimus.

581 2749 788 2805 Deinde
837 2749 976 2822 (I33)
1016 2751 1192 2807 stellae
1243 2750 1481 2808 ofﬁcium
1519 2753 1767 2823 incipiat.
1817 2753 2107 2809 Processio
2131 2767 2228 2809 au-

578 2844 690 2894 tem
721 2843 780 2894 ut
808 2840 867 2895 in
896 2840 986 2895 die
1015 2841 1325 2897 Nativitatis
1366 2856 1585 2911 semper
1629 2843 1822 2898 eadem
1851 2843 1941 2897 die
1971 2842 2083 2898 ﬁat.
2123 2844 2227 2897 Re-

579 2927 747 2996 liquis
795 2928 993 2983 diebus
1039 2944 1213 2998 usque
1261 2930 1331 2984 ad
1381 2936 1654 2997 octavum,
1696 2930 1934 2986 ofﬁcium
1967 2931 2222 2986 diurnum

579 3020 635 3069 et
672 3021 1003 3072 nocturnum
1055 3016 1212 3087 (134)
1263 3018 1472 3087 absque
1517 3021 1587 3073 Te
1632 3020 1798 3074 Deum
1844 3018 2120 3074 laudamus
2166 3026 2223 3075 et

2315 1858 2444 1924 luia,
2500 1862 2709 1915 tractus
2754 1858 3020 1914 dicatur:
3071 1857 3361 1927 sequentia
3387 1870 3519 1913 vero
3566 1857 3687 1912 sine
3715 1854 3963 1921 Alleluia,

2315 1949 2704 2018 subsequatur.
2749 1949 2809 2005 In
2858 1946 3186 2018 liypapanti,
3220 1960 3345 2015 quae
3391 1946 3597 2002 dicitur
3626 1943 3961 2016 praesentum

2313 2039 2541 2106 Domini,
2573 2039 2757 2094 lumen
2786 2038 3019 2094 Domino
3050 2043 3468 2106 praesentamus,
3501 2035 3630 2104 quia
3669 2034 3726 2089 in
3770 2033 3960 2089 eadem

2314 2128 2403 2184 die
2449 2128 2700 2184 Christus
2747 2127 2931 2183 lumen
2978 2124 3373 2194 sempiternum
3416 2138 3448 2179 a
3496 2124 3659 2179 beato
3715 2115 3821 2185 42
3869 2120 3958 2177 Sl-

2313 2232 2509 2274 meone
2556 2217 2613 2272 in
2660 2216 2868 2286 templo
2917 2218 3307 2285 praesentatur,
3366 2227 3467 2284 per
3510 2212 3695 2270 lumen
3743 2214 3801 2269 in
3847 2224 3962 2269 ma-

2312 2307 2475 2363 nibus
2502 2308 2648 2364 bona
2678 2320 2845 2377 opera
2877 2305 3257 2376 designantur.
3812 2342 3817 2343 κ

2381 2397 2662 2454 Dominica
2686 2395 3113 2466 Septuagesimae
3138 2395 3214 2449 ita
3245 2392 3578 2461 celebretur,
3612 2396 3673 2448 ut
3700 2392 3759 2448 in
3790 2391 3948 2465 (140)

2311 2486 2660 2557 praecedente
2718 2484 2957 2541 Sabbato
3004 2483 3072 2539 ad
3120 2496 3380 2553 vesperas
3425 2483 3545 2539 vice
3598 2481 3784 2553 hymni
3832 2495 3960 2537 can-

2309 2580 2457 2632 tetur
2504 2575 2793 2645 sequentia
2834 2593 2848 2629 :
2900 2574 3175 2630 Cantemus
3207 2571 3376 2626 cuncti
3421 2569 3696 2626 melodum.
3750 2571 3810 2625 In
3846 2582 3959 2625 ma-

2309 2666 2505 2722 tutinis
2558 2664 2695 2735 (141)
2743 2662 3117 2719 invitatoriam
3150 2660 3580 2727 alleluiaticum;
3614 2659 3958 2730 psalmicum

2307 2754 2425 2809 suis
2455 2752 2776 2822 antiphonis
2805 2757 2861 2807 et
2898 2749 3272 2819 responsoriis
3299 2749 3415 2803 suis
3443 2753 3754 2804 cantenlur.
3792 2747 3952 2820 (142)

2308 2843 2368 2897 In
2399 2842 2577 2911 primo
2608 2846 2880 2896 nocturno
2910 2837 3249 2907 heptaticum
3276 2835 3575 2906 incipiatur
3601 2837 3749 2906 quod
3779 2851 3956 2907 usque

2305 2932 2374 2987 ad
2423 2930 2653 3000 primam
2701 2926 3038 2984 Dominicam
3067 2925 3369 2982 Dominicaa
3398 2925 3672 2995 passionis
3700 2914 3952 2997 legatur:

2304 3022 2380 3076 ita
2409 3024 2590 3074 tamen
2621 3023 2681 3073 ut
2709 3018 2765 3072 in
2787 3015 3087 3072 Dominicis
3116 3020 3229 3070 tres
3256 3016 3451 3085 prima:
3479 3013 3749 3071 lectiones
3777 3014 3847 3070 de
3884 3028 3952 3072 eo

577 3102 762 3159 Gloria
788 3105 844 3159 in
871 3104 1113 3171 excelsis,
1146 3106 1507 3176 compleatur.
1555 3108 1788 3163 Octavus
1833 3109 1961 3163 Dies
2001 3110 2057 3164 in
2088 3109 2574 3180 cap-Clegantur,
2632 3107 2691 3163 in
2737 3105 2982 3162 secundo
3031 3109 3304 3161 nocturno
3352 3110 3467 3161 tres
3504 3104 3573 3160 de
3601 3104 3951 3161 sermonibus

577 3193 684 3262 pis,
726 3198 788 3249 ut
833 3193 1030 3250 festum
1073 3195 1309 3265 apostoli
1357 3196 1689 3253 celebretur.
1738 3199 1800 3253 In
1852 3198 2092 3255 crastino
2143 3198 2220 3254 fe-

578 3286 722 3338 stum
751 3275 864 3344 40
891 3285 1067 3339 sancti
1098 3285 1353 3355 Remigii,
1377 3285 1571 3341 Hilarii
1593 3290 1649 3342 et
1665 3285 1866 3343 Felicis
1886 3288 2217 3344 celebretur.

647 3373 958 3428 Transactis
1004 3372 1180 3441 festis,
1230 3375 1288 3429 in
1326 3374 1626 3431 Dominicis
1656 3391 1831 3446 usque
1875 3377 1943 3432 ad
1993 3380 2222 3447 Septua-

573 3460 834 3532 gesimam
882 3464 1166 3532 processio
1210 3463 1287 3519 ita
1326 3463 1420 3519 ﬂat
1447 3468 1509 3520 ut
1555 3465 1622 3520 ad
1674 3467 1994 3522 cruciﬁxum
2033 3466 2219 3522 diver-

576 3556 673 3607 tat.
723 3552 1056 3622 Antiphonti:
1105 3553 1567 3624 processionales,
1594 3556 1679 3612 vel
1718 3555 2070 3626 responsoria
2101 3557 2220 3626 ejus

572 3643 840 3712 temporis
869 3649 1180 3711 cantentur,
1204 3658 1328 3715 qum
1357 3651 1484 3701 ante
1505 3645 1735 3701 chorum
1767 3646 2046 3701 ﬁniantur.
2070 3645 2218 3717 (135)

572 3731 987 3786 lntroeuntibus
1033 3731 1303 3799 chorum,
1355 3738 1550 3788 cantor
1589 3734 1947 3803 antiphonam
1992 3740 2086 3790 aut
2132 3749 2219 3790 re-

572 3819 923 3886 sponsorium
966 3820 1197 3888 incipiat
1243 3821 1312 3876 de
1360 3827 1582 3888 sancto,
1635 3824 1794 3891 cujus
1841 3828 1924 3877 est
1961 3823 2213 3879 ecclesia.

571 3905 1003 3961 Dominicalibus
1048 3914 1104 3961 et
1142 3905 1427 3964 ferialibus
1472 3910 1731 3965 noctibus
1770 3909 2032 3978 Epistolaa
2065 3912 2216 3966 Pauli

570 3995 862 4066 legantur;
923 3999 1277 4067 responsoria
1334 3998 1403 4054 de
1456 3999 1682 4071 psalmis
1737 4002 2064 4069 cantentur;
2125 4014 2218 4056 ex-

572 4086 749 4155 ceptis
776 4092 957 4142 autem
986 4088 1286 4143 Dominicis
1316 4093 1370 4144 et
1399 4087 1628 4158 festivis,
1668 4103 1864 4160 preces
1903 4093 1958 4145 et
2004 4090 2215 4161 agenda

571 4180 914 4232 mortuorum
962 4183 1213 4248 agantur.
1272 4178 1409 4245 Quia
1455 4192 1585 4235 vero
1636 4180 1757 4236 dies
1799 4178 1946 4235 inter
1971 4179 2215 4236 Circum-

570 4265 836 4323 cisionem
883 4271 938 4323 et
986 4267 1345 4337 Epiphaniam
1403 4282 1681 4339 exponere
1739 4270 2209 4340 praetermisimus,

566 4355 676 4413 hoc
722 4357 780 4412 in
828 4356 953 4412 loco
992 4358 1322 4414 interserere
1370 4359 1717 4415 commodum
1757 4360 2106 4415 arbitramur.
2149 4361 2208 4414 In

2301 3200 2519 3253 Patrum
2544 3238 2559 3263 ,
2610 3196 2667 3251 in
2715 3195 2882 3250 tertio
2924 3193 2995 3250 de
3037 3194 3385 3264 expositione
3416 3193 3853 3264 Evangeliorum.
3883 3195 3947 3250 In

2302 3278 2729 3357 Septuagesima,
2785 3287 2854 3342 Te
2900 3287 3060 3340 Deum
3108 3282 3404 3350 laudamus,
3444 3282 3744 3353 celebrato,
3784 3283 3943 3356 (143)

2300 3376 2582 3431 matutinae
2630 3374 2822 3431 laudes
2859 3388 2981 3430 cum
3030 3369 3380 3429 alleluiaticis
3410 3372 3728 3443 antiphonis
3756 3378 3811 3428 et
3839 3373 3947 3444 hy-

2301 3479 2430 3521 mno
2489 3466 2769 3521 ﬁniantur.
2827 3466 2871 3520 A
2918 3462 3342 3535 'Septuagesima
3396 3476 3570 3533 usque
3627 3462 3685 3518 in
3740 3461 3947 3517 Pascha

2307 3554 2462 3626 (144)
2509 3556 2565 3610 in
2611 3554 2895 3609 matutinis
2925 3567 3025 3623 per
3053 3553 3364 3609 Dominicas
3392 3557 3586 3609 noctes
3613 3551 3723 3608 duo
3752 3550 3948 3621 psalmi

2300 3648 2622 3700 mutantur:
2674 3644 2930 3701 Miserere
2973 3643 3094 3708 mei,
3144 3645 3306 3709 Deus,
3352 3647 3409 3697 et
3466 3640 3789 3711 Oonﬁumim‘
3834 3642 3948 3697 Do-

2298 3733 2457 3789 mino.
2492 3734 2723 3789 Peccata
2770 3731 2914 3788 enim
2962 3736 3152 3788 nostra
3190 3732 3448 3802 plangere
3495 3734 3738 3799 oportet,
3782 3729 3949 3787 Mise-

2296 3836 2416 3878 rere
2457 3823 2576 3889 mei,
2623 3824 2784 3888 Deus,
2833 3821 3091 3877 dicendo.
3141 3821 3348 3887 Quibus
3389 3832 3520 3874 vero
3569 3818 3755 3875 cordis
3791 3818 3949 3889 plan-

2299 3915 2391 3965 ctu
2439 3910 2656 3978 deletis,
2705 3909 2989 3966 charitatis
3035 3908 3232 3964 ﬁducia
3271 3906 3489 3962 accensi
3537 3905 3803 3963 debemus
3830 3908 3949 3965 lau-

2297 3998 2429 4055 dare
2477 3999 2785 4066 Dominum,
2830 4004 2886 4055 et
2931 3998 3163 4054 invicem
3215 3995 3424 4052 hortari
3470 3994 3703 4051 Domino
3757 3996 3943 4053 conﬁ-

2296 4088 2401 4144 teri
2430 4089 2689 4158 quoniam
2732 4089 2913 4145 bonus
2949 4092 3053 4144 est.
3101 4088 3163 4142 In
3211 4085 3385 4156 prima
3411 4098 3543 4141 vero
3571 4084 3630 4140 in
3658 4084 3784 4142 loco
3809 4087 3948 4143 00n-

2293 4178 2508 4249 ﬁtemini
2528 4223 2546 4246 ,
2605 4179 2852 4233 Dominus
2906 4177 3163 4247 regnauit.
3223 4177 3353 4232 Post
3403 4176 3730 4232 matutinum
3786 4169 3943 4233 com-

2292 4268 2615 4324 memoratio
2668 4272 2872 4324 sancta:
2932 4268 3155 4335 Mariae,
3201 4267 3569 4337 omniumque
3625 4270 3943 4323 sanctorum

2292 4357 2424 4414 item
2464 4372 2587 4414 cum
2633 4358 2980 4414 alleluiaticis
3025 4349 3128 4419 43
3188 4357 3504 4427 antiphonis
3558 4360 3770 4412 tantum
3826 4355 3940 4412 ﬁat.

567 4447 808 4502 crastino
866 4447 1313 4503 Circumcisionis
1368 4449 1584 4504 Domini
1642 4449 1985 4505 celebramus
2048 4447 2441 4520 ccta-D045)
2504 4450 2636 4504 Post
2698 4449 3077 4504 Bcnedicamus
3145 4461 3268 4504 cum
3323 4444 3553 4502 Alleluia
3618 4446 3946 4516 pronuntie-

565 4549 689 4590 vum
755 4536 930 4591 sancti
995 4536 1257 4606 Stephani
1321 4551 1473 4594 more
1530 4538 1893 4609 Dominicali;
1943 4540 2000 4595 in
2046 4539 2209 4595 tertia

566 4622 678 4689 die,
719 4624 895 4679 sancti
941 4625 1186 4693 Joannis,
1240 4630 1302 4682 ut
1338 4625 1537 4683 festum
1586 4628 1862 4701 apostoli;
1905 4629 1960 4685 in
1993 4639 2207 4699 quarta,

564 4714 879 4767 sanctorum
925 4704 1328 4784 Indocentium,
1382 4722 1441 4772 ut
1487 4719 1663 4773 sancti
1711 4718 1993 4789 Stephani.
2049 4717 2207 4791 (136)

562 4798 759 4870 Vigilia
786 4815 916 4858 vero
961 4804 1301 4874 Epiphaniae,
1335 4820 1495 4876 quam
1533 4806 1726 4877 plebes
1755 4808 1968 4864 diverse
1998 4807 2207 4877 colunt,

565 4893 673 4965 (alii
704 4894 847 4949 enim
873 4896 1143 4966 jejunant,
1194 4903 1250 4953 et
1298 4897 1392 4952 alii
1423 4898 1720 4970 prandent)
1757 4899 1918 4955 nobis
1959 4900 2209 4969 jejunan-

562 4982 691 5039 dum
739 4996 1041 5054 congruum
1082 4986 1303 5043 videtur
1343 5007 1356 5042 :
1408 4987 1614 5042 nullam
1645 4988 1790 5043 enim
1821 4987 2207 5044 celsitudinem

561 5073 883 5130 reverentiae
934 5073 1098 5145 hujus
1145 5075 1255 5131 diei
1298 5078 1625 5148 reperimus,
1659 5091 1822 5147 quam
1866 5078 1923 5133 in
1954 5078 2207 5134 omnibus

560 5161 755 5219 diebus
793 5164 1203 5220 Puriﬁcationis
1249 5174 1452 5223 sanctae
1497 5167 1678 5223 Maria:
1724 5165 1881 5239 (137)
1915 5168 1973 5222 in
2005 5168 2206 5237 quibus

558 5265 660 5320 per
695 5252 907 5322 aliquot
936 5254 1056 5310 dies
1089 5254 1420 5323 jejunamus.
1452 5258 1518 5312 Et
1547 5257 1676 5328 quia
1706 5261 1857 5311 tanta
1885 5257 2204 5315 solemnitas

556 5332 647 5401 4|
703 5343 864 5399 nobis
910 5345 1178 5410 imminet,
1232 5344 1289 5399 in
1338 5360 1444 5416 qua
1482 5362 1543 5403 se
1581 5350 1696 5403 tota
1726 5345 1963 5401 Trinitas
1999 5347 2203 5404 mundo

556 5428 959 5502 manifestavit,
1014 5438 1236 5505 oportet
1281 5447 1382 5490 nos
1429 5436 1725 5505 puriﬁcari.
1788 5436 2031 5507 Simplex
2071 5450 2202 5493 vero

547 5520 818 5588 jejunium
867 5538 988 5579 cum
1038 5526 1308 5581 bonorum
1358 5539 1586 5596 cperum
1625 5525 1807 5584 fructu
1837 5541 1966 5584 vera
1995 5529 2079 5583 est
2107 5540 2203 5597 pu-

552 5608 785 5668 riﬁcatio
816 5613 1037 5670 mentis.

2294 4544 2403 4607 tur,
2455 4553 2558 4595 nec
2605 4539 2749 4595 ultra
2784 4539 2854 4595 ad
2897 4539 3191 4595 Sabbatum
3237 4538 3461 4593 Paschaa
3507 4536 3792 4605 audiatur,
3841 4534 3942 4592 sed

2293 4629 2351 4683 in
2399 4630 2518 4699 ejus
2564 4628 2688 4686 loco
2718 4632 2861 4685 Laus
2904 4627 3016 4694 tibi,
3046 4627 3285 4693 Domine,
3331 4630 3387 4682 et
3432 4627 3491 4682 in
3539 4626 3703 4682 missa
3734 4629 3944 4681 tractus

2295 4723 2565 4775 cantetur.
2616 4717 2772 4785 Quod
2822 4718 2889 4773 ab
2938 4716 3058 4787 ipsa
3096 4716 3209 4785 die,
3255 4716 3325 4771 Te
3370 4717 3536 4771 Deum
3582 4720 3637 4771 et
3674 4713 3859 4771 Gloria
3886 4713 3947 4769 in

2293 4806 2535 4875 excelsis,
2585 4812 2641 4864 et
2682 4806 2933 4875 Alleluia,
2966 4819 3141 4876 usque
3172 4804 3240 4860 ab
3288 4804 3496 4860 Pascha
3529 4802 3941 4872 intermittitur,

2292 4901 2348 4953 et
2375 4896 2432 4952 in
2461 4897 2585 4953 loco
2615 4895 2864 4964 Alleluia,
2896 4894 3046 4967 quod
3096 4893 3424 4950 Hebraicum
3471 4891 3688 4948 cmteris
3734 4891 3946 4963 linguis

2290 4986 2511 5057 celsius,
2561 4988 2703 5042 Laus
2737 4985 2848 5053 tibi,
2897 4984 3137 5053 Domine,
3185 4983 3334 5055 quod
3376 4980 3635 5038 humilius
3666 4984 3771 5050 est,
3804 4980 3947 5037 dici-

2289 5089 2410 5131 mus
2460 5075 2667 5146 (Graeca
2704 5073 2848 5130 enim
2907 5080 2964 5129 et
3008 5071 3220 5140 Latina,
3262 5076 3589 5141 caateraaque
3625 5068 3828 5142 lingua:
3869 5069 3940 5125 ad

2290 5164 2755 5234 comparationem
2801 5163 3088 5220 Hebraicis
3136 5175 3407 5233 pauperes
3454 5161 3762 5228 vocantur),
3799 5156 3946 5215 afﬂi-

2290 5253 2422 5324 ctio,
2456 5267 2618 5323 quam
2652 5252 2708 5307 in
2751 5251 2838 5308 his
2881 5252 3233 5324 septuaginta
3279 5250 3475 5305 diebus
3516 5248 3851 5307 contritione
3884 5252 3945 5304 et

2287 5341 2595 5397 humilitate
2642 5341 2829 5397 cordis
2876 5356 2977 5413 pro
3027 5338 3271 5412 peccatis
3310 5339 3515 5395 nostris
3544 5352 3804 5396 exercere
3835 5336 3944 5392 de-

2286 5433 2498 5499 bemus,
2555 5446 2663 5503 qua
2710 5446 2837 5488 vera
2884 5432 3141 5489 libertate
3190 5428 3391 5499 adepta
3436 5429 3505 5485 ad
3553 5427 3944 5485 haereditatem

2286 5521 2526 5579 coelestia
2576 5522 2767 5596 patriae
2816 5522 2999 5579 redire
3046 5533 3393 5588 mereamur,
3444 5519 3785 5591 designatur.
3835 5517 3947 5574 Tot

2285 5613 2430 5670 enim
2476 5627 2743 5671 annorum
2781 5618 3030 5682 tempore
3079 5610 3238 5682 plebs
3274 5610 3575 5669 Israelitica
3603 5610 3943 5667 delictorum
