4156 6196
264 374 339 429 45

1352 368 1552 426 LIBER
1588 366 1676 423 ne
1711 332 1994 424 OFFlCllS
2030 362 2571 423 ECCLESIASTICIS.

3574 364 3647 420 46

270 498 598 575 Militem“
627 498 683 553 ίθ
714 496 1026 568 οθβῑίνίιθίε
1055 500 1296 569 Peneia,
1327 495 1395 550 ad
1426 493 1649 565 Propria
1687 493 1918 549 rediisse
1940 494 2103 566 Astri
2133 508 2549 565 instructionem
2591 497 2695 566 46
2736 507 3033 571 sectantes,
3078 504 3349 577 quidquid
3398 509 3651 577 corporis

270 589 628 647 describitur.
666 586 813 660 (146)
853 589 1208 659 Septuaginta
1246 584 1391 642 enim
1431 584 1551 641 dies
1578 598 1610 639 a
1639 582 1923 639 Dominica

271 695 397 753 qua
446 677 858 748 Septuagesima
904 677 1128 744 dicitur,
1162 688 1336 746 usque
1386 673 1455 729 ad
1503 674 1651 729 diem
1698 666 1921 728 Sabbati

271 776 401 849 post
459 768 665 825 Pascha
720 770 1131 837 computantur.
1196 764 1349 821 Licet
1395 763 1541 820 enim
1599 763 1655 819 in
1715 763 1922 820 Pascha

268 863 464 933 jugum
506 857 787 915 servitutis
835 861 1041 913 nostra
1089 855 1290 912 Christi
1338 859 1515 910 morte
1546 853 1785 910 deletum
1827 854 1919 922 sit,

272 957 461 1008 tamen
517 962 628 1005 non
686 945 987 1018 perfectam
1033 946 1344 1003 libertatem
1393 959 1570 1015 usque
1618 944 1689 1000 ad
1736 957 1925 1001 verum

275 1039 701 1104 Sabbatismum,
763 1051 864 1108 per
907 1037 1057 1109 quod
1102 1036 1437 1107 sempiterna
1495 1033 1717 1104 requies
1772 1032 1924 1089 desi-

277 1135 499 1204 gnatur,
531 1141 957 1197 consequemur.
1017 1128 1151 1181 Dum
1209 1126 1353 1181 enim
1414 1124 1470 1179 in
1526 1123 1633 1179 hoc
1691 1136 1925 1193 corpore

278 1219 652 1285 subsistimus,
704 1216 911 1284 multis,
963 1217 1147 1271 carnis
1203 1213 1577 1283 voluptatibus
1634 1217 1691 1268 et
1737 1211 1926 1269 saculi

279 1309 432 1366 curis
478 1320 857 1379 aggravamur.
903 1305 1060 1373 Quod
1104 1318 1203 1376 per
1238 1295 1347 1363 44
1378 1317 1474 1359 sex
1520 1302 1641 1358 dies
1679 1303 1924 1369 Pascha,

280 1399 337 1455 in
381 1397 588 1469 quibus
633 1395 893 1468 graduale
923 1400 979 1451 et
1024 1393 1259 1450 Alleluia
1305 1400 1609 1459 cantamus,
1641 1392 1926 1463 ﬁguratur.

279 1489 387 1544 Per
417 1485 679 1559 graduale
710 1485 877 1550 enim,
904 1490 965 1541 ut
994 1484 1355 1555 pratulimus,
1388 1483 1619 1539 actualis
1658 1483 1929 1538 bonorum

283 1587 515 1645 operum
560 1575 714 1639 vita;
765 1587 866 1643 per
892 1570 1142 1640 Alleluia,
1178 1576 1382 1629 aterna
1423 1571 1726 1627 animarum
1755 1570 1932 1641 gloria

285 1664 437 1721 bono
486 1678 655 1735 opere
703 1662 994 1733 acquisita.
1026 1664 1158 1719 Post
1195 1677 1359 1733 quam
1387 1675 1517 1725 vero
1548 1660 1615 1716 ad
1648 1658 1931 1731 prafatum

285 1753 709 1820 Sabbatlsmum,
770 1752 920 1823 quod
970 1767 1070 1822 per
1126 1753 1252 1818 hoc,
1312 1752 1370 1806 in
1419 1764 1529 1821 quo
1587 1750 1794 1820 absque
1852 1763 1936 1804 re-

290 1843 563 1915 ponsorio
614 1843 721 1899 duo
792 1840 1026 1898 Alleluia
1080 1846 1390 1909 cantantur,
1423 1839 1744 1911 designatur
1800 1833 1994 1909 per-B

291 1932 595 1988 veniemus.
629 1946 853 2004 regnum
912 1932 1030 1999 Dei,
1089 1930 1147 1987 in
1204 1945 1314 2002 quo
1372 1930 1671 2001 duplicem,
1721 1927 1935 1985 scilicet

287 2022 544 2092 corporis
590 2026 645 2077 et
700 2022 895 2078 anima
947 2021 1179 2093 gloriam
1236 2019 1664 2091 possidebimus,
1699 2022 1754 2074 et
1810 2032 1936 2088 per-

285 2110 435 2167 fecta
464 2110 715 2168 libertate
745 2112 1035 2184 acquisita,
1069 2113 1124 2167 in
1178 2110 1392 2167 calesti
1428 2108 1752 2176 Jerusalem,
1786 2106 1935 2163 omni

289 2201 553 2257 servitute
584 2207 641 2257 et
667 2202 853 2271 operis
882 2215 1052 2257 onere
1093 2201 1372 2271 deposito,
1403 2212 1526 2255 cum
1557 2197 1775 2253 Christo
1807 2208 1936 2267 rege

289 2294 506 2359 nostro,
564 2290 621 2345 in
681 2291 802 2361 ejus
850 2289 1106 2346 laudibus
1161 2303 1379 2359 semper
1431 2292 1708 2354 vacantes,
1742 2299 1938 2356 perpe-

290 2379 516 2435 tualiter
543 2379 914 2451 regnabimus.
954 2377 1090 2451 (147)
1139 2380 1262 2449 Ipsa
1312 2377 1401 2433 die
1450 2377 1506 2432 in
1556 2376 1934 2447 processione,

292 2471 433 2526 Ecce
479 2468 792 2536 charissimi,
824 2469 908 2524 vel
958 2468 1078 2524 alia
1129 2468 1189 2539 [ﬁ
1231 2468 1358 2523 add.
1409 2466 1748 2539 antiphona]
1798 2478 1939 2521 con-

291 2562 558 2628 gruentes
595 2558 728 2612 huic
778 2556 1014 2626 tempori
1062 2561 1374 2623 cantentur,
1407 2560 1461 2611 et
1508 2556 1566 2611 in
1596 2555 1718 2611 aliis
1747 2555 1935 2611 Domi-

293 2647 433 2703 nicis
484 2660 660 2716 usque
708 2645 776 2700 ad
829 2645 974 2699 diem
1013 2644 1475 2715 Quadragesima.
1529 2642 1597 2697 lli
1642 2657 1773 2713 ergo
1822 2642 1941 2697 dies

292 2749 471 2805 usque
520 2734 589 2789 ad
642 2737 808 2803 caput
858 2731 1077 2802 jejunii,
1138 2737 1198 2786 ut
1255 2730 1654 2801 pracedentes,
1713 2733 1943 2800 excepto

295 2822 565 2890 Alleluia,
627 2821 1001 2878 celebrentur.
1058 2820 1140 2875 Ad
1188 2834 1448 2890 vesperas
1502 2819 1942 2891 responsorium,

298 2915 436 2987 Spes
501 2927 635 2979 mea,
691 2915 963 2968 cantetur.
1042 2910 1388 2981 Sexagesima
1462 2909 1520 2964 in
1592 2908 1755 2964 tertia
1810 2905 1945 2963 feria

300 3002 576 3075 paschalis
605 2998 966 3057 bebdomada
995 2998 1204 3055 ﬁnitur.
1236 2999 1413 3054 Habet
1439 3010 1572 3055 vero
1602 2999 1721 3067 ipsa
1751 3002 1946 3068 quarta

2003 600 2179 655 nostri
2220 604 2459 669 quatuor
2507 594 2794 651 clementis
2833 594 3185 650 subsistentis
3232 594 3565 665 cogitatione
3595 600 3653 651 et

2004 694 2129 746 actu
2187 694 2380 745 contra
2454 686 2782 757 Decalogum
2860 687 3252 751 contraximus,
3326 685 3651 756 quotidiana

2005 777 2305 834 afﬂictione
2336 777 2709 833 emendemus.
2763 777 2867 832 Tot
2914 775 3057 831 enim
3107 775 3303 831 diebus
3350 776 3654 832 secundum

2005 866 2362 939 physiologos
2412 866 2707 921 humanum
2756 878 2958 936 corpus
3014 865 3157 921 intra
3201 865 3390 921 matris
3434 869 3653 920 uterum

2007 956 2153 1013 adita
2210 955 2512 1011 nativitatis
2572 955 2661 1009 die
2693 954 3129 1025 compaginatur.
3189 956 3291 1011 Tot
3350 955 3495 1009 enim
3564 954 3655 1023 [f.,

2007 1047 2242 1111 dierum]
2322 1043 2530 1099 circulo
2609 1057 2828 1098 carnem
2906 1050 3148 1099 nostram
3209 1044 3535 1100 macerando
3596 1049 3653 1099 et

2008 1134 2154 1190 bona
2200 1132 2503 1203 operando,
2537 1136 2759 1201 oportet
2788 1146 2894 1188 nos
2914 1147 3082 1189 unum
3126 1148 3326 1203 corpus
3373 1134 3649 1203 compagi-

2008 1224 2129 1279 nari
2158 1238 2281 1279 cum
2312 1222 2552 1278 Christo.
2587 1220 2740 1288 Quod
2786 1224 2967 1276 autem
3011 1224 3164 1291 juxta
3200 1225 3516 1294 Gregorium
3550 1222 3654 1293 (ho-

2010 1311 2119 1369 mil.
2158 1312 2223 1365 16
2257 1312 2320 1367 de
2340 1315 2515 1381 temp.)
2548 1308 2775 1380 triginta
2815 1323 2912 1364 sex
2947 1308 3067 1364 dies
3110 1313 3308 1380 jejunii
3356 1313 3413 1367 in
3442 1326 3500 1367 se
3527 1325 3657 1367 con-

2010 1401 2190 1456 tinent
2219 1414 2314 1456 sex
2344 1399 2726 1465 hebdomada,
2760 1397 3103 1454 demonstrat
3133 1400 3218 1467 [f.,
3252 1400 3377 1455 add.
3411 1401 3528 1471 nos]
3554 1402 3657 1457 de-

2015 1491 2185 1547 cimas
2214 1489 2428 1545 dierum
2458 1489 2586 1544 anni
2615 1488 2818 1544 debere
2858 1487 3044 1543 cordis
3092 1487 3425 1544 contritione
3458 1496 3512 1546 et
3540 1505 3663 1547 car-

2012 1581 2101 1637 nis
2147 1580 2516 1636 maceratione
2563 1580 2675 1653 Dco
2725 1578 3028 1634 immolare.
3092 1577 3221 1632 Post
3272 1582 3487 1647 tempus
3532 1594 3663 1635 vero

2012 1670 2162 1726 beati
2193 1669 2443 1741 Gregorii
2492 1668 2559 1724 ad
2618 1666 3004 1737 complendum
3062 1680 3348 1722 numerum
3395 1667 3666 1723 Dominicl

2016 1761 2214 1832 jejunii
2270 1760 2407 1832 (148)
2449 1764 2686 1830 quatuor
2734 1758 2853 1814 dies
2900 1774 2931 1814 a
2979 1758 3183 1813 sanctis
3228 1757 3483 1813 Patribus
3538 1762 3667 1813 sunt

2018 1849 2215 1906 additi.
2246 1849 2402 1917 Quod
2453 1862 2583 1904 vero
2633 1862 2663 1903 a
2703 1848 2882 1917 capite
2929 1847 3124 1917 jejunii
3155 1860 3329 1915 usque
3359 1847 3425 1902 ad
3459 1845 3666 1902 Pascha

2018 1938 2166 1995 inter
2193 1937 2561 1994 Dominicales
2609 1940 2664 1993 et
2697 1936 2916 1993 feriales
2946 1936 3307 2008 quadraginta
3340 1942 3395 1992 et
3424 1951 3518 1992 sex
3549 1935 3669 1991 dies

2017 2030 2367 2085 abstinentia
2443 2034 2852 2099 computantur,
2930 2027 3202 2099 signiﬁcat
3277 2040 3380 2082 nos
3463 2027 3667 2082 debere

2017 2123 2102 2176 tot
2131 2120 2327 2176 diebus
2363 2118 2627 2189 templum
2658 2117 2860 2173 Christi
2888 2116 3145 2173 vitiorum
3177 2117 3386 2187 impetu
3416 2117 3473 2172 in
3504 2115 3668 2173 nobis

1988 2210 2379 2285 destructum,
2414 2207 2577 2263 bonis
2624 2207 2887 2279 operibus
2934 2220 3036 2261 nos
3083 2206 3408 2273 excolendo,
3452 2213 3666 2262 restau-

2019 2313 2163 2366 rare,
2196 2304 2331 2369 quot
2361 2297 2558 2353 diebus
2588 2297 2849 2367 templum
2899 2297 3113 2353 Domini
3149 2312 3181 2352 a
3210 2295 3528 2366 Babyloniis
3558 2296 3663 2351 dc-

2018 2392 2310 2456 structum,
2342 2402 2374 2444 a
2418 2387 2626 2459 populo
2674 2387 2770 2442 Dei
2816 2390 3183 2443 restauratum
3222 2400 3342 2441 esse
3402 2385 3665 2456 perhibe-

2020 2484 2155 2534 tur:
2190 2477 2555 2550 quadraginta
2612 2476 2757 2532 enim
2816 2480 2871 2531 et
2918 2491 3015 2532 sex
3063 2476 3222 2531 annis
3274 2474 3667 2531 readiﬁcatum

2020 2574 2106 2624 est
2150 2567 2435 2637 templum.
2486 2568 2591 2622 Per
2633 2565 2963 2636 Babylonios
3001 2566 3131 2621 vitia
3178 2564 3577 2633 exprimuntur.
3611 2564 3671 2618 In

2024 2656 2204 2727 capite
2252 2656 2447 2728 jejunii
2480 2655 2617 2727 (149)
2652 2655 2903 2727 legantur
2938 2646 3029 2717 47
3089 2667 3375 2710 sermones
3424 2655 3665 2721 Patrum,

2027 2760 2058 2800 a
2088 2745 2268 2815 capite
2294 2747 2491 2816 jejunii
2524 2760 2698 2814 usque
2737 2746 2805 2801 ad
2856 2746 3002 2801 diem
3049 2747 3253 2812 Coena,
3295 2745 3392 2811 ita,
3427 2745 3674 2815 exceptis

2028 2833 2350 2901 Dominicis,
2385 2838 2651 2888 servetur.
2710 2835 2841 2889 Post
2900 2834 3196 2889 mutatinas
3233 2832 3425 2887 laudes
3494 2831 3679 2902 (150),

2026 2922 2220 2979 laudes
2276 2926 2617 2977 mortuorum
2676 2926 2884 2977 tantum
2944 2920 3314 2977 celebrentur.
3368 2921 3577 2987 Quibus
3612 2919 3679 2974 ﬁ-

2024 3011 2159 3067 nitis
2193 3009 2329 3082 (151)
2352 3016 2563 3081 septem
2596 3008 2817 3080 psalmi,
2844 3024 2967 3065 cum
2999 3008 3186 3063 litania
3226 3013 3282 3063 et
3313 3007 3677 3076 orationibus,

302 3092 443 3148 feria
491 3090 777 3161 quamdam
842 3089 1280 3146 convenientiam
1335 3103 1458 3144 cum
1517 3093 1712 3159 quam!
1777 3092 1939 3143 male
1971 3099 2323 3172 _prostratis
2371 3098 2633 3157 fratribus
2665 3099 3047 3155 decantentur.
3097 3101 3225 3153 Post
3282 3097 3498 3155 tertiam
3548 3111 3679 3155 vero

304 3178 497 3237 mundi
538 3179 595 3234 in
654 3193 760 3251 qua
816 3178 988 3235 David
1038 3183 1092 3234 et
1141 3177 1397 3234 Salomon
1426 3176 1758 3234 nobilissimi
1787 3191 1946 3248 reges

2028 3161 2193 3246 missa
2244 3203 2343 3261 pro
2404 3188 2699 3257 defunctis,
2741 3193 2867 3260 post
2925 3202 3125 3245 nonam
3174 3187 3337 3244 missa
3369 3188 3683 3246 celebretur

307 3274 695 3341 regnaverunt,
749 3284 849 3340 per
895 3282 1036 3339 quos
1081 3268 1331 3325 Christus
1377 3282 1475 3324 rex
1520 3266 1781 3339 paciﬁcus
1808 3266 1950 3323 desi-

305 3364 524 3431 guatur.
568 3361 691 3430 Ipsa
721 3364 854 3415 atas
897 3357 1138 3429 gloriosa
1184 3355 1515 3412 sanctissimi
1563 3355 1753 3427 templi
1783 3353 1952 3411 adiﬁ.

304 3449 522 3505 catione
571 3448 910 3521 designatur.
962 3449 1024 3503 In
1072 3446 1177 3502 hac
1233 3447 1482 3502 Christus
1538 3459 1833 3518 resurgens
1884 3459 1953 3501 ex

301 3549 413 3623 45
450 3539 702 3607 mortuis,
736 3553 804 3595 ex
854 3538 1071 3594 duobus
1099 3537 1321 3609 populis
1349 3550 1517 3593 unum
1546 3536 1952 3593 nobilissimum

301 3631 419 3685 Deo
495 3631 639 3685 Patri
695 3629 958 3699 templum
1018 3627 1325 3684 adiﬁcavit.
1388 3628 1492 3683 Per
1550 3628 1953 3697 Sexagesimam

302 3718 539 3774 afflictio
586 3724 642 3775 et
696 3718 1020 3790 poenitentia
1077 3717 1421 3787 exprimitur.
1462 3716 1753 3786 Sexaginta
1809 3714 1955 3770 enim

302 3808 369 3877 [f.
406 3807 538 3864 add.
573 3807 712 3873 dies]
759 3808 824 3864 ad
854 3808 1068 3875 viduas,
1113 3820 1343 3877 quarum
1372 3805 1483 3860 vita
1511 3804 1568 3860 in
1600 3802 1955 3860 tribulatione

305 3895 588 3964 consistit,
635 3894 966 3952 referuntur.
1020 3896 1081 3951 ln
1129 3894 1487 3951 tribulatione
1545 3898 1600 3950 et
1657 3891 1954 3949 afﬂictione

307 3987 493 4043 carnis
527 3990 735 4043 nostra
781 3992 1007 4057 peccata
1046 3990 1235 4042 nostra
1278 3983 1548 4056 poenitere
1579 3983 1864 4052 debemus,
1897 3988 1958 4039 ut

309 4077 459 4134 omni
504 4076 669 4134 sorde
713 4082 1065 4153 peccatorum
1114 4074 1340 4148 expiati,
1373 4080 1429 4131 et
1474 4075 1675 4131 mentis
1718 4074 1957 4146 puritate

308 4167 624 4239 sanctisque
672 4167 935 4239 operibus
981 4166 1181 4235 ornati,
1243 4179 1413 4222 unum
1459 4166 1516 4222 in
1563 4165 1782 4223 Christo
1822 4170 1960 4222 tem-

309 4257 461 4337 plum
482 4256 798 4315 efﬁciamur.
821 4256 1280 4329 Quinquagesima
1330 4256 1388 4313 in
1423 4255 1512 4312 die
1555 4254 1779 4313 Pascha
1829 4255 1958 4312 ﬁni-

312 4350 403 4403 tur
453 4368 465 4402 :
513 4354 568 4403 et
626 4347 746 4418 ipse
805 4353 889 4403 est
943 4346 1449 4423 quinquagesimus,
1508 4359 1672 4416 quem
1729 4345 1959 4417 mystice

2032 3279 2163 3335 diei.
2225 3277 2365 3351 (152)
2400 3279 2579 3333 Prima
2626 3292 2756 3335 vero
2808 3283 2935 3350 post
2980 3276 3115 3334 solis
3163 3283 3345 3333 ortum
3405 3284 3677 3335 cantetur.

2032 3368 2340 3440 Capitulum
2388 3372 2515 3439 post
2562 3367 2777 3424 tertiam
2818 3373 3148 3435 reservetur,
3189 3367 3338 3438 quod
3379 3368 3543 3423 missa
3574 3382 3684 3423 ma-

2034 3457 2281 3515 tutinalls
2325 3462 2625 3528 sequatur:
2660 3463 2714 3513 et
2744 3471 2870 3513 mox
2904 3456 3065 3529 (153)
3098 3461 3250 3511 sexta
3283 3456 3431 3511 dicta
3461 3470 3684 3527 parvum

2035 3549 2379 3606 intervallum
2411 3548 2523 3603 ﬁat.
2567 3549 2723 3602 Nona
2752 3548 2888 3601 hora
2926 3560 3026 3599 sua
3056 3545 3293 3611 dicatur,
3326 3559 3487 3612 quam
3520 3547 3685 3600 missa

2037 3637 2148 3692 diei
2178 3640 2461 3707 sequatur,
2518 3633 2657 3701 (154)
2710 3646 2819 3701 qua
2862 3632 3014 3685 ﬁnita
3054 3644 3298 3698 vespera
3344 3637 3687 3685 mortuorum

2038 3726 2330 3790 dicantur;
2372 3734 2510 3791 quas
2548 3718 2666 3774 sine
2714 3717 3002 3774 intervallo
3050 3716 3420 3786 subsequatur
3466 3731 3691 3788 vesper-

2039 3812 2206 3869 tinale
2237 3811 2347 3867 diei
2379 3809 2640 3865 ofﬁcium.
2680 3810 2819 3864 Ante
2868 3808 3311 3879 completorium,
3344 3807 3688 3879 signiﬁcante

2040 3917 2305 3974 campana
2336 3899 2535 3956 fratres
2576 3898 2634 3954 in
2664 3898 2899 3955 ecclesia
2930 3905 3373 3971 congregemur;
3420 3896 3558 3970 (155)
3598 3898 3685 3955 vi-

2038 3993 2170 4066 gilia
2208 3995 2548 4049 mortuorum
2596 3994 2826 4060 agatur;
2873 3988 3074 4044 deinde
3133 3988 3271 4062 (156)
3306 3988 3472 4047 lectio
3521 3988 3691 4045 colla-

2040 4084 2208 4140 tionis
2238 4080 2523 4139 recitetur.
2564 4079 2766 4135 lterum
2797 4078 3048 4151 pulsante
3079 4079 3236 4152 signo
3268 4078 3689 4149 completorium

2040 4173 2275 4230 dicatur.
2336 4171 2785 4240 Unamquamque
2852 4169 3045 4225 horam
3103 4168 3213 4225 diei
3270 4172 3535 4241 sequatur
3589 4182 3691 4240 pro

2041 4262 2303 4322 fratribus
2356 4275 2498 4317 unus
2546 4259 2614 4315 de
2661 4259 2783 4316 istis
2831 4259 3055 4331 psalmis
3088 4279 3100 4315 :
3133 4260 3219 4315 Ad
3263 4260 3540 4317 Dominum
3577 4273 3692 4314 cum

2043 4352 2326 4411 lribularer
2342 4373 2363 4420 ,-
2393 4351 2584 4407 Levavi
2602 4372 2621 4418 ,-
2675 4353 2906 4406 Latoius
2942 4366 3056 4406 sum
3074 4371 3092 4415 ;
3130 4349 3217 4405 Ad
3245 4354 3294 4406 te
3324 4349 3490 4406 levavi
3508 4370 3527 4416 ;
3570 4349 3693 4405 Nisi

313 4434 591 4525 quondam
636 4435 906 4509 ﬁgurabat
961 4436 1468 4508 quinquagesimus,
1527 4434 1741 4525 scilicet
1800 4434 2018 4525 jubi-_
2048 4444 2171 4525 quia
2217 4442 2505 4508 Dominus;
2548 4441 2650 4509 Qui
2696 4440 2988 4512 conﬁdunt;
3037 4441 3104 4495 1η
3167 4439 3548 4503 convertenda;
3589 4448 3691 4507 pro

313 4524 473 4595 laus,
522 4526 863 4583 remissionis
912 4530 967 4582 et
1005 4526 1276 4581 libertatis
1323 4538 1519 4585 annus.
1567 4526 1631 4581 1n
1674 4524 1778 4581 hac
1810 4513 2319 4589 enideetunctis
2377 4545 2594 4601 semper
2649 4531 2727 4587 De
2761 4530 3059 4602 profundis.
3108 4528 3265 4601 (157)
3313 4531 3372 4584 lu
3434 4525 3691 4582 omnibus

314 4614 426 4684 die,
448 4616 607 4672 hoste
628 4616 832 4675 Christi
852 4620 1026 4672 morte
1046 4615 1404 4687 triumphato,
1437 4615 1505 4670 ab
1544 4616 1665 4685 ejus
1691 4616 1954 4674 servitute

312 4705 555 4793 populus
581 4706 784 4762 Christi
824 4710 908 4762 est
947 4711 1170 4778 ereptus
1207 4711 1263 4762 et
1292 4719 1436 4761 vera
1486 4704 1728 4761 libertati
1775 4705 1963 4762 reddi-

312 4798 423 4850 tus.
485 4795 805 4866 Quicunque
855 4809 985 4867 ergo
1043 4800 1170 4868 post
1224 4794 1552 4867 baptismum
1602 4794 1963 4865 obsequendo

312 4884 484 4952 vitiis,
516 4899 576 4940 se
606 4884 895 4942 diabolica
926 4884 1124 4942 iterum
1179 4885 1427 4942 subdidit
1464 4885 1746 4957 potestati,
1779 4884 1965 4941 cordis

314 4973 653 5031 contritione
685 4980 741 5030 et
770 4973 952 5030 carnis
997 4975 1366 5031 maceratione
1420 4974 1712 5032 commissa
1758 4975 1962 5043 deleat,

315 5067 373 5119 et
400 5063 732 5135 Decalogum
783 5063 1026 5137 quinque
1075 5065 1328 5122 sensibus
1371 5079 1590 5133 servare
1635 5064 1873 5135 studeat,
1905 5069 1965 5121 ut

313 5152 374 5209 in
432 5152 525 5209 die
579 5157 787 5210 sancta
844 5153 1269 5211 resurrectionis
1314 5154 1503 5212 hostili
1559 5155 1811 5213 servituti
1851 5170 1968 5211 ere-

314 5247 448 5315 ptus
480 5241 795 5314 perfectam
852 5243 1161 5300 libertatem
1217 5245 1482 5316 consequi
1539 5250 1832 5302 mereatur.
1892 5246 1966 5301 De

315 5331 744 5407 Quadragesima
773 5346 802 5386 a
832 5331 921 5389 die
963 5333 1246 5389 Dominica
1289 5338 1415 5409 post
1451 5335 1966 5408 Quinquagesimam

318 5423 507 5479 Cana
536 5421 743 5481 ﬁnitur.
777 5424 906 5479 Hac
947 5438 1078 5480 vero
1109 5423 1356 5491 diversos
1385 5424 1442 5480 in
1471 5438 1530 5481 se
1560 5427 1808 5484 continet
1836 5441 1968 5483 sen-

319 5525 436 5568 sus.
490 5510 732 5566 Primum
790 5512 918 5583 quia
968 5514 1123 5584 juxta
1174 5511 1343 5583 Moysi
1403 5516 1458 5567 et
1512 5512 1644 5570 Elia
1696 5517 1783 5587 [f.,
1838 5516 1967 5574 add.

319 5598 682 5689 exemplum],
712 5599 768 5656 id
820 5606 904 5657 est
950 5601 1109 5675 legis,
1142 5601 1536 5689 prophetarum
1586 5602 1783 5673 (Exod.
1816 5622 1965 5680 xxrv,

317 5687 430 5757 34;
464 5690 561 5745 ΙΙΙ
606 5690 731 5758 Reg.
782 5691 912 5759 χιχ),
944 5696 1001 5747 et
1038 5687 1168 5749 Jesu
1210 5691 1412 5749 Christi
1450 5689 1818 5762 redemptoris
1863 5709 1969 5752 no-

2045 4623 2302 4687 horarum
2336 4620 2594 4693 precibus
2642 4634 2860 4699 semper
2890 4621 3146 4678 Miserere
3174 4617 3293 4683 mei,
3328 4618 3487 4681 Deus,
3523 4613 3611 4669 cui
3642 4612 3692 4668 si

2045 4712 2227 4785 placet
2272 4709 2412 4779 (158)
2477 4723 2643 4769 unum
2703 4709 3022 4781 psalterium
3079 4706 3411 4777 psalmorum
3467 4703 3695 4773 subjun-

2044 4808 2224 4877 gatur.
2285 4802 2343 4856 1n
2400 4799 2644 4870 vesperis
2682 4789 2785 4861 48
2826 4804 2881 4855 et
2910 4792 3352 4854 matutinisnulla
3379 4797 3695 4850 sanctorum

2048 4891 2495 4949 commemoratio
2535 4888 2666 4959 ﬁat;
2709 4888 2805 4945 sed
2856 4889 2913 4947 in
2964 4888 3082 4954 ejus
3130 4884 3255 4939 loco
3292 4879 3427 4954 (159)
3481 4882 3696 4940 dicatur

2049 4996 2149 5055 pro
2173 4980 2460 5052 ,peccatis,
2510 4979 2725 5037 scilicet
2774 4979 2829 5033 in
2880 4973 3163 5031 matutinis
3198 4993 3210 5028 :
3255 4974 3376 5029 Vivo
3416 4989 3530 5044 ego,
3572 4971 3699 5026 dicit

2049 5071 2318 5139 Dominus,
2359 5074 2416 5127 et
2447 5070 2625 5127 oratio
2660 5089 2673 5124 :
2705 5065 2943 5133 Exaudi,
2989 5065 3227 5132 Domi-ne,
3266 5063 3554 5138 supplicum
3578 5075 3701 5133 pre—

2051 5178 2135 5227 ces
2159 5184 2173 5230 ;
2199 5161 2256 5219 in
2288 5161 2533 5231 vesperis
2580 5156 2883 5231 antiphona
2915 5173 2930 5210 :
2965 5154 3092 5223 Quis
3119 5155 3216 5211 scit
3256 5155 3303 5210 si
3349 5156 3700 5217 convertatur,

2051 5265 2215 5324 quam
2253 5250 2432 5308 oratio
2470 5270 2481 5305 :
2519 5251 2703 5304 Preces
2740 5248 2970 5315 uestras,
3014 5246 3403 5316 subsequatur,
3438 5239 3544 5296 nisi
3576 5244 3703 5297 tan-

2050 5347 2165 5411 tum
2202 5338 2359 5414 (160)
2399 5340 2453 5395 in
2483 5335 2729 5408 vesperis
2760 5335 2981 5393 Sabbati
3014 5342 3069 5392 et
3098 5332 3400 5399 matutinis,
3426 5329 3508 5386 vel
3540 5330 3705 5387 missa

2050 5431 2353 5491 Dominica
2389 5429 2521 5497 diei,
2548 5429 2603 5484 in
2635 5426 2836 5497 quibus
2875 5432 2959 5487 est
2988 5430 3302 5483 sanctorum
3342 5420 3551 5490 agenda
3584 5436 3703 5477 me-

2052 5521 2247 5597 moria,
2281 5533 2514 5592 quorum
2554 5515 2691 5574 festa
2731 5516 2787 5573 in
2826 5516 3107 5589 praeterita
3163 5512 3446 5569 evenerint
3502 5510 3707 5567 hebdo.

2053 5611 2233 5681 mada,
2292 5607 2595 5673 secundum
2643 5607 2999 5665 Laodicensis
3040 5600 3263 5669 concilii
3312 5600 3535 5657 decreta
3566 5600 3705 5667 (can.

2054 5703 2139 5772 49)
2170 5715 2294 5772 qua
2342 5713 2465 5757 cum
2515 5697 2637 5755 aliis
2685 5695 3102 5768 quampluribus
3150 5696 3398 5747 statuunt
3447 5690 3607 5747 aliter
3654 5690 3708 5744 in
