4146 6182
565 340 636 393 47

1703 341 1910 395 ΙΟΑΝΝ
1921 341 1977 391 lS
2014 337 2145 390 ΑΗΕ
2155 337 2429 393 HIEI’ISC.
2472 341 2604 395 11οΤ
2606 341 2804 406 OMAG,

3868 341 3936 392 48

565 463 990 533 Quadragesima
1036 461 1239 518 nullius
1279 464 1454 518 sancti
1494 464 1741 518 recolere
1798 463 1954 517 festa.
2003 465 2212 515 Sanctae
2235 466 2472 520 Americ
2524 467 2666 519 enim
2715 464 2916 520 Christi
2967 469 3180 531 tempus
3227 463 3418 532 gratiae
3462 461 3758 518 inchoavit.
3811 465 3939 520 Dies

561 555 660 610 Dei
706 552 1002 608 Genitricis
1053 552 1526 608 annuntiationem
1587 552 1718 606 licet
1774 550 2034 606 Toletana
2078 564 2208 605 con-

562 644 690 699 cilia
738 642 810 712 (Χ,
862 657 912 698 c.
970 641 1012 708 l)
1075 643 1180 698 hoc
1233 647 1480 711 tempore
1530 640 1799 696 celebrari
1853 640 2204 710 prohibeant,

560 732 659 788 sed
717 730 1122 801 anticipandam
1173 736 1362 786 octava
1415 733 1541 784 ante
1591 728 1938 785 Nativitatem
1990 729 2206 785 Domini

561 821 652 876 die
704 821 1025 886 decernant,
1057 825 1237 874 tamen
1268 818 1475 885 absque
1521 823 1717 873 vestra:
1768 819 2027 889 prudenti
2057 833 2208 889 saga-

561 911 743 966 citatis
792 923 1023 966 censura
1080 921 1187 961 non
1241 905 1505 960 audemus
1543 907 1670 962 huic
1712 907 2083 963 observationi
2123 909 2206 963 in-

557 1014 766 1055 serere.

629 1090 688 1143 In
721 1089 900 1158 capite
923 1085 1119 1155 jejunii
1151 1097 1296 1140 nona
1325 1085 1473 1140 dicta
1504 1085 1686 1142 clerus
1724 1091 1780 1142 et
1811 1085 2048 1156 populus
2076 1090 2201 1141 ante

555 1177 748 1244 altare,
790 1177 858 1230 ab
890 1187 1226 1242 unoquoque
1260 1172 1609 1228 confessione
1657 1174 2010 1244 singulariter
2038 1173 2199 1239 facta,

554 1273 611 1322 et
658 1263 979 1335 pmnitentia
1029 1268 1276 1331 accepta,
1313 1268 1753 1332 prosternantur,
1786 1271 1841 1318 et
1880 1264 1961 1317 sic
1989 1264 2057 1318 ab
2088 1264 2203 1332 epi-

551 1367 722 1422 scopo
753 1352 836 1407 vel
876 1367 907 1407 a
954 1353 1160 1422 majore
1199 1352 1448 1408 ecclesiae
1487 1352 1777 1408 sacerdote
1826 1352 2197 1408 absolvantur.

515 1443 679 1520 ‘Post
729 1440 870 1513 (161)
915 1442 1217 1510 incipiente
1283 1443 1547 1511 episcopo
1605 1443 1961 1512 antiphonam
2012 1445 2203 1497 Immu-

549 1537 740 1599 temur,
783 1530 925 1602 (162)
977 1531 1216 1587 cinerem
1265 1546 1388 1586 cum
1446 1546 1586 1601 aqua
1627 1531 1920 1586 benedicta
1971 1531 2196 1596 tribuat,

547 1628 604 1676 et
627 1621 708 1676 sic
734 1635 856 1676 cum
891 1621 1210 1690 antiphonis
1239 1621 1322 1675 vel
1354 1622 1724 1690 responsoriis
1752 1620 2038 1676 afﬁictioni
2075 1633 2201 1676 con-

543 1710 698 1780 gruis
763 1709 832 1764 ad
891 1711 1177 1779 quamdam
1245 1701 1349 1769 49
1420 1711 1710 1765 ecclesiam
1767 1710 1849 1765 vel
1895 1711 2196 1766 oratorium

2290 551 2588 620 palmarum
2619 553 2694 608 ita
2751 553 3081 608 celebretur.
3134 549 3277 619 (169)
3325 552 3455 606 Post
3501 553 3717 606 tertiam
3747 552 3936 609 clerici

2290 653 2411 694 cum
2458 642 2624 695 ramis
2700 642 2998 711 palmarum
3067 639 3135 694 ad
3204 639 3614 709 processionem
3674 650 3930 712 pergant,

2289 743 2397 796 qua
2445 729 2597 784 ﬁnita
2645 729 2884 786 ofﬁcium
2931 729 3122 784 festive
3169 728 3498 783 celebretur.
3543 730 3799 786 Tractum
3843 723 3922 791 5|

2289 822 2526 886 quatuor
2583 817 2772 873 clerici
2821 820 2878 874 in
2927 817 3117 888 cappis
3172 822 3412 872 cantent.
3475 817 3660 874 Passio
3719 820 3934 874 Domini

2287 905 2406 975 ipsa
2433 906 2544 971 die,
2577 913 2632 961 et
2661 909 2822 962 tertia
2865 912 2920 963 et
2951 912 3145 976 quarta
3173 904 3330 972 feria,
3378 911 3431 961 et
3462 913 3615 961 sexta
3657 906 3712 962 in
3761 910 3935 963 omni-

2287 994 2390 1049 bus
2437 995 2690 1050 ecclesiis
2745 996 2978 1067 legatur,
3041 1002 3095 1050 et
3141 995 3197 1049 in
3247 995 3501 1050 omnibus
3559 997 3928 1065 passionihus,

2286 1092 2514 1154 excepta
2561 1091 2729 1141 sexta:
2777 1085 2927 1141 feriae
2979 1084 3145 1154 (170),
3185 1084 3434 1138 Dominus
3482 1084 3740 1140 vobiscum
3789 1086 3931 1141 dica-

2288 1177 2395 1240 tur,
2452 1176 2521 1228 Et
2578 1189 2692 1228 cum
2739 1175 2927 1244 spiritu
2983 1173 3423 1242 respondeatur;
3473 1173 3570 1227 sed
3619 1189 3742 1229 cum
3794 1175 3930 1231 dicit

2285 1262 2551 1318 diaconus
2605 1266 2790 1318 Passio
2848 1263 3074 1328 Domini,
3140 1276 3300 1318 nemo
3360 1263 3692 1332 respondeat
3743 1264 3929 1320 Gloria

2283 1351 2395 1418 tibi,
2439 1353 2674 1407 Domine.
2705 1353 2786 1408 Ob
2830 1353 2935 1409 hoc
2985 1366 3116 1422 ergo
3174 1353 3293 1421 ipsa
3331 1352 3420 1406 die
3469 1355 3652 1421 passio
3705 1353 3925 1424 legitur,

2284 1443 2412 1510 quia
2471 1442 2527 1496 in
2585 1456 2648 1497 ea
2703 1442 3098 1512 Jerosolymam
3156 1442 3304 1496 venit
3371 1442 3594 1511 propria
3651 1442 3931 1498 voluntate

2285 1545 2565 1600 passurus.
2606 1533 2823 1586 Decima
2862 1533 3006 1587 enim
3051 1531 3140 1586 die
3172 1532 3333 1601 primi
3381 1532 3584 1587 mensis
3634 1546 3806 1603 agnus
3835 1532 3935 1602 qui

2281 1621 2648 1676 immolandus
2703 1626 2822 1676 erat
2879 1621 2936 1675 in
2996 1620 3221 1690 pascha,
3265 1621 3322 1675 in
3372 1621 3542 1676 veteri
3582 1621 3701 1692 lege
3741 1622 3932 1692 jussus

2282 1717 2367 1766 est
2404 1710 2624 1766 domum
2673 1710 2971 1774 introduci,
3004 1710 3058 1764 id
3114 1716 3216 1773 est,
3251 1710 3444 1779 quinto
3492 1710 3582 1764 die
3628 1717 3753 1766 ante
3784 1711 3930 1766 diem

543 1803 823 1869 pergant:
859 1798 953 1854 ubi
1009 1799 1136 1853 dum
1186 1800 1561 1868 pervenerint,
1615 1799 2575 1869 ﬁnitis;antiphonis,Bpassionis.
2632 1800 2692 1853 1n
2741 1806 2934 1868 quarta
2981 1797 3118 1853 feria
3168 1798 3333 1853 lectio
3368 1798 3597 1869 legatur,
3648 1814 3807 1868 quam
3846 1814 3929 1854 re-

543 1896 708 1944 terrae
767 1903 826 1943 se
871 1890 1054 1944 cuncti
1105 1893 1480 1958 prosternant,
1522 1896 1576 1943 et
1607 1890 1913 1945 orationem
1948 1889 2200 1944 Domini-

546 1991 665 2032 cam
689 1977 897 2032 dicant.
932 1977 1037 2032 Sed
1080 1975 1223 2048 (163)
1263 1982 1389 2032 ante
1435 1978 1846 2046 processionem
1883 1977 2042 2051 (164)
2077 1993 2197 2048 poe-

542 2066 783 2122 nitentes
831 2066 1141 2136 ejiciantur.
1176 2066 1375 2136 Sicque
1405 2069 1661 2123 Miserere
1708 2067 1828 2133 mei,
1863 2069 2025 2134 Deus,
2075 2081 2196 2122 cum

543 2155 805 2224 precibus
826 2161 882 2210 et
914 2155 1166 2211 oratione
1189 2154 1450 2210 ﬁniantur
1481 2157 1567 2226 [μ
1609 2155 1843 2220 ﬁniant].

614 2244 715 2298 llic
761 2250 1050 2314 surgentes
1088 2243 1198 2298 duo
1251 2244 1407 2312 pueri
1466 2243 1711 2299 litaniam
1772 2245 2060 2313 incipiant.
2097 2244 2197 2300 llic

541 2330 679 2386 ordo
703 2345 877 2400 usque
913 2331 981 2385 ad
1029 2330 1174 2385 diem
1225 2331 1530 2386 Palmarum
1560 2334 1772 2402 quartis
1810 2340 1866 2388 et
1910 2334 2080 2387 sextis
2118 2332 2198 2388 fe-

540 2419 640 2475 riis
687 2425 957 2490 servetur.
1006 2421 1067 2474 In
1110 2421 1365 2489 sequenti
1418 2420 1677 2487 Sabbato,
1712 2420 1795 2476 vel
1845 2421 2030 2476 Ramis
2081 2403 2242 2490 ρει-⁸

540 2522 771 2574 marum,
814 2509 1016 2577 quibus
1054 2507 1235 2563 ofﬁcia
1283 2509 1502 2575 desunt,
1553 2523 1665 2565 non
1705 2510 1980 2565 hesternae
2011 2509 2190 2577 ferite,

540 2598 639 2652 sed
708 2596 949 2653 ofﬁcium
1019 2597 1387 2666 praecedentis
1473 2599 1773 2654 Dominicae
1853 2600 2190 2658 celebretur.

541 2686 739 2742 Primis
817 2685 1030 2740 duabus
1095 2686 1534 2758 Quadragesimaa
1603 2688 1985 2756 hebdomadis,
2049 2687 2186 2759 (165)

537 2773 724 2844 hymni
755 2775 812 2829 in
841 2775 1085 2844 vesperis
1129 2777 1222 2831 Ea:
1261 2790 1404 2831 more
1453 2777 1592 2832 docti
1639 2779 1852 2848 mystico
1883 2779 1939 2832 in
1972 2783 2192 2832 noctur-

539 2865 626 2920 nis
675 2869 730 2920 et
789 2863 1044 2919 laudibus
1100 2865 1302 2920 Summi
1357 2864 1598 2934 largitor,
1659 2872 1715 2922 et
1759 2866 1901 2921 Audi.
1951 2866 2186 2934 benigne,

538 2958 850 3009 cantentur.
919 2955 978 3008 1n
1024 2953 1147 3008 aliis
1203 2953 1436 3020 duabus,
1495 2957 1635 3008 Ecce
1698 2960 1915 3025 tempus,
1978 2954 2191 3010 Clarum

539 3043 715 3106 decus,
775 3043 902 3095 Jesu
957 3042 1416 3111 quadragenariw.
1490 3042 1626 3096 Aliis
1687 3042 1920 3111 duabus,
1982 3042 2190 3098 Vexilla

2282 1889 2633 1957 sponsorium
2695 1895 2978 1958 sequatur,
3021 1887 3319 1942 secundam
3351 1887 3644 1943 lectionem
3697 1895 3926 1944 tractus.

2283 1975 2379 2031 His
2408 1977 2620 2031 duabus
2649 1976 3001 2042 lectionibus,
3043 1974 3207 2044 dupla
3262 1989 3409 2030 mors
3456 1976 3615 2044 primi
3660 1977 3928 2045 parentis,

2283 2080 2406 2134 qua:
2439 2066 2635 2135 simpla
2691 2067 2894 2120 Christi
2937 2073 3111 2120 morte
3162 2064 3344 2118 deleta
3395 2069 3496 2129 est,
3534 2065 3879 2134 significatur
3915 2085 3927 2119 :

2281 2154 2429 2224 quod
2462 2155 2564 2209 hac
2595 2154 2705 2221 die,
2740 2155 2870 2223 quia
2916 2154 2971 2208 in
3003 2167 3066 2208 ea
3114 2167 3262 2209 mors
3319 2153 3520 2208 Christi
3560 2153 3795 2209 consilio
3843 2156 3931 2209 Ju-

2281 2241 2525 2298 daaorum
2559 2248 2790 2298 tractata
2841 2248 2944 2309 est,
2977 2241 3261 2297 recolitur.
3293 2243 3399 2296 Per
3449 2241 3694 2311 quinque
3742 2257 3937 2298 versus

2278 2337 2508 2398 tractus,
2542 2332 2786 2401 quinque
2816 2345 3075 2386 sensuum
3125 2330 3594 2400 praevaricationis
3625 2330 3936 2401 redemptio

2277 2420 2562 2491 ﬁguratur,
2615 2427 2670 2475 et
2715 2421 2772 2474 in
2822 2420 3078 2489 passione
3127 2433 3239 2489 quo
3297 2420 3460 2474 citius
3533 2419 3705 2474 I’elum
3759 2420 3939 2492 templi

2273 2509 2492 2564 scissum
2530 2514 2606 2564 est
2639 2509 2876 2576 dicetur,
2913 2509 3050 2578 (171)
3102 2509 3314 2564 cortina
3363 2515 3490 2563 ante
3540 2509 3710 2564 altare
3764 2510 3940 2579 depo-

2274 2605 2454 2654 natur.
2509 2602 2631 2668 lpsa
2672 2599 2763 2654 die
2812 2613 3057 2668 vesperae
3107 2605 3449 2654 mortuorum
3498 2604 3553 2653 et
3599 2599 3783 2669 vigilia
3815 2613 3933 2655 non

2273 2688 2559 2755 dicantur;
2609 2688 2706 2742 sed
2756 2687 2813 2741 in
2873 2687 3121 2754 vesperis
3177 2688 3296 2755 ipsa
3343 2687 3455 2754 die,
3517 2694 3576 2742 ut
3642 2687 3699 2742 in
3747 2687 3930 2755 festis,

2273 2776 2416 2848 (172)
2485 2789 2676 2831 omnes
2755 2774 3044 2844 pulsentur
3100 2789 3378 2844 campanae
3436 2776 3508 2831 ob
3564 2777 3932 2832 reverentiam

2272 2864 2572 2918 Dominica:
2623 2877 2816 2928 ciente,
2870 2869 2925 2917 et
2983 2877 3226 2932 vesperae
3292 2863 3483 2919 festive
3554 2864 3928 2922 celebrentur.

2269 2953 2402 3009 Post
2437 2951 2872 3021 {completorium
2915 2943 3016 3011 52
3059 2967 3232 3022 usque
3263 2953 3331 3008 ad
3364 2954 3657 3010 Sabbatum
3694 2956 3926 3012 Pascha:

2274 3054 2383 3098 non
2415 3041 2631 3096 dicatur
2656 3039 2838 3096 Gloria
2867 3042 3036 3096 Patri.

537 3131 712 3198 Regis,
755 3131 934 3197 Pange
970 3126 1169 3196 lingua,
1219 3131 1412 3184 Lustra
1453 3146 1569 3184 sex.
1624 3131 1840 3186 Ultimis
1889 3121 2250 3189 hebdoma-(1
2342 3132 2404 3186 In
2447 3130 2637 3199 quinta
2685 3129 2822 3184 feria
2876 3129 2933 3184 in
2991 3130 3277 3186 nocturnis
3330 3131 3584 3201 primitus
3640 3146 3925 3202 campanae

539 3218 626 3274 dis
681 3231 872 3274 omnes
928 3216 1082 3272 horae
1139 3215 1250 3271 diei
1307 3223 1598 3274 cantentur
1644 3233 1767 3275 cum
1819 3223 2188 3290 responsoriis

538 3305 743 3362 ibidem
802 3305 1100 3361 denotatis.
1149 3309 1191 3360 A
1231 3306 1406 3375 prima
1454 3308 1738 3364 Dominica
1781 3311 2056 3379 passionis
2103 3325 2195 3366 us-

537 3411 645 3465 que
675 3395 743 3450 ad
783 3395 927 3450 diem
959 3394 1180 3449 Pascha:
1228 3395 1442 3466 legatur
1473 3397 1616 3453 liber
1660 3400 1912 3454 Jercmia:
1960 3399 2195 3469 prophe.

537 3492 630 3552 tae,
652 3484 954 3540 Dominicis
983 3483 1180 3540 diebus
1217 3489 1426 3540 tantum
1465 3487 1521 3541 in
1574 3487 1752 3557 primo
1802 3495 2097 3544 nocturno.
2130 3490 2192 3543 In

535 3588 646 3644 quo
702 3580 947 3643 tempore
1004 3573 1258 3641 introitu,
1306 3589 1486 3644 neque
1536 3576 1593 3630 in
1657 3578 1837 3633 tertiis
1899 3592 2192 3647 responso-

534 3663 634 3718 riis
683 3661 740 3717 in
789 3661 917 3729 ﬁne,
960 3660 1144 3718 Gloria
1211 3663 1382 3729 Patri,
1444 3663 1680 3731 dicatur,
1733 3665 1830 3720 sed
1890 3667 2010 3735 ejus
2064 3665 2188 3723 loco

533 3752 946 3822 responsorium
976 3755 1279 3820 repetatur.
1331 3753 1663 3822 Antiphonta
1697 3755 2138 3822 processionales
2173 3778 2184 3810 :

535 3844 661 3896 Cum
697 3839 908 3904 sede-rit,
939 3838 1160 3906 Christe,
1201 3841 1380 3905 Pater,
1404 3843 1468 3894 In
1497 3841 1582 3895 die
1621 3857 1736 3895 cum
1781 3857 2088 3912 venerimus,
2129 3846 2186 3900 in

533 3927 834 3982 Dominicis
910 3918 1017 3986 50
1065 3926 1629 3997 quadragesimalibus
1674 3929 1743 3985 ad
1775 3934 2186 4000 processionem

532 4020 844 4070 cantentur.
893 4015 955 4068 1n
1004 4023 1199 4084 quarta
1244 4013 1379 4071 feria
1429 4023 1641 4087 quarta:
1672 4019 2060 4087 hebdomadee,
2095 4037 2187 4078 va-

533 4105 704 4160 rietas
745 4105 805 4159 ﬁt
857 4103 1013 4175 (166)
1066 4119 1167 4174 per
1212 4105 1583 4175 adjectionem
1633 4109 1795 4163 unius
1845 4109 2100 4166 lectionis
2130 4118 2185 4166 et

532 4193 697 4250 unius
726 4194 1065 4263 responsorii
1095 4215 1109 4261 ;
1143 4195 1262 4264 ipsa
1300 4196 1446 4250 enim
1491 4196 1582 4252 die
1629 4198 1955 4253 scrutininm
2013 4200 2092 4268 ﬁt,
2127 4201 2182 4254 in

533 4295 644 4352 quo
701 4283 808 4338 ﬁde
865 4289 920 4337 et
968 4283 1214 4339 moribus
1267 4283 1616 4341 instruuntur
1661 4287 2061 4344 catechumeni.
2101 4291 2182 4346 Ob

530 4371 639 4427 hoc
671 4371 814 4444 (167)
854 4371 1091 4427 traditur
1147 4373 1228 4428 eis
1276 4376 1454 4431 oratio
1505 4377 1808 4444 Dominica,
1854 4384 1909 4434 et
1964 4381 2183 4449 symbo-

2274 3219 2553 3290 sigillatim
2614 3226 2740 3288 post
2790 3218 2933 3290 (173)
2990 3233 3182 3275 omnes
3227 3222 3388 3276 simul
3441 3221 3746 3290 pulsentur.
3778 3225 3925 3278 Ante

2274 3309 2496 3378 quidem
2554 3309 2746 3379 viginti
2795 3314 3032 3378 quatuor
3069 3310 3315 3366 candela:
3365 3325 3396 3366 a
3444 3319 3594 3368 retro
3639 3311 3809 3368 altare
3838 3312 3929 3366 in-

2274 3399 2601 3465 cendantur,
2667 3413 2791 3468 quae.
2857 3399 3158 3454 secundum
3235 3399 3475 3470 psalmos
3538 3416 3602 3457 ac
3653 3401 3928 3457 lectiones

2275 3487 2712 3557 exstinguantur.
2745 3488 2805 3541 In
2854 3487 3031 3556 primo
3080 3495 3373 3556 nocturno,
3409 3489 3676 3546 lectiones
3715 3490 3782 3546 de
3838 3491 3928 3545 Je-

2274 3578 2459 3632 remia:
2499 3577 2984 3632 lamentationibus
3022 3577 3275 3648 legantur
3307 3599 3321 3645 ;
3359 3577 3415 3632 in
3446 3580 3689 3635 secundo
3723 3579 3791 3633 de
3831 3594 3929 3635 ex-

2273 3667 2549 3735 positione
2608 3666 2801 3736 psalmi
2847 3686 2859 3721 :
2901 3666 3140 3734 Exaudi,
3200 3669 3361 3733 Deus,
3404 3669 3690 3723 orationem
3727 3684 3921 3737 meam,

2271 3770 2386 3810 cum
2441 3756 2729 3825 deprecor;
2777 3753 2919 3824 (174)
2982 3755 3038 3809 in
3078 3755 3243 3811 tertio
3294 3757 3572 3826 Evangelii
3621 3757 3919 3826 expositio.

2269 3844 2575 3913 Incipiente
2607 3851 2832 3900 cantorc
2862 3845 3216 3913 antiphonam
3253 3846 3500 3900 Traditor
3528 3851 3716 3912 autem,
3754 3844 3919 3916 (175)

2270 3948 2393 4003 quae
2464 3934 2626 3989 etiam
2692 3934 2810 3989 sola
2883 3935 3144 3988 remansit
3227 3933 3455 3988 candela
3515 3935 3921 4003 exstinguatur,

2269 4027 2324 4078 et
2381 4023 2690 4078 Benedictus
2736 4023 2844 4077 alta
2889 4035 3022 4077 voce
3080 4027 3367 4090 cantetur;
3419 4036 3529 4092 quo
3577 4022 3753 4089 ﬁnito,
3804 4022 3924 4079 duo

2267 4110 2456 4166 clerici
2487 4117 2696 4167 stantes
2743 4117 2891 4166 retro
2942 4110 3134 4178 altare,
3185 4111 3352 4181 Kyrie
3397 4109 3593 4166 eleison
3625 4111 3922 4180 incipiant,

2267 4201 2415 4270 quod
2447 4206 2531 4256 ter
2560 4200 2667 4258 alta
2717 4215 2849 4257 voce
2880 4201 3241 4270 pronuntient
3274 4220 3286 4254 :
3322 4199 3432 4255 duo
3462 4199 3555 4255 alii
3605 4201 3660 4255 in
3710 4200 3919 4268 medio,

2264 4290 2321 4346 in
2346 4291 2576 4346 introitu
2609 4290 2766 4346 chori
2798 4290 2911 4345 sint
2949 4289 3042 4345 alii
3073 4289 3203 4346 duo.
3245 4290 3311 4344 Et
3350 4289 3501 4343 ﬁnita
3551 4289 3726 4358 prima
3773 4290 3926 4345 trina

2266 4381 2432 4450 Hyrie
2470 4379 2664 4435 eleison
2722 4380 3074 4448 repetitione,
3131 4378 3328 4434 mediis
3386 4377 3522 4432 nihil
3580 4377 3916 4444 dicentibus,

530 4459 664 4527 lum,
707 4460 856 4530 quod
908 4460 965 4515 in
1014 4467 1205 4518 sancto
1253 4464 1492 4521 Sabbato
1549 4467 1772 4522 Pascha:
1826 4467 2030 4524 debent
2059 4454 2466 4536 red-Dultimi,
2528 4469 2676 4524 dulci
2734 4483 2888 4524 voce.
2941 4469 3179 4533 Domine,
3222 4468 3466 4522 miserere
3521 4466 3917 4536 respondeant.

531 4549 684 4604 dere.
722 4548 861 4613 (168)
893 4551 954 4605 In
1003 4551 1241 4606 Sabbato
1271 4554 1421 4622 quod
1468 4553 1682 4610 Palmas
1729 4556 2015 4624 praecedit,
2058 4557 2182 4628 epi-
2264 4559 2477 4614 Chorus
2531 4558 2764 4613 Christus
2811 4557 3061 4611 Dominus
3101 4570 3275 4624 usque
3323 4555 3391 4608 ad
3432 4550 3604 4609 ﬁnenf
3644 4554 3914 4610 succinat.

530 4652 760 4707 scopum
807 4645 902 4695 aut
950 4642 1213 4710 majorem
1259 4643 1511 4698 ecclesiae
1563 4645 1734 4714 pedes
1764 4660 2063 4715 pauperum
2096 4647 2180 4703 la-
2263 4651 2398 4704 Item
2454 4647 2569 4702 bini
2625 4647 2827 4704 Christe
2892 4645 3084 4700 eleison
3133 4657 3239 4698 una
3303 4643 3420 4698 vice
3488 4644 3694 4711 dicant,
3745 4644 3919 4700 medii

530 4738 657 4780 vare
693 4728 1108 4784 ecclesiasticus
1156 4730 1296 4786 ordo
1327 4733 1614 4801 praecepit,
1647 4739 1703 4789 et
1731 4733 1959 4789 fratrum
1993 4749 2179 4790 unum-

530 4829 827 4885 quemque,
857 4818 903 4872 si
951 4824 1156 4890 potest,
1189 4821 1354 4876 unius
1409 4824 1695 4893 pauperis;
1746 4825 1868 4894 ipsa
1914 4826 2057 4881 enim
2091 4827 2179 4881 die

527 4903 785 4973 lacrymis
831 4906 996 4961 Maria
1043 4908 1172 4964 lavit
1229 4911 1400 4980 pedes
1453 4913 1689 4979 Domini,
1751 4919 1807 4970 et
1851 4915 2000 4983 quod
2061 4915 2180 4984 ipsa

526 4991 660 5048 fecit
708 4993 788 5074 in’
822 4995 1022 5063 capite,
1073 5011 1176 5052 nos
1232 4999 1291 5054 in
1339 5001 1598 5057 membris
1655 5001 1918 5058 debemus
1974 5001 2174 5060 facere.

525 5083 650 5152 Ipsa
688 5096 821 5152 ergo
871 5082 961 5138 die
1009 5087 1456 5158 quandoquidem
1498 5089 1737 5146 ofﬁcium
1769 5097 1943 5158 vacat,
1994 5099 2179 5149 cante-

525 5176 617 5226 tur
655 5172 895 5228 ofﬁcium
924 5174 1224 5234 Dominica:
1273 5192 1384 5235 non
1423 5180 1716 5235 hesternae.
1749 5181 1854 5236 Per
1882 5180 2019 5238 duas
2047 5183 2178 5239 heb-

527 5260 790 5317 domadas
837 5263 1021 5332 passio
1066 5267 1281 5322 Domini
1331 5267 1664 5336 celebratur,
1709 5269 1764 5324 id
1824 5277 1908 5327 est
1936 5285 2037 5342 per
2065 5273 2175 5330 duo

525 5354 776 5418 tempora
829 5372 840 5406 :
883 5353 1116 5422 primum
1174 5371 1276 5426 per
1320 5358 1435 5411 Noe
1491 5357 1778 5428 ﬁguratur,
1829 5367 1884 5416 et
1923 5367 2048 5431 post
2077 5378 2176 5433 per

523 5438 798 5494 Christum
847 5443 1182 5513 completur;
1233 5449 1288 5499 et
1335 5457 1434 5512 per
1482 5445 1593 5503 duo
1641 5456 1909 5519 tempora,
1960 5450 2174 5506 scilicet

521 5527 661 5598 legis
688 5531 954 5587 naturalis
973 5539 1028 5588 et
1058 5532 1194 5602 legis
1232 5531 1454 5602 litterae,
1497 5536 1632 5606 justi
1680 5538 1812 5594 licet
1853 5539 1998 5594 bona
2037 5553 2174 5608 pro-

521 5625 888 5689 mererentur,
931 5635 1108 5692 usque
1154 5620 1222 5678 ad
1255 5627 1471 5693 tempus
1518 5627 1709 5698 gratiae
1755 5629 2166 5700 cruciabantur,

2263 4739 2364 4804 Qui
2392 4752 2648 4809 passurus
2705 4734 2959 4791 advenisti
3008 4732 3400 4800 respondeant.
3449 4734 3584 4788 ltem
3639 4733 3744 4787 alia
3792 4733 3918 4788 vice

2263 4827 2424 4895 primi
2482 4826 2684 4882 Christe
2727 4823 2940 4887 eleison,
3001 4820 3164 4875 medii
3217 4834 3348 4877 vero
3407 4822 3507 4888 Qui
3563 4821 3814 4891 expansis
3860 4822 3922 4876 in

2260 4930 2431 4970 cruce.
2472 4916 2606 4970 Item
2635 4915 2802 4984 Hyrie
2854 4909 3016 4981 primi
3064 4909 3232 4965 medii
3273 4911 3459 4966 dicant
3492 4930 3504 4964 :
3539 4911 3639 4976 Qui
3689 4910 3922 4980 prophe-

2259 5007 2361 5073 tiae
2436 5003 2767 5076 prompsisti;
2819 4999 2994 5055 ultimi
3065 5005 3120 5056 et
3179 4999 3382 5055 chorus
3438 4998 3586 5068 quod
3651 4999 3911 5068 primum.

2260 5095 2392 5148 ltem
2457 5092 2622 5162 primi
2671 5098 2756 5146 ter
2801 5081 2901 5151 53
2941 5089 3101 5144 simul
3159 5090 3327 5159 Kyrie
3373 5087 3586 5154 cleiso-n,
3641 5088 3775 5142 nihil
3827 5103 3917 5143 re—

2258 5181 2659 5253 spondentibus
2716 5179 2964 5248 mediis;
3015 5179 3191 5235 ultimi
3245 5184 3300 5232 et
3354 5177 3556 5232 chorus
3603 5177 3750 5242 quod
3799 5177 3918 5246 pri-

2257 5287 2423 5329 mum.
2457 5270 2662 5326 Eodem
2693 5270 2858 5327 modo
2907 5269 3262 5325 celebrentur
3298 5265 3582 5320 matutinae
3619 5278 3742 5321 cum
3792 5265 3916 5321 suis

2257 5360 2590 5417 lectionibus
2649 5367 2704 5415 et
2761 5357 3133 5428 responsoriis
3195 5355 3252 5408 in
3304 5354 3393 5408 die
3459 5367 3800 5422 paracesves,
3853 5360 3916 5408 et

2254 5455 2445 5506 sancto
2497 5447 2735 5506 Sabbato
2785 5447 3029 5504 Paschae.
3065 5447 3142 5501 Ex
3190 5455 3300 5512 quo
3358 5455 3489 5498 vero
3545 5443 3733 5499 ultima
3781 5457 3914 5498 can-

2254 5538 2376 5595 dela
2415 5538 2482 5594 ad
2540 5539 2850 5595 Benedictus
2889 5533 3274 5604 exstinguitur,
3326 5530 3510 5588 lumen
3555 5532 3611 5587 in
3671 5531 3910 5588 ecclesia

2251 5641 2426 5701 usque
2463 5636 2590 5702 post
2639 5630 2784 5702 ignis
2819 5622 3262 5682 benedictionem
3303 5635 3413 5678 non
3460 5621 3816 5679 accendatur.
3842 5623 3905 5676 in
