4156 6196
230 309 305 366 49

1305 315 1505 370 LIBER
1541 315 1628 369 DE
1665 314 1945 370 OFFICIIS
1983 315 2530 376 ECCLESIASTICIS.

3529 332 3603 389 50

227 442 320 497 die
359 453 534 495 coena:
564 437 757 510 psalmi
788 438 845 494 in
876 438 1131 496 omnibus
1168 439 1343 510 horis,
1384 441 1590 510 absque
1629 439 2182 512 comple—Ascipulis
2218 445 2353 500 suis.
2393 445 2739 516 Signiﬁcatur
2766 448 2930 503 etiam
2962 451 3110 520 quod
3141 451 3248 508 isto
3289 455 3458 514 biduo
3489 473 3600 517 non

224 529 394 595 torio,
445 526 587 595 (176)
633 526 743 582 alta
796 541 930 583 voce
988 534 1043 584 et
1089 543 1212 584 cum
1273 536 1404 585 tono
1453 534 1762 584 cantentur.
1817 531 1877 584 ln

223 618 412 683 tertia,
455 622 511 672 et
555 621 730 682 sexta,
781 622 837 671 et
885 630 1051 684 nona,
1102 617 1342 686 psalmos
1393 631 1548 672 suum
1582 631 1879 686 responso-

225 707 368 762 rium
399 712 699 776 sequatur:
725 709 781 761 et
809 704 961 776 (177)
996 706 1145 762 dicto
1174 721 1334 762 versu
1363 707 1432 761 ab
1463 706 1648 776 aliquo
1680 721 1876 776 puero,

225 809 350 850 cum
398 795 622 850 silentio
670 795 803 849 ﬁant
850 796 1033 850 omnia
1080 810 1203 865 qua:
1252 803 1580 865 sequuntur.
1614 797 1738 865 Ipso
1787 796 1877 852 die

226 885 364 940 hora
395 890 551 940 sexta
602 883 841 954 p0pulus
887 884 953 938 ad
1002 883 1288 939 ecclesiam
1321 886 1630 941 conveniat.
1663 885 1716 939 Si
1757 885 1880 954 epi-

222 988 431 1044 scopus
477 972 644 1029 fuerit
689 973 830 1043 (178)
880 974 1201 1029 convocatio
1251 973 1658 1045 ptenitentium,
1691 981 1748 1029 et
1784 975 1879 1029 ab-

222 1062 452 1128 solutio,
493 1062 807 1118 chrismatis
835 1067 890 1116 et
919 1061 1026 1117 olei
1057 1063 1424 1129 consecratio,
1456 1064 1610 1132 juxta
1654 1064 1876 1132 episco-

223 1151 404 1222 palem
453 1152 620 1206 ritum
664 1150 997 1206 ordinetur:
1033 1152 1126 1206 ubi
1166 1166 1296 1208 vero
1335 1150 1594 1217 defuerit,
1643 1153 1700 1208 in
1749 1153 1872 1222 pri-

223 1241 329 1295 mis
382 1239 530 1312 (179)
585 1246 694 1295 tam
751 1239 932 1295 clerus
987 1255 1148 1311 quam
1207 1241 1444 1312 populus
1501 1243 1761 1312 prostrati
1818 1244 1874 1298 in

224 1336 374 1384 terra
425 1343 549 1384 cum
597 1329 852 1398 lacrymis
895 1337 948 1384 et
1001 1331 1206 1400 gemitu
1250 1331 1653 1387 absolutionem
1693 1331 1876 1386 crimi-

223 1432 354 1473 num
408 1432 441 1473 a
499 1418 692 1487 majori
746 1418 1034 1473 sacerdote
1091 1419 1419 1488 accipiant:
1463 1427 1520 1475 et
1567 1425 1693 1490 post
1749 1434 1871 1474 cum

225 1509 584 1577 processione
639 1507 694 1561 in
754 1509 1049 1577 porticum,
1099 1510 1356 1564 Miserere
1412 1510 1532 1576 mei,
1583 1512 1741 1575 Deus,
1783 1509 1874 1564 di-

224 1597 426 1663 cendo,
477 1596 544 1651 ad
599 1610 797 1652 novum
851 1598 1030 1667 ignem
1081 1597 1151 1653 de
1201 1605 1356 1668 petra
1405 1613 1692 1654 excussum
1741 1613 1873 1668 per-

225 1693 378 1754 gant,
411 1700 574 1756 quem
605 1700 727 1740 cum
768 1700 909 1756 aqua
958 1686 1249 1742 benedicta
1278 1702 1342 1742 ac
1380 1687 1608 1743 incenso
1649 1687 1876 1743 benedi-

1959 532 2272 590 celebratur
2317 537 2666 605 sacriﬁcium,
2709 537 2946 593 biduana
2985 543 3240 597 mmroris
3267 542 3513 614 afﬂictio,
3547 557 3603 606 et

1955 623 2222 691 jejunium
2271 626 2666 695 apostolorum.
2706 630 2886 696 Agnus
2915 631 3011 684 Dei
3054 643 3164 686 non
3209 631 3462 702 dicatur;
3499 651 3601 706 pax

1960 723 2072 766 non
2119 714 2422 782 accipiatur
2453 737 2464 771 :
2495 717 2644 786 quod
2697 717 2858 772 etiam
2912 725 3064 774 sexta
3122 719 3257 776 feria
3311 730 3598 792 servetur,

1960 797 2096 854 falso
2142 802 2286 856 enim
2338 805 2489 872 pacis
2526 806 2717 862 osculo
2749 807 3001 870 traditur.
3035 810 3093 863 ln
3125 809 3249 866 loco
3287 813 3467 879 Agnus
3504 814 3602 868 Dei

1960 890 2276 945 communio
2317 892 2568 947 Dominus
2604 897 2757 949 Iesus
2804 902 3073 952 cantetur.
3105 900 3222 964 Quo
3269 898 3423 955 ﬁnito
3462 898 3600 970 (183)

1959 977 2240 1044 sacerdos,
2273 979 2522 1034 manibus
2561 987 2756 1037 tenens
2799 975 2900 1045 56
2949 985 3194 1053 calicem,
3245 988 3601 1057 antiphonam

1959 1065 2186 1122 Calicem
2231 1065 2482 1122 salutaris
2537 1069 2784 1138 incipiat.
2836 1072 2935 1126 llic
2983 1083 3181 1129 sonent
3227 1088 3417 1131 omnes
3455 1091 3601 1132 cam-

1961 1169 2136 1224 panae,
2169 1171 2292 1226 qua:
2323 1170 2433 1212 non
2463 1157 2698 1226 amplius
2739 1159 3046 1228 pulsentur,
3088 1178 3260 1233 usque
3299 1166 3367 1220 ad
3416 1165 3600 1222 Gloria

1956 1247 2012 1300 in
2067 1245 2310 1311 excelsis,
2354 1247 2408 1301 in
2466 1246 2704 1302 Sabbato
2759 1255 2951 1305 sancto
3010 1252 3233 1308 Pascha:
3272 1255 3368 1310 sed
3405 1276 3417 1311 :
3453 1255 3600 1327 (184)

1958 1333 2083 1389 loco
2149 1348 2336 1389 earum
2403 1335 2784 1404 percutiantur
2847 1337 3106 1404 tabulae;
3177 1347 3232 1396 et
3296 1343 3439 1413 (185)
3505 1357 3601 1398 sex

1959 1423 2150 1492 psalmi
2201 1431 2521 1492 sequantur,
2573 1423 2786 1479 scilicet
2827 1445 2839 1479 :
2883 1426 3116 1492 Credidi,
3173 1429 3259 1482 Ad
3307 1432 3600 1498 Dominum,

1958 1515 2120 1584 Eripe
2155 1529 2272 1578 me;
2316 1515 2553 1579 Domine,
2601 1513 2823 1568 clamavi
2843 1535 2860 1578 ;
2914 1516 3046 1568 Voce
3087 1529 3222 1579 mea,
3268 1518 3600 1586 Benedictus,

1957 1616 2079 1658 cum
2119 1602 2437 1672 antiphonis
2477 1603 2610 1658 suis.
2664 1603 2760 1657 His
2797 1602 2986 1668 ﬁnitis,
3034 1603 3296 1658 sacerdos
3341 1606 3604 1660 amanti-

1957 1689 2051 1744 bus
2082 1691 2330 1760 incipiat,
2371 1698 2426 1746 et
2468 1691 2597 1746 dum
2636 1692 2945 1762 Magniﬁcat
2985 1697 3256 1757 cantatur,
3297 1691 3468 1746 altare
3510 1694 3600 1748 in-

226 1780 375 1829 cant.
409 1775 550 1845 (180)
589 1775 743 1842 Quod
795 1776 851 1830 in
909 1776 996 1830 his
1045 1777 1222 1831 tribus
1268 1776 1464 1832 diebus
1509 1791 1684 1832 novus
1729 1770 1936 1848 ignisB
1958 1786 2235 1846 censetur,
2282 1786 2336 1835 et
2385 1781 2464 1835 sic
2514 1795 2758 1850 vesperae
2808 1780 3209 1836 communionis
3255 1781 3506 1836 oratione
3545 1780 3604 1835 ﬁ-

225 1863 297 1918 de
346 1872 502 1933 petra
552 1879 808 1920 excussus
852 1866 909 1920 in
958 1865 1190 1922 ecclesia
1247 1867 1588 1934 accenditur,
1641 1872 1696 1922 et
1743 1867 1872 1922 inde

223 1967 331 2022 per
358 1960 582 2009 caeteras
623 1955 817 2010 domos
850 1947 953 2014 54
991 1956 1426 2012 Christianorum
1476 1956 1742 2022 defertur,
1778 1957 1871 2012 lux

222 2042 468 2109 deitatis,
501 2057 624 2112 qua:
656 2045 710 2098 in
761 2058 925 2099 carne
973 2045 1268 2100 Salvatoris
1314 2045 1548 2101 latuerat
1587 2061 1761 2116 usque
1803 2047 1869 2102 ad

220 2131 554 2198 passionem,
602 2138 657 2187 et
697 2147 796 2202 per
845 2134 1153 2202 passionem
1201 2149 1265 2189 ac
1313 2135 1772 2191 resurrectionem
1813 2136 1871 2192 in

219 2218 474 2285 ecclesia,
524 2222 579 2276 id
640 2229 723 2277 est
781 2223 836 2276 in
884 2223 1146 2278 cordibus
1202 2223 1444 2279 fidelium
1503 2224 1866 2294 resplenduit,

218 2314 274 2362 et
324 2314 469 2376 post,
513 2311 720 2366 eisdem
767 2325 958 2367 novam
1007 2313 1315 2368 doctrinam
1347 2314 1865 2383 evangelizantibus,

221 2398 430 2453 mundo
461 2399 726 2465 insonuit,
760 2402 987 2470 mystice
1037 2401 1382 2469 ostenditur;
1417 2403 1565 2472 quod
1614 2403 1668 2458 in
1713 2404 1868 2459 hasta

221 2485 414 2552 fertur,
450 2488 702 2543 Christus
744 2490 800 2542 in
857 2505 1021 2545 cruce
1067 2505 1405 2560 suspensus;
1455 2492 1600 2561 quod
1656 2493 1712 2547 in
1752 2508 1868 2548 ser-

222 2582 409 2645 pente,
447 2576 593 2630 idem
637 2577 906 2644 Christus,
957 2581 1049 2648 qui
1099 2594 1198 2648 per
1243 2585 1554 2648 serpentem
1595 2581 1650 2634 in
1680 2595 1865 2636 eremo

217 2665 504 2735 ﬁguratur.
541 2667 662 2720 Mox
693 2667 873 2736 ignem
904 2667 1139 2736 accipiat
1167 2669 1426 2723 sacerdos
1464 2669 1520 2722 in
1561 2669 1716 2723 hasta
1745 2684 1864 2724 cum

210 2768 400 2819 cereo,
459 2759 877 2824 revertaturque
926 2755 993 2810 ad
1056 2755 1248 2823 altare,
1301 2755 1566 2825 psalmum
1619 2759 1868 2811 Dominus

209 2842 522 2897 illuminatio
580 2843 875 2898 cantando.
927 2845 1260 2898 Sonantibus
1317 2844 1532 2899 cunctis
1586 2846 1866 2914 campanis

211 2930 454 2987 ofﬁcium
503 2931 836 2997 inchoetur,
892 2937 947 2986 et
1003 2931 1213 2986 indutis
1268 2931 1486 2986 duobus
1542 2933 1863 2989 cantoribus

209 3020 428 3089 cappis,
476 3019 710 3076 diacono
759 3020 1071 3087 dalmatica,
1123 3020 1466 3077 subdiacono
1522 3022 1730 3088 tunica,
1781 3022 1862 3078 fe-

1956 1869 2196 1924 niantur.
2234 1868 2370 1939 (186)
2403 1871 2523 1939 Ipsa
2580 1870 2670 1924 die
2719 1869 2904 1939 plures
2943 1869 3138 1926 hostia:
3182 1875 3598 1936 consecrentur,

1956 1958 2157 2028 quibus
2205 1957 2385 2014 clerus
2433 1965 2486 2013 et
2539 1958 2775 2028 populus
2822 1959 3298 2025 communicetur;
3350 1957 3489 2028 (187)
3543 1963 3599 2013 et

1956 2048 2221 2103 medietas
2268 2048 2570 2103 hostiarum
2613 2048 2821 2118 absque
2860 2049 2988 2104 vino
3029 2049 3084 2102 in
3133 2047 3376 2102 crastino
3423 2061 3600 2103 reser-

1953 2143 2128 2202 vetur,
2165 2136 2310 2192 unde
2352 2135 2493 2206 (188)
2533 2136 2730 2192 iterum
2776 2136 3267 2192 communicentur.
3302 2137 3438 2205 Ipsa:
3466 2149 3598 2190 vero

1952 2225 2148 2280 hostiae
2179 2239 2209 2279 a
2239 2225 2525 2279 sacerdote
2574 2229 2630 2278 et
2676 2224 2942 2278 ministris
2987 2223 3176 2279 altaris
3213 2223 3440 2290 indutis,
3473 2237 3596 2278 cum

1953 2313 2330 2382 processione,
2381 2313 2595 2368 scilicet
2640 2327 2764 2368 cum
2811 2313 2988 2368 cereis
3034 2319 3090 2367 et
3135 2313 3384 2378 incenso,
3429 2324 3598 2380 super

1951 2401 2228 2470 quoddam
2276 2402 2447 2457 altare
2497 2401 2801 2457 honoriﬁce
2859 2401 3252 2470 deportentur,
3311 2401 3405 2454 ubi
3471 2413 3595 2454 cum

1951 2489 2297 2546 nitidissimis
2353 2491 2764 2546 linteaminibus
2811 2490 3018 2559 optime
3068 2488 3461 2544 recondantur.
3513 2487 3594 2543 lbi

1949 2593 2168 2648 semper
2196 2580 2378 2635 lumen
2410 2594 2582 2649 usque
2613 2579 2681 2634 ad
2723 2579 2928 2634 ultimae
2976 2577 3222 2633 candela
3272 2575 3594 2632 exstinctio-

1949 2680 2072 2720 nem
2104 2668 2159 2720 in
2189 2669 2470 2723 matutinis
2487 2668 2698 2723 ardeat.

2021 2756 2150 2809 Post
2198 2757 2484 2824 prandium
2533 2763 2714 2812 autem
2745 2757 2943 2812 iterum
2971 2756 3038 2810 ad
3070 2755 3361 2811 ecclesiam
3401 2767 3594 2810 omnes

1949 2842 2296 2908 conveniant,
2351 2842 2499 2914 (189)
2544 2844 2815 2898 nudantes
2871 2843 3084 2908 altaria,
3145 2847 3430 2896 cantantes
3485 2841 3591 2896 ali-

1946 2931 2094 2999 quod
2166 2931 2599 3000 responsorium,
2669 2931 2737 2986 de
2802 2931 2930 2986 vino
2999 2937 3055 2985 et
3110 2944 3250 3000 aqua
3300 2928 3591 2984 benedicta

1941 3019 2187 3088 abluant,
2220 3018 2360 3090 (190)
2408 3019 2524 3075 sola
2561 3033 2701 3088 aqua
2734 3019 2972 3088 parietes
3020 3024 3076 3073 et
3119 3017 3446 3087 pavimenta.
3487 3019 3593 3073 Per

209 3109 352 3162 stive
399 3096 726 3164 celebretur.
779 3107 921 3179 (181)
969 3109 1024 3164 Si
1083 3109 1376 3179 episcopus
1431 3107 1615 3174 fuerit,
1673 3095 2228 3166 GloriaCecclesiam
2295 3122 2418 3177 quae
2483 3122 2622 3176 aqua
2701 3106 2990 3162 benedicta
3067 3106 3310 3161 abluitur
3375 3113 3588 3161 mentes

209 3198 262 3250 in
309 3195 531 3252 excelsis
586 3204 875 3265 cantetur;
925 3199 1011 3253 sin
1061 3203 1262 3266 autem,
1303 3211 1436 3254 non.
1486 3201 1544 3254 1n
1594 3199 1696 3255 hac
1727 3213 1856 3256 vero

211 3286 300 3340 die
358 3285 467 3342 olei
527 3288 871 3342 consecratio
938 3287 1287 3355 celebratur,
1349 3294 1404 3343 et
1461 3289 1858 3357 paenitentibus

210 3375 485 3430 absolutio
534 3376 814 3431 tribuitur.
857 3378 1056 3444 Quinta
1095 3377 1239 3432 enim
1280 3382 1440 3432 {etate
1470 3378 1618 3433 venit
1656 3378 1723 3434 ad
1756 3393 1856 3435 nos

208 3463 480 3531 Christus,
514 3464 637 3521 oleo
687 3465 894 3522 laetitiae
942 3481 1056 3535 pra:
1096 3466 1456 3536 participibus
1491 3467 1606 3521 suis
1636 3473 1853 3534 unctus,

214 3567 468 3623 quaerere
516 3555 621 3611 sibi
671 3555 1013 3621 cohmredes,
1047 3570 1187 3624 quos
1234 3555 1423 3611 eadem
1456 3558 1716 3612 unctione
1748 3571 1855 3612 un-

211 3650 357 3709 ctos,
391 3644 546 3714 regni
576 3646 660 3699 sui
701 3644 908 3700 faceret
946 3651 1237 3700 consortes
1269 3665 1281 3698 :
1316 3645 1464 3714 quod
1501 3644 1684 3701 facere
1732 3660 1858 3702 eum

209 3745 382 3801 posse
428 3733 562 3787 nulli
616 3733 839 3789 dubium
897 3739 982 3788 est
1033 3733 1242 3801 absque
1299 3731 1446 3797 oleo,
1507 3732 1600 3800 qui
1659 3739 1858 3787 cuncta

209 3821 423 3876 creavit
453 3835 523 3875 ex
566 3822 754 3878 nihilo.
799 3823 904 3879 Sed
955 3823 1082 3892 quia
1117 3823 1272 3890 juxta
1313 3821 1632 3890 Apostolum
1674 3819 1855 3890 (Hebr.

208 3926 286 3975 χι,
318 3911 367 3980 3)
404 3924 469 3966 ex
492 3911 795 3968 visibilibus
815 3911 1111 3968 invisibilia
1143 3910 1540 3980 intelligantur,
1567 3925 1665 3980 per
1693 3910 1856 3965 arbo-

207 4014 322 4058 rem
363 4000 540 4066 oleae,
584 4017 707 4071 quae
755 4003 905 4072 pacis
953 4002 1166 4072 insigne
1214 4007 1462 4063 vocatur,
1513 4005 1568 4055 et
1615 3999 1852 4056 fructum

205 4089 332 4156 fert,
365 4093 523 4159 cujus
553 4083 658 4151 55
707 4090 1040 4160 pinguedine
1092 4089 1220 4144 lassi
1259 4095 1314 4144 et
1353 4088 1553 4143 infirmi
1599 4102 1856 4145 recrean-

206 4187 316 4244 tur,
365 4187 421 4235 et
471 4181 696 4236 luminis
739 4179 913 4250 gratia
944 4186 1188 4248 paratur,
1222 4178 1538 4248 mysterium
1583 4179 1699 4249 geri
1743 4179 1853 4234 dis-

205 4269 412 4338 posuit,
456 4283 567 4339 quo
617 4273 968 4339 peccatorum
1023 4267 1248 4322 vulnere
1295 4267 1523 4322 sauciati
1563 4273 1617 4322 et
1675 4268 1852 4322 virtu-

1941 3189 2040 3258 57
2075 3197 2336 3264 ﬁdelium,
2386 3199 2480 3267 qui
2528 3211 2681 3251 sacra
2731 3195 3079 3252 confessione
3119 3201 3174 3250 et
3221 3194 3586 3266 lacrymarum

1939 3285 2261 3341 inundantia
2307 3285 2557 3340 mundari
2598 3285 2822 3350 debent,
2875 3283 3255 3354 designantur.
3299 3283 3389 3339 Ait
3439 3283 3586 3338 enim

1938 3376 2234 3445 Apostolus
2288 3396 2300 3430 :
2364 3373 2623 3446 Templum
2694 3375 2790 3428 Dei
2833 3379 3070 3428 sanctum
3126 3378 3202 3427 est
3260 3373 3396 3442 quod
3462 3371 3588 3425 estis

1937 3479 2027 3518 vos
2063 3468 2119 3534 (Ι
2153 3465 2273 3520 Cor.
2325 3479 2406 3529 IlI,
2464 3461 2568 3531 l7).
2611 3464 2712 3516 Per
2761 3461 3099 3515 ablutionem
3140 3459 3362 3528 pedum,
3395 3459 3587 3512 huma-

1939 3567 2131 3608 norum
2190 3552 2472 3606 mundatio
2539 3550 2849 3604 atfectuum.
2919 3551 3037 3613 Quo
3103 3552 3228 3600 acto
3296 3547 3464 3612 (191),
3527 3547 3583 3600 in

1937 3642 2170 3710 quadam
2229 3640 2394 3694 domo
2451 3637 2802 3700 conveniant,
2863 3640 2918 3688 et
2974 3633 3261 3687 Dominico
3331 3633 3584 3700 exemplo

1938 3727 2251 3782 mandatum
2307 3725 2527 3781 faciant.
2597 3725 2828 3793 Majores
2882 3733 3034 3786 vero,
3104 3720 3289 3775 linteis
3354 3719 3589 3789 praecin-

1938 3817 2034 3884 cti,
2138 3818 2263 3872 Cum
2336 3815 2586 3870 Dominus
2658 3815 2810 3868 Iesus
2912 3809 3282 3878 incipientes,
3356 3813 3589 3864 caetero-

1937 3921 2055 3963 rum
2103 3905 2272 3976 pedes
2317 3903 2517 3972 lavent,
2545 3909 2600 3958 et
2645 3901 2831 3957 linteis
2875 3903 3111 3970 tergant,
3153 3903 3441 3954 cantantes
3489 3911 3585 3952 an-

1933 3996 2192 4066 tiphonas
2221 4009 2344 4064 quae
2382 3993 2460 4049 ibi
2511 3991 2807 4062 pertinent.
2859 3988 3125 4045 Similiter
3168 4002 3364 4057 aquam
3414 3987 3584 4042 mani-

1934 4086 2038 4141 bus
2073 4084 2491 4139 subministrent
2537 4095 2660 4136 cum
2707 4077 3084 4148 manutergiis.
3137 4078 3251 4132 Hoc
3307 4076 3454 4131 idem
3513 4075 3583 4130 ab

1935 4188 2046 4230 uno
2095 4179 2419 4228 cazterorum
2451 4176 2505 4226 et
2548 4169 2848 4238 majoribus
2877 4167 2988 4222 ﬁat.
3028 4168 3146 4233 Quo
3177 4165 3356 4232 ﬁnito,
3392 4164 3584 4225 diaco:

1936 4278 2038 4318 nus
2085 4277 2207 4318 cum
2261 4260 2638 4331 processione,
2689 4257 3001 4320 dalmatica,
3052 4255 3379 4323 caaterisque
3416 4253 3584 4308 vesti-

206 4364 318 4411 tum
351 4358 551 4413 robore
599 4358 890 4423 debilitati,
932 4356 1093 4412 saluti
1143 4362 1363 4411 aeternae
1405 4355 1851 4420 restituerentur,
1933 4352 2132 4408 mentis
2171 4350 2418 4414 indutus,
2468 4362 2591 4403 cum
2639 4347 2817 4402 cereis
2855 4351 2910 4400 et
2948 4345 3176 4399 incenso
3234 4343 3486 4408 accedat,
3529 4347 3586 4395 et

209 4454 286 4510 et,
328 4445 527 4516 fugatis
566 4453 917 4516 peccatorum
965 4445 1228 4511 tenebris,
1277 4458 1458 4500 veram
1498 4444 1552 4498 in
1595 4443 1856 4500 cordibus
1875 4423 2274 4512 Devangelium
2331 4441 2465 4493 Aule
2520 4437 2655 4492 diem
2703 4437 2888 4506 festum
2934 4447 3067 4488 voce
3119 4432 3341 4502 quidem
3382 4429 3582 4484 lectio-

212 4549 402 4603 pacem
453 4536 712 4603 ferentes,
770 4535 897 4591 ﬁdei
962 4535 1166 4590 lumine
1213 4534 1672 4589 illuminarentur.
1735 4535 1856 4601 Ipsa

211 4625 354 4679 enim
403 4626 515 4692 die,
546 4626 717 4682 veteri
767 4626 894 4696 legi,
927 4640 1051 4694 qua:
1102 4631 1326 4694 peccata
1367 4624 1648 4692 puniebat,
1693 4622 1854 4677 ﬁnem

207 4713 383 4778 dedit,
435 4723 490 4770 et
539 4717 770 4784 primum
818 4713 1147 4770 sacriﬁcium
1179 4713 1431 4783 corporis
1478 4718 1532 4768 et
1573 4713 1857 4782 sanguinis

208 4805 314 4870 sui,
350 4818 464 4873 quo
511 4810 738 4872 peccata
783 4804 1090 4868 solvuntur,
1142 4801 1401 4857 instituit.
1449 4800 1654 4856 Altaria
1693 4801 1856 4855 etiam

209 4893 510 4960 nudantur,
544 4893 669 4962 quia
703 4893 1100 4962 comprehenso
1149 4891 1386 4956 Christo,
1431 4890 1524 4960 qui
1558 4904 1657 4959 per
1687 4890 1856 4944 altare

208 4981 498 5051 ﬁguratur,
543 4981 785 5054 discipuli
832 4981 1011 5037 relicto
1061 4997 1120 5036 eo
1159 4982 1401 5051 fugerunt
1447 4979 1654 5050 (Matth.
1706 4995 1853 5045 xxvi,

203 5070 317 5137 56),
350 5079 407 5126 et
439 5072 634 5126 timore
685 5070 923 5140 perculsi
975 5069 1160 5125 triduo
1200 5069 1498 5124 latuerunt.
1541 5067 1695 5135 Quod
1726 5080 1856 5123 vero

206 5161 274 5214 ab
322 5162 443 5230 ipsa
493 5159 583 5215 die
640 5159 782 5230 1182)
814 5173 989 5229 usque
1038 5159 1256 5214 missam
1306 5159 1486 5214 noctis
1534 5157 1854 5224 Dominicaz,

203 5263 312 5304 non
345 5250 406 5304 ﬁt
443 5255 912 5304 sacramentorum
943 5248 1312 5313 consecratio,
1345 5248 1671 5304 observatur
1704 5248 1858 5316 juxta

205 5339 338 5394 illud
388 5338 538 5408 quod
571 5339 832 5394 Dominus
861 5339 937 5393 ait
971 5359 982 5392 :
1017 5340 1140 5394 Non
1179 5336 1350 5390 bibam
1380 5337 1444 5391 de
1471 5337 1568 5391 hoc
1606 5336 1861 5406 genimine

208 5429 345 5493 ritis,
399 5443 564 5499 usque
610 5429 731 5483 dum
774 5427 944 5483 bibam
1003 5425 1136 5481 illud
1197 5440 1381 5479 novum
1428 5428 1482 5480 in
1529 5441 1690 5495 regno
1749 5440 1859 5480 meo

216 5518 427 5582 :Jlatth.
482 5533 628 5583 XXVI,
672 5517 785 5583 29).
826 5519 1073 5588 Regnum
1120 5514 1325 5570 Christi
1373 5513 1477 5568 fuit
1524 5515 1699 5585 gloria
1745 5530 1859 5571 sua:

213 5607 644 5664 resurrectionis
694 5627 706 5663 :
760 5612 814 5664 et
851 5607 970 5683 ipsa
1018 5607 1107 5663 die
1155 5603 1504 5662 manducavit
1551 5615 1735 5658 coram
1777 5604 1863 5660 di-

1938 4532 2024 4586 nis
2080 4530 2244 4600 legat.
2290 4529 2407 4594 Quo
2463 4526 2626 4591 lecto,
2687 4524 2955 4580 diaconus
2994 4527 3190 4586 taceat,
3234 4525 3289 4575 et
3346 4518 3420 4571 ita
3459 4527 3583 4569 cum

1939 4619 2127 4676 eadem
2166 4615 2521 4688 processione
2568 4614 2638 4669 ad
2679 4613 3002 4684 portandam
3054 4609 3377 4665 charitatem
3421 4601 3579 4674 (192)

1939 4711 1996 4766 in
2034 4707 2384 4763 refectorium
2426 4710 2690 4776 pergant;
2725 4709 2781 4758 et
2810 4703 3006 4757 iterum
3047 4699 3314 4752 diaconus
3352 4705 3584 4761 evange-

1937 4799 2069 4854 lium
2109 4797 2200 4851 ubi
2258 4794 2466 4850 dimisit
2525 4793 2773 4862 incipiat,
2815 4798 2870 4845 et
2927 4801 3100 4856 usque
3159 4783 3226 4837 ad
3268 4781 3582 4850 passionem

1905 4886 2203 4957 -perlegat.
2242 4882 2378 4955 (183‘,
2413 4882 2718 4951 Unicuique
2757 4879 2982 4934 fratrum
3024 4873 3107 4926 vel
3148 4871 3464 4940 cpiscopus.
3495 4867 3580 4924 vel

1941 4977 2200 5040 decanus,
2259 4972 2495 5042 phialam
2533 4971 2643 5025 vini
2684 4968 2957 5025 exhibeat.
3001 4963 3118 5028 Quo
3174 4960 3414 5031 expleto,
3462 4960 3581 5027 ipse

1941 5073 1995 5122 et
2033 5065 2317 5128 diaconus,
2359 5067 2414 5116 et
2467 5059 2655 5116 caeteri
2705 5051 2940 5110 ministri
2989 5051 3288 5116 resideant,
3332 5055 3387 5106 et
3424 5059 3580 5102 com-

1941 5153 2234 5226 pletorium
2308 5164 2431 5206 cum
2497 5146 2717 5204 silentio
2785 5143 2988 5199 dicant.
3063 5141 3199 5209 (195)
3270 5136 3580 5226 Mandatum

1942 5223 2243 5315 pauperum
2282 5239 2593 5294 mandatum
2631 5233 2858 5315 fratrum
2889 5231 3187 5302 prmcedat,
3222 5225 3371 5315 quod
3407 5223 3582 5315 nullo-

1943 5313 2107 5390 modo
2175 5328 2644 5400 praetermittatur,
2706 5314 2806 5384 58
2863 5328 2918 5377 et
2982 5319 3220 5376 charitas
3285 5314 3366 5368 eis
3425 5313 3580 5382 juxta

1944 5437 2106 5496 posse
2144 5419 2510 5489 impendatur.
2571 5416 2632 5469 In
2679 5413 2767 5467 his
2806 5413 2982 5468 tribus
3021 5409 3218 5496 diebus
3256 5402 3435 5458 omnis
3473 5401 3581 5456 do-

1945 5493 2122 5570 ctrina
2179 5507 2435 5579 pastoris,
2494 5503 2707 5559 scilicet
2747 5523 2762 5570 ;
2802 5501 3038 5565 Domine,
3088 5493 3232 5548 labia
3287 5506 3402 5548 mea
3457 5503 3584 5561 ape-

1944 5606 2072 5669 ries,
2111 5605 2167 5656 et
2209 5600 2347 5653 Deus
2387 5594 2442 5650 in
2488 5593 2820 5664 adjutorium,
2863 5587 3066 5646 silebit.
3109 5582 3358 5646 Recessit
3395 5585 3584 5652 pastor
