4156 6196
559 317 625 372 51
1698 313 1970 370 JOANNIS
2003 310 2420 368 ARCIIIEPISC.
2461 309 2794 365 ROTOMAG.
3748 296 3755 299 ’
3851 307 3919 362 52

563 448 755 502 noster
790 443 1060 510 Christus,
1101 442 1304 498 arietes
1357 442 1541 512 gregis
1573 442 1684 510 jam
1722 443 1972 509 pastores
2010 436 2465 508 Eccle—Apulus.
2497 437 2630 492 Post
2666 434 3080 504 responsorium
3121 447 3135 490 1
3175 434 3321 505 Sicut
3349 433 3461 489 siris
3488 433 3562 490 ad
3589 433 3915 504 occisionem,

562 536 660 593 site
700 533 1080 604 praedestinati
1137 532 1547 607 disperguntur.
1587 532 1727 586 Grex
1763 530 1967 586 Christi
2007 530 2202 585 timore

562 623 851 695 perculsus
889 622 1108 692 plebeio
1166 633 1318 678 more
1363 604 1649 677 Dominum
1694 634 1852 675 suum
1891 624 2201 675 veneratdr.

560 711 718 780 Quod
774 711 965 781 viginti
1033 718 1270 780 quatuor
1324 708 1565 765 candela:
1617 709 1773 777 juxta
1830 707 2089 776 psalmos,
2150 711 2205 762 et

560 801 850 869 lectiones,
883 806 939 856 et
967 802 1226 871 hymnum
1256 798 1550 864 Zachariae,
1598 798 2040 867 exstinguuntur,
2071 808 2205 866 apoé

559 892 829 947 stolorum
868 894 1029 945 nocte
1069 905 1131 945 ac.
1170 889 1258 943 die
1297 887 1609 943 mrestitiam
1648 885 1902 955 designat
1944 904 1956 939 :
2010 890 2064 939 et
2102 884 2205 940 ite-

560 995 681 1037 rum
719 980 1012 1036 exstinctio
1051 977 1213 1033 trium
1254 975 1465 1033 dierum
1504 974 1817 1031 maestitiam
1856 973 2203 1045 septuaginta

560 1070 794 1126 duorum
833 1067 1247 1137 discipulorum.

628 1162 690 1215 In
747 1164 896 1215 sexta
934 1156 1068 1212 feria
1108 1155 1245 1227 (195)
1298 1168 1491 1211 omnes
1529 1154 1702 1220 hom,
1746 1155 1992 1225 exceptis
2028 1156 2203 1210 matu-

556 1247 706 1318 tinis,
746 1249 803 1303 in
841 1247 1130 1303 ecclesiam
1170 1243 1551 1301 conveniendo
1591 1252 1715 1299 cum
1752 1243 1975 1299 silentio
2014 1243 2204 1299 dican-

554 1345 663 1395 tur.
703 1339 834 1393 Post
891 1336 1217 1390 matutinum
1257 1332 1454 1389 fratres
1519 1333 1576 1388 in
1642 1333 1904 1399 claustro,
1971 1339 2085 1401 aut,
2153 1332 2201 1388 si

554 1427 729 1493 deest,
763 1426 820 1479 in
851 1423 1106 1490 ecclesia,
1144 1422 1287 1494 (196)
1315 1422 1632 1492 psalterium
1663 1436 1786 1478 cum
1824 1422 2016 1478 litania
2050 1435 2203 1478 com-

553 1515 794 1571 muniter
851 1513 1058 1580 dicant,
1114 1525 1224 1581 quo
1265 1511 1416 1567 dicto
1473 1525 1664 1567 omnes
1720 1512 1863 1566 intra
1911 1511 2201 1567 ecclesiam

553 1617 678 1659 cum
716 1601 938 1657 silentio
1006 1600 1243 1668 privatas
1307 1600 1587 1656 orationes
1624 1598 1878 1656 iaciendo
1919 1614 2093 1670 usque
2132 1599 2201 1656 ad

554 1692 795 1747 ofﬁcium
851 1690 1097 1745 sedeant.
1150 1691 1297 1745 Hora
1352 1696 1497 1747 nona
1556 1690 1941 1760 percutiuntur
1996 1689 2198 1746 tabulae

2286 525 2581 593 cantando,
2612 524 2680 581 ad
2711 524 2792 594 [f.,
2832 523 3030 594 locum]
3065 523 3303 594 aliquem
3335 521 3585 579 deferant
3612 523 3669 579 in
3699 523 3917 582 modum

2285 615 2526 685 sepulcri
2556 614 2940 684 compositum,
2991 613 3085 669 ubi
3116 612 3449 670 recondatur
3476 627 3651 683 usque
3690 613 3746 669 in
3776 613 3917 672 diem

2285 705 2648 762 Dominicum.
2705 705 2822 772 Quo
2878 703 3172 769 collocato,
3230 703 3530 773 antiphona
3584 705 3653 758 In
3690 718 3824 774 pace
3865 706 3918 761 in

2285 795 2529 866 idipsum,
2571 800 2626 850 et
2663 793 3076 862 respo‘nsorium
3123 790 3336 864 Sepalto
3376 792 3619 856 Domino,
3649 798 3912 851 cantetur.

2284 884 2416 939 Post
2463 883 2605 955 (204)
2666 883 2903 939 ministri
2943 883 3124 939 crucis
3162 882 3365 939 casulis
3391 881 3571 938 induti
3600 881 3827 939 aﬁ‘erant
3852 884 3915 941 ad

2283 972 2456 1029 altare
2486 987 2610 1029 cum
2663 973 2792 1029 vino
2840 986 2950 1029 non
2998 978 3322 1029 consecrato
3356 975 3690 1028 reservatum
3722 986 3916 1044 corpus

2283 1061 2519 1130 Domini,
2560 1062 2656 1118 ubi
2702 1075 2735 1116 a
2779 1061 3069 1119 sacerdote
3124 1062 3463 1128 incensetur;
3503 1065 3561 1117 et
3596 1060 3675 1117 ibi
3712 1067 3917 1119 tantum

2285 1152 2503 1209 Oremus
2553 1171 2570 1207 :
2628 1152 2909 1224 Praeceptis
2956 1150 3298 1218 salutaribus,
3368 1163 3544 1221 usque
3600 1149 3706 1205 Sed
3762 1148 3918 1208 libera

2284 1257 2379 1298 nos
2410 1256 2445 1297 a
2473 1240 2635 1310 maio,
2666 1256 2697 1297 a
2726 1241 3016 1299 sacerdote
3054 1240 3289 1297 dicatur.
3322 1242 3444 1296 Pax
3478 1239 3687 1296 Domini
3720 1232 3797 1302 6|
3844 1246 3919 1296 ta-

2283 1336 2492 1399 ceatur,
2534 1333 2687 1401 pacis
2715 1333 2862 1388 enim
2891 1330 3082 1388 osculo
3120 1331 3360 1387 traditur
3414 1330 3686 1387 Christus.
3729 1331 3918 1388 Postea

2287 1420 2428 1492 (205)
2469 1433 2501 1475 a
2538 1422 2745 1490 majore
2783 1420 2852 1475 ad
2886 1421 3156 1477 minorem
3196 1433 3387 1476 omnes
3425 1419 3916 1477 communicentur.

2283 1510 2412 1564 Post
2458 1508 2660 1563 tabulis
2715 1509 2992 1579 percussis
3054 1522 3313 1579 vesperae
3374 1508 3653 1580 sigillatim
3716 1509 3919 1578 dicant,

2285 1602 2341 1653 et
2375 1598 2457 1653 sic
2498 1597 2636 1669 (206)
2677 1598 2746 1654 ad
2786 1596 3147 1655 refectionem
3187 1598 3346 1669 panis
3383 1602 3440 1654 et
3475 1613 3635 1670 aquas
3675 1603 3917 1671 pergant.

2282 1687 2364 1743 Ad
2404 1687 2827 1757 eompletorium
2857 1687 3106 1755 redeant,
3139 1688 3288 1758 quod
3318 1688 3599 1758 sigillatim
3627 1687 3836 1745 dicant.

554 1786 614 1837 ut
653 1782 710 1836 in
747 1780 1029 1836 matutinis
1062 1800 1075 1835 :
1108 1793 1299 1835 omnes
1337 1784 1393 1835 et
1430 1781 1498 1840 ad
1536 1780 1719 1850 ignem
1757 1776 2265 1837 benedicendumB
2357 1778 2419 1832 ln
2474 1777 2711 1833 Sabbato
2782 1782 2973 1833 sancto
3013 1777 3192 1833 omnis
3230 1777 3464 1834 ecclesia
3502 1790 3627 1833 cum
3664 1778 3922 1834 altaribus

555 1869 744 1925 clerici
796 1876 857 1925 ut
902 1870 1161 1925 hesterna
1217 1869 1307 1925 die
1366 1876 1596 1940 pergant
1651 1882 1774 1925 cum
1823 1869 2199 1939 processione.

554 1960 684 2031 Igne
724 1962 952 2029 accepto
992 1959 1060 2014 ad
1117 1958 1405 2014 ecclesiam
1446 1958 1695 2026 redeant,
1737 1964 1792 2014 et
1836 1957 2077 2015 ofﬁcium
2115 1958 2202 2014 in-

556 2049 781 2119 cipiant.
817 2047 959 2115 (197)
988 2048 1238 2104 Officium
1270 2062 1303 2103 a
1330 2047 1570 2104 lectione
1618 2047 1747 2103 libri
1774 2048 1948 2103 Exodi
1976 2047 2205 2103 inchoe-

551 2142 665 2207 tur,
715 2140 924 2193 tractus
979 2141 1242 2207 sequatur
1281 2156 1295 2192 :
1339 2143 1531 2206 postea
1589 2149 1713 2191 cum
1750 2136 2133 2207 genuﬁexione
2171 2149 2203 2191 a

555 2227 844 2283 sacerdote
886 2218 986 2287 59
1029 2227 1247 2282 dicatur
1284 2224 1461 2282 oratio
1499 2228 1663 2294 Deus,
1704 2241 1739 2282 α
1776 2241 1876 2297 quo
1915 2231 1965 2282 et
1992 2226 2160 2281 ludas
2180 2245 2200 2292 ,-

553 2321 681 2386 post
745 2323 1010 2387 sequatur
1067 2316 1238 2371 altera
1301 2318 1433 2372 Osee
1492 2316 1678 2385 lectio,
1738 2315 1939 2372 deinde
1995 2321 2203 2372 tractus

554 2406 719 2476 Eripe
745 2419 826 2460 me
844 2427 863 2471 ,-
898 2405 1099 2461 deinde
1131 2405 1313 2475 passio
1360 2406 1577 2460 Domini
1606 2404 1909 2461 secundum
1936 2406 2201 2460 Joannem

552 2493 788 2564 legatur,
829 2493 898 2549 ad
937 2506 1101 2564 quam
1137 2494 1389 2550 Dominus
1434 2492 1696 2550 vobiscum
1743 2506 1854 2550 non
1893 2494 2041 2549 dicat
2080 2494 2206 2549 dia-

556 2596 750 2650 conus,
800 2596 905 2639 nec
944 2582 1128 2639 Gloria
1166 2583 1278 2650 tibi,
1319 2585 1558 2653 Domine,
1600 2584 1933 2654 respondeat
1971 2583 2153 2639 clerus
2184 2604 2198 2639 :

554 2671 675 2741 ipsa
715 2672 860 2727 enim
918 2672 1008 2727 die
1048 2672 1349 2728 omittenda
1398 2679 1481 2729 est
1527 2673 1783 2730 salutatio
1821 2674 1879 2728 in
1917 2672 2195 2739 membris,

555 2775 680 2831 quae
718 2776 750 2817 a
788 2761 1054 2817 traditore
1096 2756 1369 2833 discipulo
1409 2763 1467 2818 in
1504 2764 1684 2833 capite
1723 2763 1858 2818 falsa
1895 2762 2199 2832 prmcessit.

553 2852 688 2905 Dum
744 2858 929 2905 autem
974 2852 1188 2906 venerit
1236 2852 1302 2906 ad
1357 2853 1539 2907 locum
1578 2848 1671 2907 ubi
1711 2849 1916 2907 dicitur
1956 2872 1969 2906 :
2009 2851 2203 2907 Partiti

554 2944 673 2995 sunt
719 2940 1025 2996 vestimenta
1073 2955 1208 3006 mea,
1274 2940 1411 3011 (198)
1452 2941 1562 2997 duo
1619 2941 1837 2997 diaconi
1877 2941 2089 2997 nudent
2125 2941 2205 2996 al-

552 3032 670 3083 tare
728 3029 1075 3096 sindonibus,
1118 3044 1241 3099 quae
1300 3030 1453 3098 prius
1508 3030 1611 3084 sub
1652 3028 1934 3100 evangelio
1982 3029 2202 3086 fuerant

2286 1871 2531 1937 paretur.
2589 1868 2790 1922 Omnes
2844 1866 2996 1924 hora:
3053 1867 3165 1923 diei
3224 1872 3285 1922 ut
3330 1869 3629 1924 Parasceve
3677 1882 3803 1924 cum
3854 1868 3923 1924 si-

2285 1955 2458 2012 lentio
2526 1954 2895 2012 celebrentur.
2965 1957 3025 2011 ln
3091 1956 3179 2012 his
3245 1956 3422 2012 tribus
3486 1956 3681 2013 diebus
3742 1957 3924 2015 Gloria

2284 2046 2437 2101 Patri
2491 2057 2603 2101 non
2643 2050 2916 2114 cantatur,
2957 2060 3065 2115 qua
3121 2045 3377 2101 triduana
3415 2047 3474 2101 in
3521 2046 3608 2102 his
3644 2046 3925 2116 sepultura

2284 2134 2500 2191 Domini
2556 2134 2906 2202 celebratur;
2968 2150 3068 2205 per
3123 2144 3356 2191 mortem
3411 2136 3559 2191 enim
3605 2135 3924 2208 designatur

2285 2224 2614 2290 humiliatio,
2656 2238 2756 2294 per
2793 2224 3023 2295 gloriam
3062 2224 3344 2281 exultatio.
3385 2225 3523 2292 Quia
3560 2239 3690 2282 vero
3730 2225 3789 2281 in
3827 2227 3926 2283 Do-

2287 2313 2508 2381 minica,
2549 2328 2674 2383 qum
2714 2328 2813 2383 per
2858 2318 3078 2369 noctem
3124 2313 3289 2369 tertia
3326 2313 3448 2369 dies
3484 2312 3786 2383 sepultura
3823 2316 3926 2371 Do-

2288 2404 2421 2459 mini
2478 2408 2849 2473 computatur,
2922 2408 3151 2473 propter
3215 2402 3445 2474 gloriam
3510 2405 3926 2461 resurrectionis

2287 2505 2399 2548 non
2437 2498 2621 2563 potest
2655 2492 2939 2562 sepultura
3005 2491 3221 2548 Domini
3260 2491 3549 2559 celebrari,
3589 2494 3753 2549 tertia
3789 2492 3928 2550 celes

2286 2582 2465 2638 bratio
2518 2581 2877 2637 constituitur
2914 2596 2946 2637 a
2983 2581 3190 2637 sanctis
3227 2581 3480 2637 Patrihus
3518 2582 3577 2637 in
3615 2582 3707 2639 die
3743 2584 3922 2640 Genua

2286 2670 2522 2738 Domini,
2592 2671 2651 2726 in
2706 2685 2815 2741 qua
2868 2685 2929 2726 se
2978 2685 3079 2742 pro
3146 2671 3402 2727 omnibus
3464 2670 3581 2728 suis
3648 2684 3927 2743 passurum

2285 2759 2554 2830 apostolis
2591 2760 2853 2828 innotuit,
2887 2760 3017 2830 quia
3044 2773 3266 2817 carnem
3302 2774 3457 2817 suam
3494 2761 3563 2816 ad
3602 2762 3929 2819 vescendum

2288 2850 2347 2906 in
2387 2850 2627 2906 crastino
2683 2864 2985 2920 passuram,
3027 2851 3348 2922 sanguinem
3395 2864 3613 2921 quoque
3652 2852 3932 2909 effunden-

2288 2940 2417 3008 dum
2455 2940 2616 2995 simul
2655 2941 2737 2996 eis
2774 2939 3022 2996 tradidit.
3057 2939 3194 3011 (207)
3235 2942 3391 2997 Nona
3440 2941 3577 2998 hora
3622 2940 3734 2998 diei
3785 2942 3926 3016 (208)

2290 3029 2567 3098 percussis
2623 3028 2826 3085 tabulis
2861 3030 2930 3084 ad
2984 3029 3275 3086 ecclesiam
3334 3036 3628 3087 concurrat
3667 3032 3926 3103 populus.

552 3116 752 3185 posita.
804 3117 987 3172 Altare
1035 3117 1307 3187 significat
1335 3119 1644 3186 Dominum,
1685 3120 1948 3176 sindones
1976 3111 2350 3190 aposto-GEt
2385 3116 2467 3174 sic
2506 3118 2687 3174 clerus
2724 3132 2847 3174 cum
2886 3119 3243 3188 processione
3274 3118 3343 3175 ad
3366 3119 3548 3192 ignem
3599 3120 3932 3178 benedicen-

554 3206 659 3273 los,
721 3206 813 3277 qui
854 3206 1311 3277 comprehensum
1366 3209 1656 3264 Dominum
1695 3210 2071 3279 relinquentes
2108 3209 2199 3266 fu-

555 3302 775 3365 gerunt.
816 3297 964 3351 More
1022 3302 1203 3352 autem
1262 3297 1519 3354 lectionis
1556 3298 1738 3368 passio
1778 3299 2011 3369 legatur,
2054 3298 2198 3372 (199)

555 3392 785 3455 excepta
820 3399 955 3441 voce
993 3385 1201 3441 Domini
1229 3401 1352 3456 quae
1391 3387 1447 3442 in
1486 3388 1610 3442 aliis
1648 3388 1883 3456 dicatur,
1916 3403 2024 3459 qua
2048 3388 2200 3445 ﬁnita

554 3476 731 3543 major
768 3474 1028 3531 sacerdos
1077 3475 1353 3531 solemnes
1391 3476 1671 3533 orationes
1703 3480 1788 3548 ΠΣ,
1831 3478 2021 3543 dicat].
2061 3479 2200 3534 Ora-

552 3564 631 3620 vit
660 3565 805 3621 enim
853 3565 1103 3620 Christus
1157 3565 1215 3620 in
1247 3566 1502 3635 passione
1549 3582 1647 3622 sua
1685 3581 1786 3637 pro
1827 3571 2203 3638 persecutori-

550 3655 655 3711 bus
692 3654 826 3723 suis,
891 3654 1083 3711 dicens
1125 3673 1137 3709 :
1179 3657 1358 3722 Pater,
1420 3655 1618 3711 dimitte
1662 3656 1769 3712 illis
1823 3657 1964 3729 (Lac.
2006 3674 2196 3727 xxxm;

549 3743 685 3813 34);
729 3748 784 3800 et
820 3745 877 3799 in
935 3744 1017 3800 eis
1082 3743 1425 3801 orationibus
1482 3746 1900 3816 genuﬂectatur,
1971 3755 2200 3821 excepta

556 3832 650 3902 [f.,
683 3831 944 3903 excepto]
984 3831 1321 3900 Judieorum,
1356 3832 1449 3902 qui
1487 3832 1620 3889 falsa
1677 3837 2059 3905 genuﬂexione
2098 3840 2202 3894 Do-

555 3920 761 3976 minum
817 3920 1129 3976 illuserunt.
1171 3921 1379 3988 Quibus
1417 3922 1651 3992 expletis
1690 3923 1827 3997 (200)
1869 3926 1978 3984 duo
2017 3940 2199 3984 sacer-

555 4010 735 4077 dotes,
787 4008 987 4066 casulis
1044 4009 1242 4077 induti,
1277 4010 1631 4081 antiphonam
1677 4014 1873 4087 Popalc
1900 4031 2042 4073 nicas
2072 4030 2199 4073 can-

553 4106 754 4168 tantes,
813 4100 1044 4155 velatam
1097 4114 1317 4157 crucem
1366 4098 1593 4159 afferant
1637 4084 1892 4175 :’quibus
1930 4107 2023 4163 alii
2062 4109 2194 4175 duo,

554 4189 744 4260 cappis
798 4189 999 4257 induti,
1039 4189 1115 4262 (in
1181 4190 1363 4248 medio
1433 4192 1604 4249 choro
1679 4200 1908 4263 stantes,
1978 4200 2200 4255 Graecos

552 4293 744 4335 versus
801 4279 958 4351 Αγιος
1010 4278 1403 4350 respondeant,
1463 4296 1763 4355 omnesque
1819 4285 1913 4341 alii
1969 4288 2199 4343 Sanctus

554 4368 763 4437 dicant,
796 4370 945 4440 quod
976 4374 1062 4426 ter
1092 4377 1368 4441 repetunt.
1403 4373 1520 4429 Hoc
1549 4379 1636 4429 ter
1664 4375 1922 4444 repetito,
1959 4369 2070 4438 60
2112 4388 2197 4432 sa-

2281 3208 2410 3264 dum
2448 3215 2672 3280 pergat;
2714 3212 2771 3264 et
2807 3221 2873 3265 eo
2910 3208 3206 3266 benedicto
3262 3216 3428 3282 atque
3483 3211 3791 3279 incensato,
3841 3226 3932 3269 ce-

2282 3311 2412 3355 reus
2448 3310 2591 3354 unus
2627 3298 2981 3365 accendatur,
3015 3300 3110 3370 qui
3158 3301 3226 3356 ab
3275 3301 3541 3372 episcopo
3570 3306 3664 3359 aut
3691 3304 3724 3357 a
3751 3315 3933 3360 sacer-

2284 3389 2433 3456 dote,
2475 3401 2599 3444 cum
2658 3389 2894 3445 diacono
2934 3381 3036 3450 62
3076 3389 3133 3445 in
3174 3390 3409 3461 quadam
3460 3391 3636 3461 hasta,
3676 3392 3734 3447 in
3771 3394 3932 3464 cujus

2282 3477 2592 3532 summitate
2650 3476 2859 3549 efﬁgies
2917 3479 3194 3549 serpentis
3250 3479 3540 3549 habeatur,
3604 3479 3742 3552 (206)
3802 3492 3931 3538 can-

2284 3565 3929 3629 tanteclero:Dominus................

2287 3699 2300 3713 .
2346 3698 2359 3713 .
2406 3699 2420 3712 .
2465 3699 2478 3712 .
2525 3697 2540 3712 .
2581 3696 2596 3711 .
2641 3697 2656 3712 .
2699 3698 2716 3713 .
2761 3700 2773 3715 .
2820 3697 2835 3713 .
2873 3660 2985 3715 vita
3012 3661 3494 3729 sua(Hicdesunt
3522 3661 3665 3717 haud
3696 3664 3926 3733 pauca),

2281 3746 2337 3802 id
2390 3755 2495 3815 est,
2536 3749 2794 3819 gaudium
2862 3751 3057 3805 animae
3123 3755 3180 3806 et
3243 3751 3420 3823 gloria
3483 3752 3931 3821 incorruptibills

2283 3839 2535 3907 corporis
2576 3857 2588 3893 :
2630 3839 2771 3894 albae
2811 3840 2957 3894 enim
3012 3845 3193 3895 vestes
3229 3840 3462 3909 gloriam
3500 3841 3934 3898 resurrectionis

2282 3926 2588 3996 designant.
2630 3925 2770 3995 (210)
2810 3925 2946 3981 Alba
2993 3925 3125 3980 licet
3180 3926 3474 3995 baptizatis
3512 3931 3615 3994 uti,
3647 3930 3935 3987 chrismall

2280 4024 2393 4070 non
2431 4014 2536 4069 nisi
2567 4013 2883 4069 sacerdotes
2930 4014 3009 4083 (ﬁ,
3041 4012 3114 4083 in]
3154 4012 3415 4083 cultibus,
3448 4015 3675 4084 quidem
3705 4018 3933 4077 divinis.

2280 4107 2411 4161 Post
2474 4105 2657 4160 lumen
2716 4104 2878 4160 datur
2941 4104 2998 4159 in
3038 4103 3310 4172 manibus,
3365 4106 3650 4176 perquOd
3691 4109 3938 4178 Spiritus

2280 4199 2503 4250 sanctus
2548 4193 2839 4264 accipitur,
2895 4206 3006 4263 quo
3046 4194 3191 4251 bona
3229 4197 3449 4265 operari
3487 4202 3784 4254 mereatur.
3831 4203 3938 4258 Per

2280 4282 2593 4340 albedinem
2646 4283 2815 4340 vestis
2871 4283 3142 4341 munditia
3197 4286 3397 4342 mentis
3445 4285 3783 4358 designatur.
3828 4292 3936 4348 Per

2282 4373 2466 4429 lumen
2504 4372 2657 4443 quod
2686 4373 2940 4430 manibus
2977 4375 3267 4446 accipitur,
3300 4374 3447 4432 bona
3471 4388 3643 4446 opera
3688 4377 3934 4448 ﬁguran-

555 4460 755 4517 cerdos
774 4459 999 4515 veniens
1035 4465 1161 4516 ante
1183 4476 1400 4518 crucem
1421 4448 2391 4534 antiphonam,Eccelignam,Dtur.
2435 4460 2572 4533 (211)
2611 4463 2767 4530 Quod
2832 4477 2932 4533 per
2998 4470 3208 4535 septem
3274 4465 3394 4521 dies
3450 4465 3589 4523 alba
3644 4472 3828 4523 vestes
3877 4473 3933 4525 et

552 4550 846 4621 incipiens,
898 4564 1115 4606 crucem
1154 4550 1546 4619 discooperiat,
1589 4567 1752 4623 quam
1791 4568 1917 4609 mox
1953 4560 2015 4610 ut
2051 4554 2198 4610 vide-

554 4640 665 4696 rint
702 4639 1042 4710 lacrymahili
1110 4640 1277 4696 corde
1345 4642 1606 4709 prostrati
1662 4642 1720 4697 in
1759 4647 1906 4698 terra
1945 4643 2197 4700 adorent.

553 4731 685 4784 Post
722 4730 984 4785 sacerdos
1032 4731 1086 4785 et
1143 4729 1515 4786 subdiaconus
1553 4745 1612 4786 se
1652 4738 2069 4801 prosternentes
2106 4731 2201 4789 ad-

556 4824 716 4873 orent
755 4832 993 4886 crucem,
1028 4823 1153 4890 post
1181 4818 1307 4875 illos
1354 4821 1533 4876 omnis
1563 4821 1762 4891 clerus,
1795 4820 1997 4879 dehinc
2026 4837 2205 4893 popu-

556 4903 661 4960 lus.
693 4904 955 4963 Adoratio
987 4910 1229 4964 omnium
1277 4910 1354 4964 ita
1401 4910 1514 4977 ﬁat,
1567 4917 1624 4965 ut
1674 4911 1815 4979 (201)
1852 4912 2203 4983 uniuscujus-

556 5007 663 5063 que
703 4998 896 5049 venter
932 4996 987 5051 in
1027 5002 1173 5054 terra
1212 4998 1458 5067 haereat;
1491 4999 1619 5054 dum
1651 5000 1796 5056 enim
1829 5002 1984 5071 juxta
2020 5003 2204 5074 Augu-

554 5084 759 5141 stinum
798 5082 853 5139 in
896 5086 1103 5156 psalmo
1142 5103 1272 5143 XLIII
1328 5087 1733 5161 genuﬂectitur,
1803 5088 1983 5146 adhuc
2032 5092 2203 5147 restat

558 5174 706 5241 quod
737 5173 1095 5243 humilietur;
1138 5176 1233 5244 qui
1280 5185 1461 5234 autem
1498 5178 1578 5234 sic
1608 5174 1928 5233 humiliatur
1965 5182 2026 5234 ut
2053 5183 2205 5235 totus

559 5258 616 5314 in
676 5268 822 5319 terra
882 5264 1109 5329 haereat,
1167 5263 1304 5321 nihil
1360 5267 1417 5323 in
1475 5282 1540 5324 eo
1597 5266 1830 5337 amplius
1875 5266 2203 5324 humilitatis

561 5354 749 5405 restat.
798 5354 915 5419 Quo
956 5358 1179 5422 peracto
1219 5356 1512 5412 cruciﬁxus
1572 5358 1627 5414 in
1677 5358 2201 5414 commemoratione

558 5439 842 5509 sanguinis
879 5449 934 5496 et
971 5456 1130 5513 aquae
1167 5441 1386 5497 ﬂuentis
1443 5445 1511 5501 de
1567 5448 1739 5504 latere
1789 5444 2198 5516 Redemptoris,

561 5526 702 5597 (202)
741 5528 867 5586 vino
923 5536 980 5585 et
1032 5543 1173 5601 aqua
1234 5530 1463 5599 lavetur,
1508 5534 1654 5608 (203)
1694 5536 1764 5592 de
1804 5548 1915 5607 quo
1955 5540 2079 5604 post
2118 5549 2203 5590 sa-

444 5660 459 5675 .
556 5628 705 5673 cram
742 5618 1181 5678 communionem
1220 5617 1423 5677 chorus
1456 5620 1536 5692 υἱ,
1586 5624 1782 5694 clerus]
1838 5623 1991 5681 bibat
2021 5628 2076 5681 et
2104 5635 2204 5694 po-

2284 4551 2603 4607 chrismales
2657 4559 2966 4623 portantur,
3026 4566 3222 4610 cursus
3279 4554 3443 4625 hujus
3506 4555 3653 4623 vitae,
3696 4556 3752 4611 in
3817 4571 3930 4627 quo

2284 4654 2502 4709 semper
2537 4640 2687 4697 bono
2726 4655 2895 4712 opere
2935 4642 3156 4698 candidi
3195 4656 3317 4699 esse
3356 4644 3639 4714 debemus,
3672 4646 3935 4715 exprimi-

2283 4733 2375 4785 tur
2406 4749 2418 4784 :
2452 4729 2521 4785 de
2551 4744 2662 4800 quo
2709 4730 2965 4786 Salomon
3005 4731 3081 4785 ait
3115 4751 3127 4785 :
3157 4732 3311 4787 Ortini
3365 4738 3592 4806 tempore
3626 4734 3933 4790 vestimenta

2285 4823 2377 4874 tua
2419 4820 2523 4875 sint
2568 4819 2818 4887 candida,
2869 4822 2917 4873 et
2947 4817 3115 4873 oleum
3163 4820 3227 4875 de
3274 4824 3444 4894 capite
3479 4828 3565 4878 tuo
3587 4838 3688 4879 non
3720 4823 3933 4895 deﬁciat

2289 4906 2482 4976 (Eccte.
2531 4923 2607 4975 1x,
2656 4906 2733 4972 8).
2784 4909 2888 4961 Per
2944 4905 3126 4963 oleum
3165 4909 3406 4967 charitas
3442 4911 3781 4984 designatur.
3825 4914 3932 4969 Sex

2286 4998 2431 5054 enim
2471 4996 2726 5052 aetatibus
2763 4996 3000 5053 mundus
3044 4999 3327 5070 vergitur;
3369 5002 3590 5071 requies
3626 5003 3932 5059 animarum

2285 5087 2515 5157 septima
2570 5092 2703 5143 aetas
2751 5092 3120 5157 computatur.
3181 5090 3322 5163 (212)
3385 5094 3490 5148 Per
3537 5098 3782 5149 octavam
3822 5106 3933 5163 qua

2284 5181 2465 5232 vestes
2519 5175 2892 5245 deponuntur,
2951 5191 3178 5250 regnum
3244 5180 3362 5248 Dei,
3404 5180 3460 5236 in
3514 5195 3625 5253 quo
3684 5182 3928 5239 charitas

2286 5270 2596 5336 caeteraque
2657 5266 2801 5322 bona
2867 5279 3037 5338 Opera
3102 5270 3417 5339 cessabunt,
3475 5272 3815 5346 designatur,
3876 5275 3936 5328 et

2286 5355 2446 5411 beata
2483 5355 2894 5413 immortalitate
2952 5361 3267 5415 vestiemur.
3335 5361 3467 5417 Post
3522 5361 3664 5433 (213)
3712 5361 3935 5418 duobus

2287 5444 2410 5502 aliis
2470 5446 2905 5517 Sancta.Maria,
2935 5449 3195 5506 intercedc
3229 5463 3329 5521 pro
3356 5451 3527 5519 nobis,
3562 5453 3781 5509 tertiam
3810 5452 3933 5507 lita-

2286 5535 2431 5591 uiam
2465 5536 2877 5607 incipientibus,
2916 5538 2985 5595 ad
3024 5538 3250 5595 chorum
3287 5540 3478 5598 redeat
3507 5541 3728 5598 clerus:
3755 5542 3813 5597 in
3843 5555 3935 5597 cu-

2281 5626 2374 5694 jus
2402 5624 2508 5683 ﬁne
2535 5628 2717 5697 Agnus
2750 5629 2849 5685 Dei
2886 5633 3157 5694 cantetur,
3198 5633 3254 5687 et
3290 5630 3372 5687 sic
3411 5622 3515 5695 63
3556 5642 3749 5688 omnes
3778 5629 3931 5687 cerei
