4156 6196
256 286 321 343 53
1310 281 1509 338 LIBER
1542 281 1632 337 DE
1667 280 1953 338 OFFICIIS
1990 278 2533 337 ECCLESIASTICIS.

3536 285 3611 341 54

257 412 622 473 illuminentur
651 428 667 467 :
703 409 833 480 quia
887 422 988 479 per
1031 410 1243 480 Agnum
1286 407 1385 465 Dei
1422 407 1761 464 illuminatus
1797 410 1883 464 est
1900 408 2078 468 Atros
2106 406 2300 477 psalmi
2339 420 2463 464 cum
2508 406 2826 478 antiphonis
2851 408 3274 480 subsequantur.
3310 413 3452 484 (221)
3483 416 3609 473 Dia~

255 503 496 562 mundus.
529 502 661 557 Post
687 513 879 556 versus
913 499 1135 571 Suscipe
1170 497 1582 570 deprecationem
1625 502 1879 566 nostram,

256 606 367 650 cum
429 590 615 649 Gloria
668 590 819 646 Patri
875 590 1129 653 dicatur,
1197 594 1252 643 et
1313 588 1513 643 iterum
1558 589 1739 655 Agnus
1790 588 1883 642 Dei

254 687 542 753 repetatur.
609 678 819 735 Deinde
884 679 1051 749 Kyrie
1114 676 1308 732 eleisou
1361 682 1676 745 sequatur:
1741 674 1881 744 (214)

254 777 368 843 post
415 769 599 827 Gloria
643 770 699 824 in
743 767 998 834 excelsis,
1047 766 1218 823 altare
1264 766 1602 833 incensetur,
1652 770 1707 821 et
1754 764 1883 835 pul-

250 860 488 918 santibus
560 859 817 915 omnibus
889 857 1168 927 campanis
1239 856 1349 911 alta
1420 868 1554 912 voce
1638 854 1878 911 ﬁniatur.

249 951 495 1007 Oratione
543 953 812 1019 praeterea
840 946 988 1003 dicta
1026 951 1082 1002 et
1118 944 1358 1002 lectione
1396 944 1540 1000 lecta
1574 942 1739 1014 (215),
1771 944 1881 1000 duo

253 1040 455 1111 cappati
511 1038 569 1093 in
636 1037 850 1108 pulpito
895 1033 1123 1092 Alleluia
1147 1076 1164 1102 ,
1232 1034 1554 1105 Conﬁtemini
1579 1075 1594 1099 ,
1662 1032 1880 1089 celebre

249 1133 479 1185 canum.
528 1129 647 1195 Quo
694 1126 870 1193 ﬁnito,
917 1124 1027 1181 duo
1064 1125 1346 1181 seniorum
1372 1124 1431 1179 in
1459 1122 1601 1178 albis
1624 1127 1878 1189 tractum,

252 1218 474 1275 Laudato
518 1216 792 1272 Dominum
839 1219 1080 1271 cantent.
1131 1215 1236 1269 Per
1281 1214 1388 1269 hoc
1445 1213 1769 1280 Sabbatum,
1826 1218 1882 1271 et

249 1306 485 1375 Alleluia,
516 1306 665 1377 quod
701 1306 952 1376 sequitur
990 1310 1218 1372 tractus,
1250 1304 1426 1374 prima
1451 1304 1582 1371 vita,
1615 1318 1739 1374 quas
1768 1318 1877 1362 non

248 1396 344 1455 fuit
388 1404 614 1464 aeterna,
662 1396 762 1452 sed
809 1394 962 1466 lapsa
988 1386 1083 1451 "est
1118 1395 1176 1450 in
1215 1408 1486 1460 aerumna,
1537 1394 1877 1465 designatur.

250 1489 346 1543 Per
370 1486 599 1542 Alleluia
646 1486 792 1542 enim
836 1486 1032 1557 gloria,
1066 1491 1122 1541 et
1169 1498 1267 1555 per
1295 1491 1529 1541 tractum
1559 1485 1878 1541 lamentatio

248 1576 535 1647 ﬁguratur;
582 1589 683 1645 per
726 1574 1006 1646 graduale,
1039 1574 1187 1645 quod
1216 1572 1447 1629 Alleluia
1478 1574 1750 1643 sequitur,
1782 1588 1879 1631 sex

248 1670 426 1722 mtates
453 1666 618 1735 hujus
645 1664 856 1732 mundi,
899 1664 956 1719 in
1002 1664 1205 1734 quibus
1244 1662 1388 1719 bona
1426 1665 1751 1733 operatione
1797 1664 1877 1720 sic

1963 509 2137 553 conus
2193 496 2572 554 dalmaticatus
2620 498 2985 569 evangelicam
3021 499 3316 557 lectionem
3366 518 3606 572 pronun-

1964 585 2082 640 tiet.
2129 585 2235 641 Alii
2283 585 2393 642 duo
2440 587 2495 641 in
2544 588 2734 657 cappis
2764 587 2899 643 alias
2936 589 3073 644 duas
3100 589 3370 646 lectiones
3399 592 3602 661 legant.

1967 673 2124 745 (222)
2177 675 2613 746 Unumquodque
2662 678 3071 747 responsorium
3116 693 3147 734 a
3194 681 3340 735 binis
3387 681 3607 738 clericis

1962 763 2170 821 indutis
2216 769 2486 820 cantetur.
2545 764 2684 831 (223)
2734 768 2863 823 Post
2918 768 3138 825 tertium
3192 772 3603 840 responsorium

1962 851 2201 908 ofﬁcium
2229 854 2470 923 sepulcri
2500 855 2828 913 celebretur.
2869 860 2985 926 Quo
3031 864 3274 928 peracto,
3324 864 3393 916 Te
3440 863 3603 916 Deum

1962 939 2259 1008 laudamus,
2305 941 2464 996 altari
2512 943 2818 1012 incensato,
2874 952 3127 1003 cantetur
3162 955 3217 1004 et
3257 954 3382 1020 post
3411 964 3603 1006 unum-

1961 1030 2223 1099 quodque
2280 1032 2696 1099 responsorium
2747 1035 3085 1092 incensetur.
3144 1040 3275 1094 Post
3321 1041 3604 1097 matutinae

1961 1119 2153 1176 laudes
2182 1133 2304 1174 cum
2335 1121 2581 1189 quinque
2632 1123 2874 1192 psalmis,
2925 1131 2980 1181 et
3026 1128 3142 1183 suis
3178 1129 3516 1199 antiphonis,
3549 1136 3605 1186 et

1961 1209 2224 1278 capitulo,
2265 1213 2319 1264 et
2364 1210 2694 1277 Benedictus,
2733 1225 2855 1267 cum
2886 1216 3031 1270 trina
3057 1217 3374 1287 antiphona;
3404 1219 3608 1289 repeti-

1959 1299 2112 1354 tione
2162 1298 2529 1354 celebrentur.
2595 1298 2751 1370 (224)
2811 1302 2989 1357 Finita
3046 1307 3295 1362 oratione
3352 1314 3607 1364 cantores

1960 1388 2291 1444 henedicant
2348 1388 2633 1443 Dominum
2691 1404 2813 1444 cum
2870 1392 3078 1460 gratiis.
3139 1396 3353 1462 Prima,
3414 1397 3602 1464 tertia,

1959 1484 2133 1548 sexta,
2186 1492 2329 1534 nona
2367 1484 2423 1533 et
2470 1478 2910 1549 completorium,
2957 1495 3079 1536 cum
3112 1483 3352 1552 psalmis,
3396 1491 3450 1540 et
3488 1499 3609 1557 gra-

1959 1568 2145 1635 duali,
2198 1575 2253 1623 et
2300 1568 2546 1624 oratione
2597 1569 2869 1625 dicantur.
2918 1568 3069 1641 (225)
3122 1571 3252 1627 Post
3307 1573 3605 1643 capitulum

1960 1650 2064 1719 66
2121 1657 2432 1728 spargendo
2481 1672 2676 1727 aquam
2732 1659 3079 1715 benedictam
3134 1661 3435 1732 antiphona
3490 1667 3608 1722 Vidi

245 1755 310 1809 ad
353 1760 609 1811 mternam
654 1753 819 1809 vitam
877 1754 1230 1823 pervenitur;
1281 1767 1380 1823 per
1434 1758 1684 1809 octavum
1741 1743 2154 1817 Sab-Baquam
2201 1746 2434 1802 dicatur.
2485 1746 2629 1817 (226)
2686 1750 2867 1804 Tertia
2916 1755 3132 1806 cantata
3181 1753 3463 1822 processio
3508 1768 3608 1825 per

248 1843 379 1911 bati,
408 1844 464 1899 in
504 1856 612 1914 quo
652 1841 764 1899 duo
801 1840 1031 1899 Alleluia
1078 1846 1388 1908 cantantur,
1429 1842 1633 1911 quibus
1678 1842 1883 1913 duplex

247 1933 489 2001 corporis
531 1938 586 1988 et
632 1932 829 1988 animat
876 1931 1052 2002 gloria
1099 1931 1438 2001 designatur,
1480 1936 1671 1986 octava
1709 1932 1883 1988 beati-

244 2020 370 2077 tudo
393 2063 407 2088 ,
475 2035 600 2093 quae
654 2022 863 2092 absque
916 2020 1170 2077 maeroris
1226 2018 1621 2090 consequentia
1676 2027 1881 2078 aeterna

245 2112 496 2179 manebit,
552 2112 896 2182 exprimitur.
959 2111 1252 2182 Evangelio
1304 2112 1470 2177 lecto,
1529 2124 1633 2167 nec
1689 2113 1877 2180 Credo,

244 2212 337 2257 nec
381 2200 666 2257 offerenda
712 2202 986 2258 dicantur.
1032 2202 1190 2259 Dicto
1237 2202 1489 2257 Dominus
1532 2200 1794 2257 vobiscum
1849 2215 1881 2257 a

249 2286 550 2358 sacerdote,
598 2291 900 2361 respondet
930 2289 1171 2347 chorus:
1204 2293 1276 2347 Et
1320 2305 1436 2346 cum
1469 2291 1695 2363 spiritu;
1728 2291 1879 2347 dicto

238 2377 411 2445 etiam,
445 2381 667 2436 Oremus
711 2394 879 2451 super
926 2380 1128 2446 oblata,
1170 2384 1227 2436 et
1274 2382 1401 2435 Vere
1443 2380 1673 2450 dignum,
1703 2385 1879 2436 totum

236 2466 470 2525 ofﬁcium
498 2469 683 2525 missae
713 2470 880 2525 solito
909 2469 1241 2526 celebretur.
1290 2472 1429 2526 Dum
1459 2485 1590 2541 ergo
1620 2471 1881 2528 sacerdos

237 2557 341 2612 Par
430 2549 541 2617 64
624 2558 831 2612 Domini
896 2557 1132 2626 dixerit,
1210 2572 1316 2628 pax
1376 2572 1490 2614 non
1556 2561 1876 2629 accipiatur.

236 2648 403 2715 Agnus
434 2646 559 2711 Dei,
591 2657 694 2701 nec
723 2647 1036 2701 communio
1066 2634 1355 2716 sequitur;
1406 2647 1502 2701 sed
1549 2646 1691 2716 (216)
1734 2662 1882 2703 com-

238 2735 506 2790 municato
536 2735 691 2790 clero
719 2742 777 2790 et
807 2734 1015 2805 pOpulo
1049 2748 1289 2804 vesperae
1329 2747 1453 2789 cum
1499 2746 1610 2789 uno
1648 2735 1880 2804 psalmo,

238 2825 469 2880 Laudato
498 2824 777 2878 Dominum
804 2839 1001 2891 omnes,
1034 2830 1089 2879 et
1134 2837 1258 2879 eum
1296 2822 1599 2892 antiphona
1628 2823 1880 2879 alleluia-

238 2912 336 2968 tica
385 2914 663 2970 dicantur.
728 2915 861 2969 Post
916 2912 1178 2969 sacerdos
1233 2912 1590 2983 antiphonam
1660 2916 1881 2984 Vespere

240 3006 397 3057 mitem
444 3002 698 3072 incipiat,
750 3007 806 3057 et
857 3001 996 3071 (217)
1046 3001 1357 3072 Magniﬁcat
1404 3006 1644 3071 cantato,
1698 3007 1753 3057 et
1798 3002 1877 3057 al-

1963 1836 2281 1901 claustrum,
2314 1844 2365 1891 et
2416 1838 2472 1891 in
2519 1838 2753 1893 circuitu
2802 1839 3052 1895 ecclesiae
3082 1840 3193 1907 ﬁat,
3230 1847 3285 1897 et
3314 1857 3609 1913 responso-

1963 1927 2124 1993 rium,
2168 1926 2349 1984 Maria
2397 1926 2742 1995 Magdalene,
2802 1934 2897 1983 aut
2942 1927 3126 1999 aliqua
3182 1933 3609 2000 processionalis

1961 2014 2262 2085 antiphona
2290 2015 2419 2085 ,diei
2466 2021 2755 2084 cantetur,
2805 2017 3006 2073 deinde
3053 2020 3205 2076 Sedit
3247 2021 3481 2091 angelus,
3531 2022 3609 2078 ita

1960 2111 2022 2161 ut
2068 2110 2193 2160 ante
2242 2105 2561 2161 cruciﬁxum
2607 2107 2866 2174 ﬁniatur,
2918 2109 3012 2164 ubi
3058 2124 3250 2166 versus
3307 2116 3605 2169 cantetur:

1960 2207 2071 2264 quo
2120 2194 2297 2262 ﬁnito,
2348 2194 2415 2250 ad
2465 2195 2716 2263 chorum,
2759 2196 2993 2253 Christus
3020 2212 3319 2268 resurgens,
3346 2206 3609 2258 canentes

1959 2284 2209 2351 redeant,
2260 2289 2315 2340 et
2375 2284 2532 2355 (227)
2594 2284 2833 2341 ofﬁcium
2882 2286 2995 2342 diei
3044 2289 3401 2345 celeberrime
3449 2304 3606 2346 com-

1962 2372 2167 2442 pleant.
2209 2372 2586 2443 Vesperiinale
2626 2373 2866 2429 ofﬁcium
2897 2375 2972 2431 ita
3002 2376 3334 2433 celebretur.
3368 2378 3607 2435 Primum

1960 2461 2196 2517 ministri
2226 2460 2486 2518 Ecclesiae
2517 2461 2834 2531 induantur,
2868 2469 2923 2519 et
2961 2469 3087 2534 post
3130 2464 3275 2537 (228)
3319 2480 3443 2523 cum
3474 2481 3609 2539 pro-

1959 2551 2233 2619 cessione,
2283 2552 2495 2607 scilicet
2542 2566 2666 2608 cum
2714 2566 2878 2609 cruce
2926 2558 2982 2608 et
3028 2554 3278 2619 incenso,
3330 2558 3509 2612 cereis
3555 2559 3611 2613 et

1960 2644 2113 2694 textu
2160 2644 2283 2695 ante
2332 2640 2649 2696 cruciﬁxum
2696 2642 2937 2708 veniant,
2989 2647 3044 2697 et
3090 2642 3167 2698 ibi
3215 2643 3423 2714 absque
3469 2647 3610 2701 Deus

1959 2728 2015 2781 in
2043 2728 2377 2796 adjutorium,
2425 2729 2583 2799 (229)
2635 2744 2734 2799 per
2779 2732 2945 2801 Kyrie
2986 2731 3201 2799 eteison,
3240 2747 3497 2803 vesperas
3525 2737 3609 2791 in-

1961 2816 2189 2883 cipiant,
2218 2821 2274 2870 et
2302 2821 2522 2871 cantato
2567 2823 2653 2871 ter
2698 2821 2865 2887 Kyrie
2894 2819 3109 2887 eleison,
3156 2827 3210 2875 et
3249 2822 3451 2877 Christe
3487 2822 3611 2878 elei-

1957 2918 2074 2969 scn,
2108 2904 2237 2959 dum
2285 2904 2482 2959 iterum
2532 2905 2697 2976 Kyrie
2739 2905 2933 2960 eleison
2982 2908 3333 2977 incmperiut,
3370 2911 3437 2965 ad
3469 2912 3610 2968 eho-

1958 3007 2077 3048 rum
2127 2993 2375 3059 redeant,
2431 2998 2486 3049 et
2534 3002 2647 3049 tres
2698 2994 2774 3050 ibi
2832 2995 3072 3065 psalmos
3128 3012 3251 3053 cum
3308 3000 3609 3069 antiphona

240 3090 332 3145 mi
377 3092 687 3159 incensam,
727 3089 968 3148 ofﬁcium
1015 3104 1139 3147 cum
1186 3092 1437 3147 oratione
1475 3096 1601 3161 ροει
1628 3075 2289 3147 commu.Galleluiatica
2337 3082 2541 3139 dicant.
2592 3082 2721 3139 Post
2750 3084 2860 3140 duo
2881 3084 3069 3141 clerici
3099 3085 3359 3158 graduale
3389 3097 3612 3153 canant.

242 3181 446 3238 nionem
491 3182 668 3238 ﬁniat.
719 3181 877 3249 Quod
913 3182 969 3236 in
1015 3181 1253 3237 Sabbato
1300 3181 1524 3236 Pascha;
1553 3194 1665 3236 non
1694 3180 1878 3236 incen-

241 3283 383 3338 sum,
433 3273 534 3328 sed
585 3270 879 3343 thymiama
924 3271 1227 3328 secundum
1275 3270 1525 3327 ordinem
1573 3272 1876 3327 Romanum

243 3359 454 3418 oil‘ertur
478 3404 493 3428 ,
557 3367 804 3417 aromata
858 3373 982 3431 qua:
1039 3375 1068 3415 a
1125 3360 1449 3417 mulieribus
1505 3366 1694 3430 parata
1749 3365 1877 3415 sunt

239 3448 625 3519 signiﬁcantur.
675 3450 832 3518 Quod
881 3450 1180 3518 oﬁ‘erenda,
1230 3463 1335 3506 nec
1380 3452 1562 3520 Agnus
1608 3448 1707 3506 Dei
1738 3464 1875 3505 can-

241 3543 405 3609 tatur,
453 3541 739 3598 silentium
797 3540 1115 3607 mulierum,
1166 3554 1291 3610 quae
1346 3554 1546 3610 pavore
1602 3539 1873 3610 perculsae

237 3626 562 3688 Dominicam
625 3630 1089 3687 resurrectionem
1156 3629 1391 3685 latenter
1453 3630 1871 3696 nuntiaverunt,

236 3715 564 3788 designatur.
615 3721 842 3776 Sanctus
878 3732 1031 3785 vero,
1072 3718 1286 3773 scilicet
1323 3716 1643 3787 angelorum
1682 3721 1874 3771 cantus

235 3804 430 3863 dicitur
466 3808 597 3878 quia
641 3808 854 3866 Domini
896 3807 1360 3864 resurrectionem
1408 3819 1519 3862 non
1558 3809 1869 3872 tacuerunt,

236 3894 321 3951 sed
362 3903 555 3968 aperta
600 3912 734 3955 voce
779 3898 1156 3969 praedixerunt
1204 3896 1546 3953 mulieribus.
1598 3896 1872 3953 Diaconus

237 3985 307 4038 Ite
333 3987 488 4043 missa
528 3992 611 4043 est
657 3988 825 4056 dicat,
874 3989 1079 4045 chorus
1124 3989 1234 4043 Deo
1282 3987 1485 4057 gratias
1513 3986 1867 4057 respondeat.

242 4070 378 4146 (218)
433 4078 561 4134 Hoc
607 4082 831 4147 peracto
879 4077 1159 4148 quoddam
1198 4076 1613 4146 responsorium
1654 4076 1722 4131 ad
1761 4074 1869 4132 hoc

237 4166 499 4231 pertinens
559 4180 683 4223 cum
730 4181 891 4223 versu
940 4172 1230 4233 cantetur,
1283 4171 1340 4222 et
1401 4170 1527 4237 post
1582 4166 1867 4221 incensum

235 4251 599 4314 benedicatur.
646 4256 797 4327 (219)
840 4259 970 4313 Post
1018 4256 1308 4328 prandium
1354 4256 1584 4312 redeant
1612 4256 1680 4312 ad
1720 4270 1868 4313 com-

1960 3173 2061 3238 Qui
2106 3185 2237 3227 vero
2294 3172 2523 3227 chorum
2591 3173 2832 3229 rexerint
2896 3173 3123 3231 Alleluia
3181 3176 3291 3232 diei
3353 3180 3608 3248 psallant,

1960 3262 2117 3317 Dicto
2144 3276 2335 3328 versu,
2386 3262 2725 3333 Magni/ient,
2779 3277 2903 3319 cum
2935 3265 3078 3321 trina
3110 3266 3441 3337 repetitione
3470 3270 3612 3325 anti-

1961 3352 2159 3422 phona:
2208 3351 2543 3417 celebretur,
2593 3358 2648 3408 et
2696 3353 2842 3410 dicta
2892 3356 3161 3424 oratione,
3212 3356 3348 3428 (230)
3390 3358 3612 3414 Benedi-

1958 3442 2393 3513 camus‘Domino
2441 3442 2509 3497 ab
2557 3442 2645 3497 his
2690 3444 2785 3512 qui
2834 3443 3064 3499 Alleluia
3114 3450 3405 3501 cantarunt
3458 3446 3607 3503 dica-

1957 3537 2067 3587 tur.
2120 3532 2251 3586 Post
2291 3530 2533 3599 incmpta
2580 3544 2611 3585 a
2659 3536 2884 3587 cantore
2920 3532 3250 3587 alleluiatica
3282 3534 3605 3604 antiphona,

1959 3619 2104 3691 (231)
2162 3620 2428 3688 psalmum
2486 3618 2746 3681 Laudate,
2800 3621 2975 3688 pueri,
3026 3619 3319 3685 Dominum,
3373 3628 3607 3676 cantan-

1956 3714 2042 3763 tes
2085 3708 2153 3762 ad
2204 3706 2387 3761 fontes
2434 3709 2664 3775 pergant
2704 3724 2716 3759 :
2772 3705 2849 3761 ibi
2906 3705 3056 3761 dicto
3103 3705 3350 3777 graduali
3399 3706 3608 3779 absque

1955 3808 2137 3864 versu,
2196 3795 2353 3866 pueri
2412 3786 2509 3857 67
2569 3792 2816 3861 Alleluia,
2867 3794 3127 3861 Laudate,
3175 3797 3343 3869 pueri.
3385 3802 3604 3858 canant.

1955 3885 2060 3941 Per
2101 3885 2434 3955 Baptismum
2484 3884 2629 3940 enim
2677 3897 2839 3953 quem
2877 3884 2933 3940 in
2972 3882 3123 3941 fonte
3154 3886 3503 3957 suscipimus,
3535 3886 3605 3945 ad

1953 3976 2159 4032 bonum
2210 3988 2353 4045 opus
2402 3974 2550 4045 quod
2610 3988 2711 4045 per
2766 3975 3179 4045 responsorium
3237 3977 3602 4048 exprimitur,

1954 4065 2340 4135 pervenimus;
2385 4079 2486 4134 per
2532 4065 2738 4121 bonum
2778 4079 2918 4134 opus
2956 4066 3023 4120 ad
3063 4065 3317 4135 gloriam,
3350 4081 3474 4136 qua:
3506 4082 3606 4138 per

1950 4153 2185 4211 Alleluia
2230 4154 2568 4224 designatur.
2622 4155 2847 4209 Versum
2904 4155 3158 4224 responsi
3207 4162 3438 4226 propter
3482 4156 3606 4212 nul-

1953 4243 2058 4298 lam
2105 4242 2585 4314 signiﬁcationem,
2631 4243 2728 4298 sed
2779 4257 2880 4312 pro
2910 4242 3133 4299 vitando
3173 4243 3398 4301 fastidio
3425 4246 3602 4301 solum

238 4341 527 4415 pletorium,
574 4346 729 4419 quod
777 4361 907 4417 per,
965 4347 1107 4403 Deus
1152 4346 1206 4402 in
1253 4346 1589 4416 adjutorium,
1640 4346 1866 4416 incipia-

1958 4334 2201 4388 vitamus.
2262 4335 2366 4388 Per
2420 4331 2686 4400 Laudate,
2744 4334 2921 4404 pueri,
2984 4333 3278 4402 Dominum,
3340 4335 3488 4404 quod
3546 4337 3604 4389 in

239 4435 331 4498 tur,
359 4442 410 4491 et
436 4411 551 4493 tres
593 4411 797 4507 psalmi
840 4455 853 4491 :
893 4411 1031 4493 Cum
1073 4411 1391 4501 invocarem,
1422 4437 1488 4490 In
1526 4411 1595 4500 te,
1625 4411 1865 4501 Domine,

1958 4422 2135 4478 eundo
2172 4422 2240 4477 ad
2285 4422 2465 4478 fontes
2496 4421 2718 4489 dicitur,
2753 4421 3059 4494 baptismus
3087 4422 3370 4479 recolitur.
3406 4424 3510 4476 Per
3539 4424 3604 4475 In

238 4519 355 4576 Ecce
395 4540 547 4592 nunc,
603 4526 840 4581 cantatis
886 4525 1093 4595 absque
1143 4523 1385 4594 capitulo
1432 4530 1488 4579 et
1522 4537 1683 4580 versu
1720 4528 1782 4579 ut
1810 4524 1867 4579 in

236 4614 471 4683 vesperis,
523 4619 689 4674 Nunc
735 4614 968 4682 dimittis,
1019 4627 1142 4670 cum
1189 4613 1490 4684 antiphona
1536 4612 1866 4685 alleluiatica

237 4705 482 4773 cantetur,
513 4710 571 4762 et
602 4704 857 4761 oratione
888 4703 1037 4759 dicta
1068 4702 1310 4758 ﬁniatur.

714 4830 815 4901 65
854 4840 1033 4897 ORDO
1071 4838 1366 4896 PASCHAE.

295 4969 423 5044 (220)
488 4973 718 5031 Decima
765 4974 901 5030 hora
957 4971 1137 5045 noctis
1201 4971 1363 5043 pauci
1428 4968 1616 5027 clerici
1680 4969 1861 5026 induti

234 5060 447 5129 veniant,
498 5070 554 5121 et
605 5063 925 5119 cruciﬁxum
974 5076 1097 5118 cum
1142 5062 1371 5118 incenso
1419 5064 1475 5116 et
1511 5058 1860 5130 thymiamate

234 5143 450 5208 levantes
474 5198 489 5222 ,
538 5152 1011 5223 antiphonamque
1058 5153 1306 5209 Surrexit
1352 5151 1604 5208 Dominus
1660 5149 1725 5204 de
1778 5164 1861 5204 se-

232 5235 389 5304 ναιοτο
439 5243 527 5314 [f.,
579 5245 927 5311 cantantes],
978 5241 1103 5299 loco
1154 5257 1254 5298 suo
1302 5239 1607 5298 honoriﬁce
1655 5238 1861 5295 consti-

234 5330 386 5386 tuant.
441 5333 575 5390 Post
633 5333 848 5389 cunctis
904 5332 1183 5403 campanis
1237 5332 1600 5399 sonantibus,
1663 5331 1860 5401 ianuas

234 5416 457 5476 ecclesiae
515 5423 804 5493 aperiant,
862 5425 919 5478 et
970 5421 1265 5477 matutinas
1310 5420 1595 5490 incipiant.
1648 5418 1861 5475 Matuti-

1953 4512 2099 4567 exitu
2135 4512 2309 4567 Israel
2351 4511 2623 4567 canticum
2672 4512 2988 4568 lsraeliticze
3057 4513 3272 4583 plebis,
3337 4510 3602 4566 transitus

1949 4601 2117 4657 maris
2160 4601 2354 4666 Rubri,
2405 4615 2515 4671 quo
2563 4601 2794 4657 liberata
2841 4606 2925 4659 est
2954 4603 3022 4658 de
3054 4606 3322 4672 potestate
3353 4599 3598 4654 Pharao-

1950 4691 2056 4757 nis,
2089 4704 2190 4760 per
2217 4690 2367 4760 quod
2404 4691 2603 4746 iterum
2650 4690 2955 4761 baptismus
3002 4690 3284 4761 ﬁguratur.
3327 4689 3432 4743 Per
3460 4686 3599 4743 Pha-

1947 4792 2173 4836 raonem
2204 4780 2350 4835 enim
2380 4779 2633 4836 diabolus
2668 4781 3010 4851 exprimitur,
3046 4792 3146 4848 per
3174 4791 3324 4833 mare
3351 4778 3597 4834 Rubrum

1946 4867 2253 4937 baptismus
2293 4882 2308 4922 :
2358 4882 2458 4939 per
2504 4869 2833 4940 baptismum
2882 4867 3027 4922 enim
3068 4865 3137 4921 de
3176 4872 3449 4937 potestate
3481 4867 3596 4923 dia-

1945 4958 2059 5014 boli
2088 4957 2405 5014 liberamur.
3070 5016 3073 5019 ,

2016 5048 2083 5103 Hi
2134 5060 2264 5103 vero
2313 5061 2409 5103 sex
2448 5047 2567 5103 dies
2614 5042 2917 5117 paschales,
2951 5045 3006 5100 in
3054 5045 3254 5116 quibus
3299 5056 3597 5116 responso-

1945 5136 2083 5192 rium
2133 5149 2257 5192 cum
2303 5136 2535 5191 Alleluia
2582 5135 2845 5200 canimus,
2900 5139 3115 5205 tempus
3158 5137 3593 5193 Christianorum

1945 5226 2254 5296 designant,
2300 5225 2358 5280 in
2405 5225 2605 5294 quibus
2650 5224 2795 5279 bona
2843 5238 3011 5294 opera
3040 5227 3251 5296 agimus
3284 5223 3485 5293 quibus
3522 5222 3591 5279 ad

1943 5316 2172 5386 gloriam
2239 5314 2639 5385 perveniamus.
2717 5315 2822 5371 Per
2893 5316 3186 5371 Sabbatum
3253 5318 3308 5368 et
3376 5318 3593 5384 tempus

1943 5406 2091 5476 quod
2120 5405 2374 5474 sequitur
2401 5416 2574 5472 usque
2604 5402 2670 5457 ad
2702 5405 3095 5470 Pentecosten,
3143 5401 3199 5457 in
3233 5416 3343 5472 quo
3374 5403 3586 5473 absque

233 5502 338 5561 nale
377 5491 617 5567 ofﬁcium
654 5511 765 5569 duo
808 5517 1066 5569 cantores
1096 5508 1274 5566 induti
1303 5508 1494 5579 cappis
1522 5515 1735 5580 regant.
1768 5494 1859 5565 in-

1958 5495 2297 5566 esponsorio
2346 5492 2458 5548 duo
2500 5491 2729 5548 Alleluia
2776 5496 3041 5558 canimus,
3096 5506 3320 5562 regnum
3364 5492 3482 5560 Dei,
3527 5492 3585 5548 in

230 5592 519 5657 matorium
545 5615 579 5657 a
608 5606 848 5673 quatuor
875 5600 1096 5659 clericis
1122 5597 1371 5670 cappatis
1409 5601 1681 5663 cantetur,
1703 5598 1855 5669 quod

1958 5600 2052 5657 [uo
2080 5585 2288 5654 absque
2317 5582 2430 5638 ullo
2461 5587 2707 5653 tempore
2735 5582 2942 5655 duplici
2973 5581 3168 5651 gloria,
3209 5582 3419 5638 scilicet
3466 5594 3590 5638 cor-
