4156 6196
437 217 511 272 55

1575 212 1849 270 JOANNIS
1882 208 2300 266 ARCHIEPISC.
2340 208 2677 266 ROTOMAG.

3744 209 3825 265 56

439 344 592 415 poris
634 347 691 399 et
736 343 953 410 animae,
994 340 1451 413 gloriﬁcabimur;
1494 344 1550 396 et
1594 341 1792 394 iterum
1840 350 1941 406 per
1987 334 2268 394 sexAdes
2314 349 2434 391 cum
2489 349 2597 391 una
2641 335 2941 406 antiphona
2987 334 3219 404 Angelus
3265 338 3438 390 autem
3483 334 3713 400 Domini,
3763 341 3822 391 et

440 432 565 488 dies
592 432 651 487 in
680 431 882 501 quibus
913 430 1325 500 responsorium
1357 433 1629 497 cantatur,
1662 441 1759 482 sex
1806 430 1998 481 aetates
2034 424 2092 478 in

441 520 644 590 quibus
679 519 826 576 bona
855 524 1194 589 operantur;
1236 532 1336 587 per
1379 517 1668 585 septimum
1715 519 1771 570 et
1818 519 2090 579 octavum,

442 608 667 679 requies
714 608 1037 674 animarum,
1089 613 1145 662 et
1192 620 1416 675 regnum
1469 596 1572 664 68
1624 604 1741 671 Dei,
1789 604 1846 658 in
1893 602 2095 671 quibus

438 700 551 769 jam
600 710 711 754 non
761 697 1134 768 operabimur,
1173 695 1270 750 sed
1317 694 1477 749 laude
1526 698 1582 748 et
1627 692 1803 764 gloria
1851 690 2096 761 perfrue-

444 800 586 842 mur.
618 788 734 853 Quo
764 785 941 852 ﬁnito,
988 784 1130 839 dicta
1162 782 1430 847 oratione,
1464 784 1530 837 In
1574 783 1727 836 exitu
1770 778 1945 835 Israel
1972 791 2096 834 cum

446 874 777 930 alleluiatica
823 873 1120 941 antiphona
1168 877 1471 937 canentes,
1523 869 1591 925 ad
1643 868 1965 924 cruciﬁxum
2012 881 2095 922 re-

448 964 633 1021 deant.
685 964 766 1019 lbi
814 964 1009 1017 iterum
1052 958 1303 1027 Alleluia,
1353 959 1771 1030 Redemptionem
1808 957 1947 1012 misit
1994 958 2100 1011 Do-

448 1053 657 1132 minus,
716 1051 799 1106 vel
857 1048 1093 1106 Christus
1145 1063 1460 1117 resurgens,
1518 1062 1549 1102 a
1606 1048 1823 1104 duobus
1879 1045 2100 1102 clericis

450 1147 689 1207 cantato,
724 1139 899 1196 oratio
930 1138 1165 1194 dicatur.
1218 1136 1375 1208 (232)
1418 1137 1557 1192 Huic
1586 1137 1941 1206 antiphonam
1982 1138 2102 1191 Luat

446 1235 699 1301 perpetua
737 1228 1117 1292 concinentes,
1170 1233 1225 1281 et
1263 1227 1492 1281 chorum
1540 1227 1829 1293 intrantes,
1861 1224 2101 1281 ofﬁcium

452 1332 573 1374 cum
622 1316 873 1371 oratione
922 1315 992 1370 de
1040 1314 1247 1369 sanctis
1272 1356 1286 1379 ,
1348 1320 1404 1370 et
1449 1314 1826 1369 Benedicamus
1879 1313 2101 1369 Domino

450 1406 659 1461 ﬁniant.
712 1406 813 1459 Hic
863 1403 1002 1458 ordo
1057 1417 1157 1472 per
1204 1409 1372 1466 totam
1402 1403 1800 1460 hebdomadam
1832 1417 2005 1472 usque
2033 1401 2103 1457 ad

449 1494 747 1551 Sabbatum
777 1493 834 1546 in
882 1491 1022 1545 albis
1052 1497 1301 1548 servetur
1344 1512 1356 1546 :
1408 1498 1462 1547 et
1509 1493 1564 1547 in
1614 1492 1895 1547 matutinis
1924 1496 2107 1546 cante—

450 1592 542 1640 tur
575 1585 644 1637 Te
673 1585 838 1636 Deum
866 1580 1143 1635 laudamus
1184 1601 1197 1636 :
1245 1589 1299 1636 et
1332 1587 1459 1651 post
1504 1581 1837 1647 Benedictus,
1869 1580 1938 1636 ad
1985 1594 2110 1636 cru-

452 1672 671 1728 ciﬁxum
729 1669 1012 1739 processio
1067 1670 1197 1737 ﬁat,
1256 1671 1312 1725 in
1371 1684 1479 1741 qua
1536 1670 1769 1727 Christus
1817 1667 2406 1739 resurgensBPaschm
2432 1716 2446 1739 ,

455 1764 744 1817 cantetur:
778 1774 968 1814 versus
994 1763 1119 1815 ante
1164 1761 1501 1826 cruciﬁxum,
1536 1760 1725 1815 Dicant
1751 1776 1886 1814 nunc
1911 1759 2103 1827 Judwi,

454 1856 511 1907 et
532 1851 708 1906 oratio
739 1849 808 1904 de
834 1863 998 1904 cruce
1030 1842 1264 1904 dicatur.
1303 1849 1458 1915 Inde,
1493 1856 1551 1905 ut
1586 1850 1642 1905 in
1674 1850 1938 1919 vesperis,
1970 1848 2108 1904 snti-

454 1940 692 2010 phonam
762 1940 879 1992 Lua:
936 1942 1191 2008 perpetua
1258 1942 1554 2005 canentes,
1636 1938 1864 1995 chorum
1931 1939 2109 2009 ingre-

455 2028 715 2094 diantur,
768 2032 823 2082 et
870 2040 994 2081 cum
1042 2026 1293 2083 oratione
1343 2033 1399 2082 et
1444 2027 1820 2082 Benedicamus
1867 2026 2108 2083 ofﬁcium

456 2115 823 2184 compleatur.
856 2117 1056 2170 Omnes
1096 2114 1191 2169 isti
1243 2112 1378 2184 (233)
1427 2115 1547 2170 dies
1592 2125 1802 2184 septem
1832 2116 1888 2170 in
1919 2115 2110 2185 cappis

459 2218 583 2259 cum
640 2204 897 2259 laudibus
948 2210 1004 2259 et
1060 2204 1391 2273 sequentia,
1455 2210 1684 2274 excepta
1746 2207 2108 2275 processione

451 2293 655 2361 missae,
708 2306 817 2347 uno
866 2292 1032 2347 modo
1080 2290 1275 2348 festive
1318 2292 1690 2349 celebrentur.
1738 2294 1842 2349 Sed
1883 2295 1937 2349 in
1970 2294 2112 2349 Sab-

451 2381 583 2437 bato
630 2381 687 2435 in
733 2380 887 2435 Albis
936 2380 1060 2435 loco
1107 2380 1349 2450 gradalis
1396 2381 1627 2436 alterum
1656 2380 1887 2437 Alleluia
1925 2389 2111 2437 cante-

455 2476 581 2535 tur;
633 2475 690 2524 et
734 2470 789 2523 in
840 2469 1086 2538 vesperis
1130 2470 1271 2523 Deus
1307 2469 1363 2522 in
1406 2469 1741 2538 adjutorium,
1775 2477 1829 2525 et
1868 2470 2111 2540 quinque

456 2557 673 2628 psalmi,
734 2557 1056 2627 capitulum,
1104 2558 1537 2626 responsorium,
1580 2559 1827 2614 Surrexit
1864 2561 2113 2615 Dominus

461 2646 527 2701 de
582 2645 821 2718 sepulcro
848 2688 863 2712 ,
944 2650 1000 2701 et
1070 2646 1305 2716 hymnus
1364 2646 1562 2702 Chorus
1625 2662 1771 2702 name
1823 2648 2115 2704 Jerusalem

460 2734 716 2802 dicatur;
761 2740 817 2789 et
868 2733 1025 2805 (234)
1076 2735 1145 2789 ad
1184 2734 1505 2790 cruciﬁxum
1534 2742 1661 2804 post
1687 2750 1966 2806 vesperas,
2000 2751 2113 2793 non

458 2822 527 2878 ad
561 2815 659 2884 69
699 2820 907 2878 fontem
937 2821 1030 2876 ﬁat
1060 2823 1365 2891 processio,
1389 2822 1447 2877 in
1467 2838 1574 2893 qua
1604 2824 1672 2878 de
1700 2827 2115 2881 resurrectione

2173 423 2438 493 capitulo,
2486 430 2541 480 et
2587 425 2790 494 hymno
2824 424 3035 479 Aurora
3082 422 3232 490 lucis,
3282 429 3339 478 et
3384 422 3717 489 Benedictus,
3766 428 3824 480 et

2175 513 2477 582 antiphona
2540 516 2611 569 Et
2665 512 2819 568 valde
2873 527 3062 579 mane,
3117 516 3175 567 et
3228 512 3479 567 oratione
3538 511 3820 568 ﬁniantur.

2175 600 2325 668 Post,
2358 606 2419 657 ut
2456 603 2513 657 in
2550 603 2894 659 hebdomada
2935 601 3172 672 paschae,
3212 601 3494 670 processio
3530 599 3599 656 ad
3636 601 3826 656 cruci-

2179 691 2340 746 ﬁxum
2388 691 2500 747 ﬁat.
2552 692 2786 747 Christus
2831 706 3107 760 resurgens
3130 734 3144 757 ,
3206 704 3329 745 cum
3375 704 3537 745 versu
3594 688 3825 759 praefato

2178 786 2448 836 cantetur.
2501 782 2567 836 Et
2614 781 2671 835 in
2711 781 2969 850 Vesperis
3014 779 3398 845 Sabbatorum,
3444 784 3500 833 et
3552 776 3711 849 (242)
3765 779 3824 834 in

2178 870 2476 925 Dominicis
2506 870 2789 925 matutinis
2810 912 2824 937 ,
2870 871 2939 925 ab
2987 869 3105 938 ipsa
3154 868 3243 924 die
3275 880 3447 937 usque
3476 867 3545 922 ad
3575 867 3829 922 Domini-

2181 974 2297 1015 cam
2326 965 2453 1015 ante
2496 960 2843 1015 Nativitatem
2890 971 3110 1027 semper
3149 958 3242 1013 ﬁat
3280 957 3586 1027 processio,
3626 956 3684 1012 in
3714 971 3824 1027 qua

2180 1055 2306 1104 ante
2353 1050 2715 1104 Pentecosten
2771 1052 3023 1103 cantetur
3078 1046 3147 1101 de
3196 1045 3603 1102 resurrectione
3627 1087 3641 1112 ,
3700 1051 3828 1115 post

2181 1137 2545 1193 Pentecosten
2576 1136 2644 1192 de
2675 1150 2860 1192 cruce.
2909 1134 3157 1191 Ofﬁcium
3195 1134 3306 1190 diei
3357 1132 3498 1206 (243)
3544 1134 3664 1189 sine
3708 1139 3829 1189 tro-

2183 1227 2288 1296 pis,
2321 1233 2377 1281 et
2413 1226 2688 1292 laudibus,
2740 1231 2796 1281 et
2840 1224 3071 1296 gradali,
3105 1223 3250 1294 (244)
3295 1237 3417 1279 cum
3448 1222 3664 1279 duobus
3691 1221 3833 1279 Αιιρρ

2184 1313 2314 1381 luia,
2356 1322 2412 1370 et
2457 1315 2746 1384 sequentia
2794 1314 3127 1370 celebretur.
3178 1313 3340 1367 Missa
3377 1310 3714 1367 matutinalis
3759 1311 3835 1367 sit
3936 1332 3951 1336 ·

2184 1404 2609 1460 resurrectionis
2651 1419 2663 1453 :
2716 1403 2805 1459 cui
2850 1410 3031 1458 autem
3079 1401 3385 1473 placuerit,
3437 1400 3836 1470 Dominicalis;

2188 1497 2363 1565 major
2388 1509 2519 1551 vero
2548 1509 2768 1565 semper
2796 1493 3239 1549 resurrectionis.
3280 1493 3483 1547 Cantus
3514 1492 3836 1562 processio-

2188 1585 2330 1640 nalis
2384 1586 2457 1640 sit
2512 1583 2975 1649 resurrectionis,
3035 1589 3091 1637 et
3146 1582 3347 1637 crucis.
3407 1584 3536 1636 Post
3591 1586 3838 1636 octavam

2524 1673 2672 1744 (245)
2744 1671 2989 1742 quandiu
3048 1670 3460 1740 responsorium
3513 1670 3713 1738 Dignus
3775 1685 3837 1723 es

2187 1768 2459 1829 cantatur,
2508 1761 2868 1832 Apocalypsis
2916 1761 3148 1830 legatur.
3193 1759 3310 1825 Quo
3360 1758 3515 1833 linito
3546 1758 3843 1813 canonica-

2187 1851 2270 1907 les
2315 1850 2565 1921 epistola:
2613 1864 2786 1919 usque
2833 1849 2901 1904 ad
2951 1848 3093 1903 diem
3124 1846 3477 1903 Ascensionis
3515 1851 3840 1917 sequantur.

2191 1939 2351 2012 (246)
2410 1932 2486 2001 7|
2535 1942 2641 1995 Per
2678 1939 2798 1994 dies
2834 1937 3054 1994 feriales
3082 1938 3138 1992 in
3168 1942 3439 1993 nocturna
3468 1951 3558 1992 sex
3597 1936 3846 2006 psalmos

2195 2029 2345 2100 (cum
2389 2030 2537 2085 trino
2588 2027 2772 2085 Gloria
2818 2028 2987 2095 Patri,
3017 2034 3073 2083 et
3119 2040 3228 2083 una
3266 2025 3565 2095 antiphona
3603 2024 3847 2094 psallant

2190 2125 2247 2174 et
2293 2126 2407 2174 tres
2454 2118 2722 2174 lectiones
2750 2131 2872 2173 cum
2903 2116 3273 2186 responsoriis
3300 2114 3544 2184 ejusdem
3577 2113 3846 2183 temporis

2191 2208 2465 2279 legantur.
2523 2207 2739 2263 Missam
2786 2205 3177 2262 Dominicalem
3245 2219 3345 2274 per
3400 2209 3569 2259 totam
3625 2202 3845 2258 hebdo-

2189 2297 2403 2352 madam
2450 2302 2686 2362 canant,
2748 2295 2855 2350 nisi
2913 2294 3051 2350 festa
3097 2299 3414 2350 sanctorum
3467 2293 3843 2348 occurrerint.

2196 2386 2354 2460 (247)
2405 2388 2582 2441 Unum
2629 2389 2838 2440 tantum
2885 2382 3112 2439 Alleluia
3142 2387 3395 2438 cantetur
3440 2382 3510 2437 ob
3543 2380 3846 2451 jucundam

2193 2477 2496 2533 animarum
2526 2474 2794 2544 requiem,
2837 2486 2946 2542 qua
2992 2478 3203 2528 tantum
3249 2471 3508 2526 fruuntur
3554 2476 3681 2525 ante
3710 2469 3843 2524 uni-

2193 2566 2459 2623 versalem
2508 2564 2970 2620 resurrectionem
3013 2582 3025 2617 :
3078 2563 3135 2617 in
3183 2561 3338 2616 festis
3367 2560 3499 2625 duo,
3531 2560 3601 2614 ad
3632 2571 3845 2614 memo-

2196 2658 2331 2712 riam
2390 2660 2516 2725 post
2565 2653 2835 2723 judicium
2894 2664 3005 2708 non
3062 2656 3269 2705 tantum
3337 2650 3677 2715 animarum,
3744 2647 3844 2704 sed

2198 2752 2420 2802 internae
2476 2742 2668 2813 gloria:
2725 2741 2889 2796 etiam
2945 2753 3260 2809 corporum.
3318 2739 3375 2793 Si
3422 2744 3602 2794 autem
3652 2749 3848 2792 evene-

2199 2835 2348 2899 rint,
2400 2837 2460 2886 ut
2506 2831 2562 2885 in
2608 2830 2717 2885 alio
2767 2837 3015 2899 tempore
3066 2827 3437 2895 celebrentur,
3480 2828 3691 2883 minora
3720 2840 3847 2882 cum

460 2916 734 2967 εεηῑθῑιπο
797 2910 1228 2979 ῧοωΡῙΘῐοΓίυω
1271 2912 1391 2980 ipsa
1428 2912 1518 2967 die
1569 2927 1691 2968 cum
1727 2913 1950 2981 Psalmis
1979 2915 2114 2981 suis,
2203 2922 2401 2987 tribus,
2447 2920 2654 2989 majora
2703 2932 2825 2974 cum
2873 2931 3067 2974 novem
3106 2917 3459 2974 lectionibus.
3491 2916 3548 2973 Si
3576 2922 3757 2972 autem
3787 2915 3850 2971 in

459 3005 515 3055 et
543 2999 771 3068 hymno,
803 3002 859 3051 et
887 2999 1041 3052 Nunc
1070 2997 1304 3064 dimittis,
1345 3004 1401 3053 et
1449 2999 1608 3069 (235)
1652 3001 1902 3056 oratione
1930 2993 2495 3067 Domi-Cneminicis
2557 3009 2720 3079 hujus
2782 3008 3048 3077 temporis
3112 3006 3378 3062 festivitas
3441 3006 3723 3071 evenerit,
3791 3005 3850 3059 in

463 3087 589 3141 nica
634 3092 689 3140 et
734 3083 985 3155 symbolo
1034 3085 1365 3140 celebretur.
1418 3086 1546 3157 (236
1591 3088 1719 3144 Dies
1769 3096 2013 3160 octavus,
2055 3099 2113 3149 ut

2195 3099 2436 3156 crastino
2496 3097 2825 3153 celebranda
2881 3102 3212 3152 reservetur.
3288 3094 3536 3151 Ofﬁcium
3591 3093 3849 3166 generale

461 3174 695 3253 Primus,
721 3173 1070 3241 celebretur;
1110 3172 1207 3228 38d
1254 3186 1445 3229 omnes
1491 3176 1643 3232 hora!
1674 3177 1783 3233 diei
1814 3194 1937 3235 cum
1967 3183 2117 3252 capi-
2196 3202 2297 3259 pro
2346 3186 2641 3253 defunctis,
2675 3194 2734 3242 ut
2773 3186 3148 3256 praediximus,
3180 3185 3287 3240 nisi
3316 3185 3374 3240 in
3404 3184 3638 3254 alicujus
3666 3185 3848 3253 depo-

449 3261 603 3318 'mlis
631 3261 964 3361 “fers-ibus
993 3261 1070 3361 ίβί
1095 3262 1532 3361 Ρθτίίηθηῐίρυδλ
1561 3270 1621 3319 ιιι
1669 3281 1769 3335 Per
1816 3273 1990 3324 totum
2019 3284 2117 3325 an-
2195 3278 2397 3333 sitione
2426 3281 2520 3332 aut
2548 3275 2922 3331 anniversario
2962 3288 3072 3331 non
3120 3274 3451 3331 celebretur.
3484 3274 3695 3329 Litania
3723 3286 3848 3328 ma-

464 3364 621 3415 num,
670 3350 945 3416 dicentur.
991 3356 1046 3405 θῐ
1092 3350 1149 3404 in
1198 3352 1442 3420 V'espel‘is
1487 3354 1631 3408 Deus
1677 3355 1731 3409 in
1777 3357 2112 3426 adjutorimn.
2193 3368 2285 3435 jor
2321 3366 2370 3421 si
2418 3364 2559 3421 infra
2589 3370 2716 3420 octo
2747 3364 2867 3420 dies
2895 3364 3119 3420 Pascha;
3148 3365 3413 3431 evenerit,
3456 3363 3663 3419 nullum
3695 3363 3852 3431 jeju-

463 3438 715 3495 Ofﬁcium
746 3439 856 3495 diei
885 3438 1095 3508 gradali
1134 3440 1367 3507 carebit,
1405 3442 1501 3497 sed
1543 3443 1653 3499 duo
1683 3444 1913 3502 Alleluia
1942 3447 2119 3504 habe-
2199 3455 2371 3523 nium,
2404 3454 2555 3511 nulla
2602 3453 2955 3520 abstinentia,
2988 3466 3091 3508 nec
3134 3454 3319 3523 aliqua
3348 3454 3467 3523 ejus
3495 3436 3849 3517 mentio'ﬁat,

465 3528 566 3584 bit.
621 3529 682 3582 In
728 3528 854 3617 ipsa
887 3525 976 3617 die
1007 3533 1063 3583 et
1109 3527 1166 3582 in
1206 3530 1462 3586 omnibus
1487 3532 1758 3601 Sabbatis,
1792 3536 1848 3590 in
1874 3539 2157 3617 vesperis’
2198 3545 2304 3601 nisi
2350 3543 2542 3600 festiva
2591 3549 2799 3599 tantum
2847 3542 3152 3613 processio.
3204 3542 3342 3614 (248)
3388 3542 3443 3596 si
3501 3548 3680 3597 autem
3736 3539 3848 3595 alio

463 3617 711 3687 quinque
741 3615 966 3687 psalmis
1011 3618 1266 3684 cantatis,
1319 3617 1477 3690 (237)
1520 3625 1954 3694 responsorium,
1986 3629 2113 3684 Sur-

2198 3639 2447 3703 tempore
2495 3633 2759 3700 evenerit,
2813 3646 3025 3699 omnes,
3076 3634 3323 3701 exceptis
3371 3629 3611 3701 parvulis
3658 3636 3715 3684 et
3760 3629 3852 3683 iu-

460 3706 602 3762 rerit
640 3707 892 3760 Dominus
924 3706 990 3759 de
1033 3706 1294 3777 sepulcro,
1333 3722 1364 3762 a
1412 3710 1629 3766 duobus
1657 3720 1928 3781 cantetur,
1971 3716 2120 3786 hym-
2198 3721 2388 3789 ﬁrmis,
2416 3723 2705 3792 jejunent;
2755 3727 2811 3776 et
2857 3723 3022 3776 missa
3051 3726 3289 3784 cantata,
3322 3726 3448 3788 post
3476 3724 3682 3773 sextam
3720 3730 3853 3771 cum

463 3807 569 3849 nus
616 3792 817 3882 Chorus
861 3807 1010 3847 noua:
1056 3800 1340 3863 sequatur,
1391 3803 1446 3851 et
1492 3799 1573 3853 sic
1624 3807 1844 3858 cantato
1874 3806 2120 3877 Magniﬁ-
2200 3811 2555 3882 processione
2604 3809 2746 3879 (249)
2797 3808 2864 3862 ad
2915 3806 3202 3862 ecclesiam
3250 3805 3427 3859 sancti
3475 3807 3623 3860 Petri
3673 3805 3852 3860 sancti

465 3886 572 3948 cat,
623 3878 863 3936 ofﬁcium
912 3895 1037 3936 cum
1082 3882 1461 3940 Benedicamus
1497 3889 1716 3943 Domino
1755 3892 2114 3963 compleatur.

466 3970 527 4024 lu
574 3968 699 4023 aliis
744 3969 1047 4025 Dominicis
1093 3970 1301 4041 absque
1350 3977 1704 4044 responsorio
1752 3980 1987 4050 hymnus
2031 3984 2117 4039 Ad

467 4072 668 4112 omnem
717 4056 954 4114 dicatur.
1005 4058 1210 4114 Eodem
1261 4063 1426 4118 modo
1466 4064 1617 4122 horae
1661 4067 1771 4125 diei
1812 4084 2002 4128 omnes
2048 4074 2116 4129 ab

465 4147 570 4202 hac
616 4160 792 4217 usque
838 4146 908 4202 ad
954 4149 1322 4206 Pentecosten
1369 4153 1739 4212 celebrentur.
1803 4162 2119 4232 Complato-

467 4234 610 4289 rium
667 4248 791 4290 cum
845 4234 961 4291 suis
1010 4237 1234 4306 psalmis
1291 4246 1346 4296 et
1402 4242 1605 4313 hymno
1651 4248 1776 4302 Jesu
1822 4251 2119 4322 redemptor

465 4322 683 4392 seaculi,
735 4332 791 4380 et
836 4324 1139 4396 antiphona
1183 4329 1514 4388 alleluiatica
1561 4334 1629 4390 ad
1676 4339 1832 4393 Nunc
1872 4322 2179 4406 dimittis,D

468 4418 740 4471 cantetur.
793 4414 855 4468 In
899 4416 1155 4472 omnibus
1203 4418 1495 4477 dominicis
1541 4438 1714 4494 usque
1752 4426 1821 4481 ad
1854 4429 2122 4485 Penteco-

467 4510 592 4561 sten
627 4504 780 4579 (238)
812 4518 1159 4577 unaquaeque
1189 4515 1460 4566 nocturna
1501 4527 1625 4569 cum
1668 4529 1775 4571 una
1821 4519 2122 4590 antiphona

468 4594 801 4651 alleluiatica
852 4595 1104 4664 dicatur;
1157 4596 1298 4669 (239)
1347 4614 1445 4656 sex
1490 4601 1760 4661 lectiones
1798 4607 1866 4663 de
1912 4612 2125 4680 Apoca-

473 4681 623 4751 lypsi
662 4684 936 4755 legantur,
967 4691 1023 4741 et
1055 4690 1169 4740 tres
1197 4687 1265 4742 de
1298 4693 1722 4750 resurrectione.
1770 4697 1825 4752 Si
1854 4704 2034 4755 autem
2066 4700 2123 4755 in

476 4771 566 4825 his
595 4777 910 4828 sanctorum
942 4776 1161 4831 Patrum
1205 4778 1426 4857 statutis
1467 4781 1688 4840 minime
1718 4786 1901 4842 resisti
1931 4788 2127 4858 aliqui-

470 4860 574 4915 bus
602 4859 839 4926 videtur,
875 4868 1105 4933 propter
1134 4866 1377 4923 noctium
1424 4869 1767 4942 brevitatem,
1799 4876 1868 4932 ad
1918 4879 2127 4934 evitan-

471 4950 602 5006 dum
655 4947 977 5019 fastidium,
1038 4945 1145 5015 70
1200 4956 1257 5012 in
1317 4960 1605 5015 nocturnis
1662 4976 1855 5020 novem
1914 4972 2122 5024 tantum

470 5039 711 5109 psalmos
760 5038 995 5109 psallere
1043 5047 1418 5103 concedimus.
1471 5049 1607 5116 Quia
1655 5054 1964 5112 octodecim
2011 5057 2128 5113 exi-

469 5136 641 5197 stunt,
700 5145 896 5188 novem
955 5147 1061 5187 una
1118 5136 1437 5207 Dominica,
1508 5147 1563 5197 et
1617 5156 1812 5201 novem
1870 5147 2126 5206 dicantur

472 5216 598 5273 alia.
634 5218 779 5290 (240)
825 5220 1041 5275 Nonum
1074 5221 1275 5285 [deesse
1312 5227 1533 5298 videtur,
1570 5235 2007 5303 responsorium]
2051 5240 2124 5296 ob

470 5305 739 5362 honorem
782 5309 1205 5366 resurrectionis
1241 5328 1271 5368 a
1318 5314 1535 5373 duobus
1575 5319 1794 5378 clericis
1838 5332 2115 5386 cantetur.

471 5395 590 5463 Quo
642 5393 819 5463 ﬁnito,
869 5400 1134 5457 sacerdos
1192 5401 1365 5459 altare
1416 5405 1781 5477 incensando,
1836 5415 1906 5469 Te
1957 5417 2124 5472 Deum

491 5481 749 5541 cudamus
775 5483 1025 5559 incipiat,
1057 5495 1114 5547 et
1158 5490 1267 5586 hoc
1298 5492 1448 5551 dicto
1483 5494 1642 5573 (241)
1680 5502 1964 5567 matutinae
1998 5504 2129 5578 laug

2198 3899 2447 3955 Audoeui
2497 3902 2761 3966 pergant,
2810 3895 2868 3947 in
2911 3907 3018 3962 qua
3047 3891 3309 3946 sacerdos
3337 3904 3461 3945 cum
3491 3892 3714 3947 caeteris
3744 3893 3855 3948 mi-

2200 3988 2390 4044 nistris
2417 3985 2489 4041 sit
2518 3985 2725 4053 absque
2755 3980 2938 4037 casula
2977 3978 3221 4035 indutus.
3272 3979 3664 4050 Rogationales
3707 3982 3854 4037 anti-

2199 4076 2399 4149 phona:
2447 4077 2737 4129 cantentur
2780 4091 2794 4126 :
2849 4063 2952 4131 72
3000 4083 3111 4141 quo
3160 4070 3289 4125 dum
3336 4069 3708 4139 pervenerint,
3767 4084 3855 4126 re-

2199 4164 2548 4236 sponsorium
2577 4167 2672 4218 aut
2698 4160 3055 4230 antiphonam
3088 4159 3157 4215 de
3186 4164 3378 4215 sancto
3409 4158 3616 4226 dicant,
3641 4164 3697 4215 et
3725 4172 3856 4214 ora-

2201 4256 2353 4312 tione
2384 4269 2415 4310 a
2442 4252 2730 4309 sacerdote
2759 4250 2911 4306 ﬁnita
2933 4291 2948 4317 ,
2997 4250 3143 4305 idem
3180 4250 3349 4319 Kyrie
3375 4248 3570 4303 eleison
3595 4248 3850 4318 incipiat,

2202 4354 2258 4403 et
2286 4346 2536 4403 oratione
2564 4342 2848 4399 Dominica
2874 4341 2943 4396 ab
2973 4339 3230 4397 omnibus
3257 4353 3380 4395 cum
3423 4338 3646 4394 silentio
3678 4338 3848 4405 dicta,

2204 4450 2398 4507 preces
2445 4448 2568 4490 cum
2615 4433 2870 4489 Miserere
2914 4431 3034 4498 mei,
3074 4431 3234 4496 Deus,
3265 4428 3707 4499 subsequantur:
3741 4441 3853 4498 qua

2202 4526 2357 4581 ﬁnita
2421 4524 2489 4580 ad
2557 4522 2866 4588 ecclesiam,
2932 4520 3170 4590 aliquam
3235 4518 3476 4574 litaniam
3544 4522 3849 4586 cantantes,

2204 4615 2473 4679 redeant;
2523 4619 2599 4680 et,
2652 4610 2793 4682 (250)
2837 4623 2984 4666 nona
3031 4608 3198 4677 dicta,
3247 4614 3548 4664 comestum
3596 4614 3848 4678 pergant.

2207 4704 2348 4777 (251)
2397 4702 2570 4759 Simili
2616 4701 2781 4755 modo
2822 4699 2942 4754 dies
2978 4698 3344 4767 Rogationum
3375 4697 3741 4753 celebrentur.
3796 4698 3852 4753 Si

2206 4800 2387 4850 autem
2436 4793 2492 4847 in
2541 4789 2738 4845 diebus
2792 4787 3158 4857 Rogationum
3207 4792 3557 4851 sanctorum,
3614 4799 3851 4855 quorum

2207 4882 2447 4940 ofﬁcium
2493 4879 2764 4944 habetur,
2815 4874 3080 4930 festivitas
3126 4877 3399 4942 evenerit,
3450 4880 3576 4946 post
3624 4875 3853 4945 primam

2208 4972 2372 5029 missa
2402 4971 2470 5026 de
2500 4968 2581 5025 eis
2609 4970 2879 5023 cantetur.

2280 5058 2526 5116 Iuventio
2574 5060 2778 5111 sanctae
2824 5053 3016 5109 Crucis
3070 5054 3146 5108 ita
3204 5052 3535 5109 celebretur.
3596 5053 3857 5109 Invitata-

2208 5151 2349 5207 rium
2389 5153 2445 5202 et
2499 5152 2613 5200 tres
2666 5142 2874 5199 ultimae
2931 5143 3198 5199 lectiones
3244 5142 3313 5197 de
3362 5156 3527 5197 cruce
3575 5142 3851 5211 dicantur,

2208 5253 2333 5296 cum
2381 5234 2663 5292 matutinis
2712 5232 2986 5289 laudibus.
3037 5231 3181 5294 (252)
3218 5233 3324 5287 Sex
3357 5231 3548 5301 primae
3587 5231 3856 5288 lectiones

2209 5342 2334 5385 cum
2381 5323 2612 5381 totidem
2660 5321 3030 5393 responsoriis
3057 5321 3126 5377 de
3163 5320 3370 5376 sanctis
3408 5319 3683 5388 dicantur,
3717 5334 3856 5391 quo-

2208 5430 2329 5474 rum
2377 5415 2497 5485 ipsa
2543 5412 2633 5469 die
2681 5411 2948 5469 festivitas
2984 5410 3315 5467 celebratur.
3348 5410 3531 5467 Tertia
3559 5423 3856 5480 responso-

2209 5507 2292 5573 ria
2320 5504 2391 5567 de
2417 5504 2560 5576 istis,
2592 5510 2648 5563 et
2675 5504 2785 5561 tria
2820 5502 2889 5561 de
2913 5514 3077 5560 cruce
3108 5501 3194 5572 [[.,
3225 5504 3278 5567 a]
3308 5499 3455 5557 binis
3483 5499 3704 5557 clericis
3727 5513 3857 5559 can-
