4156 6196
347 302 423 357 57

1433 297 1632 354 LIBER
1667 296 1756 352 DE
1790 295 2072 353 OFFICIIS
2109 296 2655 354 ECCLESIASTICIS.

3642 296 3716 351 58

352 430 557 483 tentur.
605 424 855 482 Ofﬁcium
895 437 1021 483 cum
1068 422 1324 480 laudibus
1370 426 1427 479 et
1469 421 1759 492 sequentia
1808 420 2003 476 festive
2025 428 2198 502 Atur,
2265 428 2322 478 et
2374 423 2623 479 oratione
2678 422 3003 489 sacerdotis,
3060 436 3184 479 cum
3238 424 3634 493 Benedieamus,
3684 438 3719 480 a

350 516 682 573 celebretur.
724 513 872 586 (253)
906 513 1194 570 Processio
1240 512 1308 567 ad
1355 524 1574 567 crucem
1620 510 1679 566 in
1721 509 1989 579 vesperis,

353 612 409 660 et
436 603 738 670 matutinis,
763 609 818 658 et
837 602 1001 658 missa
1031 602 1145 657 ﬁat.

424 694 688 750 Ascensio
728 692 945 749 Domini
973 692 1050 747 ita
1095 696 1407 747 veneretur.
1459 687 1599 759 (254;
1648 689 1709 743 In
1753 686 2000 756 vesperis

355 789 550 840 cantor
588 783 817 839 chorum
858 787 1040 852 regat;
1073 780 1184 836 duo
1231 778 1419 834 clerici
1458 777 1676 848 cappati
1705 789 2001 846 responso-

357 874 497 929 rium
528 878 746 938 canant,
780 871 875 942 qui
911 871 1256 926 cantaverint
1305 868 1534 925 chorum
1578 871 1793 939 regant.
1826 866 1998 935 Hym-

357 977 463 1019 nus
516 966 801 1032 sequatur.
842 961 1153 1031 Magniﬁcat
1200 973 1323 1015 cum
1365 959 1510 1014 trina
1556 957 1873 1027 antiphonte
1904 968 2001 1009 re-

357 1052 624 1122 petitione
681 1043 783 1111 73
816 1050 1056 1105 ﬁniatur.
1088 1049 1348 1105 Oratione
1378 1048 1544 1114 dicta,
1585 1060 1829 1117 vesperae
1877 1057 1999 1099 cum

356 1140 735 1197 Benedicamus
791 1139 1067 1209 ﬁniantur.
1119 1139 1405 1195 Processio
1463 1137 1530 1192 ad
1596 1135 1813 1192 missam
1880 1142 2001 1189 tan-

358 1238 473 1287 tum
502 1230 619 1286 ﬁat.
652 1230 712 1284 In
744 1228 1027 1283 matutinis
1051 1241 1242 1284 omnes
1271 1239 1550 1296 campana:
1591 1232 1651 1280 ut
1689 1225 1745 1279 in
1794 1223 2002 1278 Pascha

358 1320 669 1390 pulsentur,
726 1317 1094 1373 invitatorium
1136 1330 1168 1371 a
1215 1323 1451 1386 quatuor
1495 1313 1714 1370 clericis
1756 1313 2003 1383 cappatis

356 1414 640 1472 cantetur;
674 1407 907 1477 hymnus
954 1412 1248 1476 sequatur;
1288 1418 1481 1461 novem
1532 1403 1726 1473 psalmi
1754 1415 1877 1457 cum
1906 1406 2001 1456 to-

358 1498 527 1553 tidem
595 1495 932 1565 antiphonis,
994 1508 1187 1550 novem
1260 1493 1527 1549 lectiones
1592 1505 1715 1547 cum
1774 1490 2003 1545 totidem

359 1584 730 1655 responsoriis
781 1583 1152 1639 celebrentur.
1214 1580 1654 1651 Unumquodque
1709 1592 2005 1649 responso-

361 1675 500 1730 rium
553 1673 671 1728 bini
727 1672 915 1727 clerici
960 1676 1178 1726 canant.
1218 1670 1496 1736 Secundo,
1538 1668 1754 1738 quinto,
1786 1673 2003 1734 octavo,

2081 516 2501 572 succentoribus
2537 513 2687 570 dicto
2725 512 3002 569 ﬁniantur.
3048 510 3183 583 (260)
3220 513 3347 566 Post
3374 526 3631 582 vesperas
3659 516 3717 568 et

2081 606 2375 661 matutinas
2420 605 2539 674 ipsa
2584 602 2674 659 die
2730 602 3045 658 memoriam
3100 600 3526 656 resurrectionis
3590 615 3718 671 per-

2079 702 2242 766 agant
2270 696 2337 750 ad
2367 693 2704 751 cruciﬁxum.

2152 831 2238 885 DE
2287 830 2734 897 PENTECOSTE,
2792 828 3127 896 QUALITER
3181 824 3646 881 CELEBRETUR.

2151 968 2211 1022 In
2259 964 2605 1021 solemnitate
2652 967 3009 1020 Pentecostes
3054 968 3227 1017 totum
3266 959 3506 1016 ofﬁcium
3540 956 3720 1014 noctis

2082 1060 2138 1111 et
2165 1054 2278 1109 diei
2306 1058 2367 1108 ut
2394 1053 2452 1107 in
2490 1052 2580 1107 die
2622 1053 2868 1119 Paschte,
2898 1052 3106 1120 absque
3144 1048 3326 1106 ofﬁcio
3356 1046 3621 1119 sepulcri,
3652 1044 3723 1100 si-

2082 1159 2151 1199 ne
2198 1141 2407 1214 gradali
2456 1147 2511 1196 et
2555 1139 2725 1195 tontis
2785 1141 3141 1209 processione
3201 1143 3473 1194 servetur.
3542 1134 3721 1190 Missae

2082 1240 2264 1289 autem
2303 1244 2426 1286 cum
2472 1229 2687 1300 hymnis
2734 1234 2789 1283 et
2834 1228 3204 1297 responsoriis
3249 1228 3523 1282 dicantur.
3554 1222 3723 1287 Cele-

2083 1323 2262 1378 bratio
2312 1318 2674 1375 hebdomadas
2740 1316 2853 1384 ﬁat,
2912 1324 2974 1371 ut
3046 1316 3318 1386 paschalis
3382 1314 3724 1385 septimanae.

2087 1409 2238 1484 (261)
2290 1410 2416 1465 Dies
2464 1412 2707 1472 octavus,
2754 1412 2815 1460 ut
2869 1404 3079 1475 primus
3127 1404 3485 1459 celeberrime
3512 1404 3727 1473 agatur,

2086 1508 2143 1557 et
2171 1501 2317 1556 idem
2346 1497 2585 1554 ofﬁcium
2616 1494 2796 1552 noctis
2824 1500 2880 1549 et
2925 1492 3036 1548 diei
3084 1506 3152 1547 ex
3198 1497 3315 1548 toto
3363 1492 3725 1560 compleatur.

2088 1591 2153 1646 ili
2191 1590 2286 1659 qui
2333 1588 2401 1644 ab
2444 1587 2706 1657 episcopo
2745 1583 3024 1653 accipiunt
3053 1595 3247 1636 manus
3292 1580 3726 1650 impositionem,

2087 1686 2299 1750 septem
2347 1677 2543 1733 diebus
2588 1675 2792 1731 debent
2820 1673 3114 1729 observare
3153 1670 3469 1725 chrismatis
3514 1668 3732 1723 unctio-

362 1772 418 1821 et
454 1764 523 1818 ad
566 1765 635 1818 Te
672 1763 838 1817 Deum
882 1759 1159 1816 laudamus
1197 1758 1368 1815 altare
1424 1759 1758 1814 incensetur.
1792 1756 2004 1812 Matuti-

2099 1784 2246 1837 nem;
2278 1773 2362 1824 est
2397 1767 2541 1822 enim
2585 1762 2920 1833 septiformis
2964 1760 3155 1831 gratia:
3199 1759 3436 1829 Spiritus
3482 1761 3729 1822 sanctus,

364 1868 452 1908 nte
508 1851 695 1907 laudes
750 1864 875 1905 cum
915 1850 1137 1919 hymno,
1178 1854 1234 1904 et
1280 1849 1425 1904 trina
1454 1847 1770 1917 antiphonte
1802 1845 2004 1915 repeti-

367 1943 516 1997 tione
579 1940 647 1993 ad
712 1939 1042 2005 Benedictus,
1102 1952 1227 1993 cum
1301 1937 1677 1992 Benedicamus
1724 1935 2004 1990 ﬁniantur.

364 2026 508 2093 (255)
545 2028 675 2082 Post
706 2028 923 2081 tertiam
963 2027 1247 2097 processio
1285 2025 1396 2081 ﬁat.
1439 2027 1636 2081 Postea
1676 2038 1868 2080 omnes
1905 2036 2007 2093 pro

363 2130 524 2185 posse
575 2115 825 2171 ecclesia:
864 2116 1044 2171 ornati
1083 2114 1324 2171 ofﬁcium
1362 2129 1485 2171 cum
1530 2114 1785 2169 laudibus
1823 2119 1879 2168 et
1925 2127 2011 2167 se-

363 2205 587 2274 quentia
616 2204 919 2260 celebrent.
954 2206 1220 2274 Vesperas
1267 2210 1327 2259 ut
1373 2204 1431 2258 in
1460 2202 1644 2274 vigilia
1672 2207 1856 2273 agant.
1898 2203 2009 2256 Hu-

357 2296 451 2362 jus
486 2293 855 2349 solemnitatis
909 2299 1137 2350 octavus
1191 2293 1312 2349 dies
1360 2306 1471 2348 non
1519 2292 1901 2357 celeberrime,
1949 2294 2010 2345 ut

364 2383 610 2449 Paschie,
670 2382 890 2449 colitur,
950 2383 1048 2438 sed
1101 2388 1450 2438 tantum......
1512 2383 1572 2453 [[2
1637 2381 1782 2436 deest
1827 2386 1889 2435 ut
1934 2377 2010 2435 fe-

361 2476 507 2526 stum
567 2471 826 2539 apostoli]
866 2471 1239 2526 celebrabitur
1272 2486 1284 2521 :
1318 2486 1442 2541 quae
1480 2484 1590 2526 non
1632 2470 1809 2526 solum
1857 2475 2008 2535 octo,

362 2559 470 2613 sed
522 2559 711 2612 decem
759 2558 957 2613 diebus
987 2560 1270 2623 recolitur,
1307 2560 1375 2614 ad
1407 2560 1579 2613 instar
1609 2558 2010 2628 apostolorum,

2088 1865 2143 1914 et
2208 1859 2327 1927 ejus
2390 1855 2685 1911 celebritas
2734 1858 2899 1921 atque
2956 1849 3272 1920 mysterium
3331 1847 3455 1916 jure
3521 1849 3732 1913 septem

2089 1948 2286 2004 diebus
2340 1945 2560 2000 colitur.
2612 1945 2727 1998 lloc
2775 1946 2985 1996 tantum
3033 1938 3200 1994 distat
3248 1938 3392 1992 inter
3440 1934 3649 1990 Pascha
3678 1936 3734 1987 et

2090 2036 2474 2099 Pentecosten,
2534 2031 2681 2101 quod
2746 2031 2805 2085 in
2878 2028 3159 2084 matutinis
3243 2025 3467 2082 Pascha:
3549 2021 3734 2078 nullus

2091 2125 2345 2194 hymnus,
2397 2123 2453 2177 in
2483 2122 2590 2177 hoc
2633 2120 2743 2176 duo
2802 2123 3113 2174 cantantur.
3142 2118 3207 2171 Et
3241 2108 3340 2178 76
3381 2115 3516 2169 hora
3573 2110 3736 2167 tertia

2092 2212 2416 2269 sonantibus
2463 2210 2677 2266 cunctis
2715 2208 3014 2277 campanis.
3069 2208 3195 2262 Post
3240 2207 3380 2261 Deus
3427 2204 3482 2258 in
3525 2200 3734 2270 adjuto-

2092 2304 2246 2368 rium,
2284 2299 2442 2372 (262)
2476 2299 2711 2369 hymnus
2744 2311 2776 2351 a
2807 2297 2984 2351 tribus
3013 2295 3233 2351 clericis
3262 2292 3512 2363 cappatis
3558 2289 3731 2344 altare

2092 2390 2507 2448 incensantibus
2561 2388 2883 2452 inchoetur;
2932 2383 3167 2440 ecclesia
3211 2388 3326 2437 tota
3372 2379 3735 2444 illuminetur,

2094 2488 2149 2538 et
2191 2480 2380 2536 clerici
2431 2492 2623 2534 omnes
2662 2489 2761 2546 pro
2812 2488 2974 2545 posse
3023 2471 3275 2529 ecclesiae
3326 2470 3646 2533 induantur,
3679 2470 3738 2523 et

2094 2572 2273 2627 donec
2301 2570 2535 2640 hymnus
2564 2571 2833 2632 cantatur,
2867 2562 3017 2634 (263)
3063 2561 3234 2617 flores
3282 2559 3486 2616 diversi
3533 2556 3740 2613 coloris

363 2646 464 2716 qui
534 2652 661 2714 post
723 2646 1104 2700 ascensionem
1168 2646 1385 2700 Domini
1434 2660 1653 2715 semper
1709 2647 1765 2700 in
1815 2645 2014 2700 coelum

2099 2659 2164 2713 ad
2232 2658 2404 2712 instar
2458 2656 2843 2712 charismatum
2918 2652 3155 2723 Spiritus
3216 2648 3392 2705 sancti
3446 2648 3736 2703 desursum

365 2733 648 2790 mentibus
712 2733 932 2799 intenti,
1000 2732 1292 2787 adventum
1340 2733 1802 2803 praestolabantur
1848 2733 2014 2802 Spiri-

2099 2746 2479 2809 immittantur,
2537 2751 2593 2799 et
2646 2744 2726 2798 sic
2791 2748 2907 2797 tota
2961 2741 3100 2796 hora
3152 2738 3344 2794 festive
3401 2735 3733 2792 celebretur.

369 2830 461 2877 tus
505 2820 702 2876 sancti.
754 2821 1038 2889 Siquidem
1070 2822 1325 2876 omnibus
1371 2821 1458 2875 his
1505 2828 1631 2876 octo
1679 2820 1894 2887 diebus,
1950 2822 2020 2875 Te
2103 2833 2388 2889 processio
2418 2833 2539 2900 ipso
2568 2831 2658 2885 die
2689 2831 2781 2884 ﬂat
2808 2836 2870 2884 ut
2904 2830 2961 2884 in
3008 2828 3098 2883 die
3128 2828 3373 2882 Pascha.
3406 2827 3465 2879 In
3495 2823 3737 2879 crastino

368 2913 530 2966 Deum
576 2908 873 2976 laudamus,
907 2915 962 2964 et
1009 2910 1296 2965 Gloriam
1342 2909 1565 2964 excelsis
1620 2912 1752 2977 Deo,
1804 2917 1860 2965 et
1906 2910 2017 2965 duo
2101 2928 2156 2977 ει
2200 2935 2301 2990 ρει·
2345 2926 2513 2975 totam
2561 2917 2961 2974 hebdomadam
3021 2917 3108 2986 [f.,
3156 2916 3225 2979 si]
3289 2912 3446 2984 (264)
3507 2911 3741 2979 alicujus

366 2999 595 3057 Alleluia
628 2999 1016 3055 cantabuntur.
1065 2998 1146 3053 Ab
1193 2999 1548 3054 Ascensionis
1589 2999 1678 3054 die
1726 3014 1901 3070 usque
1945 3000 2016 3055 ad
2099 3010 2276 3064 sancti
2333 3006 2599 3063 festivitas
2655 3006 2919 3074 evenerit,
2961 3004 3030 3059 de
3077 3008 3270 3059 sancto
3327 3006 3599 3057 cantetur.
3647 3000 3742 3054 Sin

368 3088 705 3144 Dominica“!
762 3088 817 3142 ίη
886 3101 994 3156 qua
1048 3085 1200 3158 (256)
1260 3087 1511 3153 historia:
1573 3090 1711 3142 Πθιιδ
1759 3088 2301 3165 θπιηίωη›(]3υῐθω,
2342 3097 2625 3152 matutina:
2662 3094 2917 3150 dicantur
2953 3106 3076 3148 cum
3115 3091 3339 3161 psalmis
3387 3090 3447 3160 [/2
3490 3089 3744 3144 lectioni-

368 3184 640 3245 cantatur,
709 3176 848 3247 (257)
904 3178 1072 3231 Actus
1127 3178 1504 3245 apostolorum
1568 3169 1674 3238 74
1740 3178 2012 3249 legantur,

367 3268 571 3324 deinde
601 3266 728 3322 libri
758 3267 967 3337 Regum
997 3272 1317 3334 sequantur.

440 3358 502 3412 In
530 3356 713 3426 vigilia
749 3356 1107 3410 Pentecostes
1137 3361 1195 3409 ut
1239 3355 1295 3410 in
1334 3356 1574 3412 Sabbato
1605 3356 1851 3423 Paschze,
1882 3357 2014 3412 abs-

370 3459 479 3514 que
509 3445 656 3500 cerei
702 3444 1112 3510 benedictione,
1153 3449 1209 3499 et
1255 3445 1499 3514 vesperis
1545 3445 1602 3500 in
1651 3446 1816 3500 missa
1863 3444 2014 3500 cele-

372 3534 579 3589 bretur.
608 3532 747 3603 (258)
776 3535 974 3588 Octava
1012 3532 1150 3588 hora
1179 3532 1289 3588 diei
1330 3533 1568 3603 populus
1614 3533 1683 3588 ad
1725 3533 2016 3589 ecclesiam

372 3622 681 3677 conveniat.
713 3622 894 3677 Prima
940 3621 1105 3677 lectio
1153 3624 1387 3677 Tentavit
1436 3624 1578 3677 Deus
1627 3624 1801 3691 major
1847 3622 2013 3691 legat.

376 3713 529 3765 Hanc
555 3712 682 3768 ideo
711 3711 962 3781 sequitur
990 3718 1203 3778 cantus,
1235 3712 1363 3780 quia
1394 3725 1494 3781 per
1541 3711 1724 3777 ﬁdem,
1774 3725 1898 3779 qua:
1953 3712 2013 3781 [f.

374 3800 510 3855 add.
551 3805 684 3869 prie]
720 3801 939 3856 caeteris
988 3801 1049 3870 [Γ.
1108 3800 1232 3854 add.
1295 3801 1373 3865 in]
1421 3800 1693 3855 Abraham
1742 3799 2014 3867 laudatur,

371 3889 711 3958 sempiterna
776 3889 969 3945 laetitia
1042 3888 1365 3959 acquiritur.
1433 3890 1682 3956 Tractus,
1743 3891 2019 3946 Cantemus

372 3978 615 4045 Domino,
657 3992 687 4033 a
736 3977 955 4034 duobus
993 3977 1213 4034 clericis
1259 3984 1539 4044 cantetur;
1586 3984 1711 4048 post
1756 3979 2020 4033 sacerdos

373 4068 704 4135 orationem,
770 4069 931 4133 Deus,
971 4068 1061 4138 qui
1106 4067 1161 4121 in
1209 4066 1438 4122 Abralue
1483 4066 1688 4138 famuli,
1736 4068 1884 4123 dicat
1918 4089 1929 4123 :
1963 4073 2021 4123 et

300 4208 315 4223 ,
372 4156 673 4212 secundam
718 4155 1034 4220 lectionem,
1083 4155 1225 4210 Audi
1272 4154 1462 4223 Israel,
1504 4156 1705 4226 aliquis
1734 4160 1912 4227 major
1942 4156 2023 4213 le—

373 4251 487 4316 gat.
537 4246 766 4300 Tractus
808 4244 1031 4300 Attende
1077 4243 1280 4310 caelum,
1330 4249 1390 4300 ut
1437 4246 1665 4315 primus,
1718 4252 2018 4302 cantetur:

376 4348 542 4403 quem
589 4336 788 4401 oratio,
838 4335 978 4388 Deus
1015 4335 1103 4404 qui
1147 4333 1296 4388 nobis
1337 4348 1437 4405 per
1485 4334 1860 4405 prophetarum
1900 4349 2020 4401 ora,

2097 3189 2200 3243 bus
2229 3191 2306 3251 et]
2356 3184 2746 3255 responsoriis.
2791 3181 2948 3254 (266)
2984 3181 3144 3236 Missa
3183 3182 3239 3235 in
3286 3179 3449 3235 tertia
3496 3177 3634 3233 feria
3670 3176 3740 3232 de

2098 3275 2329 3347 angelis,
2362 3280 2418 3331 et
2452 3274 2512 3329 in
2552 3274 2772 3329 caeteris
2818 3272 3016 3327 diebus
3053 3270 3234 3326 missae
3265 3269 3532 3324 institutae
3572 3267 3629 3321 in
3668 3266 3740 3321 li-

2098 3366 2199 3421 bro
2230 3362 2471 3420 ofﬁciali.
2507 3362 2759 3419 Proxima
2798 3360 3080 3417 Dominica
3119 3374 3242 3415 cum
3292 3371 3488 3415 novem
3519 3354 3744 3426 psalmis

2099 3463 2154 3512 et
2200 3454 2537 3523 antiphonis,
2571 3466 2694 3507 cum
2746 3464 2938 3506 novem
2968 3448 3302 3504 lectionibus
3346 3453 3401 3502 et
3447 3456 3744 3514 responso-

2099 3544 2197 3599 riis
2226 3542 2539 3598 celebretur
2585 3540 2641 3593 in
2690 3538 2901 3592 honore
2959 3542 3164 3590 sanctae
3212 3534 3516 3597 Trinitatis,
3550 3530 3742 3586 eadem

2099 3632 2429 3687 celsitudine
2458 3641 2567 3697 qua
2596 3626 2716 3680 dies
2752 3622 3125 3687 ascensionis;
3159 3620 3256 3675 sed
3289 3619 3451 3689 (266)
3495 3617 3742 3686 Epistola

2101 3719 2314 3789 legatur
2387 3714 2504 3770 Vidi
2559 3713 2764 3778 ostium,
2824 3718 2881 3766 et
2939 3712 3075 3766 Erat
3130 3708 3279 3762 homo
3336 3721 3405 3760 ea:
3461 3704 3744 3761 Pharisteis

2102 3805 2473 3878 Evangelium.
2540 3804 2602 3860 In
2664 3800 2909 3857 crastino
2980 3797 3136 3870 (267)
3189 3796 3490 3866 incipiatur
3536 3796 3746 3865 Regum

2103 3912 2227 3953 cum
2282 3896 2398 3952 suis
2453 3891 2823 3964 responsoriis
2870 3888 3119 3955 historia,
3170 3894 3227 3942 et
3263 3884 3742 3957 Paralipomenon,

2102 4001 2226 4056 qua:
2282 3985 2497 4056 legatur
2542 3996 2717 4052 usque
2765 3980 2833 4036 ad
2884 3978 3158 4035 Kalendas
3210 3976 3438 4047 Augusti
3478 3996 3492 4032 :
3535 3980 3592 4031 et
3646 3987 3747 4045 per

2104 4081 2275 4131 totam
2314 4072 2712 4129 hebdomadam
2769 4076 3022 4126 cantetur
3071 4068 3235 4123 missa
3281 4064 3655 4121 Dominicalis.
3703 4066 3748 4119 A

2105 4164 2366 4220 Kalendis
2395 4162 2532 4233 ipsis
2561 4162 2701 4216 liber
2730 4159 3089 4215 Ecclesiastes
3136 4171 3311 4226 usque
3355 4156 3424 4211 ad
3474 4156 3746 4211 decimum

2106 4261 2354 4311 octavum
2386 4251 2657 4307 Kalendas
2692 4249 3050 4318 Septembris.
3091 4247 3171 4302 Ab
3201 4246 3323 4316 ipso
3353 4245 3444 4300 die
3474 4246 3615 4301 liber
3645 4234 3746 4304 77

2102 4343 2205 4399 Job
2261 4356 2435 4412 usque
2482 4340 2549 4396 ad
2600 4338 2917 4393 Kalendas:
2952 4341 3008 4391 et
3053 4350 3084 4390 a
3123 4335 3383 4391 Kalendis
3410 4331 3750 4403 Septembris

377 4430 661 4491 sequatur.
722 4424 856 4477 item
908 4422 1125 4501 legatur
1164 4421 1565 4492 Apprehendent
1601 4428 1819 4493 septem,
1862 4424 2279 4501 tertiaDusque
2336 4430 2405 4485 ad
2458 4427 2696 4484 medium
2755 4438 2996 4481 mensem
3029 4422 3179 4494 (268)
3241 4423 3382 4478 liber
3444 4422 3631 4477 Tobiaa
3694 4424 3751 4473 ei.

377 4511 550 4566 lectio
583 4532 595 4566 :
628 4517 683 4568 et
713 4518 837 4581 post
862 4518 1061 4577 tractu,
1106 4512 1265 4565 Vinea
1308 4512 1475 4582 facta,
1526 4518 1765 4578 cantato,
1810 4512 2028 4568 dicatur

376 4603 521 4654 Deus
548 4601 635 4672 qui
672 4616 767 4655 nos
803 4600 875 4655 ad
920 4598 1288 4654 celebrandam
1314 4605 1643 4670 prasentem.
1687 4602 1864 4656 Finita
1895 4617 2029 4658 ora-

379 4679 555 4756 tione,
586 4694 779 4760 quarta
826 4703 957 4745 vero
996 4688 1162 4745 lectio
1200 4689 1475 4746 Nuntiavit
1520 4692 1734 4760 Moyses
1790 4691 2024 4763 legatur.

378 4781 611 4834 Tractus
664 4780 814 4835 Sicut
865 4793 1066 4845 cervus,
1108 4785 1164 4834 et
1202 4778 1378 4834 oratio
1420 4785 1630 4848 postea,
1694 4780 2030 4851 Omnipotens

376 4868 708 4938 sempiterne,
760 4868 922 4935 Deus,
971 4868 1057 4938 qui
1108 4868 1244 4922 hanc
1286 4866 1687 4934 solemnitatem,
1742 4876 2024 4939 sequatur.

378 4958 513 5012 Post
540 4962 712 5013 totum
745 4954 985 5011 ofﬁcium
1035 4963 1094 5010 ut
1132 4957 1187 5011 in
1231 4956 1468 5012 Sabbato
1514 4957 1575 5027 [Ῑῖ
1627 4962 1843 5023 sancto]
1898 4974 2028 5028 per-

375 5052 602 5115 agatur;
633 5045 730 5101 sed
762 5052 818 5100 et
853 5047 1033 5114 Agnus
1069 5047 1187 5112 Dei,
1228 5052 1283 5101 et
1312 5046 1626 5101 communio
1667 5054 1941 5114 cantetur,
1975 5055 2033 5104 et

378 5134 526 5206 (259)
586 5148 690 5204 pax
747 5134 1068 5203 accipiatur.
1130 5135 1189 5189 In
1245 5135 1491 5204 vesperis
1547 5142 1743 5191 cantor
1799 5136 2031 5193 indutus

379 5224 613 5280 chorum
663 5228 836 5293 regat,
889 5223 1301 5292 responsorium
1329 5238 1360 5278 a
1390 5223 1608 5279 duobus
1654 5225 1874 5280 clericis
1903 5241 2035 5296 cap-

380 5313 551 5382 patis,
617 5312 832 5367 scilicet
894 5314 1265 5383 Apparuerunt
1314 5304 1413 5372 75
1464 5320 1735 5383 cantetur,
1767 5320 1823 5370 et
1863 5315 2032 5371 iidem

380 5407 743 5456 succentores
774 5408 964 5469 postea
1003 5400 1335 5456 habeantur.
1379 5402 1574 5457 Psalmi
1615 5406 1861 5475 quinque
1909 5419 2034 5460 cum

389 5504 502 5545 una
547 5490 850 5560 antiphona
905 5495 1224 5555 contentur,
1255 5488 1405 5544 dicto
1449 5492 1690 5560 capitulo
1740 5500 1795 5549 et
1832 5495 2035 5566 hymno

387 5578 703 5649 Magniﬁcat
766 5593 891 5637 cum
930 5581 1077 5636 trina
1103 5577 1423 5650 antiphonie
1469 5582 1799 5650 repetitione
1854 5592 2040 5645 cante-
2119 5584 2364 5651 Sabbati,
2430 5586 2487 5638 et
2547 5580 2980 5638 Dominicalibus
3044 5574 3327 5631 matutinis
3386 5594 3399 5630 :

2110 4521 2319 4576 Esdrte.
2350 4519 2432 4576 Ab
2488 4518 2608 4588 ipsa
2660 4516 2773 4583 die,
2816 4528 2986 4585 usque
3038 4514 3107 4569 ad
3166 4511 3435 4568 Kalendas
3492 4507 3749 4565 Octobris

2111 4610 2308 4666 Esther
2335 4614 2391 4665 et
2416 4606 2627 4673 Judith,
2668 4611 2724 4662 et
2768 4605 2837 4660 ab
2884 4604 3020 4674 ipsis
3064 4601 3323 4657 Kalendis
3360 4598 3502 4653 liber
3530 4596 3753 4652 Macha-

2112 4700 2357 4755 bteorum
2405 4709 2580 4765 usque
2620 4694 2691 4750 ad
2758 4692 3029 4749 Kalendas
3084 4686 3404 4745 Novembris
3438 4706 3450 4741 :
3484 4700 3514 4741 a
3553 4685 3755 4755 quibus

2114 4803 2286 4858 usque
2343 4785 2408 4841 ad
2468 4784 2759 4840 adventum
2810 4778 3080 4842 Ezechiel,
3112 4775 3299 4831 Daniel
3349 4781 3404 4830 et
3461 4774 3755 4831 duodecim

2114 4878 2527 4948 prophetarum.
2567 4873 2648 4929 Ab
2677 4874 2800 4941 ipso
2829 4877 3098 4937 tempore,
3130 4878 3242 4934 quo
3267 4864 3567 4921 celebratio
3597 4878 3754 4920 sanc-

2114 4974 2184 5022 tte
2214 4963 2516 5029 Trinitatis,
2548 4975 2722 5030 usque
2759 4958 2827 5013 ad
2865 4955 3168 5012 Adventum
3198 4955 3435 5021 Domini,
3468 4955 3525 5009 in
3573 4952 3756 5008 Domi-

2114 5054 2255 5111 nicis
2292 5058 2348 5109 et
2375 5049 2658 5107 ferialibus
2695 5045 2891 5101 diebus
2937 5041 3074 5099 ordo
3122 5043 3531 5100 ecclesiasticus
3572 5055 3758 5096 serve-

2114 5150 2205 5199 tur
2251 5147 2311 5196 ut
2356 5152 2522 5208 supra
2568 5136 2713 5190 inter
2759 5137 3007 5188 octavum
3059 5131 3195 5197 [scil.
3234 5133 3400 5195 diem]
3433 5127 3753 5198 Epiphaniae

2117 5237 2173 5288 et
2199 5226 2663 5299 Septuagesimam
2712 5222 3156 5293 prtenotavimus,
3189 5226 3419 5288 excepto
3449 5218 3598 5288 quod
3630 5224 3758 5288 post

2115 5332 2374 5390 vesperas
2401 5319 2654 5371 cantetur
2689 5310 2875 5383 vigilia
2922 5318 3283 5374 mortuorum,
3335 5313 3391 5362 et
3418 5306 3574 5378 (269)
3628 5312 3755 5378 post

2116 5408 2412 5466 matutinas
2448 5409 2658 5459 tantum
2715 5400 2906 5457 laudes
2950 5399 3355 5457 defunctorum.
3403 5396 3485 5452 Ad
3535 5410 3761 5466 proces-

2119 5500 2331 5554 sionem
2370 5490 2550 5549 crucis
2586 5490 2655 5546 de
2693 5504 2858 5547 cruce
2906 5493 3160 5545 cantetur
3200 5483 3349 5556 (270)
3411 5484 3466 5540 in
3517 5484 3763 5555 vesperis

3461 5573 3555 5631 ubi
3611 5572 3763 5633 ﬁnita
