4156 6196
394 252 468 306 59

1519 244 1793 301 JOANNIS
1830 238 2245 301 AHCHIEPISC.
2287 236 2623 295 ROTOMAG.

3693 234 3770 290 60

395 375 639 447 ejusdem
667 372 939 439 oratione,
969 371 1253 439 memoria,
1286 371 1430 428 sicut
1458 371 1743 441 placuerit,
1779 370 2416 435 celebre-Acorporum
2443 361 2784 429 afﬁnitatem,
2813 360 2943 417 sunt
2980 359 3142 417 nobis
3179 372 3374 416 eorum
3418 357 3563 415 festa
3609 360 3768 417 oele-s

395 471 485 523 tur
514 463 938 523 resurrectionis
971 482 983 518 :
1016 467 1072 518 et
1111 462 1392 531 processio
1424 460 1533 516 diei
1562 476 1592 515 a
1622 461 1885 518 cruciﬁxo
1920 474 2035 517 non

396 556 665 621 divertat;
697 554 793 609 sed
843 552 993 608 ﬁnita
1032 551 1428 621 processionali
1471 551 1791 619 antiphona,
1842 556 2037 606 cantor

398 646 752 715 antiphonam
811 647 905 697 aut
962 641 1370 711 responsorium
1423 639 1668 708 incipiat,
1703 640 1852 709 quod
1909 646 2036 696 ante

398 750 617 793 crucem
647 734 817 789 ﬁniat.
851 732 984 789 Inde
1032 735 1367 787 revertentes
1414 728 1483 782 ad
1538 729 1790 797 chorum,
1832 730 2033 796 sancti,

400 822 557 894 cujus
586 816 817 879 ecclesia
857 820 1042 887 fuerit,
1084 817 1380 887 antiphona
1424 821 1697 884 cantetur,
1731 821 1785 872 et
1817 818 1897 872 sic
1929 824 2038 872 ter-

400 914 475 969 tia
503 914 720 969 dicatur
747 916 802 968 et
830 910 1067 967 ofﬁcium
1100 908 1208 963 diei
1239 906 1604 977 compleatur.

468 1006 712 1071 Quatuor
759 1007 1004 1071 tempora
1048 1003 1108 1053 ut
1153 1003 1369 1067 tempus
1405 996 1850 1067 Quadragesimaa
1888 996 2039 1052 cele-

402 1094 649 1149 brentur.
674 1094 731 1147 in
761 1091 996 1147 Sabbato
1032 1092 1217 1143 autem
1246 1085 1469 1156 quando
1504 1077 1605 1145 78
1636 1084 1862 1141 ordines
1909 1084 2040 1140 dan-

400 1190 510 1249 tur,
553 1187 744 1239 cantor
786 1179 1011 1235 chorum
1074 1182 1247 1247 regat.
1296 1175 1377 1231 Ad
1428 1186 1869 1245 unamquamque
1922 1190 2042 1230 ora-

400 1272 625 1336 tionem,
658 1277 861 1340 praeter
905 1267 1173 1332 ultimam,
1226 1265 1491 1320 diaconus
1539 1263 1831 1319 Flectamus
1872 1274 2041 1333 genua

398 1360 564 1427 dicat,
592 1359 805 1415 scilicet
866 1356 1162 1413 lectionem
1215 1354 1379 1409 trium
1438 1367 1754 1424 puerorum,
1788 1354 1882 1423 qui
1952 1367 2039 1408 so-

398 1449 507 1504 lum
564 1451 733 1504 Deum
792 1448 1107 1512 adorantes,
1161 1457 1344 1499 coram
1393 1449 1570 1499 statua
1607 1442 2042 1499 Nabuchodono-

396 1552 490 1595 sor
536 1552 679 1608 genu
711 1538 934 1591 ﬂectere
983 1532 1332 1604 respuerant.
1373 1534 1530 1605 (271)
1575 1534 1827 1589 Ultimam
1876 1534 2043 1589 bene-

397 1628 569 1685 dictio
616 1640 726 1682 non
775 1626 1027 1695 sequitur
1057 1623 1201 1696 (272)
1244 1631 1471 1693 propter
1517 1624 1815 1679 Dominica?
1860 1622 2045 1679 noctis

2117 454 2345 512 branda.
2378 456 2437 509 ln
2470 453 2661 523 primis
2705 451 2844 507 festa
2891 451 3066 507 beatae
3113 463 3179 506 ac
3224 448 3484 520 gloriosa:
3530 450 3766 520 virginis

2116 544 2401 616 genitricis
2431 543 2527 598 Dei
2556 542 2738 597 Mariae
2775 541 3137 597 celeberrimo
3168 539 3355 595 studio
3393 539 3555 595 decet
3602 553 3772 596 vene-

2117 635 2247 701 rari,
2280 632 2376 689 sed
2410 632 2686 702 praecipue
2730 630 2887 697 illud,
2920 642 3030 701 quo
3076 630 3341 685 Dominus
3377 634 3568 685 noster
3605 630 3769 686 Iesus

2118 723 2367 779 Christus
2408 734 2594 777 secum
2649 734 2767 776 eam
2826 721 2882 775 in
2934 733 3092 775 suum
3149 719 3512 776 clarissimum
3563 719 3765 776 solium

2118 811 2438 869 transvexit.
2483 812 2543 866 in
2583 810 2767 881 vigilia
2814 809 2950 865 hora
2997 822 3143 865 nona
3192 809 3356 864 missa
3402 806 3595 863 festive
3645 821 3772 863 cum

2118 916 2226 959 una
2256 916 2431 973 cappa
2460 901 2516 956 in
2556 902 2728 957 choro
2773 900 3104 956 celebretur.
3145 899 3334 955 Omnis
3354 900 3569 968 jejunet
3598 912 3776 969 popu-

2118 993 2223 1048 lus.
2258 995 2317 1046 ln
2346 992 2451 1048 hac
2481 990 2650 1061 igitur
2695 987 2991 1045 festivitate
3026 988 3174 1059 (276)
3223 988 3280 1043 in
3332 988 3580 1057 vesperis
3625 988 3771 1044 binae

2121 1087 2177 1139 et
2214 1082 2359 1137 bina:
2408 1080 2696 1150 pulsentur
2727 1092 3034 1149 campanis.
3081 1080 3142 1134 In
3190 1077 3522 1147 vespertinis
3550 1077 3773 1147 psalmis

2121 1172 2366 1242 quinque
2405 1169 2726 1239 antiphonte
2755 1170 3066 1224 cantentur.
3111 1166 3362 1237 Capituio
3411 1165 3562 1222 dicto
3607 1165 3767 1237 (277)

2122 1259 2537 1330 responsorium
2566 1256 2676 1313 duo
2709 1258 2925 1327 eappati
2975 1260 3196 1323 canant,
3238 1259 3295 1311 et
3323 1253 3490 1311 iidem
3523 1266 3592 1310 ex
3619 1258 3770 1311 utra~

2123 1360 2230 1420 que
2262 1355 2416 1419 parte
2466 1348 2695 1404 chorum
2743 1351 2934 1416 regant
2981 1358 3106 1401 cum
3153 1350 3402 1412 cantore,
3453 1344 3631 1400 donec
3670 1346 3775 1401 Do-

2092 1438 2328 1494 tminum
2377 1436 2728 1493 benedicant.
2782 1436 3025 1505 Hymnus
3072 1434 3317 1501 dicatur;
3376 1446 3500 1489 cum
3557 1433 3775 1489 duobus

2122 1525 2419 1582 thuribulis
2471 1525 2642 1580 altare
2694 1524 3029 1580 incensetur.
3080 1522 3390 1593 Magniﬁca!
3446 1535 3571 1577 cum
3628 1523 3774 1579 trina

2123 1616 2440 1685 antiphonte
2488 1613 2820 1684 repetitione
2868 1612 3103 1668 dicatur.
3136 1614 3197 1667 In
3244 1611 3636 1668 matutinorum
3665 1611 3774 1667 inic-

397 1717 686 1780 honorem,
720 1715 775 1769 in
806 1730 913 1784 qua
945 1716 1061 1783 ipsa
1093 1714 1182 1770 die
1213 1712 1452 1769 ofﬁcium
1493 1714 1673 1768 missae
1710 1713 2042 1783 completur.
2062 1708 2204 1769 Btio
2226 1719 2418 1761 omnes
2447 1717 2725 1774 campana:
2756 1704 3063 1773 pulsentur.
3114 1703 3359 1770 Quatuor
3396 1700 3586 1757 clerici
3634 1702 3775 1758 invi-

398 1805 534 1873 Quia
592 1818 722 1860 vero
779 1809 1018 1873 quatuor
1072 1803 1379 1869 elementis,
1434 1803 1648 1857 scilicet
1686 1803 1832 1872 igne,
1892 1817 2039 1869 aere,

400 1896 546 1950 terra
594 1899 649 1949 et
704 1907 845 1963 aqua
886 1893 1255 1959 subsistimus,
1298 1892 1521 1962 dignum
1565 1895 1650 1948 est
1698 1898 1757 1947 ut
1800 1894 2045 1960 Quatuor

398 1984 725 2053 Temporum
767 1982 967 2052 jejunii
1005 1982 1374 2037 maceratione
1406 1982 1588 2038 omnia
1628 1983 1882 2051 corporis
1911 1982 2042 2036 vitia

399 2076 707 2142 temporum
762 2073 1043 2127 varietatis
1090 2071 1568 2127 administratione
1612 2071 1669 2126 in
1710 2071 1873 2127 nobis
1923 2070 2045 2140 pul-

403 2161 629 2217 lulantia
661 2175 991 2217 resecemus.
1025 2162 1091 2216 Et
1128 2161 1307 2216 tribus
1358 2160 1555 2216 diebus
1613 2160 2045 2230 unumquodque

393 2250 661 2320 jejunium
700 2251 959 2317 colimus;
994 2250 1123 2319 quia
1170 2254 1288 2305 toto
1319 2250 1509 2316 corde,
1550 2254 1665 2305 tota
1695 2249 1896 2315 anima,
1930 2254 2047 2305 tota

398 2338 618 2404 virtute,
673 2339 874 2408 quibus
926 2345 1169 2393 sanctam
1218 2339 1563 2404 Trinitatem,
1624 2352 1791 2393 unum
1849 2339 2043 2405 Deum,

399 2438 466 2483 eo
495 2428 751 2495 docente,
794 2428 1025 2497 diligere
1063 2429 1339 2497 jubemur,
1374 2441 1478 2483 nos
1531 2426 1619 2481 his
1657 2431 1897 2496 quatuor
1937 2427 2048 2481 ele-

400 2516 601 2571 mentis
638 2517 1000 2571 subsistentes
1039 2515 1094 2570 in
1131 2514 1481 2584 benepiacito
1512 2529 1613 2570 suo
1646 2529 1835 2585 regere
1876 2515 2047 2571 debe-

402 2618 545 2660 mus.
576 2606 731 2672 Quod
771 2606 901 2675 quia
931 2618 1040 2661 non
1073 2605 1281 2675 absque
1304 2618 1363 2659 re
1396 2605 1456 2659 ﬁt
1483 2604 1631 2674 quod
1665 2606 1900 2674 primum
1931 2605 2045 2674 pri-

401 2706 488 2749 ma
540 2693 761 2749 Sabbati
807 2694 968 2764 primi
1012 2695 1236 2761 mensis,
1278 2694 1579 2749 secundum
1627 2694 1868 2749 secunda
1915 2695 2048 2749 Sab-

399 2783 512 2838 bati
561 2784 763 2853 quarti,
800 2784 1021 2839 tertium
1053 2785 1215 2838 tertia
1264 2783 1485 2838 Sabbati
1532 2783 1754 2852 septimi
1800 2784 2047 2839 celebra-

321 2861 331 2871 ’
397 2874 516 2937 tur;
577 2868 829 2939 quartum
887 2884 1018 2926 vero
1075 2882 1185 2926 non
1227 2871 1284 2925 in
1334 2877 1528 2939 quarta
1569 2870 1791 2925 Sabbati
1823 2870 2043 2938 decimi,

397 2958 454 3013 in
512 2970 619 3027 qua
674 2959 938 3013 Nativitas
992 2958 1208 3013 Domini
1266 2957 1597 3024 celebratur,
1643 2958 1740 3014 sed
1798 2958 1870 3013 ob
1927 2960 2048 3027 ejus

2126 1795 2383 1851 tatorium
2414 1798 2657 1861 cantent,
2699 1793 2814 1849 bini
2853 1792 3285 1862 unumquodque
3331 1791 3769 1861 responsorium.

2130 1884 2287 1957 (278)
2304 1884 2576 1940 Diaconus
2599 1896 2773 1953 cappa
2803 1881 3029 1937 indutus
3047 1893 3170 1938 cum
3192 1881 3549 1951 processione
3579 1886 3775 1951 pergat

2126 1975 2195 2030 ad
2226 1974 2692 2044 pronuntiandum
2724 1971 3063 2042 evangelium
3105 1990 3117 2026 :
3170 1970 3438 2037 secundo,
3470 1974 3526 2026 et
3552 1970 3769 2039 quinto,

2127 2070 2183 2120 et
2211 2068 2404 2120 octavo
2429 2064 2577 2129 [add.
2612 2060 3012 2133 responsorio],
3046 2063 3103 2116 et
3129 2059 3198 2115 ad
3220 2062 3289 2115 Te
3308 2062 3472 2115 Deum
3500 2058 3775 2115 laudamus

2127 2153 2299 2209 altare
2330 2154 2665 2209 incensetur.
2699 2154 2759 2207 In
2798 2155 2947 2207 noct.
2982 2155 3038 2206 et
3084 2154 3213 2205 mat.
3264 2149 3449 2220 hymni
3498 2149 3771 2205 dicantur.

2129 2244 2210 2299 Ad
2238 2243 2549 2299 Benedictus
2591 2240 2893 2311 antiphona
2924 2245 3008 2296 ter
3037 2245 3338 2309 repetatur.
3379 2236 3509 2295 Post
3556 2239 3774 2294 tertiam

2132 2324 2210 2392 8|
2252 2332 2319 2387 ad
2369 2331 2779 2402 processionem
2828 2330 2884 2384 in
2934 2329 3195 2395 claustro,
3238 2333 3331 2383 aut
3372 2328 3467 2383 ubi
3514 2326 3769 2394 defuerit,

2127 2421 2185 2477 in
2215 2421 2451 2476 circuitu
2499 2420 2750 2475 ecclesiae
2801 2422 3051 2489 pergant.
3084 2415 3337 2473 Ofﬁcium
3368 2417 3551 2472 missae
3583 2414 3773 2472 festive

2128 2510 2461 2566 celebretur.
2499 2508 2656 2581 (279)
2689 2510 2890 2564 Omnes
2927 2506 3116 2563 clerici
3164 2520 3266 2577 pro
3314 2519 3477 2575 posse
3526 2504 3774 2562 ecclesia;

2128 2599 2447 2664 induantur,
2481 2605 2536 2655 et
2575 2598 2738 2654 missa
2774 2612 2897 2653 cum
2945 2596 3107 2652 laude
3155 2602 3211 2651 et
3255 2596 3544 2665 sequentia
3586 2594 3773 2652 festive

2128 2688 2459 2745 celebretur.
2503 2686 2655 2759 (280)
2689 2687 2899 2754 Cierus,
2934 2690 2989 2741 et
3017 2685 3106 2740 cui
3136 2699 3203 2739 ex
3232 2683 3437 2754 populo
3485 2684 3772 2755 placuerit,

2128 2779 2583 2832 communicetur.
2616 2776 2732 2831 Diei
2771 2788 3017 2845 vesperae
3048 2774 3179 2830 ﬁant
3225 2779 3287 2830 ut
3323 2773 3543 2845 vigilite.
3575 2775 3775 2829 Omnes

2129 2881 2260 2937 ergo
2291 2866 2410 2922 dies
2447 2878 2622 2935 usque
2661 2865 2731 2920 ad
2779 2850 3031 2920 octavum
3060 2876 3213 2920 more
3259 2861 3581 2919 Dominicali
3631 2862 3778 2917 cele-

2128 2953 2381 3022 brentur,
2433 2958 2665 3024 excepto
2707 2952 2858 3024 quod
2898 2951 3041 3024 (281)
3102 2953 3158 3008 in
3207 2952 3496 3008 nocturnis
3541 2957 3778 3022 quatuor

398 3047 760 3102 reverentiam
823 3046 878 3101 in
937 3046 1275 3115 praecedenti
1326 3046 1548 3111 colitur,
1616 3053 1676 3102 ut
1733 3048 1789 3102 in
1847 3038 2401 3102 divinisGiectiones
2465 3043 2735 3115 legantur.
2805 3043 2876 3097 Te
2930 3043 3094 3097 Deum
3169 3041 3446 3097 laudamus
3502 3044 3773 3097 cantetur.

399 3140 716 3191 sanctorum
761 3136 980 3189 Patrum
1029 3134 1244 3205 paginis
1292 3136 1588 3205 reperitur,
1618 3135 1688 3191 ad
1736 3135 2047 3192 evitandum

398 3220 677 3279 fastidium
708 3228 899 3279 nostro
928 3224 1083 3293 operi
1136 3224 1383 3278 inserere
1436 3215 1536 3285 79
1593 3223 1925 3280 omissimus.
1983 3226 2044 3280 ln

399 3313 488 3368 his
514 3313 701 3383 itaque
722 3313 1082 3382 temporibus,
1115 3312 1171 3367 in
1210 3311 1463 3367 Sabbatis
1483 3316 1607 3382 post
1637 3326 1856 3381 nonam,
1894 3313 2050 3385 (273)

399 3401 456 3456 in
513 3402 677 3456 missa
731 3399 1083 3471 vespertinaii
1140 3402 1362 3471 quidem
1420 3402 1576 3469 hora,
1627 3416 1751 3475 quis
1791 3416 1919 3472 pars
1964 3410 2049 3460 est

399 3488 698 3545 Dominicis
755 3489 1218 3556 resurrectionis,
1282 3504 1314 3545 a
1380 3490 1543 3546 beato
1601 3493 1783 3546 Leone
1831 3505 2043 3548 summo

400 3577 681 3649 pontiﬁce,
715 3577 1044 3649 caeterisque
1091 3579 1299 3635 sanctis
1325 3580 1601 3647 Patribus,
1632 3580 1889 3637 ordinum
1918 3594 2049 3637 con-

397 3668 634 3723 secratio
661 3667 779 3723 ﬁeri
811 3668 1188 3735 constituitur,
1214 3682 1338 3737 qua:
1380 3670 1586 3739 jejunis
1614 3684 1645 3724 a
1668 3670 2047 3739 jejunantibus

397 3755 732 3812 conferatur.
771 3754 924 3826 (274)
973 3760 1111 3811 Ante
1159 3770 1360 3811 nonam
1409 3770 1539 3812 vero
1578 3757 1696 3813 ﬁeri
1742 3773 1899 3815 sacra
1943 3774 2048 3815 au-

399 3846 655 3901 ctoritate
687 3843 1033 3912 prohibetur.
1067 3845 1134 3899 Et
1180 3846 1378 3899 iterum
1426 3848 1856 3916 unumquodque
1903 3854 2046 3904 tem-

399 3946 503 4002 pus
550 3932 727 3987 tribus
773 3931 969 3987 diebus
1010 3934 1341 4002 jejunamus,
1374 3934 1523 4003 quod
1568 3934 1745 3991 tribus
1791 3937 2049 3992 consistit

399 4020 700 4077 mensibus.
738 4020 888 4092 (275)
918 4023 978 4076 In
1016 4021 1106 4078 die
1151 4036 1281 4079 vero
1324 4024 1608 4080 Dominica
1656 4026 2047 4095 episcoporum

398 4110 675 4167 ordinatio
724 4109 1055 4167 celebretur.
1090 4112 1149 4167 in
1174 4112 1294 4181 ipsa
1323 4112 1468 4168 enim
1499 4120 1719 4169 creatus
1747 4120 1802 4170 et
1831 4116 2041 4171 redem-

399 4206 527 4271 ptus
555 4204 640 4255 est
668 4200 936 4266 mundus;
970 4201 1026 4256 in
1056 4201 1177 4272 ipsa
1212 4216 1382 4272 super
1423 4203 1708 4273 apostolos
1759 4204 2048 4261 descendit

397 4289 635 4359 Spiritus
662 4295 903 4346 sanctus.
957 4291 1396 4361 Unumquodque
1444 4292 1665 4363 gradale
1713 4307 1856 4349 unus
1884 4294 2047 4350 cieri-

2126 3133 2253 3188 Dies
2289 3137 2515 3189 octavus
2543 3138 2601 3188 ut
2653 3130 2958 3202 apostolica
3019 3130 3158 3187 festa
3198 3130 3530 3187 celebretur.
3571 3130 3776 3187 Eodem

2129 3223 2293 3279 modo
2324 3231 2379 3279 et
2407 3224 2661 3278 nativitas
2690 3221 2956 3292 ejusdem,
2989 3227 3045 3277 et
3090 3220 3421 3290 puriﬁcatio,
3474 3226 3529 3277 et
3566 3234 3778 3277 annun-

2134 3312 2313 3381 tiatio,
2383 3318 2438 3368 et
2503 3312 2707 3379 sancti,
2768 3312 2925 3381 cujus
2981 3309 3217 3366 ecclesia
3273 3308 3459 3378 fuerit,
3509 3314 3564 3367 et
3616 3309 3772 3383 (282)

2130 3402 2372 3457 omnium
2429 3408 2745 3458 sanctorum
2785 3420 2801 3458 :
2844 3400 2940 3457 sed
2989 3406 3046 3457 et
3100 3400 3222 3457 alia:
3281 3401 3400 3471 ejus
3455 3399 3777 3457 festivitates

2128 3491 2336 3563 absque
2366 3490 2568 3563 vigiliis
2601 3495 2657 3547 et
2704 3491 2930 3558 octavis,
2963 3493 3019 3546 et
3062 3492 3238 3547 sancti
3287 3489 3532 3561 ejusdem
3571 3489 3774 3561 vigilia,

2128 3582 2175 3637 si
2224 3579 2510 3638 confessor
2539 3579 2723 3648 fuerit,
2758 3579 3000 3636 omnium
3049 3585 3385 3648 sanctorum,
3434 3579 3659 3635 octavis.
3712 3580 3774 3634 in

2128 3673 2369 3729 crastino
2419 3671 2663 3727 omnium
2717 3674 3032 3725 sanctorum
3090 3670 3184 3725 ﬁat
3229 3669 3422 3726 festiva
3473 3666 3774 3724 celebratio

2129 3762 2371 3817 omnium
2438 3764 2800 3827 mortuorum,
2870 3758 2927 3813 in
2992 3774 3100 3828 qua
3177 3757 3329 3830 (283)
3388 3770 3500 3813 non
3560 3755 3777 3812 dicatur

2128 3851 2364 3921 hymnus
2391 3855 2485 3905 aut
2514 3848 2909 3905 invitatorium.
2942 3848 3062 3904 Bini
3091 3846 3280 3903 clerici
3310 3850 3533 3901 cantent
3573 3859 3774 3902 unum-

2129 3940 2390 4010 quodque
2448 3938 2860 4009 responsorium
2894 3953 2906 3988 :
2942 3936 3086 4010 (284)
3117 3937 3228 3992 duo
3277 3938 3469 4006 regant
3517 3932 3773 4002 chorum,

2131 4027 2242 4084 duo
2272 4027 2490 4099 eappati
2538 4028 2781 4099 gradale,
2815 4035 3051 4099 quatuor
3095 4029 3318 4081 cantent
3355 4028 3612 4081 tractum.
3658 4024 3778 4080 Ma-

2129 4117 2343 4182 tutinus,
2376 4120 2432 4171 et
2466 4114 2622 4186 (285)
2657 4115 2809 4171 horae
2841 4115 2953 4170 diei
3002 4113 3320 4170 nullomodo
3351 4111 3776 4183 praetermitten-

2130 4210 2239 4272 tur,
2299 4204 2395 4260 sed
2454 4205 2552 4260 has
2609 4203 2875 4259 ferialiter
2934 4204 3111 4259 dictas
3167 4202 3375 4275 agenda
3432 4207 3773 4259 mortuorum

2133 4292 2323 4349 festiva
2373 4296 2655 4362 sequatur.
2707 4293 2885 4348 Prima
2932 4292 3099 4359 dicta,
3150 4298 3264 4348 tres
3316 4290 3528 4363 psalmi,
3561 4289 3774 4347 scilicet

397 4392 495 4435 cus
532 4384 659 4436 ante
688 4378 859 4435 altare
908 4387 1086 4436 canat.
1137 4382 1591 4450 Responsorium,
1636 4383 1956 4451 Benedicite,
1991 4374 2212 4440 etDAd
2267 4382 2542 4437 Dominum
2598 4374 2700 4443 82
2759 4397 2873 4437 cum
2930 4381 3232 4448 tributarer,
3276 4381 3486 4444 Levavi,
3545 4381 3774 4435 Lwtatus

398 4472 607 4525 tractus
644 4483 675 4525 a
710 4468 857 4524 binis
903 4468 1122 4525 clericis
1170 4475 1441 4538 cantetur,
1489 4477 1543 4526 et
1592 4472 1647 4527 in
1696 4472 1801 4528 ﬁne
1841 4473 2043 4542 missae,

399 4558 684 4615 Humiliate
746 4558 941 4631 capita,
996 4572 1107 4615 non
1156 4558 1389 4615 dicatur.
1431 4562 1674 4627 Quatuor
1719 4563 2046 4633 Temporum

398 4647 456 4699 in
486 4654 679 4716 quarta
717 4648 852 4704 feria
901 4649 1026 4705 duae
1070 4648 1339 4705 lectiones
1380 4649 1664 4720 leguntur;
1698 4653 1956 4721 quoniam
1987 4650 2045 4708 hi

398 4734 494 4803 qui
522 4736 813 4794 ordinandi
854 4745 1002 4808 sunt,
1046 4742 1107 4795 ut
1146 4739 1398 4795 notitiam
1446 4740 1585 4811 legis
1640 4746 1695 4796 et
1752 4743 2047 4812 prophetae

399 4836 519 4878 rum
550 4822 806 4891 habeant,
837 4830 1121 4886 admoneri
1151 4829 1375 4895 debent,
1410 4834 1465 4885 et
1494 4831 1796 4886 secundum
1821 4838 2046 4903 aposto-

399 4910 511 4969 lum
540 4910 749 4984 fulgere
771 4912 1019 4973 doctrina
1048 4925 1105 4974 et
1141 4933 1396 4975 sermone
1432 4918 1493 4989 (I
1522 4919 1648 4974 Tim.
1684 4934 1735 4988 v,
1766 4920 1868 4993 17).

646 5049 733 5105 DE
780 5047 1315 5111 FESTIVITATIBUS
1370 5055 1790 5111 SANCTORUM.

469 5186 700 5254 Oportet
728 5197 831 5240 nos
855 5182 1179 5241 festivitates
1206 5194 1521 5246 sanctorum
1550 5189 1869 5245 discernere
1899 5204 2041 5260 qua-

399 5271 529 5330 liter
558 5272 926 5343 ceiebrentur,
960 5287 1028 5329 ne
1068 5274 1183 5329 sint
1211 5277 1372 5332 nobis
1410 5278 1731 5347 fastidiosae,
1760 5279 1808 5334 si
1848 5292 2042 5348 super-

400 5360 508 5418 ﬁue
557 5361 793 5431 agimus;
842 5368 937 5419 aut
964 5364 1012 5419 si
1042 5361 1204 5418 nimis
1238 5364 1551 5435 reticemus,
1586 5381 1776 5424 eorum
1801 5367 2042 5436 juvami-

399 5462 470 5507 ne
499 5463 800 5508 careamus.
834 5443 948 5515 80
978 5452 1189 5521 Quibus
1216 5454 1463 5522 quamvis
1491 5470 1599 5513 una
1638 5458 1695 5513 in
1744 5470 1915 5526 regno
1945 5457 2041 5512 Dei

396 5540 472 5597 sit
512 5538 711 5611 gloria,
757 5545 941 5600 tamen
984 5541 1291 5601 secundum
1337 5541 1554 5601 ordinis
1601 5547 1914 5618 primatum,
1946 5549 2043 5603 aut

2127 4487 2259 4539 sum,
2293 4471 2350 4526 in
2380 4476 2513 4528 tono
2537 4470 2813 4539 dicantur,
2845 4477 2900 4527 et
2934 4486 3096 4528 versu
3144 4470 3314 4537 dicto,
3364 4469 3533 4540 Kyrie
3582 4467 3773 4524 eleison

2129 4566 2399 4617 cantetur.
2440 4561 2699 4619 Oratione
2747 4562 3029 4618 Dominica
3072 4559 3225 4615 ﬁnita
3274 4571 3396 4614 cum
3444 4556 3622 4629 primo
3650 4561 3770 4613 tan-

2128 4656 2243 4707 tum
2272 4665 2393 4721 cap.
2425 4651 2670 4723 Requiem
2716 4656 2982 4718 (sternam,
3028 4650 3204 4706 oratio
3242 4652 3526 4719 sequatur.
3567 4645 3771 4704 Eodem

2128 4741 2293 4797 modo
2315 4743 2370 4795 in
2410 4741 2627 4797 caeteris
2655 4739 2829 4809 horis,
2862 4738 3107 4809 exceptis
3157 4738 3216 4809 [f2
3249 4737 3518 4810 vesperis]
3558 4741 3612 4791 et
3660 4746 3773 4790 ma-

2127 4832 2340 4887 tutinis.
2372 4832 2433 4887 In
2463 4831 2644 4899 tertia,
2693 4831 2777 4887 Ad
2826 4835 2875 4887 te
2922 4830 3109 4894 levavi,
3158 4829 3283 4886 Nisi
3328 4829 3452 4900 quia
3497 4826 3771 4893 Dominus,

2128 4922 2229 4989 Qui
2256 4919 2537 4993 confidunt,
2570 4920 2873 4978 versiculus
2891 4921 2999 4977 erit
3022 4940 3034 4975 :
3061 4920 3110 4975 A
3126 4921 3285 4991 porta
3312 4916 3486 4988 inferi.
3509 4916 3569 4971 in
3595 4920 3768 4983 sexta,

2126 5013 2193 5067 In
2259 5010 2622 5078 convertenda,
2689 5011 2815 5067 Nisi
2887 5009 3139 5066 Dominus
3205 5005 3559 5078 aediﬁcaverit,
3619 5002 3773 5060 Beati

2125 5115 2320 5168 omnes,
2390 5098 2449 5160 1i.
2498 5103 2623 5157 Non
2666 5100 2829 5154 intres
2872 5101 2928 5155 in
2963 5099 3238 5169 judicium.
3292 5098 3351 5151 In
3398 5108 3565 5162 nona,
3618 5094 3773 5165 Saepe

2125 5192 2571 5260 expugnaverunt,
2602 5189 2682 5243 De
2704 5187 3000 5259 profundis,
3031 5186 3270 5253 Domine,
3298 5198 3403 5239 non
3450 5188 3547 5252 est,
3594 5180 3771 5238 versi-

2125 5277 2283 5333 culus
2317 5298 2329 5333 :
2365 5279 2431 5333 In
2480 5277 2729 5331 memoria
2785 5281 3001 5333 (eterna.
3066 5273 3213 5347 (286)
3266 5275 3326 5329 In
3384 5270 3769 5342 completorio,

2125 5367 2266 5422 Deus
2294 5367 2621 5433 misereatur,
2645 5366 2785 5421 Deus
2814 5367 2867 5421 in
2896 5365 3235 5435 adjutorium,
3286 5361 3527 5425 Domine,
3575 5359 3772 5416 exaudi

2125 5457 2414 5511 orationem
2441 5470 2628 5525 meam,
2674 5455 2908 5524 auribus,
2947 5452 3254 5512 versiculus
3286 5473 3298 5507 :
3332 5451 3576 5524 Requiem
3613 5453 3773 5506 ceter-

2122 5556 2265 5600 nam.
