4156 6196
404 316 471 371 61

1496 315 1693 371 LIBER
1728 316 1817 372 DE
1852 312 2134 372 OFFICIIS
2169 309 2713 374 EGGLESIASTICIS.

480 439 633 513 (287)
692 439 980 496 Festivitas
1024 440 1325 497 nativitatis
1367 442 1543 497 sancti
1590 442 1818 497 Joannis
1863 440 2261 513 Bapti‘Acium
2326 442 2542 500 duobus
2607 440 2926 499 cantoribus
3000 439 3331 496 celebretur.
3402 439 3636 495 Ministri
3695 439 3777 495 ita

401 536 522 599 stre,
583 540 639 586 et
688 530 971 601 passiones
1021 530 1395 600 apostolorum
1452 532 1598 587 Petri
1636 537 1719 591 et.
1754 533 1929 600 Pauli,
1986 538 2042 589 et
2126 534 2444 590 induantur.
2504 533 2776 588 Diaconus
2836 530 3125 586 dalmatica
3156 570 3172 593 ,

3247 520 3348 588 85
3409 529 3782 585 subdiaconus

401 620 658 688 Andreae,
691 624 747 675 et
791 618 848 674 in
904 624 1089 675 monte
1134 622 1381 691 Gargano
1432 622 1695 678 memoria
1748 622 1895 678 beati
1952 624 2047 679 Mi-
2125 623 2332 691 tunica,
2383 623 2493 679 duo
2541 621 2598 677 in
2645 618 2804 689 albis,
2837 620 2932 695 qui
2979 618 3331 684 candelabra,
3386 625 3441 673 et
3484 632 3646 684 unus,
3679 620 3777 687 qui

400 709 632 776 chaelis,
665 713 719 764 et
747 708 923 763 sancti
955 708 1169 763 Martini
1218 709 1516 779 depositio,
1549 723 1659 766 uno
1699 711 1862 768 modo
1894 712 2048 768 celsa-

406 799 656 853 brentur.
705 799 764 853 In
821 797 909 853 his
963 797 1402 854 solemnitatibus
1458 814 1736 869 campana;
1792 801 1937 857 binae
1993 807 2049 857 et

405 886 553 942 binae
600 885 934 956 pulsentur:
968 886 1212 956 quinque
1262 888 1454 957 psalmi
1511 889 1568 944 in
1624 891 1871 959 vesperis
1925 902 2049 945 cum

407 989 513 1031 una
541 974 844 1045 antiphona
874 980 1085 1030 tantum
1134 981 1443 1033 cantentur.
1476 978 1906 1048 Responsorium
1938 979 2049 1035 duo

407 1064 626 1135 cappati
671 1068 890 1133 canant,
939 1063 1033 1134 qui
1081 1062 1274 1136 pestea
1334 1066 1563 1122 chorum
1609 1073 1822 1138 regant,
1873 1058 2051 1124 donec

402 1154 692 1211 Dominum
723 1152 1074 1209 benedicent.
1114 1154 1247 1209 Cum
1297 1166 1407 1211 uno
1447 1155 1729 1212 thuribulo
1758 1156 1929 1213 altare
1958 1158 2050 1212 in-

406 1248 685 1300 censetur.
740 1241 883 1313 (288)
923 1242 1299 1299 lnvitatorium
1347 1244 1409 1299 in‘
1452 1245 1735 1300 matutinis
1789 1260 1820 1300 a
1877 1246 2055 1302 tribus

404 1333 626 1389 clericis
655 1337 927 1386 cantetur.
956 1332 1327 1401 Responsoria
1376 1333 1493 1388 bini
1542 1339 1597 1389 et
1645 1334 1762 1390 bini
1808 1340 2051 1403 cantent,

403 1423 463 1479 in
493 1421 783 1479 nocturnis
822 1427 877 1476 et
914 1420 1169 1477 laudibus
1209 1414 1310 1484 83
1349 1422 1582 1493 hymnus
1613 1428 1883 1479 cantetur.
1915 1426 2055 1480 Prod-

405 1513 587 1568 cessio
617 1524 727 1567 non
778 1509 890 1565 ﬂat.
925 1512 1261 1582 Unaquaque
1308 1511 1399 1567 die
1445 1525 1621 1582 usque
1666 1512 1736 1568 ad
1784 1518 2054 1581 octavum,

408 1603 513 1658 nisi
562 1602 740 1672 major
787 1598 1010 1656 festivas
1064 1600 1435 1669 interciderit,
1485 1600 1554 1657 de
1610 1598 1722 1657 illis
1778 1608 2053 1672 cantetur,

406 1697 464 1747 et
491 1695 610 1747 tota
635 1689 902 1745 matutina
949 1689 1183 1746 dicatur.
1221 1689 1380 1763 (289)
1429 1691 1559 1747 Dies
1596 1696 1822 1749 octavus
1845 1699 1907 1750 ut
1934 1693 2055 1749 dies

409 1779 692 1837 Dominica
720 1778 1052 1834 celebretur.

484 1868 866 1926 Soiemnitates
909 1873 1235 1926 cmterorum
1285 1869 1682 1939 apostolorum,
1715 1874 1771 1927 et
1825 1882 2057 1942 evange-

410 1958 676 2026 listarum,
709 1963 764 2014 et
792 1958 1140 2015 exaltationis
1185 1966 1391 2015 sancta
1439 1960 1642 2027 crucis,
1676 1964 1731 2016 et
1760 1959 2055 2017 decoliatio

412 2049 588 2105 sancti
614 2048 861 2115 Joannis,
894 2053 951 2104 et
978 2047 1134 2119 (290)
1168 2048 1448 2105 dedicatio
1478 2050 1654 2105 sancti
1688 2050 1969 2107 Michaelis
2000 2052 2055 2106 in

412 2138 565 2204 Mari,
596 2143 652 2192 et
678 2137 747 2193 ad
776 2136 1005 2193 Vincula
1037 2137 1214 2193 sancti
1261 2138 1449 2207 Petri;
1481 2144 1536 2194 et
1564 2140 1852 2196 conversio
1881 2141 2057 2196 sancti

411 2226 585 2293 Pauli,
631 2232 686 2282 et
714 2230 1029 2282 sanctorum
1087 2230 1387 2296 martyrum
1443 2227 1746 2296 Laurentii,
1797 2229 2055 2297 Maurltil,

409 2315 679 2388 Dionysii,
709 2317 933 2385 Nicasii,
973 2322 1401 2388 sanctorumque
1440 2318 1858 2388 confessorum;
1900 2320 2061 2376 ordi-

410 2406 564 2462 natio
613 2406 881 2476 Gregorii,
931 2406 1241 2477 Augustini,
1284 2408 1621 2479 Hieronymi,
1679 2408 1909 2475 Nlcolai,
1942 2409 2061 2465 Gii-

409 2495 597 2559 daldi;
631 2494 917 2550 translatio
956 2496 1131 2551 sancti
1178 2496 1484 2564 Benedicti,
1518 2498 1717 2568 aequali
1749 2499 1945 2555 ordine
1975 2513 2063 2555 ce-

409 2582 723 2639 lebrentur.
755 2585 815 2638 In
862 2583 1058 2639 horum
1105 2583 1491 2641 festivitatibus
1540 2586 1697 2657 (291)
1733 2588 1787 2642 in
1817 2589 2064 2658 vesperis

409 2676 473 2727 et
520 2672 805 2727 matutinis
851 2671 1057 2728 chorus
1104 2686 1217 2727 non
1266 2678 1508 2743 regatur.
1561 2675 1994 2743 Responsorium
2032 2690 2065 2732 a

415 2761 638 2817 duobus
667 2760 890 2817 clericis
919 2762 1169 2831 cappatis
1197 2760 1468 2817 cantetur.
1501 2761 1582 2817 Ad
1635 2764 1705 2817 Te
1750 2765 1917 2819 Deum
1954 2764 2065 2820 lau-

417 2851 622 2916 damus,
656 2856 711 2906 et
758 2851 825 2906 ad
874 2850 1208 2917 Benedictus,
1256 2851 1429 2906 altare
1476 2852 1813 2908 incensetur.
1865 2855 2065 2911 Invita-

413 2941 618 2997 torium
666 2940 777 2995 duo
832 2939 1051 3009 cappati
1101 2942 1301 2995 canant
1334 2959 1347 2995 :
1381 2941 1813 3012 unumquodque
1844 2944 2067 3000 tertium

415 3030 827 3100 responsorium
858 3042 889 3085 a
919 3028 1067 3085 binis
1112 3034 1366 3086 cantetur
1398 3048 1411 3085 :
1448 3028 1606 3103 (292)
1653 3029 1895 3088 officium
1944 3048 2067 3089 cum

2128 706 2470 767 thuribulum
2500 710 2730 767 deferat.
2782 709 3011 765 Gradale
3060 709 3171 764 duo
3219 708 3275 763 in
3307 707 3449 762 albis
3477 711 3694 774 canant,
3727 709 3783 761 et

2129 800 2241 856 duo
2271 815 2395 855 cum
2427 802 2617 869 cappis
2645 798 2893 855 Alleluia.

2201 888 2336 955 Quia
2364 902 2494 944 vero
2527 889 2596 944 de
2644 889 2845 945 divinis
2893 886 3170 959 mysteriis
3209 885 3582 952 tractavimus,
3616 897 3782 954 opor-

2131 983 2210 1033 tet
2240 977 2559 1032 discernere
2589 979 2793 1047 quibus
2832 979 3003 1034 sacris
3052 976 3389 1032 indumentis
3419 973 3780 1029 ministraturi

2131 1067 2450 1123 induantur.
2480 1067 2728 1123 Amictus
2774 1066 2942 1139 igitur
2988 1068 3222 1139 primum
3269 1073 3351 1123 est
3398 1066 3780 1121 indumentum

2133 1156 2281 1228 quod
2329 1156 2456 1212 ideo
2487 1154 2635 1212 collo
2687 1157 3110 1224 circumdamus,
3163 1163 3433 1227 quatenus
3479 1170 3604 1220 vox,
3657 1167 3781 1223 qua:

2135 1260 2235 1317 per
2263 1246 2463 1302 collum
2497 1246 2798 1317 egreditur,
2833 1247 2900 1301 ab
2949 1247 3097 1302 omni
3150 1261 3311 1316 prava
3359 1245 3636 1301 locutione
3667 1256 3785 1297 mu-

2136 1336 2321 1391 niatur
2350 1356 2362 1390 :
2396 1342 2456 1390 ut
2480 1336 2636 1405 juxta
2695 1334 3027 1404 Prophetam
3074 1349 3172 1390 cor
3220 1343 3465 1391 nostrum
3510 1331 3786 1389 custodia-

2138 1436 2278 1491 mus,
2312 1430 2380 1481 ne
2410 1424 2466 1479 in
2519 1424 2705 1495 lingua
2752 1428 2942 1480 nostra
2997 1421 3399 1493 delinquemus.
3452 1421 3782 1490 Secundum,

2140 1513 2362 1569 camisia
2384 1512 2548 1581 linea,
2581 1528 2705 1584 quae
2736 1512 2877 1580 alba,
2904 1512 2990 1569 vel
3021 1512 3264 1583 poderis,
3298 1512 3381 1568 vel
3413 1512 3601 1568 talaris
3646 1523 3787 1566 nun-

2141 1608 2513 1675 cupatur......
2574 1603 2776 1660 nodum
2828 1602 3081 1674 corporis
3132 1608 3281 1658 arcta
3348 1604 3522 1657 totum
3584 1614 3787 1671 corpus

2142 1695 2491 1764 absque......
2538 1708 2701 1765 quem
2748 1694 2918 1749 nimio
2966 1693 3153 1748 labore
3202 1691 3543 1762 perducitur,
3576 1688 3790 1745 mendis

2068 1780 2118 1840 B
2141 1786 2195 1841 et
2226 1784 2479 1854 corporis
2500 1783 2767 1840 munditia
2814 1780 3154 1854 designatur,
3199 1795 3321 1852 quae
3354 1779 3527 1835 multo
3572 1774 3788 1849 jejunii,

2137 1877 2193 1931 et
2250 1872 2578 1945 vigiliarum,
2628 1877 2682 1929 et
2736 1874 3066 1939 orationum,
3127 1872 3505 1939 honorumque
3564 1878 3793 1936 Operam

2138 1963 2401 2020 exercitio
2449 1963 2773 2033 acquiritur.
2818 1963 2924 2018 Per
2970 1962 3423 2017 stricturam......
3474 1971 3592 2022 cor,
3646 1968 3790 2011 cun-

2139 2057 2336 2122 ctaque
2371 2052 2615 2107 membra
2655 2051 3047 2122 corporis......
3098 2046 3323 2105 talarem
3371 2060 3500 2102 vero
3552 2042 3789 2115 longitu-

2138 2140 2467 2198 dinem......
2518 2141 3067 2204 consummationem,
3123 2152 3222 2209 per
3278 2148 3534 2206 rugarum
3583 2133 3790 2190 devita-

2140 2231 2370 2300 tionem,
2411 2231 2752 2301 quibus......
2807 2229 3355 2301 complexiones......
3408 2224 3617 2296 paritas
3665 2221 3794 2279 ﬂdei

2135 2306 2451 2387 catholica,
2485 2335 2726 2390 per......
2759 2322 2864 2376 Per
2891 2318 3106 2386 stolam,
3140 2332 3263 2388 qum
3297 2316 3500 2371 dicitur
3530 2315 3792 2381 orarium,

2136 2413 2328 2483 jugum
2369 2410 2583 2467 Domini
2633 2424 2816 2478 suave,
2868 2411 2923 2466 et
2971 2422 3111 2465 onus
3158 2408 3278 2477 ejus
3326 2405 3462 2472 leve,
3499 2416 3598 2475 per
3647 2400 3797 2474 quod

2141 2499 2603 2571 designatur.....,
2638 2497 2795 2555 stola:
2846 2499 3199 2567 puritas......
3248 2494 3353 2550 Per
3398 2488 3796 2563 longitudinem

2141 2600 2316 2660 usque
2346 2588 2413 2644 ad
2444 2589 2616 2659 pedes
2633 2589 2806 2644 virtus
2836 2579 2939 2649 86
2978 2584 3323 2641 humilitatis.
3387 2585 3491 2639 Per
3556 2578 3794 2636 balteum

2146 2690 2256 2746 quo
2312 2675 2484 2733 lumbi
2546 2678 2985 2748 restringantur,
3045 2674 3266 2732 castitas
3335 2672 3792 2743 designatur......

2147 2765 2355 2821 Deinde
2409 2766 2659 2836 sequitur
2705 2767 2908 2833 tunica,
2943 2765 3011 2821 de
3060 2778 3166 2835 qua
3217 2764 3355 2818 dixit
3411 2760 3672 2816 Dominus
3728 2754 3797 2812 ad

2148 2857 2329 2911 Aaron
2388 2873 2401 2910 :
2462 2855 2651 2910 Facies
2708 2854 2800 2909 tibi
2866 2855 3094 2909 tunicam
3149 2851 3539 2923 hyacinthinam
3597 2845 3797 2919 (Exod.

2150 2959 2341 3011 xxviii,
2365 2941 2477 3013 31).
2525 2940 2654 2998 Haec
2684 2956 2814 2999 vero
2847 2942 2949 2998 sub
2976 2940 3266 2997 dalmatlca
3304 2930 3573 3003 indultur,
3608 2944 3801 2992 et......

2149 3033 2483 3090 nominatur.
2518 3030 2856 3103 Hyacinthus
2903 3046 3033 3088 vero
3065 3045 3222 3086 rarus
3266 3036 3368 3095 est,
3401 3042 3503 3084 nec
3535 3027 3805 3083 densitate

416 3118 671 3176 laudibus
700 3123 757 3176 et
783 3119 1072 3190 sequentia
1120 3119 1433 3176 celebretur
1465 3140 1477 3175 :
1513 3125 1569 3177 et
1607 3120 1857 3192 quotidie
1887 3136 2063 3194 usque
2085 3108 2129 3170 C
2152 3123 2439 3190 obtensus,
2478 3136 2581 3178 nec
2625 3122 2815 3178 rutilat
2865 3120 3156 3192 aequaliter
3193 3142 3203 3176 :
3238 3132 3436 3176 sereno
3469 3117 3613 3174 enim
3663 3116 3804 3171 cmio

413 3208 482 3295 ad
541 3214 792 3265 octavum
848 3222 1039 3265 eorum
1092 3215 1303 3265 tantum
1348 3211 1614 3267 memoria
1660 3212 1941 3268 recitetur.
2006 3214 2067 3269 In

415 3303 612 3355 octavo
642 3298 754 3365 die,
789 3298 896 3354 nisi
925 3298 1160 3369 alicujus
1188 3299 1364 3355 sancti
1402 3298 1671 3356 festivitas
1702 3302 1966 3369 evenerit,
2001 3300 2070 3358 de

417 3387 555 3457 ipsis
601 3390 874 3455 cantetur,
910 3393 965 3444 et
1012 3388 1278 3443 matutina
1323 3387 1559 3445 dicatur.
1610 3389 1705 3447 Ha:
1753 3397 2069 3448 sanctorum

413 3475 758 3545 festivitates,
812 3488 937 3547 quae
976 3486 1128 3533 more
1176 3476 1499 3533 Dominieaii
1541 3469 1646 3540 84
1696 3480 2067 3549 celebrantur,

417 3571 650 3637 excepto
699 3562 848 3636 quod
912 3564 1071 3638 (293)
1114 3566 1381 3622 matutina
1429 3578 1540 3622 non
1571 3567 1831 3624 dicatur:
1864 3569 2069 3625 Silves-

416 3655 511 3721 tri,
564 3654 891 3721 Sebastiani,
912 3654 1211 3722 Vincentii,
1261 3656 1505 3725 Agnetis,
1536 3656 1793 3723 Caeciliae,
1824 3657 2069 3726 Agathze,

427 3744 687 3801 cathedra
743 3745 919 3801 sancti
976 3744 1146 3808 Petri,
1204 3744 1492 3811 Gervasii;
1551 3745 1837 3801 translatio
1895 3746 2071 3801 sancti

418 3831 701 3904 Stephani,
754 3834 1009 3905 Remigii,
1064 3833 1304 3904 Georgii,
1359 3833 1702 3905 Leodegarii,
1757 3828 1913 3907 (294)
1956 3834 2072 3891 Ro-

420 3924 585 3989 mani,
616 3923 887 3990 Audoeni,
919 3922 1132 3990 Brictii,
1167 3922 1349 3978 Luciae
1391 3923 1640 3995 virginis,
1675 3928 1731 3980 et
1777 3922 1899 3980 alia:
1948 3934 2071 3994 quae

416 4014 749 4084 placuerint,
784 4019 838 4070 et
865 4013 1110 4070 omnium
1140 4018 1454 4070 sanctorum
1487 4013 1806 4084 pontificum
1830 4014 1922 4085 qui
1943 4012 2072 4072 huic

416 4103 680 4161 Ecclesiae
709 4102 1075 4174 praefuerunt.

826 4214 829 4217 ’
939 4239 1027 4294 DE
1064 4239 1176 4294 DIE
1212 4239 1552 4295 DOMINIGO.

486 4374 615 4430 Dies
641 4372 956 4430 Dominicus
1003 4373 1080 4427 ita
1109 4371 1440 4428 celebretur.
1474 4372 1534 4427 In
1564 4371 1793 4428 sabbato
1833 4370 2056 4443 psalmis

2152 3212 2215 3268 ﬂt
2239 3212 2581 3283 perspicuus,
2618 3215 2672 3267 et
2700 3212 2940 3282 pallidus
2970 3212 3073 3279 est,
3113 3210 3317 3276 varius,
3352 3212 3406 3264 et
3441 3204 3597 3280 quasi
3630 3206 3806 3262 aethe-

2155 3302 2236 3358 rei
2266 3301 2493 3359 coloris.
2514 3301 2620 3358 Per
2646 3301 2944 3358 mthereum
2977 3306 3033 3356 et
3060 3300 3267 3356 varium
3290 3297 3531 3355 colorem
3559 3296 3811 3367 designat

2153 3390 2316 3447 vitam
2348 3390 2766 3451 sacerdotalem.
2802 3406 2926 3462 quae
2975 3389 3232 3461 supernis
3260 3387 3438 3444 solum
3469 3385 3810 3441 incessanter

2154 3480 2366 3537 intenta
2398 3481 2711 3548 desideriis,
2759 3480 3231 3536 conversationem
3277 3479 3432 3545 juxta
3481 3471 3805 3545 Apostolum

2154 3569 2321 3625 debet
2350 3583 2567 3638 semper
2609 3566 2810 3622 habere
2858 3567 2914 3621 in
2962 3564 3117 3621 cmlis
3166 3563 3411 3633 (Philipp.
3445 3578 3528 3628 Ill,
3559 3562 3665 3631 20).
3701 3560 3805 3613 Per

2156 3656 2362 3713 coloris
2417 3656 2777 3711 mutationem
2832 3652 3128 3709 fraternam
3199 3650 3636 3719 compassionem
3668 3689 3683 3715 ,
3743 3652 3804 3702 ut

2155 3743 2453 3816 Apostolus
2468 3744 2564 3811 ait,
2590 3742 2834 3799 Gaudere
2862 3754 2974 3798 cum
3003 3739 3345 3812 gaudentibus
3370 3738 3542 3810 (Rom.
3566 3752 3663 3804 xu,
3692 3734 3802 3805 15).

2155 3834 2311 3903 Quod
2342 3832 2566 3905 propria
2596 3839 2680 3889 est
2716 3832 2985 3903 pontifici,
3023 3828 3294 3902 significat
3338 3828 3602 3884 rationem
3633 3822 3805 3881 subli-

2156 3924 2324 3981 mium
2356 3938 2465 3981 non
2519 3928 2707 3995 patere
2758 3922 2862 3978 nisi
2910 3921 3191 3993 perfectis.
3235 3921 3340 3975 Per
3387 3917 3493 3974 hoc
3522 3914 3671 3987 quod
3720 3916 3804 3970 est

2155 4015 2323 4071 vestis
2353 4015 2605 4081 interior,
2639 4019 2693 4069 et
2744 4026 2855 4069 non
2903 4012 3161 4083 cingitur,
3206 4010 3435 4065 virtutes
3472 4007 3667 4062 anima:
3698 4000 3801 4060 soli

2154 4104 2266 4161 Deo
2316 4105 2564 4176 cognitas
2606 4105 2725 4159 sine
2771 4101 3178 4159 intermissione
3225 4112 3441 4168 semper
3495 4094 3799 4152 habendas.

2155 4194 2259 4250 Per
2312 4192 2655 4250 daimaticam
2701 4206 2854 4259 vero,
2895 4205 3018 4263 quae
3062 4184 3403 4246 candld......
3441 4185 3525 4258 [f.,
3569 4183 3803 4241 candida

2157 4291 2259 4352 est,
2294 4283 2367 4356 et)
2391 4282 2553 4339 lineis
2580 4280 2857 4339 coccineis
2886 4286 3013 4337 ante
3047 4285 3103 4336 et
3139 4285 3288 4335 retro
3318 4293 3349 4333 a
3386 4289 3597 4333 summo
3629 4287 3803 4343 usque

2157 4372 2414 4430 deorsum
2482 4374 2913 4428 decoratur......
2991 4369 3259 4425 munditia
3328 4380 3452 4422 cum
3517 4362 3803 4429 utriusque

416 4463 529 4520 diei
576 4476 700 4519 cum
750 4461 1070 4533 antiphonis
1135 4461 1254 4517 suis
1300 4460 1553 4528 cantatis,
1603 4465 1659 4517 et
1715 4461 1867 4518 dicto
1913 4448 2477 4533 capi«DTestamenti
2508 4460 2925 4531 praedicatione,
2959 4463 3015 4514 et
3043 4457 3139 4513 Dei
3179 4456 3521 4528 proximique
3554 4448 3804 4504 dilectio-

416 4553 534 4610 tulo
577 4552 733 4625 (295)
777 4552 1189 4622 responsorium
1233 4565 1265 4606 a
1312 4550 1529 4607 duobus
1578 4551 1797 4607 clericis
1856 4550 2065 4622 absque
2146 4564 2237 4619 ne,
2298 4551 2636 4622 designatur,
2697 4546 2900 4621 quibus
2954 4547 3164 4619 fulgere
3222 4546 3427 4600 debent
3478 4537 3796 4594 sacerdores

418 4642 611 4713 cappis
664 4646 935 4709 cantetur,
996 4639 1142 4711 quod
1212 4639 1445 4710 hymnus
1516 4646 1796 4709 sequatur.
1858 4642 1925 4697 Et
1997 4641 2066 4698 ad
2149 4646 2313 4712 atque
2371 4639 2610 4697 diaconi.
2653 4638 2758 4696 Per
2797 4638 3089 4695 duodecim
3130 4633 3391 4695 fimbrias,
3451 4641 3588 4698 quas
3626 4630 3800 4681 utra:-

416 4731 750 4803 Hagniﬂcat,
780 4732 952 4787 altare
999 4730 1337 4786 incensetur.
1369 4729 1431 4784 In
1479 4728 1763 4785 matutinis
1811 4730 2068 4788 invitato-
2150 4729 2439 4800 quelinea:
2476 4719 2577 4791 87
2619 4730 2676 4786 in
2715 4743 2774 4786 se
2823 4728 3138 4790 continent,
3190 4716 3479 4778 duodecim
3521 4716 3658 4772 rami
3693 4715 3803 4770 vir-

419 4822 561 4877 rium
593 4836 624 4877 a
651 4822 869 4879 duobus
896 4822 1104 4891 absque
1133 4821 1324 4891 cappis
1352 4823 1621 4886 cantetur,
1656 4821 1804 4891 quod
1836 4821 2070 4892 hymnus
2151 4823 2327 4876 tutum
2353 4862 2366 4886 ,
2420 4820 2513 4891 qui
2560 4834 2626 4875 ex
2664 4818 2947 4875 charitatis
2987 4812 3312 4870 radice......
3378 4830 3390 4865 :
3452 4821 3593 4879 quos
3639 4805 3801 4862 etiam

420 4914 720 4981 sequatur;
759 4913 827 4965 Te
881 4912 1045 4965 Deum
1091 4908 1387 4977 laudamus,
1441 4913 1673 4979 excepto
1721 4909 1959 4966 adventu
2016 4915 2072 4967 et
2150 4907 2448 4979 Apostolus
2513 4912 2838 4973 enumerat,
2920 4904 3113 4958 dicens
3172 4921 3184 4956 :
3247 4899 3490 4957 Charitas
3573 4896 3800 4970 patiens,

420 5000 877 5072 quadragesima,
936 4998 1170 5054 dicatur.
1249 4998 1491 5069 Hymnus
1556 4998 1614 5053 in
1671 4999 1959 5055 nocturnis
2017 5005 2073 5056 et
2153 4998 2375 5067 benigna
2412 5004 2488 5055 est
2541 4998 2594 5069 (ι
2639 5000 2760 5055 Cor.
2784 5009 2903 5062 x111,
2945 4991 3018 5063 4),
3070 4996 3125 5047 et
3170 4991 3402 5063 reliqua.
3443 4986 3626 5044 Tertia
3672 4995 3803 5038 vero

420 5088 677 5145 laudibus
705 5086 941 5154 dicatur,
975 5085 1123 5160 (296)
1173 5088 1235 5143 In
1285 5087 1587 5153 matutinis,
1637 5088 1883 5159 exceptis
1930 5103 2074 5159 praa-
2156 5090 2321 5157 linea,
2369 5103 2611 5159 quae“...

420 5177 549 5234 fatis
595 5177 959 5249 temporibus,
1010 5188 1119 5233 una
1164 5170 1375 5234 tantum
1431 5176 1732 5249 antiphona
1779 5182 2072 5248 cantetur;
2156 5177 2375 5250 Reliqua
2431 5178 2795 5235 desiderantur
2840 5173 2894 5228 in
2949 5173 3125 5229 codice
3174 5170 3487 5230 Salicosano
3546 5163 3701 5234 (Gali.
3741 5164 3805 5220 de

420 5273 548 5339 post
578 5270 805 5339 primam
836 5266 1118 5339 processio
1156 5266 1268 5335 fiat,
1310 5272 1371 5324 ut
1418 5268 1744 5339 praedictum
1801 5274 1909 5326 est.
1939 5267 2076 5325 Offi-
2442 5264 2769 5336 Saulceues),
2801 5260 2935 5320 unde
2964 5263 3073 5320 haec
3101 5265 3351 5334 excerpta
3377 5262 3517 5312 sunt.

1919 5533 2316 5549 ﬂ
