4156 6196
1482 265 1777 322 JOANNES
1810 263 2226 320 ARCHIEPISC.
2267 264 2604 319 ROTOMAG.

3649 260 3722 315 64

1259 558 2819 710 OBSERVATIONES

1855 822 1943 876 AD
1980 821 2233 876 LIBRUM

809 1002 1033 1127 DE
1135 971 1852 1141 OFFICIIS
1952 997 3285 1125 ECCLESIASTICIS

434 1359 539 1427 88
583 1364 664 1436 (1)
701 1363 921 1419 Domino
966 1376 1088 1417 uere
1131 1365 1333 1430 sancto,
1366 1367 1415 1417 et
1442 1362 1638 1417 meritis
1679 1361 2006 1430 honorando,
2028 1345 2332 1432 Amajores
2360 1361 2594 1432 proferri
2634 1366 2885 1432 possunt,
2924 1361 3152 1418 Carolus
3180 1360 3376 1416 Calvus
3404 1362 3739 1416 Francorum

358 1452 629 1513 Maurilio.
649 1453 843 1522 Operis
868 1456 1001 1507 atas
1029 1451 1210 1506 statim
1234 1466 1302 1506 ex
1328 1451 1685 1521 inscriptione
1706 1451 2013 1522 deprehen-

362 1544 531 1599 ditur.
565 1544 698 1597 Cum
726 1542 871 1596 enim
899 1543 1141 1596 Joannes
1190 1546 1378 1596 noster
1412 1541 1782 1597 Abrincenses
1810 1539 2012 1596 infulas

361 1636 488 1687 ante
527 1642 730 1686 annum
786 1628 989 1684 Christi
1042 1627 1170 1682 1061
1234 1643 1344 1686 non
1393 1630 1599 1697 inierit,
1650 1637 1710 1685 ut
1757 1629 2012 1700 superius

368 1719 799 1784 observavimus,
832 1717 1113 1773 Maurilius
1141 1723 1320 1773 autem
1370 1719 1426 1773 in
1458 1718 1780 1788 pontiﬁcatu
1809 1732 2009 1773 annum

370 1807 509 1861 1067
545 1806 692 1862 haud
722 1807 1040 1875 excesserit,
1082 1813 1236 1863 extra
1283 1808 1511 1863 dubium
1558 1812 1641 1863 est
1687 1808 1887 1863 librum
1917 1808 2011 1878 qui

367 1896 680 1966 superstisti
729 1896 944 1951 dicatus
974 1903 1077 1962 est,
1123 1895 1267 1951 intra
1297 1896 1446 1952 illius
1475 1897 1750 1967 septennii
1798 1904 2015 1967 tempus

369 1985 635 2056 scriptum
683 1983 872 2041 fuisse.
920 1988 993 2040 De
1041 1986 1290 2042 Maurilio
1340 1992 1487 2043 nota
1533 1987 1841 2043 sanctitatis
1879 1987 2016 2043 anti-

368 2077 496 2131 stite
537 2074 653 2146 (qui
697 2075 1014 2145 primarium
1069 2077 1317 2146 Deipara
1370 2076 1632 2146 templum
1686 2076 1917 2147 perfecit
1962 2083 2018 2134 et

371 2164 594 2230 dicavit)
627 2169 830 2234 prater
859 2178 922 2219 ea
953 2179 1077 2234 qua
1108 2170 1323 2220 exstant
1351 2165 1497 2235 apud
1528 2165 1775 2236 vulgatos
1821 2171 2016 2223 aucto-

367 2267 477 2319 res,
509 2252 853 2308 Guillelmum
892 2253 1228 2308 Pictavinum
1278 2255 1335 2309 in
1383 2255 1553 2324 gestis
1599 2256 1872 2312 Guillelmi
1917 2256 2021 2311 du-

372 2341 471 2407 cis,
532 2341 865 2397 Willelmum
893 2342 1327 2398 Gemeticensem
1366 2343 1403 2398 l.
1454 2359 1528 2398 vn
1559 2345 1697 2400 Hist.
1733 2346 2017 2414 Norman.,

372 2445 423 2486 c.
465 2429 537 2483 24
583 2436 639 2485 et
684 2429 792 2497 38;
847 2431 1166 2486 Ordericum
1204 2431 1433 2486 Vitalem
1472 2433 1672 2489 eccles.
1714 2436 1853 2491 Hist.
1898 2435 1934 2491 l.
1969 2451 2022 2492 IV

373 2524 429 2575 et
464 2533 517 2574 v.
558 2518 889 2574 Willelmum
928 2519 1466 2576 Malmesburiensem
1513 2524 1589 2577 De
1635 2524 1806 2595 gestis
1835 2539 2022 2596 regum

372 2607 530 2677 Angl.
574 2607 672 2662 lib.
714 2623 796 2674 ιιι,
830 2616 886 2663 et
913 2608 1072 2675 alios,
1105 2609 1443 2665 consulenda
1491 2620 1619 2668 sunt
1661 2618 1815 2684 gesta
1842 2614 2021 2670 archi-

375 2695 763 2765 episcoporum
796 2697 1279 2768 Rotomagensium
1312 2713 1378 2755 ex
1407 2715 1507 2757 ms.
1542 2702 1735 2758 codice
1774 2704 2019 2760 eburneo

375 2784 628 2841 ecclesia
686 2786 1165 2856 metropolitana;
1223 2789 1443 2858 quibus,
1505 2792 1653 2860 quod
1711 2792 1814 2848 hac
1866 2799 2022 2863 parte

375 2872 679 2944 prolixiora
707 2875 839 2941 sint,
871 2875 1108 2943 omissis,
1141 2876 1251 2933 duo
1296 2885 1487 2935 notatu
1527 2880 1692 2951 digna
1738 2881 1867 2937 huic
1896 2882 2022 2938 loco

369 2962 670 3019 inseruisse
700 2976 812 3019 non
845 2964 1043 3034 pigeat.
1087 2965 1134 3020 l.
1178 2968 1237 3021 In
1268 2968 1497 3037 antiquo
1536 2968 1678 3025 libro
1720 2971 2025 3040 pontiﬁcali

378 3050 623 3119 ejusdem
657 3050 909 3106 ecclesia
938 3050 1226 3107 formulam
1259 3062 1474 3111 exstare
1506 3056 1868 3126 professionis
1898 3059 2024 3115 ﬁdei

375 3137 445 3193 de
475 3138 705 3193 veritate
735 3138 918 3194 carnis
956 3146 1011 3195 et
1040 3142 1323 3212 sanguinis
1369 3143 1571 3200 Christi
1598 3147 1655 3201 in
1686 3147 2027 3205 Eucharistia

378 3230 575 3282 contra
615 3227 1003 3296 Berengarium
1043 3230 1273 3300 ejusque
1315 3246 1667 3291 successores
1696 3235 1754 3291 in
1790 3236 2027 3295 concilio

377 3313 724 3384 provinciali,
750 3316 1064 3386 prasidente
1110 3317 1230 3373 huic
1273 3326 1471 3376 sancta
1515 3323 1630 3377 sedi
1681 3322 1874 3395 (verba
1903 3330 2031 3381 sunt

378 3399 659 3474 formula)
692 3402 1003 3460 venerabilis
1031 3408 1291 3463 memoria
1336 3409 1607 3477 Maurilio,
1641 3411 1826 3481 latam,
1869 3429 2031 3484 quam

383 3490 651 3562 integram
699 3492 791 3548 hic
847 3493 1163 3550 describere
1223 3512 1689 3568 supervacaneum
1756 3502 2029 3573 duximus,

385 3580 535 3650 quod
583 3580 981 3652 religiosissimi
1032 3586 1094 3638 D.
1144 3586 1552 3659 archiepisc0pi
1592 3590 1884 3660 beneﬁcio,
1926 3608 2035 3651 una

380 3683 504 3725 cum
553 3670 888 3754 doctissimis
945 3675 1064 3743 ejus
1118 3675 1343 3746 scriptis
1398 3677 1456 3733 in
1515 3679 1694 3737 lucem
1740 3683 1851 3751 jam
1912 3698 2037 3754 pro-

378 3757 564 3814 dierit.
600 3751 700 3822 89
742 3759 796 3813 2.
861 3763 1063 3817 Locum
1139 3764 1315 3832 illum,
1373 3766 1468 3836 qui
1521 3769 1754 3825 Maurilii
1802 3751 2035 3840 primum

379 3847 580 3903 deinde
627 3848 900 3903 Guillelmi
949 3851 1246 3907 cardinalis
1294 3852 1363 3908 de
1411 3855 1714 3923 Stotevilla,
1779 3862 2036 3930 sepulcro

2093 1466 2190 1507 rex
2219 1452 2276 1506 in
2304 1450 2602 1521 diplomate
2650 1465 2752 1521 pro
2800 1452 2964 1506 rebus
3012 1449 3255 1520 ejusdem
3313 1447 3564 1504 ecclesia
3599 1467 3611 1502 :
3645 1447 3746 1502 Ri-

2093 1540 2259 1611 culfus
2305 1540 2616 1596 renerabilis
2670 1540 3066 1609 Rotomagensis
3120 1538 3541 1609 archiepiscopus
3597 1536 3746 1591 detu-

2093 1629 2151 1686 lit
2196 1630 2466 1686 serenitati
2502 1634 2695 1686 nostra
2745 1634 3061 1702 praceptum
3106 1628 3193 1683 avi
3245 1627 3412 1682 nostri
3459 1625 3593 1681 diva
3630 1639 3744 1681 me-

2092 1720 2273 1775 moria
2318 1720 2493 1775 damni
2521 1720 2851 1791 imperatoris
2898 1717 3111 1787 Karoli,
3141 1718 3197 1772 in
3232 1732 3331 1789 quo
3364 1714 3743 1783 continebatur,

2095 1809 2231 1879 quod
2310 1809 2382 1864 ad
2458 1809 2759 1880 petitionem
2832 1814 3031 1864 sancta
3107 1800 3487 1862 recordationis
3570 1804 3750 1861 domui

2096 1898 2473 1970 archiepiscopi
2561 1899 2794 1969 Remigii,
2850 1897 3255 1969 pradecessoris
3326 1897 3433 1962 sui,
3491 1895 3746 1966 quaedam

2095 1987 2250 2044 villas
2295 1988 2422 2043 uiris
2475 1992 2671 2044 sancta
2723 2003 2833 2043 sua
2878 1986 3177 2059 metropolis
3232 1984 3463 2042 ecclesia
3507 1987 3749 2041 Rotoma-

2097 2079 2269 2147 gensis
2328 2078 2592 2134 canonicis
2636 2079 2691 2133 in
2738 2078 2865 2134 aula
2920 2079 2983 2135 S.
3033 2077 3227 2135 Maria
3281 2078 3505 2132 Domino
3565 2074 3749 2130 deser-

2097 2166 2373 2235 vientibus,
2415 2174 2547 2234 etc.,
2579 2166 2888 2236 delegasset.
2940 2166 3212 2222 Ricardus
3257 2164 3607 2221 Normannia
3638 2164 3749 2219 dux

2100 2258 2158 2313 in
2193 2257 2383 2313 charta
2430 2270 2532 2327 pro
2562 2256 2896 2313 monasterio
2921 2255 3279 2311 Fiscannensi
3314 2255 3553 2310 :Accitis
3582 2255 3747 2309 totius

2101 2352 2293 2402 nostra
2339 2346 2575 2401 diacesis
2621 2346 2901 2416 episcopis,
2932 2344 3155 2400 Roberto
3202 2343 3398 2399 scilicet
3425 2347 3621 2398 sancta
3650 2345 3726 2399 Ro

2103 2435 2415 2504 tomagensis
2452 2434 2684 2489 ecclesia
2729 2433 3138 2504 archiepiscopo,
3188 2447 3387 2488 necnon
3439 2436 3490 2487 et
3524 2430 3752 2502 Radulfo

2102 2528 2299 2579 sancta
2351 2523 2656 2592 Bajocensis
2713 2522 2946 2578 ecclesia
2996 2520 3241 2593 prasule,
3302 2528 3411 2577 etc.
3472 2521 3752 2577 Robertus

2106 2612 2456 2668 Normannia
2487 2612 2599 2667 dux
2635 2618 3002 2682 cognomento
3055 2610 3394 2682 magniﬁcus,
3444 2615 3500 2665 et
3545 2610 3755 2667 Rober—

2110 2708 2199 2757 tus
2226 2700 2646 2767 Rotomagensis
2693 2700 3143 2769 archiepiscopus
3178 2698 3235 2754 in
3266 2698 3455 2754 charta
3488 2697 3557 2754 de
3586 2699 3755 2754 rebus

2105 2791 2350 2861 ejusdem
2382 2789 2633 2845 ecclesia
2665 2809 2679 2844 :
2714 2787 2920 2844 Placuit
2970 2788 3120 2843 nobis
3165 2803 3251 2844 res
3298 2792 3494 2843 saneta
3521 2786 3754 2842 ecclesia

2106 2878 2518 2947 Rotomagensis,
2568 2891 2682 2947 qua
2737 2875 2982 2948 capitalis
3028 2881 3078 2932 et
3132 2875 3431 2948 metropolis
3475 2881 3553 2932 est
3607 2876 3760 2946 regni

2106 2969 2290 3035 nostri,
2343 2972 2475 3033 etc.,
2507 2965 2842 3035 conﬁrmare.
2876 2964 3161 3035 Philippus
3211 2967 3232 3020 Ι
3280 2967 3612 3021 Francorum
3660 2978 3759 3020 rex

2108 3057 2165 3111 in
2240 3056 2539 3126 diplomate
2613 3054 2821 3109 archivi
2889 3054 3378 3125 archiepiscopalis
3431 3055 3560 3110 dato
3612 3065 3756 3110 anno

2109 3145 2312 3202 Christi
2374 3144 2503 3198 1091
2571 3164 2584 3199 :
2645 3143 2881 3200 Concedo
2956 3142 3223 3199 abbatiam
3278 3145 3324 3200 S
3377 3142 3625 3202 Mellonis
3692 3143 3758 3199 de

2110 3235 2391 3291 Pontisara
2465 3233 2651 3289 domno
2741 3231 2994 3287 Willelmo
3063 3235 3438 3304 Rotomagensi
3491 3232 3759 3304 archiepi-

2109 3339 2290 3395 scopo,
2332 3327 2381 3378 et
2413 3321 2646 3378 omnibus
2668 3320 3053 3376 successoribus
3098 3322 3227 3389 suis,
3270 3327 3319 3377 et
3369 3322 3505 3377 dono
3550 3323 3605 3377 in
3643 3321 3762 3392 feu-

2114 3415 2255 3480 dum,
2309 3416 2364 3467 ut
2419 3426 2536 3467 eam
2582 3410 2647 3465 de
2691 3424 2771 3464 me
2817 3415 2867 3465 et
2901 3409 3286 3465 successoribus
3340 3412 3468 3466 meis
3515 3416 3761 3482 perpetuo

2115 3506 2320 3560 teneant
2367 3501 2437 3556 ad
2495 3499 2737 3555 honorem
2786 3503 2835 3554 et
2881 3498 3253 3556 exultationem
3291 3491 3396 3561 90
3430 3504 3627 3555 sancta
3664 3502 3764 3554 Ro-

2116 3590 2429 3661 tomagensis
2458 3588 2709 3644 ecclesia.
2733 3589 3039 3644 Ludovicus
3068 3590 3160 3644 XII
3185 3603 3283 3645 rex
3309 3589 3366 3644 in
3395 3588 3594 3644 litteris
3622 3600 3762 3643 con-

2118 3681 2386 3737 cessionis
2405 3679 2638 3734 duorum
2661 3678 2968 3734 modiorum
2989 3677 3120 3733 salis
3138 3678 3195 3733 in
3215 3678 3443 3748 gratiam
3472 3677 3766 3733 canonico—

2120 3785 2239 3827 rum
2271 3768 2756 3839 Rotomagensium
2786 3766 2929 3823 datis
2948 3766 3142 3822 Blasiis
3167 3780 3312 3822 anno
3341 3766 3544 3822 Christi
3579 3765 3716 3820 1506
3747 3786 3761 3822 :

2121 3862 2219 3915 His
2270 3859 2488 3929 denique
2536 3855 2848 3927 temporibus
2908 3855 3027 3910 huic
3077 3859 3273 3910 sancta
3319 3852 3550 3908 ecclesia
3613 3856 3770 3910 Roto-

382 3935 659 4006 quondam
698 3935 949 4004 illustris,
997 3952 1145 3995 nunc
1185 3947 1390 3997 mutata
1441 3958 1623 4001 rerum
1667 3946 1804 4004 facie
1835 3948 2354 4018 vacuusnmagensi
2395 3951 2609 4018 praest,
2670 3944 2871 4000 uolente
2926 3945 3036 3999 Deo
3089 3946 3345 4008 creatore,
3397 3942 3652 4011 Georgius
3703 3943 3769 3999 de

381 4024 439 4079 in
484 4024 606 4079 navi
654 4024 896 4081 basilica
934 4027 1150 4095 visitur,
1183 4030 1332 4087 clero
1385 4034 1773 4107 Rotomagensi
1815 4052 2035 4108 semper

381 4113 724 4169 venerationi
781 4112 971 4184 fuisse,
1025 4117 1239 4188 hacque
1292 4120 1360 4176 de
1423 4137 1588 4180 causa
1643 4126 1827 4183 solere
1881 4130 2038 4185 statis

386 4201 585 4257 diebus
622 4201 945 4259 thuriﬁcari.
972 4207 1101 4275 Ejus
1139 4214 1319 4264 autem
1351 4210 1430 4266 rei
1462 4213 1602 4268 ratio
1634 4227 1745 4271 non
1776 4217 1941 4273 modo
1972 4232 2040 4273 ex

386 4291 651 4347 antistitis
698 4294 990 4350 sanctitate
1039 4298 1278 4366 petenda
1334 4306 1437 4368 est,
1489 4304 1648 4373 cujus
1690 4305 1784 4361 ille
1834 4312 2038 4362 tantam

388 4381 628 4451 posteris
664 4382 983 4467 opinionem
1019 4385 1264 4457 reliquit,
1296 4393 1357 4444 ut
1385 4390 1541 4447 locus
1565 4393 1614 4447 is
1632 4394 1793 4465 vulgo
1815 4397 2042 4453 S.Mau-

386 4471 497 4527 ritii
544 4471 720 4528 tumba
767 4472 1048 4530 diceretur
1088 4496 1100 4531 :
1141 4492 1329 4533 verum
1376 4481 1540 4536 etiam
1576 4496 1643 4538 ex
1672 4485 1898 4555 antiqua
1936 4492 2042 4543 tra-

390 4560 622 4629 ditione,
659 4576 767 4632 qua
805 4563 912 4618 sibi
943 4578 1263 4634 persuasum
1304 4567 1547 4625 habuere
1599 4574 1837 4643 majores
1864 4579 2040 4633 nostri

390 4649 560 4706 altare
608 4652 898 4708 maximum
945 4655 1250 4725 antiquitus
1295 4657 1498 4714 ibidem
1548 4658 1717 4718 fuisse
1765 4667 2041 4722 constitu-

395 4744 531 4804 tum,
572 4746 632 4793 ut
680 4749 870 4810 aperte
917 4743 1167 4800 indicant
1204 4744 1404 4802 littera
1435 4750 1827 4808 canonicorum
1864 4754 2042 4811 Roto-

394 4827 731 4897 magensium
780 4830 848 4883 ad
893 4832 1141 4889 eumdem
1201 4835 1556 4905 cardinalem,
1601 4853 1831 4909 quarum
1862 4857 2044 4899 exem-

393 4914 517 4986 plar
570 4915 627 4970 in
684 4916 934 4974 ecclesia
988 4923 1209 4978 scriniis
1246 4931 1578 4983 asservatur.
1623 4930 1863 4987 Joannes
1901 4934 2044 4989 Pas-

394 5020 544 5063 VOST.

470 5095 552 5167 (2)
596 5097 809 5153 Sancta
856 5098 1248 5169 Rotomagensis
1293 5103 1544 5163 ecclesia.
1589 5107 1894 5166 Familiaris
1918 5112 2048 5169 reli-

396 5183 566 5253 giosa
606 5185 920 5256 antiquitati
952 5185 1216 5258 loquendi
1246 5193 1462 5261 modus,
1506 5196 1664 5265 cujus
1694 5199 1775 5252 tot
1800 5200 2046 5270 exempla

397 5273 598 5342 passim
640 5281 940 5332 occurrunt
985 5276 1040 5331 in
1080 5292 1358 5337 sacrarum
1406 5283 1608 5339 adium
1656 5290 2043 5358 monumentis,

394 5363 625 5417 maxime
673 5376 803 5419 vero
842 5364 1179 5436 domesticis,
1229 5376 1288 5425 ut
1326 5372 1585 5429 cacutire
1623 5372 1913 5430 videantur
1966 5378 2047 5433 in-

395 5449 625 5506 meridie
655 5451 750 5520 qui
796 5452 852 5507 id
899 5456 1214 5526 improbent
1260 5464 1355 5513 aut
1396 5460 1667 5519 nesciant.
1715 5464 1794 5519 Ne
1824 5463 2046 5537 longius

398 5552 709 5611 evagemur.
767 5540 929 5615 hujus
988 5546 1236 5603 veritatis
1292 5552 1461 5604 testes
1517 5552 1664 5608 omni
1721 5554 2047 5625 exceptione

2124 4036 2378 4093 Ambasia
2446 4041 2623 4091 noster
2690 4032 3101 4102 consanguineus
3171 4032 3494 4099 carissimus,
3570 4037 3769 4088 sancta

2118 4126 2260 4181 sedis
2298 4124 2598 4197 apostolica
2643 4129 2695 4179 et
2737 4126 2984 4178 Romana
3022 4120 3255 4178 ecclesia
3287 4120 3598 4190 cardinalis,
3628 4120 3769 4191 lega-

2121 4219 2302 4286 tusque
2338 4214 2404 4269 de
2441 4212 2605 4268 latere
2644 4211 2793 4267 nobis
2824 4210 3245 4283 probatissimus,
3277 4211 3540 4282 nostrique
3566 4210 3773 4281 imperii

2116 4304 2374 4377 patricius
2409 4307 2459 4357 et
2488 4301 2819 4358 consiliarius
2854 4301 3205 4373 ﬁdelissimus.
3244 4303 3342 4357 Pn.
3560 4292 3568 4305 ’

2195 4393 2276 4465 (3)
2344 4395 2574 4449 Joannes
2628 4391 3051 4447 Abrincacensis.
3118 4391 3206 4447 Sic
3263 4391 3665 4460 Bajocacensis,
3715 4398 3771 4446 et

2122 4482 2534 4548 Parisiacensis,
2589 4494 2690 4551 pro
2755 4480 3044 4549 Bajocensi
3105 4484 3161 4535 et
3216 4478 3512 4533 Parisiensi
3571 4480 3771 4549 passim

2124 4575 2244 4644 ejus
2271 4573 2372 4628 avi
2403 4570 2790 4642 scriptoribus.
2823 4569 3048 4624 Rectius
3077 4566 3219 4622 forte
3247 4566 3680 4636 Abrincatensis,
3714 4575 3774 4625 ut

2124 4661 2268 4733 apud
2297 4658 2945 4731 Ordericumjecclesiast.
2969 4655 3098 4709 hist.
3121 4653 3218 4708 lib.
3244 4668 3327 4720 ιιι,
3359 4669 3430 4721 1v,
3465 4670 3559 4711 VIII
3590 4662 3646 4712 et
3673 4672 3772 4713 xu.

2125 4753 2297 4807 Porro
2319 4752 2388 4806 de
2416 4753 2647 4815 Joanne,
2679 4754 2884 4818 prater
2912 4743 3228 4800 testimonia
3255 4744 3511 4813 superius
3535 4746 3603 4801 ad
3645 4746 3775 4803 libri

2126 4842 2292 4897 limen
2322 4841 2484 4896 allata
2512 4838 2636 4894 vide
2667 4835 2920 4893 eumdem
2958 4832 3280 4888 Ordericum
3329 4833 3424 4888 lib.
3459 4850 3510 4890 Iv
3538 4842 3594 4890 et
3623 4851 3673 4902 v,
3719 4843 3778 4893 et

2126 4931 2439 4986 Matthaum
2487 4930 2641 4984 West
2686 4921 3176 4981 monasteriensem
3223 4922 3292 4978 ad
3341 4936 3542 4978 annum
3572 4924 3775 4982 Christi

2132 5019 2269 5074 1073
2299 5025 2354 5076 et
2385 5018 2542 5084 1079,
2566 5016 2768 5087 quibus
2785 5012 3047 5069 adderem
3070 5025 3400 5082 anonymum
3429 5013 3482 5067 S.
3523 5014 3774 5070 Audoeni

2128 5110 2477 5173 monachum,
2522 5106 2629 5162 nisi
2675 5103 2872 5161 Joanni
2903 5117 3095 5174 parum
3125 5116 3318 5173 aquus
3344 5102 3646 5158 videretur.
3679 5107 3775 5159 Pa.

2204 5198 2290 5272 (4)
2332 5201 2613 5268 Postquam
2660 5195 2725 5250 de
2771 5192 3172 5267 metropolitano
3216 5191 3341 5248 sede
3384 5190 3588 5247 stillare
3634 5193 3776 5249 uide-

2126 5287 2310 5343 bimus.
2395 5284 2700 5341 Concilium
2783 5285 3185 5354 Rotomagense
3270 5278 3605 5335 celebratum
3672 5282 3775 5337 sub

2128 5377 2370 5433 Waltero
2426 5375 2496 5431 de
2535 5372 2871 5430 Constantiis
2925 5368 3345 5439 archiepiscopo
3401 5369 3464 5422 A.
3519 5370 3577 5423 C.
3618 5370 3775 5438 juxta

2126 5472 2365 5523 veterem
2410 5464 2597 5521 Gallia
2662 5462 2933 5519 calculum
2992 5457 3146 5525 1189,
3205 5456 3241 5511 3
3296 5456 3422 5512 idus
3489 5456 3775 5515 Februarii

2129 5569 2253 5614 can.
2313 5555 2335 5609 l
2400 5576 2413 5610 :
2476 5555 2816 5631 Antiquon
2881 5553 3099 5615 Patrum
3178 5550 3473 5625 nostrorum
3544 5547 3777 5617 vestigiis
