4156 6196
392 290 465 345 65

1425 300 1622 357 NOTAE
1656 302 1746 356 AD
1783 303 2035 359 LIBRUM
2073 302 2159 358 DE
2195 305 2408 362 OFFlC.
2447 307 2718 365 ECCLES.

3693 325 3766 379 66

394 413 718 470 adimentes
754 413 810 469 in
845 416 1026 486 primis
1055 418 1396 487 decernimus,
1448 428 1503 477 ut
1547 439 1721 478 omnes
1766 426 2103 495 su/fraga—A
2121 426 2337 485 tulares.
2379 433 2509 486 Item
2553 432 2847 500 statuimus,
2893 435 3033 506 quod
3078 436 3380 510 quicumque
3421 445 3492 500 ad
3529 447 3760 516 missam,

390 517 502 558 nete
557 501 789 559 ecclesiae
844 513 1038 562 nostra:
1092 507 1147 561 in
1204 508 1417 577 legendo
1474 517 1523 566 et
1568 512 1840 583 psallendo
1887 531 2037 570 usum

389 591 542 662 hujus
607 601 964 651 sacrosancta:
1037 596 1269 653 ecclesile
1341 601 1755 672 metrapolitana:
1827 604 2038 660 imiten-

390 685 495 737 tur.
528 683 625 738 Pu.

461 769 529 842 (5)
563 773 697 828 Item
726 773 1023 830 concilium
1054 775 1371 833 Toletanum
1396 794 1471 844 ιιι,
1504 794 1628 836 can.
1657 780 1713 837 3.

454 861 619 915 Juxta
639 862 1048 932 Carthaginense
1058 865 1350 923 concilium.
1365 868 1628 935 Quartum
1649 869 1886 938 scilicet,
1906 885 2031 928 can.

388 946 461 1001 44
480 954 535 1004 et
549 948 640 1016 45,
673 965 908 1020 quorum
931 952 1070 1009 alter
1096 955 1163 1009 ad
1197 961 1499 1022 tonsuram,
1522 959 1663 1016 alter
1690 960 1758 1015 ad
1788 961 2034 1017 habitum

389 1037 650 1107 pertinet.
673 1041 883 1097 Prioris
902 1050 1139 1099 mentem
1160 1058 1229 1101 ne
1250 1047 1376 1115 quis
1393 1062 1495 1103 suo
1515 1049 1746 1106 arbitrio
1766 1050 2036 1122 interpre-

388 1130 620 1194 taretur,
653 1129 862 1199 placuit
890 1133 1127 1190 concilio
1156 1150 1211 1189 1v
1242 1135 1504 1193 Toletano
1534 1145 1775 1196 tonsura:
1806 1139 2033 1199 formam

390 1214 614 1272 disertis
640 1219 827 1275 verbis
849 1219 925 1276 ita
956 1224 1317 1291 praescribere
1339 1240 1460 1281 can.
1483 1226 1547 1280 41
1580 1249 1592 1283 :
1627 1229 1814 1285 Omnes
1833 1229 2029 1298 clerici,

387 1304 469 1359 uel
496 1304 716 1363 lectores
742 1309 876 1365 sicut
919 1310 1085 1367 leuitaa
1114 1319 1163 1369 et
1199 1316 1518 1385 sacerdotes,
1552 1317 1764 1374 detonsa
1792 1322 2033 1392 superius

387 1397 494 1448 toto
525 1401 714 1466 capite,
749 1398 965 1468 inferius
993 1400 1161 1456 solam
1207 1402 1392 1458 circuli
1419 1420 1666 1461 coronam
1694 1408 1989 1480 relinquant
2015 1432 2027 1466 :

385 1496 489 1537 non
523 1484 657 1539 sicut
709 1484 968 1559 hucusque
1014 1489 1068 1543 in
1106 1489 1343 1546 Gallicae
1382 1494 1622 1564 partibus
1648 1496 1826 1565 facere
1867 1498 2029 1554 lecto-

386 1584 470 1625 res
498 1572 758 1642 oidentur,
791 1577 878 1645 qui
909 1576 1160 1648 prolixis,
1192 1585 1247 1634 ut
1276 1579 1421 1643 laici,
1466 1585 1645 1651 comis,
1684 1586 1741 1640 in
1783 1586 1896 1642 solo
1942 1603 2031 1643 ca-

378 1660 506 1730 pitis
556 1663 705 1734 apice
758 1666 1014 1721 modicum
1067 1667 1315 1724 circulum
1389 1673 1617 1729 tondent.
1694 1676 1843 1731 Ritus
1897 1678 2032 1733 enim

2117 518 2434 587 euangelium
2500 525 2550 575 et
2605 522 2898 593 epistolam,
2958 524 3014 578 in
3068 525 3251 583 tabula
3305 532 3530 603 scriptus
3581 538 3761 605 fuerit,

2117 610 2385 664 tonsuram
2413 624 2478 664 ac
2523 609 2741 666 barbam
2770 627 2826 666 se
2854 612 2977 667 radi
3000 614 3168 683 faciat
3194 636 3205 670 :
3240 616 3473 689 alioquin
3500 624 3557 677 in
3585 627 3758 696 ofﬁcio

2115 708 2210 749 suo
2240 702 2458 766 nequeat
2485 699 2556 753 ad
2586 698 2774 765 altare,
2811 700 2974 755 donec
3008 716 3164 758 rasus
3206 706 3386 774 fuerit,
3418 710 3718 769 ministrare
3747 736 3764 768 :

2117 781 2447 840 decernentes
2483 792 2537 841 ut
2586 786 2683 843 hac
2727 793 2994 857 statutum,
3043 796 3093 847 et
3140 796 3315 850 omnia
3362 795 3472 853 alia
3518 800 3659 856 edita
3707 803 3764 857 in

2115 870 2214 925 hoc
2259 873 2488 944 capitulo
2517 876 2752 943 generali
2768 923 2789 946 ,
2838 884 2973 934 inter
3017 879 3113 937 illa
3166 888 3365 941 statuta
3410 897 3761 960 numerentur,

2119 976 2233 1032 qua:
2262 962 2474 1032 quilibet
2504 967 2786 1022 canonicus
2814 970 2872 1023 in
2895 984 2995 1025 sua
3021 974 3313 1043 receptione
3329 976 3481 1044 jurat
3525 994 3759 1039 seruare.

2114 1049 2278 1106 Plura
2309 1051 2378 1107 de
2420 1059 2646 1109 tonsura
2693 1056 2940 1113 Isidorus
2984 1060 3060 1114 De
3109 1062 3413 1122 ecclesiast.
3465 1066 3612 1124 ofﬁc.
3660 1062 3762 1132 92

2114 1139 2211 1195 lib.
2253 1157 2313 1206 11,
2346 1156 2467 1211 cap.
2523 1142 2595 1210 4;
2644 1143 2875 1200 Albinus
2922 1148 3149 1206 Flaccus
3202 1153 3484 1224 Alcuinus,
3536 1158 3634 1214 lib.
3684 1161 3761 1215 De

2115 1228 2224 1285 div.
2257 1228 2401 1286 ofﬁc.
2428 1251 2443 1297 ;
2474 1231 2779 1287 Amalarius
2806 1233 2938 1289 item
2976 1238 3051 1292 De
3091 1240 3396 1299 ecclesiast.
3453 1244 3624 1316 ofﬁc.,
3656 1248 3756 1305 lib.

2124 1333 2184 1383 11,
2219 1333 2340 1388 cap.
2372 1319 2443 1384 5;
2475 1320 2732 1376 Rabanus
2756 1322 2972 1378 Maurus
3015 1326 3091 1382 De
3139 1328 3375 1386 institut.
3434 1334 3761 1393 clericorum

2112 1405 2210 1462 lib.
2253 1423 2293 1473 1,
2342 1423 2462 1479 cap.
2514 1409 2584 1475 3;
2636 1411 2933 1478 Rupertus,
2986 1413 3157 1470 abbas
3185 1417 3501 1482 Tuitiensis.
3541 1425 3616 1479 De
3647 1425 3759 1482 div.

2112 1494 2283 1559 oftic.,
2317 1497 2412 1553 lib.
2447 1515 2527 1565 ιιι,
2561 1513 2682 1569 cap.
2716 1499 2825 1566 25;
2858 1502 3155 1558 concilium
3174 1507 3483 1575 Agathense
3504 1526 3626 1568 can.
3650 1514 3759 1582 20;

2112 1586 2422 1655 Stephanus
2470 1590 2515 1643 11
2566 1603 2705 1659 papa
2734 1590 2788 1644 in
2830 1592 3115 1660 responsis
3144 1593 3199 1648 in
3227 1596 3503 1656 Carisiaco
3534 1602 3659 1659 villa
3685 1604 3755 1660 ad

2111 1689 2312 1731 annum
2361 1677 2563 1733 Christi
2615 1679 2742 1747 751,
2795 1694 2915 1736 can.
2973 1681 3076 1750 18,-
3124 1685 3419 1742 concilium
3466 1691 3763 1764 Aquisgra-

382 1747 473 1803 isti
534 1750 589 1804 in
649 1743 914 1823 Hispania
980 1755 1240 1828 hucusque
1295 1758 1653 1827 hereticorum
1704 1764 1824 1834 fuit.
1888 1762 2284 1821 UndeBnense
2313 1768 2376 1820 A.
2410 1768 2468 1821 C.
2502 1766 2628 1834 816,
2670 1743 2767 1823 lib.
2802 1784 2840 1836 1,
2873 1770 2968 1840 qui
2999 1743 3180 1829 estde
3219 1743 3762 1838 institutioneﬁcajno-

390 1844 589 1909 oportet
640 1847 693 1898 ut
741 1858 843 1914 pro
911 1848 1227 1917 amputanda
1292 1849 1525 1906 ecclesite
1587 1854 1864 1924 scandala,
1936 1857 2033 1913 hac

384 1926 585 1995 signum
639 1930 910 1988 dedecoris
972 1936 1263 2006 auferatur,
1323 1944 1373 1993 et
1427 1954 1533 1995 una
1570 1943 1640 1997 sit
1677 1947 1912 2012 tonsura,
1954 1946 2035 2001 vel

383 2012 609 2084 habitus,
668 2019 801 2075 sicut
856 2022 1013 2077 totius
1069 2024 1343 2096 Hispaniis
1398 2032 1474 2082 est
1528 2044 1672 2084 usus.
1715 2031 1815 2097 Qui
1861 2038 2034 2088 autem

382 2100 481 2190 hoc
506 2120 610 2160 non
637 2109 960 2178 custodierit,
993 2112 1119 2181 ﬁdei
1164 2114 1435 2170 catholicae
1470 2131 1592 2172 reus
1637 2120 1754 2175 erit.
1803 2122 2031 2190 Astipu-

382 2189 529 2248 latur
558 2193 685 2251 huic
717 2198 973 2256 instituto
1005 2202 1247 2257 omnium
1296 2202 1411 2259 fere
1456 2205 1705 2263 locorum
1737 2215 1792 2264 et
1821 2189 2033 2280 tempo-

380 2293 503 2336 rum
541 2298 864 2356 consensus,
908 2281 991 2349 9|
1033 2298 1094 2347 ut
1140 2292 1335 2349 mirum
1385 2308 1495 2350 non
1546 2298 1637 2365 sit,
1689 2299 1736 2353 si
1786 2305 1891 2355 tam
1936 2315 2029 2356 se-

380 2382 508 2427 vere
537 2373 594 2428 in
626 2376 745 2444 ejus
792 2382 1204 2449 contemptores
1252 2383 1643 2442 ecclesiasticae
1672 2387 1824 2458 leges
1859 2390 2032 2445 anim—

376 2458 739 2519 adverterint.
780 2466 1070 2523 Testantur
1099 2470 1155 2525 id
1204 2474 1429 2542 antiqua
1478 2477 1776 2544 provincia:
1824 2484 2029 2535 nostris

375 2546 630 2616 decreta,
662 2558 825 2621 atque
854 2554 911 2607 in
942 2555 1134 2623 primis
1162 2560 1459 2616 concilium
1486 2564 1888 2635 Rotomagense
1927 2568 2030 2622 sub

376 2637 632 2694 Waltero
663 2654 786 2695 can.
819 2640 891 2697 5:
923 2644 1239 2702 Sacerdotes
1260 2653 1309 2703 et
1339 2649 1514 2704 clerici
1543 2666 1763 2707 coronas
1807 2655 2031 2711 habeant

376 2725 593 2798 patulas
638 2733 689 2783 et
744 2729 1011 2787 decentem
1066 2735 1285 2791 crinium
1333 2739 1822 2810 circumferentiam.
1872 2746 2033 2799 Istius

384 2816 762 2873 constitutionis
793 2823 1210 2889 transgressores
1247 2825 1314 2880 ab
1359 2826 1726 2885 ecclesiasticis
1772 2831 2034 2902 beneﬁciis

384 2905 786 2973 suspendantur.
838 2909 942 2975 Qui
984 2924 1105 2964 vero
1162 2911 1413 2982 beneﬁcia
1462 2932 1565 2971 non
1612 2918 1925 2987 habuerint,
1985 2927 2033 2977 et

385 2991 463 3047 ita
534 3009 733 3049 comam
799 2997 1095 3067 nutrierint,
1168 3001 1440 3072 priuilegia
1505 3012 1722 3062 careant
1777 3007 2029 3065 clericali.

2116 1855 2389 1921 nieorum,
2441 1869 2561 1925 cap.
2633 1857 2697 1923 1;
2765 1860 3079 1928 Coyacense
3136 1876 3280 1919 anno
3337 1866 3540 1923 Christi
3589 1869 3760 1941 1050;

2113 1943 2735 2001 West-monasteriense
2774 1960 2919 2003 anno
2966 1948 3169 2006 Christi
3206 1951 3376 2020 1175;
3410 1957 3758 2015 Eboracense

2113 2045 2258 2087 anno
2297 2033 2500 2087 Christi
2557 2032 2727 2101 1195;
2779 2036 3089 2093 Oxoniense
3138 2053 3282 2097 anno
3328 2043 3530 2100 Christi
3583 2046 3761 2116 1222;

2112 2122 2461 2178 Londinense
2517 2136 2662 2177 anno
2720 2124 2925 2180 Christi
2988 2126 3161 2195 1237;
3220 2130 3462 2187 Ravenn.
3522 2150 3562 2202 1,
3614 2150 3760 2194 anno

2112 2211 2315 2267 Christi
2370 2210 2525 2279 1286,
2576 2214 2728 2268 rubr.
2780 2213 2850 2282 3;
2912 2216 3155 2273 Ravenn.
3215 2233 3297 2287 ιιι,
3358 2235 3503 2279 anno
3560 2225 3763 2283 Christi

2117 2298 2275 2367 1314,
2325 2301 2476 2355 rubr.
2536 2300 2639 2370 10;
2699 2303 2944 2357 Ravenn.
3004 2319 3079 2371 1v,
3139 2320 3285 2363 anno
3340 2310 3544 2366 Christi
3602 2312 3759 2382 1317,

2111 2389 2265 2444 rubr.
2324 2388 2400 2454 4;
2460 2404 2524 2445 ac
2582 2390 2799 2446 demum
2856 2393 3077 2449 Patrum
3134 2401 3295 2453 aetate
3354 2400 3761 2473 Rotomagense

2110 2489 2257 2532 anno
2287 2476 2490 2532 Christi
2527 2476 2683 2546 1581,
2716 2479 2802 2533 tit.
2835 2481 2914 2535 De
2942 2481 3102 2551 episc.
3126 2488 3176 2538 et
3204 2485 3408 2554 capiti,
3435 2486 3471 2557 §
3499 2488 3554 2556 7,
3586 2496 3643 2546 et
3672 2491 3761 2547 tit.

2110 2568 2189 2621 De
2217 2572 2386 2621 curat.
2435 2570 2484 2621 et
2533 2565 2756 2622 aliorum
2803 2569 2966 2639 ofﬁc,
3016 2568 3051 2639 §
3099 2570 3153 2637 9,
3205 2580 3262 2627 et
3307 2575 3576 2633 Remense
3614 2592 3761 2635 anno

2111 2653 2314 2709 Christi
2349 2654 2483 2708 1385
2514 2658 2598 2711 tit.
2631 2658 2710 2710 De
2739 2655 2943 2713 clericis
2970 2659 3025 2712 in
3053 2674 3169 2728 gen.
3202 2664 3227 2727 θ
3262 2661 3344 2716 18.
3376 2666 3473 2719 Pu.

2187 2740 2256 2812 (6)
2326 2745 2497 2797 Variis
2552 2760 2646 2798 nec
2710 2744 2884 2800 rubeis
2946 2752 3161 2803 utantur
3206 2750 3535 2809 indumentis.
3585 2756 3766 2813 Pluri-

2114 2829 2221 2884 mis
2249 2830 2611 2886 conciliorum
2642 2831 2881 2887 decretis
2905 2834 3052 2889 idem
3082 2834 3185 2890 fuit
3214 2839 3572 2905 prohibitum.
3606 2843 3762 2898 Unde

2113 2924 2296 2973 autem
2355 2918 2751 2974 heteromallon
2809 2921 3038 2976 rubeum
3094 2924 3151 2978 in
3198 2926 3390 2995 cappis
3435 2928 3765 2986 hiemalibus

2113 3006 2507 3063 canonicorum
2554 3009 2853 3078 sumpserit
2895 3010 3179 3067 exordium
3230 3026 3341 3069 non
3388 3016 3582 3087 liquet,
3634 3019 3764 3075 huic

384 3083 664 3153 Praecepta
694 3098 833 3140 nova
880 3086 1027 3142 Petri
1067 3088 1136 3144 de
1185 3090 1547 3149 Colle-medio
1596 3096 2022 3168 archiepiscopi,
2047 3099 2091 3159 α
2113 3098 2259 3152 enim
2284 3096 2538 3151 instituto
2569 3104 2857 3168 repugnat.

386 3171 482 3242 qui
510 3172 703 3230 sedere
732 3175 902 3245 ccepit
925 3189 1070 3233 anno
1101 3178 1301 3235 Christi
1347 3180 1517 3239 1237:
1561 3186 1685 3241 Cum
1714 3187 1770 3240 in
1814 3192 2029 3243 tonsura

386 3266 437 3315 et
453 3263 682 3318 maxime
709 3263 888 3323 habitu
915 3265 1125 3337 differre
1162 3268 1382 3326 debeant
1427 3288 1461 3326 a
1510 3272 1663 3329 laicis
1705 3276 2027 3345 sacerdotes,

386 3349 441 3404 in
469 3351 650 3421 quibus
672 3351 852 3424 plures
880 3354 1165 3412 inuenimus
1201 3359 1316 3415 istis
1362 3361 1676 3432 temporibus
1723 3363 2029 3437 delinquen-

388 3444 484 3507 tes,
534 3442 867 3513 prtecipimus
923 3446 1059 3516 quod
1116 3462 1289 3503 omnes
1344 3464 1590 3506 coronam
1638 3468 1881 3523 magnam
1935 3456 2030 3511 ha-

388 3528 566 3598 beant,
588 3535 637 3586 et
667 3536 932 3588 tonsuram
961 3533 1124 3590 altam
1152 3542 1201 3591 et
1230 3537 1357 3594 bene
1388 3541 1684 3597 rotundam.
1725 3545 1796 3599 Et
1843 3546 1931 3615 qui
1975 3546 2031 3599 in

389 3618 469 3673 his
513 3620 578 3675 de
622 3625 808 3677 cetera
846 3622 1135 3679 inuenietur
1183 3625 1478 3697 culpabilis,
1518 3631 1730 3698 grauius
1766 3635 2025 3702 punietur.

391 3709 693 3765 Concilium
758 3712 904 3782 apud
966 3714 1515 3772 Pontem-Audomari
1582 3719 1828 3775 habitum
1884 3736 2029 3778 anno

388 3796 593 3852 Christi
625 3797 758 3853 1267
793 3798 1040 3871 [sedente
1078 3802 1499 3875 archiepiscOpo
1528 3806 1714 3863 Odone
1743 3809 2027 3883 Rigaltio],

388 3884 644 3954 clericos,
686 3888 848 3944 etiam
898 3896 1180 3958 uxoratos,
1229 3892 1298 3949 ad
1345 3892 1702 3951 deferendum
1749 3902 2029 3955 tonsuram

386 3981 444 4030 et
472 3975 719 4032 habitum
748 3977 952 4035 clerico
990 3989 1382 4052 congruentem
1430 3985 1593 4040 trinis
1634 3987 2031 4046 monitionibus

384 4065 532 4137 adigi
579 4067 854 4137 praecipit,
903 4074 958 4124 et
1002 4069 1191 4126 addit:
1243 4074 1480 4145 Denique
1504 4074 1554 4129 si
1574 4080 1697 4146 post
1725 4080 2030 4148 prwmissas

384 4156 692 4211 monitiones
720 4156 883 4228 aliqui
929 4157 1108 4215 clerici
1150 4161 1207 4215 in
1252 4165 1522 4234 apostasia
1569 4169 1795 4222 tonsurae
1841 4172 1890 4223 et
1935 4169 2030 4225 ha-

384 4243 520 4301 bitus
541 4247 925 4318 permanserint
970 4253 1019 4304 et
1062 4250 1325 4319 contingat
1353 4253 1491 4322 quod
1520 4269 1620 4325 pro
1657 4257 1767 4312 suis
1803 4261 2033 4315 excessi-

385 4333 480 4390 bus
536 4352 571 4391 a
605 4335 928 4392 secutoribus
974 4338 1238 4408 judicibus
1287 4342 1583 4413 capiantur,
1631 4346 1687 4399 in
1732 4347 2031 4405 criminibus

2181 3184 2266 3256 (7)
2301 3186 2453 3252 Quod
2481 3192 2637 3257 caput
2682 3193 2917 3243 nostrum
2967 3204 3037 3243 ex
3083 3191 3374 3262 apostolica
3421 3194 3663 3254 doctrina
3708 3200 3764 3255 in

2109 3274 2371 3344 superiori
2414 3280 2570 3346 parte
2623 3275 2878 3332 radimus.
2931 3278 3128 3333 Primis
3156 3283 3514 3350 'temporibus
3565 3286 3761 3344 radere

2112 3371 2277 3432 caput
2306 3363 2486 3419 minus
2514 3365 2772 3420 usitatum
2810 3364 2980 3421 fuisse
3026 3367 3245 3424 videtur
3292 3384 3455 3439 quam
3504 3375 3759 3445 tondere,

2112 3465 2233 3507 nam
2283 3455 2338 3508 S.
2390 3454 2758 3524 llieronymus
2804 3455 2859 3509 in
2909 3462 3075 3525 caput
3120 3473 3245 3512 xuv
3294 3460 3597 3518 Ezechielis
3643 3465 3760 3521 ait:

2110 3542 2390 3612 Perspicue
2420 3543 2806 3597 demonstratur
2834 3558 2898 3595 ne
2926 3544 3065 3597 rasis
3113 3546 3371 3614 capitibus
3406 3551 3539 3605 sicut
3585 3567 3766 3608 sacer-

2113 3630 2259 3684 dotes
2288 3628 2614 3698 cultoresque
2651 3628 2812 3681 Isidis
2861 3633 2911 3682 el
2956 3629 3178 3699 Serapis
3223 3646 3327 3685 non
3374 3649 3488 3688 esse
3531 3636 3761 3706 debere;

2114 3717 2388 3786 hujusque
2419 3730 2551 3771 usus
2579 3715 2838 3771 moralem
2888 3718 3157 3772 rationem
3204 3718 3361 3775 aﬂ‘ert
3389 3723 3443 3777 S.
3470 3724 3768 3794 Gregorius

2112 3806 2211 3872 lib,
2244 3822 2283 3860 11
2312 3805 2626 3871 Pastoralis,
2662 3820 2783 3875 cap.
2823 3805 2878 3874 7,
2921 3812 2977 3861 et
3023 3806 3120 3862 lib.
3170 3823 3189 3861 1
3238 3810 3473 3882 Regist.,
3524 3827 3612 3883 ep.
3668 3813 3759 3870 24.

2113 3897 2191 3951 Ex
2247 3895 2553 3965 apostolica
2610 3902 2792 3951 autem
2841 3895 3094 3951 doctrina
3144 3897 3349 3955 dicitur
3394 3902 3757 3974 descendere,

2110 3986 2224 4041 sive
2255 3984 2383 4055 quia
2432 3991 2712 4041 tonsuram
2757 3990 3035 4056 gestamus
3083 3988 3333 4058 exemplo
3381 3992 3437 4046 S.
3486 3993 3655 4062 Petri,
3701 4000 3762 4050 ut

2110 4075 2278 4131 habet
2307 4075 2445 4132 ordo
2476 4077 2791 4143 Romanus;
2834 4077 2991 4146 isque
3020 4077 3097 4131 ita
3127 4079 3184 4133 in
3213 4082 3529 4139 memoriam
3577 4085 3761 4142 Domi-

2112 4165 2252 4220 nicze
2292 4165 2565 4233 passionis
2592 4170 2844 4221 attonsus
2897 4172 3000 4232 est,
3052 4170 3112 4221 ut
3158 4166 3360 4239 legitur
3387 4172 3533 4242 apud
3557 4174 3759 4230 Bedam

2113 4254 2211 4309 lib.
2242 4268 2297 4308 v.
2326 4254 2491 4321 Hist.,
2522 4268 2572 4308 c.
2606 4253 2696 4321 22,
2746 4255 2861 4310 sive
2909 4256 3038 4325 quia
3088 4270 3206 4312 eam
3253 4259 3448 4316 Petrus
3494 4263 3755 4318 instituit.

2112 4348 2173 4398 ut
2229 4343 2454 4398 tradunt
2503 4343 2799 4413 Gregorius
2845 4345 3181 4400 Turonensis
3224 4345 3322 4402 lib.
3373 4365 3391 4402 1
3427 4351 3505 4404 De
3542 4351 3760 4418 mirac.,

384 4425 775 4496 comprehensi;
824 4442 927 4482 non
948 4429 1311 4500 praecipiemus
1338 4446 1427 4486 eos
1450 4448 1548 4503 per
1574 4450 1823 4492 censuras
1868 4440 2029 4494 eccle-

2116 4446 2236 4502 cap.
2276 4431 2367 4498 28,
2401 4431 2694 4487 concilium
2725 4432 3078 4489 Triburiense
3127 4448 3249 4489 can.
3301 4434 3394 4502 20,
3438 4443 3494 4490 et
3539 4439 3760 4492 Gemma

380 4515 627 4571 siasticas
655 4514 891 4572 liberari.
945 4518 1148 4574 Eadem
1178 4518 1291 4576 fere
1338 4523 1518 4577 sanxit
1560 4526 1854 4583 concilium
1876 4529 2025 4585 aliud

382 4604 590 4661 ibidem
638 4619 782 4662 anno
828 4606 1032 4663 Christi
1086 4606 1221 4662 1279
1268 4609 1501 4681 (Collect.
1551 4614 1885 4673 conciliorum
1929 4622 2031 4676 Ro—

383 4698 577 4763 tamag.
638 4708 763 4766 pag.
821 4694 943 4762 276)
1001 4696 1356 4754 celebratum.
1417 4701 1753 4772 Tepescente
1810 4707 2029 4764 demum

381 4781 696 4852 disciplina,
728 4782 984 4840 cononici
1022 4787 1494 4859 Rotomagnenses
1519 4791 1575 4846 in
1606 4794 1848 4863 capitulo
1867 4812 2032 4868 gene-

382 4871 485 4927 rali
540 4886 685 4929 anno
741 4873 945 4929 Christi
997 4874 1125 4928 1311
1174 4877 1295 4933 haec
1344 4879 1413 4935 de
1464 4886 1689 4938 tonsura
1738 4890 1793 4940 et
1838 4886 2027 4944 habitu

380 4966 729 5018 statuerunt:
769 4965 835 5018 Ut
862 4969 1055 5035 quanta
1095 4965 1316 5024 ecclesia
1352 4974 1536 5026 nostra
1582 4977 1801 5029 caeteras
1846 4976 2031 5032 nobili-

382 5056 491 5106 tate
533 5050 807 5123 prtecellit,
856 5053 934 5108 sic
979 5054 1090 5123 ejus
1138 5056 1479 5114 ecclesiastici
1522 5062 1800 5118 servitares
1841 5068 2031 5136 majori

380 5140 649 5196 honestate
678 5157 712 5196 a
761 5144 962 5198 caeteris
1015 5144 1436 5213 distinguantur:
1486 5151 1761 5207 statuimus
1805 5158 1861 5209 ut
1904 5156 2027 5211 uni-

378 5231 516 5285 uersi
547 5231 803 5299 canonici,
834 5231 1116 5303 capellani,
1148 5241 1197 5290 et
1228 5236 1404 5293 clerici
1451 5238 1596 5295 chori
1645 5244 1814 5298 nostri
1858 5249 2031 5301 tonsu-

378 5332 497 5373 ram
525 5318 713 5374 amodo
761 5319 999 5391 deferant
1048 5321 1434 5393 congruentem:
1485 5328 1542 5381 in
1588 5332 1905 5430 quantitate.
1917 5334 2030 5405 fere

379 5406 603 5463 similem
644 5412 871 5464 tonsurae
904 5426 1187 5482 puerorum
1232 5412 1297 5467 de
1340 5413 1523 5479 altari,
1570 5433 1605 5473 a
1656 5420 1839 5491 quibus
1868 5406 2030 5482 'circa

382 5496 483 5552 hoc
540 5498 767 5570 antiqua:
831 5501 1218 5556 consuetudinis
1292 5509 1533 5559 seruatur
1586 5506 1849 5568 honestas.
1914 5516 2031 5571 Nec

378 5586 655 5659 quisqu
693 5589 1069 5660 pradictorum
1120 5590 1307 5647 amodo
1350 5593 1652 5650 consulitias
1697 5598 1900 5669 deferat
1946 5620 2033 5661 sa-

2111 4521 2308 4576 animae
2337 4519 2433 4574 lib.
2467 4535 2507 4584 1,
2538 4534 2589 4575 c.
2627 4518 2748 4574 195.

2185 4608 2249 4679 (8)
2283 4611 2386 4665 Per
2423 4624 2666 4664 coronam
2697 4609 3024 4681 capillorum,
3075 4627 3230 4683 quam
3256 4614 3312 4666 in
3340 4611 3578 4681 inferiori
3600 4619 3762 4685 parte

2103 4702 2394 4771 portamus.
2456 4698 2597 4754 Hinc
2643 4699 2866 4770 planum
2912 4705 2997 4756 est
3042 4701 3278 4756 clericos
3324 4700 3593 4757 circulum
3639 4705 3757 4760 cri-

2110 4790 2273 4845 nium
2291 4790 2346 4844 in
2378 4789 2595 4845 modum
2637 4803 2859 4847 coronae
2907 4790 3038 4845 olim
3086 4788 3301 4845 deferre
3348 4790 3567 4862 solitos,
3612 4794 3761 4851 sicut

2111 4878 2277 4934 hodie
2306 4885 2523 4949 gestant
2552 4878 2922 4935 Franciscani.
2964 4878 3113 4933 Idem
3161 4892 3383 4950 quoque
3430 4884 3759 4953 praacipitur

2110 4967 2166 5022 in
2196 4966 2410 5037 synodo
2458 4968 2781 5023 Ebroicensi
2811 4981 2863 5021 a.
2900 4964 3057 5034 1576,
3088 4980 3211 5037 cap.
3242 4967 3298 5036 3,
3330 4969 3400 5025 de
3428 4972 3540 5025 vita
3570 4976 3626 5026 et
3657 4972 3760 5028 ho-

2109 5060 2322 5112 nestate
2358 5062 2674 5111 curatorum
2694 5060 2750 5110 et
2770 5054 3003 5110 aliorum
3021 5055 3545 5124 ecclesiasticorum,
3568 5064 3672 5114 art.
3694 5058 3757 5126 3,

2110 5151 2166 5201 et
2204 5145 2259 5200 in
2305 5144 2510 5200 Rituali
2566 5158 2664 5199 seu
2718 5142 2950 5199 Manuali
3006 5146 3396 5219 Rotomagensi
3453 5137 3558 5208 93
3621 5147 3750 5202 1651

2111 5235 2284 5301 edito,
2326 5239 2469 5304 part.
2518 5250 2558 5299 1,
2610 5246 2734 5303 pag.
2783 5231 2912 5301 383,
2960 5234 3019 5290 in
3070 5236 3217 5292 hunc
3261 5235 3519 5291 modum:
3571 5235 3760 5293 Clerici

2105 5323 2450 5397 professionis
2503 5336 2612 5377 sute
2666 5336 2916 5378 memores
2972 5323 3258 5379 Dominicis
3304 5336 3511 5378 coronae
3552 5324 3757 5395 signum

2111 5416 2163 5470 in
2193 5413 2363 5486 capite
2402 5410 2648 5482 religiose
2685 5412 2924 5484 deferant
2951 5428 3017 5468 ac
3045 5426 3306 5483 nunquam
3345 5412 3625 5470 dimittant.
3656 5414 3759 5482 Qui

2109 5520 2259 5562 secus
2302 5502 2539 5573 fecerint,
2594 5507 2841 5575 tanquam
2895 5500 3259 5558 ecclesiastica
3296 5502 3589 5559 desertores
3624 5503 3761 5558 mili-

2112 5597 2220 5664 tiae,
2276 5607 2651 5664 sacrorumque
2722 5606 2980 5649 canonum
3044 5593 3418 5661 contemptores
3484 5592 3757 5663 districtos,
