4156 6196
352 400 361 407 ἢ
396 326 471 385 ω

388 559 502 600 cum
567 542 822 599 dedecore
886 538 1201 610 ejiciantur;
1267 535 1398 591 item
1462 538 1519 589 ut
1563 529 1867 603 capillorum
1908 543 2039 602 pars

387 633 609 703 inferior
635 631 688 686 in
727 642 940 686 corona:
968 627 1188 700 speciem
1230 621 1573 697 praecidatur,
1620 619 1699 675 ita
1739 622 1795 674 ut
1824 616 1963 674 oculi
1991 620 2040 672 et

385 737 541 778 aures
566 723 805 793 pateant.
831 717 1044 774 Ibidem
1076 730 1201 787 pag.
1229 712 1355 768 409.

460 813 527 885 (9)
558 810 792 867 Barbam
820 808 1074 865 radimus.
1121 808 1195 860 De
1242 815 1432 859 rasura
1479 799 1667 856 barbm
1713 797 1835 854 vide
1882 796 2041 854 Ordi-

388 916 514 959 nem
544 903 872 967 Romanum,
906 902 963 955 et
990 895 1204 953 Bituale
1234 895 1636 962 Rotomagense
1668 888 1896 945 ibidem.

463 990 571 1065 (10)
602 992 802 1059 Quater
830 993 978 1045 nocte
1006 990 1054 1042 et
1085 985 1188 1043 die.
1220 981 1427 1039 Alludit
1456 980 1601 1036 haud
1651 978 1817 1035 dubie
1864 976 1932 1033 ad
1972 975 2037 1065 id

395 1082 545 1152 quod
577 1080 809 1151 legimus
830 1079 927 1134 lib.
960 1092 999 1131 11
1030 1074 1238 1141 Esdrm,
1289 1088 1342 1128 c.
1390 1071 1445 1138 9,
1494 1073 1751 1139 Legerunt
1796 1069 1852 1122 in
1896 1064 2042 1121 volu-

278 1212 285 1220 .
394 1171 530 1225 mine
582 1169 710 1238 legis
763 1166 969 1224 Domini
1017 1165 1116 1220 Dei
1160 1163 1244 1219 sui
1289 1165 1475 1233 quater
1516 1160 1574 1214 in
1611 1158 1714 1225 die,
1764 1161 1812 1212 et
1859 1161 2042 1227 quater

396 1258 808 1329 conﬁtebantur;
839 1256 938 1311 sed
968 1254 1120 1324 quod
1149 1250 1479 1323 psalleretur
1508 1252 1705 1319 quater
1749 1247 1805 1301 in
1853 1251 2037 1313 nocte,

395 1362 573 1418 neque
604 1350 780 1402 exstat
810 1345 865 1400 in
904 1343 1175 1400 Hebraica
1214 1340 1468 1406 veritate,
1501 1351 1681 1408 neque
1709 1336 1767 1391 in
1797 1335 2041 1391 editione

391 1438 526 1492 LXX
557 1439 941 1505 lnterpretum,
976 1447 1157 1502 neque
1205 1430 1261 1485 in
1305 1429 1474 1485 latina
1519 1427 1754 1498 vulgata.
1802 1427 2043 1495 Quapro-

390 1530 515 1595 pter
561 1524 703 1580 hanc
753 1524 1093 1579 additionem
1139 1519 1358 1575 videtur
1392 1520 1646 1589 Joannes
1692 1521 1883 1571 noster
1927 1528 2043 1570 mu-

390 1618 578 1669 tuatus
607 1614 675 1668 ab
705 1611 977 1668 Amalario
1008 1610 1104 1665 lib.
1138 1624 1196 1664 ιν
1223 1610 1299 1663 De
1329 1607 1639 1663 ecclesiast.
1671 1604 1869 1661 ofﬁciis
1898 1617 1950 1660 c.
1981 1601 2037 1670 3,

390 1715 621 1772 eamque
646 1700 950 1757 Amalarius
989 1696 1363 1768 desumpsisse
1414 1709 1482 1752 ex
1504 1693 1649 1750 Beda
1677 1693 1733 1749 in
1756 1692 2037 1771 'Esdram,

393 1804 556 1861 quem
587 1789 666 1845 ibi
686 1788 889 1844 laudat.

468 1877 575 1950 (11)
633 1878 867 1948 Quinque
908 1873 1140 1948 psalmos
1196 1872 1448 1941 canimus,
1505 1871 1599 1927 sed
1654 1870 1793 1928 trina
1846 1873 2043 1925 Stlle

400 1967 674 2024 Trinitatis
745 1965 1121 2036 gloriﬁcatione
1192 1962 1558 2018 connectimus.
1627 1962 1732 2016 Per
1797 1959 2042 2030 quinque

398 2057 641 2127 psalmos
668 2069 791 2111 cum
821 2054 965 2109 trina
993 2051 1391 2124 glorificatione
1439 2049 1686 2120 intellige
1734 2048 2039 2120 psalmum:

400 2149 542 2203 Deus
570 2148 624 2202 in
655 2145 877 2211 nomine,
910 2148 965 2199 et
1003 2148 1239 2214 quatuor
1276 2139 1561 2197 octonaria
1602 2153 1700 2195 seu
1747 2137 2046 2194 divisiones

403 2236 634 2307 psalmi:
703 2235 856 2291 Beati
910 2232 1249 2299 immaculati,
1308 2245 1445 2301 quas
1508 2229 1807 2285 divisiones
1861 2228 2046 2283 etiam-

401 2340 531 2383 num
555 2326 656 2382 sub
687 2324 895 2394 duplici
925 2322 1324 2394 gloriﬁcatione
1356 2321 1623 2385 canimus,
1656 2318 1746 2374 cui
1776 2319 2045 2374 consonat

391 2418 611 2473 Gemma
637 2415 833 2470 animas
862 2413 959 2468 lib.
992 2428 1053 2479 11,
1085 2426 1135 2467 8.
1188 2411 1260 2465 60
1288 2417 1343 2465 81
1371 2410 1462 2466 61.
1495 2409 1651 2476 Quod
1682 2408 1849 2463 etiam
1874 2406 2044 2462 vide-

395 2511 488 2561 tur
516 2505 572 2560 in
601 2503 868 2560 Psalterio
898 2500 1291 2571 Rotomagensi
1320 2512 1464 2555 anno
1498 2497 1656 2565 1507,
1688 2498 1747 2552 in
1776 2496 1885 2553 alio
1914 2495 2046 2551 item

396 2593 662 2664 psalterio
702 2591 924 2648 Parisiis
971 2603 1116 2645 anno
1167 2588 1305 2643 1540
1351 2586 1497 2658 apud
1546 2585 1897 2641 Franciscum
1947 2586 2048 2639 Re-

394 2682 595 2753 gnault,
634 2683 691 2737 in
722 2679 961 2736 diurnali
990 2677 1314 2734 Lexoviensi
1345 2689 1489 2732 anno
1528 2674 1684 2742 1542,
1726 2674 1785 2730 111
1832 2672 2048 2728 Brevia-

389 2773 476 2830 rio
508 2771 802 2827 Parisiensi
834 2783 978 2825 anno
1023 2768 1181 2835 1557,
1213 2774 1268 2824 81
1296 2768 1353 2824 111
1390 2764 1667 2822 Breviario
1712 2761 2043 2819 Abrincensi

394 2875 484 2917 an.
523 2859 661 2915 1592
690 2859 874 2915 editis.
915 2860 1167 2913 Fortasse
1215 2861 1331 2912 tum
1379 2853 1644 2927 temporis
1688 2853 1746 2908 in
1798 2851 2045 2908 Ecclesia

392 2949 784 3021 Rotomagensi
851 2946 1070 3003 feriales
1136 2945 1332 3016 psalmi
1396 2958 1508 3000 non
1554 2942 1931 2999 recitabantur
1976 2938 2046 2994 ad

394 3039 587 3096 horam
625 3039 875 3107 primam,
907 3041 968 3091 ut
992 3034 1207 3090 videtur
1235 3034 1291 3089 in
1331 3032 1622 3088 Breviariis
1665 3028 1961 3086 Parisiensi
1991 3032 2048 3084 et

399 3126 726 3185 Abrincensi
773 3122 1144 3193 supradictis:
1197 3120 1405 3190 alioqui
1452 3132 1562 3175 non
1610 3118 1888 3187 quinque,
1946 3115 2107 3176 sedC

400 3230 499 3272 sex
528 3220 712 3271 essent
741 3211 1085 3269 numerandi.

475 3303 577 3375 (12)
609 3302 806 3372 Quibus
833 3302 987 3372 fidem
1015 3296 1325 3356 catholicam
1353 3312 1385 3353 a
1432 3299 1499 3352 B.
1549 3294 1841 3352 Athanasio
1891 3310 2053 3366 expo-

405 3393 561 3450 sitam
590 3393 884 3463 adjicimus.
918 3388 1230 3461 Symbolum
1270 3389 1324 3444 S.
1373 3385 1654 3443 Athanasii
1704 3384 1760 3440 in
1807 3384 2052 3440 Ecclesia

406 3481 796 3553 Rotomagensi
828 3494 927 3550 per
955 3483 1129 3535 totum
1183 3490 1408 3544 annum,
1458 3475 1610 3531 nullo
1660 3479 1892 3543 excepto
1939 3473 2050 3541 die,

408 3572 539 3629 olim
569 3571 981 3636 decantabatur,
1023 3574 1083 3624 ut
1127 3567 1347 3623 videtur
1393 3566 1450 3621 in
1499 3563 1781 3620 ordinario
1830 3576 1932 3618 ms.
1984 3561 2053 3617 ad

405 3675 563 3718 usum
611 3658 1030 3730 Rotomagensis
1076 3656 1350 3724 ecclesiae,
1383 3668 1451 3711 ex
1493 3653 1831 3710 bibliotheca
1869 3650 2057 3708 claris-

404 3751 527 3807 simi
557 3755 613 3807 et
643 3749 999 3806 eruditissimi
1035 3746 1142 3802 viri
1176 3748 1236 3801 D.
1279 3742 1516 3800 Emerici
1544 3744 1739 3812 Bigot;
1769 3743 1860 3797 cui
1889 3742 2054 3797 etiam

405 3844 675 3897 consonat
701 3842 920 3894 Gemma
946 3837 1141 3891 anima:
1188 3835 1287 3901 lib,
1338 3850 1401 3901 11,
1453 3848 1503 3888 8.
1553 3832 1645 3900 59,
1697 3830 1785 3886 1118
1831 3831 2051 3886 verbis:

404 3931 610 3995 Fidem,
668 3928 1007 3995 Quicumque
1056 3924 1191 3989 vult,
1234 3922 1463 3993 quotidie
1512 3921 1583 3976 ad
1624 3919 1851 3991 primam
1895 3921 2055 3975 iterat

409 4016 692 4090 (ecclesia)
726 4008 831 4077 94
859 4028 1011 4085 quam
1058 4012 1380 4068 Athanasius
1425 4008 1820 4066 Alexandrinus
1856 4008 2054 4079 episco-

403 4120 502 4177 pus
560 4108 750 4175 rogatu
819 4101 1094 4158 Theodosii
1157 4100 1487 4169 imperatoris
1563 4097 1748 4154 edidit.
1805 4099 1942 4152 Item
1996 4096 2055 4151 in

404 4194 682 4251 Breviario
714 4190 1103 4262 Rotomagensi
1152 4203 1295 4246 anno
1349 4187 1481 4243 1491
1535 4187 1685 4244 811110
1734 4200 1835 4257 per
1877 4189 2055 4242 totum

405 4299 607 4341 annum
664 4284 826 4340 etiam
884 4282 939 4337 in
998 4280 1150 4337 feriis
1189 4280 1411 4336 dicitur.
1455 4278 1700 4335 [labetur
1738 4290 1958 4347 quoque
1996 4275 2054 4331 in

403 4375 671 4432 Psalterio
701 4372 1091 4444 Rotomagenst
1139 4384 1230 4427 an.
1269 4368 1403 4424 1507
1434 4375 1490 4425 et
1524 4366 1680 4435 1586,
1719 4366 1776 4422 111
1806 4365 2052 4420 Diurnali

1526 312 1817 373 JOANNES
1853 310 2270 371 ARCHIEPlSC.
2310 308 2645 368 ROTOMAG.

395 447 706 511 correctioni
730 447 1056 521 subjaceant,
1096 447 1147 501 et
1189 443 1257 501 ab
1303 441 1669 500 ecclesiasticis
1713 439 2040 497 conventibus
2060 439 2112 498 A

3697 314 3768 370 68

2200 435 2305 508 (14)
2335 437 2429 492 Bis
2475 441 2580 492 tres
2609 435 2864 508 psalmos.
2894 436 3044 493 Idem
3071 436 3165 495 hic
3190 438 3382 510 accipe
3401 440 3551 511 quod
3579 455 3767 512 supra,

2120 527 2177 626 id
2231 530 2361 594 est,
2413 525 2607 597 psalmi
2672 525 2835 597 hujus
2889 540 2990 596 per
3050 532 3177 584 octo
3236 542 3431 586 versus
3486 544 3584 587 sex
3637 530 3771 587 divi-

2121 628 2325 671 8101135.

2194 722 2300 793 (15)
2348 723 2597 779 Oratione
2651 723 2946 790 Dominica,
3003 728 3052 778 et
3090 725 3349 805 precibus,
3416 732 3466 783 et
3526 725 3731 805 psalmo
3752 772 3771 797 ,

2121 814 2394 869 MISERERE
2422 828 2515 867 MEI
2546 814 2710 880 Deus,
2761 802 3165 884 genuﬂectendo.
3218 816 3347 881 Haec
3394 802 3668 885 habentur
3716 818 3773 872 in

2120 902 2396 958 Breviario
2425 902 2815 973 Rotomagensi
2846 902 2995 959 edito
3035 917 3180 960 anno
3217 904 3372 973 1491,
3404 904 3463 961 in
3493 906 3775 962 Psalteriis

2120 992 2409 1062 Rotomag.
2439 993 2502 1047 A.
2543 990 2679 1044 1507
2710 996 2765 1047 81
2799 990 2954 1059 1586,
2988 992 3044 1046 111
3075 993 3353 1050 Breviario
3384 993 3776 1067 Rotomagensi

2120 1094 2264 1137 anno
2320 1080 2476 1149 I578,
2536 1079 2593 1136 in
2649 1081 2895 1137 Diurnali
2942 1082 3264 1139 Lexoviensi
3311 1098 3456 1140 anno
3512 1080 3664 1153 1542,
3715 1085 3774 1140 111

2120 1170 2412 1226 Breviariis
2474 1170 2812 1239 Parisiensi,
2882 1171 3231 1240 Abrincensi,
3290 1173 3776 1232 Fontebraldensis

2123 1260 2335 1316 ordinis
2372 1274 2461 1315 an.
2520 1258 2676 1328 1586,
2739 1266 2793 1316 et
2850 1260 2906 1315 in
2964 1261 3209 1317 Diurnali
3267 1263 3771 1321 Carthusianorum.

2122 1350 2252 1405 Haec
2282 1354 2464 1405 tamen
2494 1349 2550 1404 in
2584 1348 2829 1404 Ecclesia
2876 1350 3268 1422 Rotomagensi
3307 1365 3419 1409 non
3466 1359 3773 1422 servantur,

2123 1439 2369 1509 exceptis
2422 1437 2577 1495 feriis
2607 1438 2940 1508 iAdventus,
3000 1439 3479 1513 Quadragesimaa,
3540 1448 3777 1515 quatuor

2123 1531 2450 1599 Temporum
2481 1535 2537 1584 et
2561 1529 2780 1599 jejunii,
2811 1530 2869 1586 in
2909 1530 3109 1601 quibus
3139 1545 3250 1588 non
3299 1532 3505 1588 dicitur
3534 1532 3779 1605 psalmus

2123 1618 2397 1687 Miserere,
2430 1618 2539 1674 nisi
2568 1618 2626 1674 in
2656 1619 2934 1691 Vesperis.

2199 1725 2312 1799 (16)
2386 1725 2736 1803 Nocturnalia
2796 1726 3098 1796 succedunt,
3156 1727 3212 1784 in
3262 1728 3447 1802 quibus
3515 1731 3776 1803 Vespera.

2123 1816 2282 1889 Apud
2321 1816 2579 1889 antiquos
2626 1818 2895 1888 Vesperas
2932 1817 3000 1873 ad
3048 1823 3268 1877 noctem
3317 1819 3671 1890 pertinuisse,
3723 1826 3779 1879 et

2126 1910 2245 1981 ejus
2282 1907 2443 1965 initio
2492 1907 2715 1967 recitari
2761 1908 2954 1966 solitas
3000 1914 3238 1978 constat,
3288 1910 3558 1983 imprimis
3604 1926 3672 1969 ex
3719 1913 3775 1973 S.

2126 1998 2463 2069 Hieronymo
2516 1998 2586 2057 ad
2643 2000 2881 2057 Laetam:
2932 2000 3236 2067 Assuescat,
3297 2000 3498 2073 inquit,
3529 2015 3774 2073 accema,

2126 2087 2341 2145 lucerna
2384 2087 2607 2145 reddere
2632 2089 2949 2161 sacriﬁcium
2976 2090 3340 2162 vespertinum.
3381 2090 3627 2153 Isidorus
3672 2090 3773 2149 lib.

2126 2194 2203 2241 v11
2254 2176 2489 2249 Origin.,
2539 2191 2590 2234 c.
2640 2179 2720 2234 De
2757 2178 2982 2251 ofﬁciis:
3038 2180 3392 2252 Vespertinum
3428 2180 3660 2251 ofﬁcium
3702 2185 3781 2251 est

2133 2268 2188 2336 in
2232 2269 2400 2323 noctis
2443 2267 2613 2333 initio.
2662 2268 2968 2333 Concilium
3015 2269 3354 2331 Emeritense
3403 2283 3524 2333 can.
3564 2270 3641 2326 2:
3683 2273 3782 2327 νθγ

2133 2359 2364 2429 spertino
2394 2359 2621 2427 tempore
2656 2360 2772 2429 post
2818 2356 2987 2414 lumen
3039 2357 3267 2415 oblatum
3305 2359 3494 2417 dicitur
3536 2360 3781 2431 vesperug

2126 2460 2286 2513 num,-
2348 2448 2404 2500 et
2460 2444 2766 2507 innumeris
2820 2446 2943 2509 aliis
2999 2447 3369 2519 scriptoribus
3416 2453 3529 2507 tum
3576 2449 3783 2517 Graecis

2128 2540 2243 2593 tum
2275 2533 2504 2603 Latinis,
2536 2534 2681 2605 apud
2729 2535 3220 2593 eminentissimum
3268 2536 3605 2595 cardinalem
3634 2520 3783 2605 Bona

2128 2626 2204 2681 De
2235 2624 2419 2681 divina
2448 2624 2754 2696 psalmodia
2804 2640 2855 2681 c.
2908 2625 2993 2694 10,
3043 2630 3181 2685 8881.
3230 2624 3286 2682 5.
3337 2626 3495 2700 Unde
3544 2625 3783 2687 ofﬁcium

2128 2714 2501 2786 vespertinum
2542 2729 2574 2773 a
2603 2715 2843 2775 concilio
2874 2715 3139 2781 Toletano
3185 2732 3225 2783 1,
3277 2721 3423 2783 cant,
3468 2715 3528 2790 9,
3577 2717 3785 2787 dictum

2130 2809 2214 2860 est
2264 2803 2640 2871 lucernarium,
2679 2819 2712 2861 a
2765 2796 2866 2873 95
2913 2812 3105 2863 sancto
3147 2804 3347 2865 Basilio
3394 2820 3516 2877 cap.
3565 2806 3637 2861 29
3681 2806 3781 2877 lib,

2126 2894 2203 2949 De
2270 2892 2478 2969 Spiritu
2543 2898 2758 2961 sancto,
2827 2892 3127 2953 lucernaria
3174 2895 3464 2965 gratiarum
3515 2896 3690 2965 actio;
3751 2910 3785 2963 a

2128 2981 2387 3039 Cassiano
2418 2980 2518 3045 lib.
2551 2997 2614 3043 111
2641 2983 2718 3039 De
2756 2981 2993 3049 institut.
3043 2984 3380 3045 renuntiant.
3430 2999 3481 3043 c.
3529 2984 3585 3054 3,
3617 2983 3785 3043 lacer-.-

2130 3070 2269 3131 nalis
2323 3070 2475 3129 hora.
2526 3073 2593 3127 Et
2639 3072 2772 3129 licet
2817 3078 2943 3133 ante
2982 3078 3202 3139 noctem
3250 3076 3519 3147 vesperae
3563 3075 3649 3146 agi
3689 3088 3785 3133 νοε-

2131 3160 2299 3225 luerit
2327 3166 2550 3218 sanctus
2578 3162 2910 3231 Benedictus
2945 3178 2997 3225 c.
3044 3162 3107 3231 41
3164 3163 3408 3235 Bcgulm,
3458 3164 3627 3236 idque
3667 3165 3779 3236 jam

2131 3263 2233 3311 suo
2263 3257 2510 3327 tempore
2539 3251 2597 3307 in
2626 3266 2728 3307 usu
2758 3252 2997 3322 positum
3026 3251 3193 3319 fuisse
3221 3257 3455 3319 testetur
3481 3252 3783 3323 Amalarius

2132 3339 2208 3393 De
2244 3338 2438 3397 ordine
2481 3340 2768 3410 antiphon.
2820 3355 2941 3412 cap.
2974 3342 3029 3413 6,
3063 3348 3123 3397 ut
3151 3346 3276 3398 ante
3305 3343 3441 3401 solis
3466 3342 3781 3413 accubitum

2136 3426 2510 3485 celebraretur
2564 3430 2929 3509 vespertinale
2987 3429 3247 3497 ofﬁcium,
3305 3431 3442 3497 illud
3492 3437 3671 3495 tamen
3711 3429 3780 3495 ad

2135 3517 2317 3575 noctis
2371 3517 2587 3583 initium
2645 3519 2867 3590 quando
2918 3519 2988 3589 ad
3036 3518 3425 3585 dormitionem
3471 3520 3786 3589 accedimus

2135 3607 2327 3669 retulit
2356 3608 2511 3678 Hugo
2538 3608 2853 3679 Victorinus
2890 3608 2987 3665 lib.
3038 3624 3077 3673 11
3123 3609 3198 3667 118
3250 3607 3396 3665 ofﬁc.
3447 3609 3782 3680 ecclesiast.,

2137 3710 2186 3751 c.
2222 3695 2276 3766 5,
2319 3695 2483 3755 etiam
2510 3698 2720 3754 Joanne
2750 3703 2941 3757 nostro
2971 3696 3266 3771 posterior.

2207 3812 2316 3885 (17)
2355 3815 2592 3885 Hymnus
2619 3820 2815 3872 sanctae
2861 3819 3071 3878 Maria.
3120 3821 3225 3876 Per
3272 3819 3534 3891 hymnum
3579 3824 3784 3876 sancta:

2134 3903 2318 3961 Mariae
2346 3902 2594 3974 intelligo
2626 3906 2902 3963 canticum
2929 3909 3276 3979 Magniﬁcat:
3318 3910 3396 3964 lla
3445 3909 3588 3964 enim
3637 3907 3783 3979 apud

2133 3991 2463 4050 Amalarium
2511 3991 2610 4049 lib.
2655 3992 2711 4060 4,
2753 4009 2804 4051 c.
2847 3995 2904 4063 7,
2955 3998 3024 4054 de
3066 3998 3418 4070 vespertinali
3465 3999 3653 4069 synaxi
3680 4011 3783 4067 pro

2135 4080 2329 4139 eodem
2358 4081 2577 4138 cantico
2606 4088 2920 4155 usurpatur.

2208 4196 2317 4268 (18)
2392 4199 2667 4254 Incensum
2737 4215 2895 4274 super
2967 4203 3138 4261 altare
3175 4205 3404 4276 offertur.
3437 4203 3526 4261 Sic
3563 4217 3784 4277 quoque

2136 4286 2342 4343 ibidem
2399 4288 2743 4348 Amalarius:
2804 4294 3051 4353 Intendat
3118 4311 3345 4355 summus
3403 4295 3653 4353 sacerdos
3698 4297 3786 4369 qui

2134 4377 2295 4432 vicem
2333 4382 2469 4433 tenet
2512 4381 2697 4437 Aaron
2724 4382 2780 4438 in
2824 4383 3068 4453 ecclesia,
3118 4386 3240 4456 quia
3300 4385 3486 4441 debeat
3522 4385 3784 4441 incensum

402 4465 726 4522 Lexoviensi
756 4462 1087 4555 8111101542,
1116 4462 1173 4555 in
1202 4458 1479 4555 Breviario
1509 4455 1900 4555 Rotomagensi
1948 4452 2326 4536 subDo/[erre
2381 4469 2602 4525 οογηίηο
2645 4486 2804 4544 super
2850 4452 3061 4542 αιιανεέ
3102 4452 3224 4555 ῥοεε
3253 4474 3350 4528 hoc
3372 4472 3786 4545 vsequumhym.

403 4555 670 4613 cardinali
701 4553 899 4611 Carolo
920 4551 1199 4608 Borbonio
1221 4547 1613 4617 Rotomagensi
1634 4545 2055 4614 archiepiscopo

402 4659 548 4702 anno
583 4643 719 4698 1578
749 4642 934 4708 editis,
967 4646 1023 4696 et
1061 4645 1120 4695 ut
1157 4636 1404 4693 Diurnali
1450 4636 1935 4691 Carthusianorum
1981 4633 2058 4689 le-

403 4737 551 4806 gitur
581 4733 830 4805 quotidie
861 4732 928 4789 ad
959 4730 1234 4797 Primam;
1288 4727 1418 4783 item
1464 4726 1522 4782 in
1568 4725 1861 4781 Breviariis
1906 4724 2057 4780 Pario

402 4822 573 4879 siensi
630 4826 686 4877 et
740 4819 1068 4878 Abrincensi
1126 4816 1390 4891 praefatis,
1440 4814 1590 4885 quod
1638 4814 1943 4885 symbolum
1989 4815 2053 4868 D.

404 4911 735 4969 Franciscns
764 4910 828 4964 de
858 4911 1064 4982 Harlay
1094 4911 1115 4966 l
1145 4909 1202 4965 in
1234 4906 1510 4965 Breviario
1548 4904 1939 4977 Rotomagensi
1985 4903 2054 4959 ad

403 5000 721 5059 Dominicas
751 4995 820 5052 de
850 5002 1099 5068 tempore
1129 4999 1363 5071 redegit.

477 5091 580 5163 (13)
646 5088 875 5145 Tertiam
929 5102 1074 5143 vero.
1136 5090 1255 5145 Alia
1320 5091 1590 5160 praeterea
1663 5083 1933 5141 rationem
1988 5082 2057 5137 de

404 5180 626 5248 Tertiae,
676 5181 857 5235 Sexta:
905 5178 1187 5247 Nonaeque
1236 5177 1434 5235 ofﬁciis
1484 5175 1644 5233 offert
1689 5174 1936 5231 Isidorus
1982 5174 2056 5227 De

405 5268 685 5326 ecclesiat.
719 5268 865 5326 ofﬁc.
897 5267 995 5324 lib.
1051 5281 1092 5333 I,
1144 5280 1266 5335 cap.
1319 5268 1402 5324 19.
1444 5269 1665 5333 Horam,
1696 5264 1917 5337 Linquit,
1959 5266 2059 5317 ter-

404 5356 554 5426 tiam,
605 5362 832 5425 sextam,
880 5362 930 5413 et
974 5370 1166 5412 nonam
1210 5354 1400 5410 Daniel
1434 5360 1484 5410 et
1528 5362 1633 5412 tres
1665 5353 1817 5427 pueri
1852 5350 2058 5423 suppli-p

404 5446 696 5504 cationibus
725 5447 1055 5515 devoverant,
1085 5442 1281 5501 scilicet
1309 5448 1365 5499 ut
1405 5444 1473 5500 ab
1520 5451 1637 5502 ortu
1682 5444 1787 5500 diei
1832 5444 1887 5498 in
1932 5447 2062 5497 tem-

402 5552 501 5610 pus
551 5536 871 5609 precationis
927 5543 1033 5594 tres
1078 5536 1221 5593 horae
1261 5538 1519 5607 porrectis
1584 5534 1857 5593 Trinitatis
1908 5530 2059 5588 nobis

401 5626 746 5683 reverentiam
774 5626 1125 5686 declararent.
1155 5628 1251 5684 Pn.

2136 4570 2235 4611 nus
2269 4561 2465 4612 sancta:
2500 4560 2711 4617 Mariae.
2764 4563 2831 4618 Et
2873 4562 3193 4631 Guillelmus
3228 4562 3517 4618 Durandus
3560 4563 3781 4619 Ration.

2143 4644 2254 4700 div.
2286 4644 2434 4702 ofﬁc.
2466 4645 2504 4702 1.
2532 4663 2584 4715 v,
2619 4664 2668 4704 c.
2696 4650 2750 4720 9,
2784 4650 2853 4707 de
2883 4650 3144 4721 vesperis.
3187 4651 3321 4713 Item
3369 4650 3586 4707 Rituale
3619 4653 3788 4707 Roto-

2138 4748 2394 4805 magense
2425 4750 2569 4793 anno
2606 4737 2761 4805 1651,
2813 4755 2870 4810 p.
2928 4756 2968 4807 1,
3028 4753 3150 4810 pag.
3211 4738 3337 4794 392.
3394 4739 3582 4797 Altare
3628 4740 3790 4811 juxta

2139 4825 2557 4881 consuetudinem
2621 4826 2851 4883 ecclesia:
2912 4827 3231 4886 cathedralis
3261 4828 3597 4905 thuriﬁcatur
3632 4834 3789 4886 extra

2138 4914 2354 4970 missam
2390 4930 2425 4971 a
2461 4914 2755 4973 celebrante
2788 4933 2959 4991 vappa
3011 4918 3213 4988 induto,
3267 4921 3560 4991 genuﬂeao,
3593 4917 3789 4990 triplici

2140 5004 2296 5059 ductu
2322 5020 2436 5060 cum
2464 5005 2785 5062 osculatione
2814 5010 2870 5063 in
2917 5008 3055 5064 omni
3101 4996 3306 5085 quidem
3334 5010 3528 5082 ofﬁcio,
3569 5012 3786 5082 excepto

2137 5091 2361 5163 simplici
2418 5099 2468 5149 et
2530 5094 2707 5164 feriati
2781 5095 2853 5151 ad
2925 5096 3255 5154 Benedictus
3328 5102 3377 5152 et
3440 5096 3786 5168 Magniﬁcat;

2145 5181 2364 5253 (postea
2392 5183 2460 5237 ab
2489 5183 2745 5255 acolytho
2776 5184 3063 5243 celebrans
3112 5194 3167 5245 et
3217 5184 3444 5257 chorus)
3492 5186 3547 5240 in
3593 5183 3791 5260 triplici

2141 5285 2282 5338 vero,
2315 5271 2471 5327 etiam
2509 5272 2578 5327 ad
2626 5273 2867 5351 hynyzum
2888 5292 2905 5326 :
2964 5278 3038 5333 Te
3092 5279 3283 5345 Deum,
3334 5274 3400 5331 ab
3446 5275 3623 5331 eodem
3660 5274 3791 5331 cele-

2142 5360 2343 5435 brarde,
2385 5365 2435 5416 et
2476 5367 2595 5418 ante
2621 5366 2841 5435 primam
2881 5365 3147 5422 lectionem
3192 5363 3416 5422 homilioe
3463 5380 3497 5421 a
3543 5365 3786 5433 diacono,

2142 5449 2273 5506 etin
2300 5456 2449 5506 nocte
2492 5454 2784 5511 nativitatis
2829 5457 3038 5517 Domini
3084 5461 3204 5511 ante
3252 5459 3488 5511 octavam
3534 5454 3692 5510 etiam
3738 5458 3788 5510 et

2140 5552 2333 5593 nonam
2396 5538 2662 5598 lectionem
2713 5542 2779 5600 ab
2834 5546 2911 5601 eis
2962 5545 3049 5623 qui
3103 5543 3288 5600 lecturi
3339 5549 3479 5613 sunt,
3552 5540 3792 5598 similiter

2142 5640 2312 5698 cappa
2365 5627 2560 5687 indutis
2611 5636 2659 5688 et
2714 5632 3041 5704 genuﬂea‘is;
3099 5632 3194 5704 qui
3250 5632 3389 5690 ritus
3442 5632 3501 5689 in
3556 5629 3791 5688 ecclesia
