4156 6196
373 319 448 395 φ

1410 318 1605 379 NOTAE
1641 320 1731 377 AD
1767 320 2023 378 LIBRUM
2060 314 2149 375 DE
2186 317 2402 376 OFFIG.
2442 317 2713 375 ECCLES.

3675 323 3749 382 70

370 448 675 508 cathedrali
720 452 778 506 et
831 448 1250 520 quampluribus
1305 447 1542 505 civitatis
1595 447 2249 518 RotomagensisAseepe
2298 452 2664 514 nuncupatur.
2721 445 2973 503 Μαιαϋηὶ
3019 448 3246 518 ofﬁcium
3301 450 3565 522 appellant
3608 453 3746 525 quod

369 540 781 612 parochialibus
810 539 1061 596 ecclesiis
1089 540 1431 597 observatur.

444 628 553 700 (19)
599 630 727 685 Cum
771 628 1009 685 oratione
1063 629 1337 684 ﬂaminica
1383 631 1433 682 et
1475 625 1737 699 precibus,
1787 626 2017 696 exceptis

366 719 535 789 festis.
569 720 648 775 Ita
687 718 834 788 apud
890 718 1301 785 Carthasianos,
1358 717 1583 787 antiqua
1644 715 1915 772 Breviaria
1963 719 2019 770 et

368 808 635 866 Psalteria
681 809 1102 879 Rotomagensis
1149 808 1420 875 ecclesiae,
1452 820 1670 863 necnon
1718 805 2019 862 Lexovien-

366 899 468 966 sis,
499 898 846 965 Parisiensis,
867 902 924 954 et
950 896 1326 953 Abiinccnsis.
1350 899 1508 954 Nunc
1537 902 1740 964 autem,
1764 899 1825 951 ut
1852 909 2018 964 supra

369 988 701 1054 monuimus,
734 1000 846 1043 non
876 987 1136 1044 dicuntur
1165 1001 1361 1057 preces
1395 987 1503 1042 nisi
1534 986 1591 1041 in
1630 984 1782 1041 feriis
1810 984 2018 1040 Adven-

370 1082 479 1146 tus,
509 1077 951 1148 Quadragesimae
981 1082 1036 1133 et
1063 1076 1261 1134 diebus
1284 1077 1502 1147 jejunii.

441 1166 551 1238 (20)
581 1166 717 1234 Quia
758 1181 882 1222 vero
916 1170 1036 1237 post
1071 1181 1336 1237 vesperas.
1387 1167 1465 1221 Ex
1503 1165 1610 1221 hoc
1638 1164 1762 1221 loco
1791 1168 2021 1233 apparet

365 1256 595 1313 Joannis
622 1254 829 1310 saeculo
859 1254 1289 1323 Completorium
1319 1254 1613 1324 separatim
1641 1267 1673 1308 (ι
1700 1253 2017 1322 vespertino

371 1345 556 1403 ofﬁcio
600 1343 838 1416 persolvi
886 1345 1257 1400 consuevisse.
1289 1346 1457 1411 Quem
1504 1345 1736 1400 sincera:
1782 1342 2020 1411 antiqui-

369 1435 500 1492 tatis
536 1448 694 1490 usum
734 1425 839 1495 96
880 1433 1180 1503 optandum
1219 1438 1364 1489 esset
1405 1432 1462 1488 in
1502 1433 1752 1504 collegiis
1792 1432 2021 1488 canoni-

368 1537 560 1583 corum
588 1528 646 1579 et
676 1536 774 1592 per
801 1522 1042 1578 urbanos
1070 1522 1262 1578 saltem
1294 1522 1485 1578 titulos
1514 1520 1750 1578 restitui.
1783 1523 1878 1576 Pa.

443 1611 552 1684 (21)
607 1612 868 1686 Hymnum
918 1611 1051 1681 justi
1111 1612 1395 1668 Simeonis.
1461 1611 1683 1667 Scilicet
1745 1611 2017 1667 canticum

369 1704 526 1760 Nunc
553 1700 788 1763 dimittis,
821 1701 1055 1771 hymnus
1091 1702 1238 1757 enim
1279 1715 1381 1771 pro
1410 1701 1627 1756 cantico
1668 1716 1700 1756 a
1734 1714 2016 1757 sacrorum

2096 550 2340 590 vocamus
2378 534 2605 601 Laudes,
2655 534 2733 591 ait
2777 535 3043 592 Radulfus
3092 538 3426 608 Tungrensis
3472 543 3743 612 proposit.

2104 622 2187 680 14.
2226 626 2400 694 Hujus
2438 630 2617 681 tamen
2648 625 2800 685 vocis
2837 626 2979 695 apud
3019 632 3299 683 auctorem
3339 634 3587 685 nostrum
3614 641 3744 687 ’11111-

2098 712 2263 783 bigua
2292 719 2377 769 est
2414 714 2762 785 signiﬁcatio,
2796 729 2919 770 nam
2948 717 3004 770 in
3033 717 3227 773 ordine
3258 718 3369 773 diei
3399 720 3622 774 Paschaa
3647 734 3746 790 per

2099 800 2340 857 ofﬁcium
2372 804 2690 859 matutinale
2722 812 3049 861 nocturnum
3088 806 3370 877 intelligit.
3406 808 3743 876 Matutinate,

2099 890 2300 960 inquit,
2333 891 2561 960 ofﬁcium
2586 895 2687 949 duo
2727 901 2967 951 cantores
3006 897 3186 967 cappis
3226 898 3397 953 induti
3424 902 3630 967 regant.
3656 901 3747 953 In-

2098 980 2397 1039 vitatorium
2425 996 2460 1035 (ι
2485 988 2729 1051 quatuor,
2763 990 2871 1041 etc.
2920 987 3045 1045 Post
3084 987 3350 1043 matutinae
3392 988 3620 1055 Laudes,
3650 987 3746 1043 ubi

2100 1069 2312 1131 Laudes
2340 1069 2407 1124 ab
2443 1068 2626 1131 ofﬁcio
2667 1073 2972 1133 matutinali
3003 1075 3323 1147 distinguit;
3367 1077 3526 1135 initio
3565 1082 3747 1135 autem

2101 1160 2287 1228 aperis
2316 1158 2633 1214 matutinale
2670 1159 2909 1217 ofﬁcium
2947 1165 3113 1221 sumit
3143 1178 3243 1234 pro
3282 1166 3577 1234 Laudibus,
3609 1166 3744 1222 illud

2101 1248 2246 1304 enim
2294 1248 2585 1318 perspicue
2614 1250 2855 1318 sejungit
2893 1266 2924 1306 a
2955 1260 3249 1321 nocturno,
3283 1261 3339 1311 et
3377 1256 3595 1313 01010118
3624 1255 3747 1313 aliis

2101 1338 2357 1397 omnibus
2398 1338 2552 1395 horis
2599 1353 2736 1408 quas
2785 1340 2863 1395 ibi
2912 1341 3190 1411 sigillatim
3239 1351 3537 1403 recenset:
3583 1360 3746 1416 quam

2100 1428 2498 1499 acceptionem,
2533 1442 2657 1497 qua:
2687 1429 2931 1485 omnium
2962 1431 3193 1485 maxime
3225 1436 3449 1503 propria
3492 1441 3578 1490 est
3598 1434 3747 1505 judi-

2100 1517 2188 1575 cio
2237 1517 2655 1580 eminentissimi
2703 1518 3001 1577 cardinalis
3048 1520 3195 1576 Bona
3234 1536 3283 1577 c.
3313 1524 3350 1576 5
3394 1525 3570 1580 Divin.
3604 1523 3747 1593 psal-

2101 1608 2274 1676 mod.,
2305 1613 2442 1664 sect.
2476 1622 2515 1675 ι,
2549 1612 2605 1663 et
2646 1606 2714 1662 ad
2762 1608 3114 1678 antiquorum
3162 1615 3401 1666 mentem
3442 1625 3749 1670 accommo-

2103 1698 2247 1765 data,
2276 1698 2383 1754 hoc
2413 1697 2537 1754 loco
2563 1698 2785 1755 retinet.

373 1791 576 1848 rituum
618 1791 1017 1861 interpretibus
1060 1790 1359 1861 aliquando
1406 1795 1720 1861 usurpatur,
1756 1796 1816 1846 ut
1852 1785 2081 1861 supraB
2179 1785 2297 1857 (28)
2338 1789 2464 1847 Cum
2511 1787 2748 1845 oratione
2794 1787 3069 1844 ﬂaminica
3106 1793 3156 1845 et
3193 1787 3459 1860 precibus.
3499 1791 3578 1846 Ita
3609 1795 3664 1846 et
3691 1790 3749 1848 in

376 1880 788 1947 declaravimus,
828 1881 977 1950 quod
1027 1880 1190 1936 etiam
1241 1880 1310 1936 de
1359 1880 1560 1951 hymno
1617 1881 1891 1936 Zachariae
1931 1880 2022 1935 in-

376 1970 606 2042 telligas.

444 2060 553 2131 (22)
594 2061 845 2118 Oratione
891 2060 1187 2128 ﬂaminica,
1220 2064 1269 2116 et
1317 2059 1566 2131 Symbolo
1605 2065 1654 2115 et
1700 2060 2019 2131 confessione

368 2165 466 2208 nos
514 2153 822 2208 munientes.
870 2150 1130 2221 Exceptis
1182 2149 1517 2220 triplicibus,
1579 2149 1915 2220 duplicibus,
1966 2154 2021 2205 et

370 2239 513 2297 intra
545 2245 784 2297 octavas.

446 2327 565 2401 (23)
611 2330 777 2396 Quam
825 2326 977 2384 lectio
1019 2328 1274 2400 pracedit
1318 2327 1384 2384 de
1428 2327 1682 2399 exemplis
1724 2333 2022 2384 sanctorum

368 2420 605 2474 Patrum.
644 2419 793 2474 idem
822 2418 1057 2473 habetur
1086 2419 1141 2473 in
1171 2418 1462 2474 Ordinario
1492 2418 1883 2489 Rotomagensi
1914 2432 2017 2474 ms.

366 2522 472 2578 per
502 2513 672 2562 totam
701 2507 1193 2577 quadragesimam.
1225 2508 1306 2562 Ita
1337 2520 1560 2576 quoque
1588 2512 1811 2562 sanctus
1838 2509 2017 2563 Bene-

363 2596 559 2652 dictus
605 2596 661 2650 in
706 2595 917 2664 Regula
963 2609 1085 2663 cap.
1116 2595 1208 2661 42,
1239 2595 1389 2664 quod
1433 2598 1465 2649 ξι
1511 2596 1796 2650 monachis
1846 2597 2021 2651 sancti

366 2683 659 2739 Benedicti
702 2682 961 2753 religiose
1008 2683 1368 2748 observatur;
1402 2681 1605 2753 legitur
1634 2685 1780 2738 enim
1808 2684 1922 2738 sive
1952 2684 2022 2738 de

369 2772 542 2842 gestis
568 2772 840 2842 ipsorum,
873 2770 986 2826 sive
1016 2770 1086 2826 de
1116 2771 1397 2840 operibus.

454 2861 576 2934 (2.4)
627 2861 811 2919 Media
853 2865 1003 2916 nocte
1048 2861 1120 2915 ad
1165 2860 1505 2931 conﬁtendum
1550 2860 1771 2916 ﬂamina
1811 2874 2025 2930 surgere

372 2950 636 3009 debenms.
694 2950 786 3006 Sic
837 2950 894 3004 S.
942 2949 1308 3019 Hieronymus
1362 2948 1420 3003 in
1476 2949 1759 3019 epltaphio
1816 2954 2021 3005 sancta:

372 3040 555 3097 Paulae
607 3060 620 3095 :
667 3042 851 3107 Mane,
902 3038 1034 3094 hora
1089 3038 1264 3106 tertia,
1314 3042 1489 3106 sexta,
1532 3054 1671 3094 nona
1720 3059 1736 3093 :
1786 3053 2018 3111 vespere,

2103 1875 2349 1931 Ecclesia
2379 1876 2767 1947 Rotomageusi
2806 1884 2933 1933 ante
2962 1877 3246 1948 sexaginta
3274 1891 3449 1934 annos
3476 1879 3533 1934 id
3563 1879 3752 1935 obser-

2105 1965 2351 2031 vabatur,
2403 1970 2461 2020 ut
2509 1970 2660 2041 patet
2706 1980 2774 2021 ex
2821 1967 3080 2022 Breviarii
3128 1982 3216 2024 an.
3278 1966 3434 2037 1491,
3491 1967 3645 2037 1578,
3695 1974 3751 2024 et

2102 2053 2383 2119 Psalteriis
2428 2056 2714 2126 Rotomag.
2749 2069 2838 2111 an.
2880 2054 3016 2109 1507
3046 2062 3101 2112 et
3126 2056 3296 2123 1586;
3348 2056 3477 2113 item
3513 2058 3571 2115 in
3600 2058 3751 2115 Pari-

2100 2144 2291 2212 siensi,
2324 2145 2646 2205 Lexoviensi
2677 2150 2732 2200 et
2773 2146 3098 2205 Abrincensi
3137 2146 3401 2203 Ecclesiis
3437 2147 3568 2203 olim
3610 2148 3751 2204 reci-

2104 2234 2380 2303 tabantur,
2440 2241 2501 2289 ut
2556 2241 2772 2290 constat
2837 2250 2904 2290 ex
2958 2236 3205 2291 Diurnali
3272 2237 3596 2297 Lexoviensi
3656 2250 3747 2295 an.

2109 2320 2263 2392 1542,
2326 2328 2382 2378 et
2436 2323 2678 2397 antiquis
2740 2324 3031 2381 Breviariis
3094 2326 3390 2383 Parisiensi
3446 2332 3502 2383 et
3554 2327 3753 2385 Abrin-

2103 2412 2278 2468 censi.

2177 2499 2297 2573 (29)
2350 2502 2516 2572 Signa
2556 2500 2820 2575 pulsante.
2863 2503 3164 2571 Concilium
3209 2504 3650 2577 Aquisgranense
3697 2521 3747 2562 c.

2101 2588 2164 2645 31
2204 2610 2217 2646 :
2259 2592 2394 2647 Max
2449 2593 2585 2647 enim
2642 2597 2695 2649 ut
2745 2593 2980 2649 auditum
3024 2594 3182 2664 fuerit
3236 2595 3460 2664 signum,
3507 2596 3752 2665 festinato

2105 2693 2278 2733 omnes
2318 2680 2388 2737 ad
2435 2680 2709 2741 ecclesiam
2754 2684 3083 2751 conveniant,
3116 2699 3272 2755 quam
3315 2699 3419 2741 non
3459 2684 3753 2755 pompaticc

2107 2776 2201 2821 aut
2244 2768 2529 2835 inhoneste,
2562 2770 2642 2824 vel
2688 2773 3044 2843 incomposite,
3084 2774 3179 2831 sed
3225 2788 3340 2831 cum
3385 2773 3676 2830 reverentia
3703 2776 3753 2828 et

2104 2856 2204 2910 Dei
2233 2857 2417 2912 timore
2446 2859 2825 2929 ingrediantur.
2858 2861 2994 2917 Vide
3025 2861 3299 2932 epilogum
3338 2863 3582 2931 ejusdem
3613 2876 3756 2919 cou-

2106 2944 2217 2999 cilii
2249 2960 2300 3001 0.
2334 2945 2421 3003 45.
2456 2949 2551 3013 P11.
2750 3017 2761 3026 ο

2175 3033 2283 3101 (30)
2343 3034 2443 3090 Ubi
2489 3035 2734 3106 religiose
2778 3037 3144 3108 consistentes,
3193 3054 3297 3099 non
3342 3038 3442 3095 hac
3487 3045 3578 3097 aut
3622 3038 3754 3096 illac

371 3131 539 3186 noctis
583 3129 752 3185 medio
774 3173 794 3197 ,
840 3142 940 3200 per
984 3127 1222 3184 ordinem
1260 3126 1570 3199 psalterium
1617 3127 1918 3184 cantabant.
1958 3122 2158 3185 EtCse
2204 3130 2463 3180 moventes
2510 3141 2602 3180 nec
2654 3126 2818 3198 aliqui
2865 3127 3277 3201 con/abutentes.
3328 3130 3429 3195 Hic
3467 3129 3754 3186 attendant

372 3223 595 3275 sanctus
639 3217 967 3274 Athanasius
1014 3216 1112 3272 lib.
1153 3218 1230 3271 De
1260 3216 1575 3287 virginitate
1608 3237 1621 3271 :
1663 3218 1847 3273 Media
1874 3221 2023 3273 nocte

368 3308 589 3379 surgite,
619 3311 667 3364 et
698 3306 912 3363 laudato
944 3307 1220 3362 Dominum
1248 3307 1413 3361 Deum
1441 3310 1601 3362 tuum.
1634 3308 1767 3362 Item
1799 3313 2023 3364 sanctus

377 3396 708 3469 Augustinus
743 3410 909 3453 serm.
937 3395 1010 3449 55
1038 3395 1107 3452 de
1145 3399 1432 3465 tempore:
1467 3397 1609 3465 Rogo
1637 3410 1749 3462 vos,
1783 3397 1852 3451 ad
1890 3398 2026 3466 vigi-

379 3486 481 3543 lias
523 3485 777 3543 maturius
829 3486 1043 3556 surgite.
1101 3485 1157 3540 8.
1207 3484 1452 3540 Isidorus
1502 3485 1578 3539 De
1631 3484 2024 3542 ecclesiasticis

374 3574 571 3633 ofﬁciis
600 3576 698 3632 lib.
722 3592 763 3642 1,
796 3589 846 3632 c.
874 3575 945 3629 22
969 3575 1038 3630 (10
1059 3574 1283 3645 vigiliis,
1316 3573 1582 3629 Radulfus
1612 3574 1854 3630 decanus
1880 3577 2025 3631 Tun-

374 3667 587 3737 grensis
620 3667 696 3721 De
724 3678 997 3721 canonum
1025 3663 1374 3719 observantia
1404 3663 1678 3732 proposit.
1708 3662 1793 3729 14,
1819 3664 2024 3733 aliique

377 3755 683 3810 divinorum
714 3754 1022 3811 ofﬁciorum
1052 3752 1415 3822 expositores.

451 3842 555 3914 (25)
594 3843 897 3914 Adjutorem
951 3844 1301 3907 invocamus;
1354 3843 1575 3911 posmue
1620 3839 1805 3911 hymno
1864 3841 2022 3897 dicta.

374 3932 694 4004 Signiﬁcare
724 3932 944 3989 videtur
971 3931 1153 3986 statim
1180 3933 1307 3999 post
1333 3941 1548 3984 versum
1574 3947 1587 3982 :
1620 3930 1761 3983 Deus
1787 3930 1842 3984 in
1871 3930 2023 4000 adju-

377 4022 585 4089 torium,
616 4022 728 4078 dici
759 4023 1038 4092 hymnum,
1074 4025 1130 4075 et
1158 4017 1337 4075 omitti
1381 4017 1604 4074 solitum
1652 4019 2025 4076 invitatoriam

378 4113 434 4169 in
464 4110 648 4168 ofﬁcio
689 4110 887 4178 feriali,
920 4112 1082 4181 cujus
1108 4122 1259 4174 usus,
1292 4108 1339 4163 si
1376 4108 1453 4163 ita
1484 4107 1630 4175 tulit,
1662 4110 1802 4165 ratio
1832 4123 1916 4165 me
1946 4109 2028 4165 fu-

375 4202 455 4271 git
481 4222 497 4269 ;
526 4201 723 4257 scribit
752 4202 898 4257 enim
928 4199 1220 4255 Durandus
1247 4196 1469 4253 Ration.
1500 4196 1540 4251 i.
1561 4212 1617 4266 v,
1649 4212 1699 4253 c.
1723 4198 1777 4265 3,
1805 4203 1860 4254 et
1884 4199 1921 4255 l.
1944 4215 2023 4268 v1,

377 4304 427 4345 c.
467 4291 559 4359 72,
591 4304 703 4348 non
748 4289 925 4346 omitti
974 4287 1373 4354 lnvitatorium,
1412 4287 1517 4341 nisi
1566 4287 1622 4342 in
1663 4286 1848 4345 ofﬁcio
1892 4288 2026 4359 Epi-

2104 3211 2293 3269 clerici
2321 3219 2523 3285 quanta
2548 3216 2817 3273 modestia
2845 3218 2904 3274 in
2932 3218 3178 3275 Ecclesia
3206 3217 3302 3275 Dei
3323 3219 3628 3277 consistere
3657 3219 3754 3276 de-

2104 3302 2288 3373 beant,
2310 3304 2391 3360 sic
2421 3304 2567 3360 enim
2596 3305 2787 3362 statuit
2819 3306 3114 3373 concilium
3136 3306 3579 3378 Aquisgranense
3607 3320 3752 3367 anno

2102 3391 2228 3461 816,
2262 3408 2311 3448 c.
2351 3393 2444 3448 131
2490 3415 2502 3450 :
2549 3396 2737 3453 Omnes
2776 3395 2936 3465 igitur
2975 3395 3042 3454 ab
3082 3396 3262 3452 otiosis
3308 3395 3756 3452 sermocinationi-

2103 3480 2198 3538 bus
2232 3482 2466 3539 auditum
2496 3483 2699 3557 pariter
2739 3484 2991 3554 castigent
3030 3488 3080 3541 et
3114 3482 3343 3551 tinguant
3370 3488 3397 3541 ’ς
3442 3484 3498 3540 in
3534 3482 3755 3545 ecclesia

2104 3585 2218 3627 cum
2274 3571 2456 3626 timore
2510 3576 2558 3627 et
2618 3571 2949 3626 veneratione
2993 3574 3191 3626 stantes
3213 3614 3231 3636 ,
3281 3576 3371 3625 aut
3429 3577 3575 3625 orent
3599 3613 3614 3639 ,
3665 3575 3755 3627 aut

2105 3664 2330 3727 cantent,
2365 3664 2455 3715 aut
2502 3659 2740 3715 audiant.
2791 3660 2856 3713 Et
2903 3657 3298 3728 Grodogangus
3342 3658 3601 3712 Metensis
3642 3657 3756 3729 epi-

2105 3761 2307 3816 sc0pus
2353 3746 2411 3803 in
2456 3746 2666 3817 Regula
2713 3747 3126 3813 canonicorum,
3159 3760 3208 3801 c.
3241 3743 3312 3800 26
3346 3765 3359 3800 :
3402 3747 3537 3803 M017
3574 3745 3754 3803 audito

2104 3838 2253 3907 signa
2294 3851 2469 3893 omnes
2516 3836 2754 3892 canonici
2790 3837 3034 3909 festinent
3080 3834 3151 3893 ad
3199 3833 3509 3902 ecclesiam;
3558 3840 3609 3891 et
3654 3850 3758 3891 non

2104 3927 2424 4000 pompatioe,
2474 3932 2564 3983 aut
2621 3927 2915 3997 inhoneste,
2962 3924 3045 3982 vel
3087 3926 3451 3998 incomposite,
3501 3925 3596 3981 sed
3642 3941 3757 3985 cum

2106 4017 2205 4073 Dei
2250 4016 2432 4072 timore
2478 4016 2841 4086 ingrediantur
2885 4032 3001 4074 eam
3040 4037 3057 4071 :
3117 4031 3213 4072 nec
3257 4031 3371 4073 cum
3417 4013 3618 4072 baculis
3665 4018 3755 4070 aut

2103 4105 2327 4177 fustibus
2355 4107 2411 4161 in
2448 4106 2626 4175 chara,
2659 4108 2889 4179 exceptis
2927 4105 3201 4174 debilibus,
3244 4096 3349 4165 98
3388 4106 3481 4161 sed
3514 4103 3756 4175 religiose

2106 4195 2213 4250 illis
2240 4196 2481 4251 standum
2512 4201 2561 4251 et
2582 4196 2914 4269 psallendum
2943 4202 3038 4252 est.
3086 4197 3283 4252 Postea
3311 4196 3431 4265 ipse
3462 4194 3757 4266 conqueri-

2108 4290 2198 4341 tur
2226 4286 2373 4357 quod
2405 4286 2594 4341 clerici
2634 4287 2872 4358 negotiis
2915 4285 3275 4342 szecularibus
3304 4300 3363 4340 se
3409 4285 3757 4355 implicantes

380 4381 620 4450 phanise,
653 4381 823 4437 tridui
872 4385 997 4436 ante
1044 4378 1274 4446 Pascha,
1317 4381 1372 4432 et
1408 4376 1591 4433 ofﬁcio
1639 4378 2061 4450 defunctorum,
2108 4373 2178 4429 ad
2209 4373 2451 4431 divinum
2499 4374 2739 4432 ofﬁcium
2786 4375 3159 4446 peragendum
3190 4373 3510 4431 viderentur
3557 4372 3754 4442 inepti.

381 4449 602 4539 quando
649 4469 813 4526 funus
843 4483 955 4526 non
993 4474 1078 4525 est
1106 4480 1375 4538 praesens,
1408 4471 1630 4522 secutus
1666 4469 1924 4538 antiquos
1954 4449 2261 4533 deDMozo,
2307 4465 2506 4537 inquit,
2557 4471 2612 4520 ut
2657 4464 2928 4520 ecclesiam
2980 4463 3049 4519 ad
3087 4464 3314 4519 divinum
3369 4460 3595 4533 officium
3634 4473 3758 4530 per-

374 4561 551 4615 sacris
588 4558 786 4616 ofﬁciis
824 4564 1151 4615 tractatores
1190 4557 1439 4613 ordinem
1479 4557 1803 4625 Romanum,
1836 4559 2023 4613 Alcui-

377 4660 507 4702 num
538 4649 613 4703 De
644 4649 812 4703 Cinna
839 4646 1076 4712 Domini,
1108 4643 1439 4701 Amalarium
1468 4643 1507 4699 l.
1539 4658 1616 4711 ιν,
1649 4657 1699 4699 0.
1730 4643 1820 4712 21,
1846 4646 2028 4700 Hono-

378 4736 520 4792 rium
551 4736 590 4794 1.
627 4751 709 4803 ιιι,
739 4738 890 4793 Gem.
924 4735 1141 4802 animai,
1171 4748 1223 4790 c.
1254 4733 1345 4789 88.

451 4824 555 4895 (26)
592 4824 879 4881 Duodecim
901 4822 1133 4895 psalmos
1162 4824 1415 4879 canimus.
1446 4821 1603 4890 Quod
1634 4822 1889 4879 observat
1928 4824 2029 4878 Ec-

378 4914 546 4971 clesia
586 4915 1007 4985 Rotomagensis
1042 4914 1097 4969 in
1127 4912 1281 4970 feriis
1310 4918 1463 4970 extra
1493 4919 1709 4983 tempus
1748 4912 2024 4984 paschale.

376 5006 440 5060 1n
487 5005 788 5061 Dominicis
824 5017 955 5060 vero
999 5003 1197 5060 diebus
1237 5003 1530 5060 duodecim
1581 5003 1775 5072 psalmi
1825 5015 2030 5057 canun-

379 5102 472 5152 tur
525 5094 583 5150 in
632 5095 813 5165 primo
860 5098 1175 5163 nocturno,
1234 5108 1469 5164 quorum
1518 5092 1747 5149 cuilibet
1795 5106 2023 5147 versus:

378 5183 565 5240 Gloria
609 5185 759 5239 Patri
804 5184 1182 5255 subjungitur,
1242 5183 1374 5240 licet
1418 5182 1563 5254 apud
1610 5184 1872 5239 Joannem
1923 5195 2030 5239 no-

376 5280 553 5330 strum
590 5279 831 5344 quatuor
875 5274 1071 5343 psalmi
1118 5286 1225 5328 una
1264 5262 1369 5333 9'7
1410 5272 1813 5344 gloriﬁcatione
1858 5284 2030 5345 capu-

376 5363 597 5432 lantur;
636 5362 727 5419 cui
766 5368 1036 5419 consonat
1064 5360 1226 5417 Guill.
1264 5361 1552 5417 Durandus
1590 5362 1809 5418 Ration.
1852 5361 2020 5417 divin.

378 5451 527 5509 ofﬁc.
560 5452 659 5508 lib.
696 5467 753 5520 v,
784 5467 836 5508 c.
868 5452 921 5507 3.
1050 5456 1061 5463 ’

451 5541 576 5613 (27)
617 5544 721 5598 Per
763 5542 993 5613 officium
1034 5537 1367 5599 Matutinale.
1418 5539 1668 5612 lntellige
1714 5541 1925 5610 laudes,
1958 5554 2025 5598 eo

373 5632 526 5689 enim
555 5632 780 5688 nomine
818 5632 887 5687 ab
929 5630 1237 5687 ofﬁciorum
1265 5628 1576 5685 divinorum
1621 5630 2028 5699 expositoribus

2109 4554 2363 4623 agendum
2402 4554 2727 4617 intraverint,
2760 4554 2835 4609 ita
2872 4554 3082 4626 fatigati
3114 4553 3370 4617 videntur,
3402 4554 3458 4603 ut
3496 4563 3589 4603 nec
3626 4562 3758 4603 ora-

2108 4643 2236 4699 tioni
2282 4657 2493 4711 vacare,
2526 4659 2619 4698 nec
2674 4644 2743 4699 ad
2797 4643 3122 4714 psallendum
3173 4646 3316 4695 stare
3362 4635 3571 4693 valeant
3589 4657 3608 4703 ,-
3664 4636 3758 4691 sed

2102 4731 2279 4804 potius
2316 4733 2573 4800 sedentes,
2622 4748 2726 4788 non
2762 4733 2971 4801 divinis,
3011 4731 3104 4786 sed
3150 4729 3300 4784 vanis
3346 4725 3513 4781 solent
3560 4725 3758 4781 instare

2110 4820 2345 4893 loquelis.
2390 4823 2455 4877 Et
2502 4826 2704 4878 statuta
2748 4823 2973 4893 antiqua
3017 4817 3243 4888 capituli
3292 4816 3624 4873 cathedralis
3671 4831 3758 4872 ec-

2111 4910 2294 4967 clesiae
2332 4911 2702 4968 Parisiensis:
2746 4910 2829 4966 Ibi
2864 4906 3123 4979 simplices
3172 4911 3221 4962 et
3269 4908 3426 4962 erecti
3471 4911 3625 4974 stent,
3668 4921 3759 4962 ca-

2109 5005 2261 5057 veant
2301 5016 2334 5056 a
2363 5000 2804 5071 confabulatione,
2838 4995 3088 5052 cachinno
3118 5001 3166 5051 et
3204 4996 3333 5066 risu,
3369 4994 3605 5070 psallunt
3634 5007 3759 5063 gra-

2109 5090 2242 5145 viter
2290 5094 2339 5145 et
2388 5091 2616 5146 modeste
2671 5102 2849 5143 caram
2895 5088 3026 5155 Dea,
3077 5102 3325 5144 memores
3382 5099 3558 5140 eorum
3612 5083 3759 5154 facta

2112 5178 2232 5235 aliis
2286 5180 2574 5235 minoribus
2630 5177 2881 5232 ministris
2935 5176 3224 5249 exemplum
3276 5175 3410 5246 fore.
3468 5171 3633 5227 Plura
3688 5170 3756 5226 de

2110 5269 2414 5339 psalmodia
2445 5274 2500 5324 et
2529 5266 2681 5322 cultu
2720 5266 2816 5321 Dei
2861 5265 3051 5322 statuit
3097 5264 3393 5320 concilium
3441 5260 3753 5317 Basileense

2111 5373 2247 5414 sess.
2296 5357 2385 5425 21,
2428 5362 2450 5424 §
2492 5356 2547 5423 3,
2588 5354 2623 5408 4
2661 5361 2716 5411 et
2754 5355 2808 5409 6.
2859 5357 2934 5412 De
2984 5351 3427 5411 confabulatione
3474 5356 3654 5406 autem
3702 5352 3759 5404 et

2111 5448 2459 5518 divagatione
2499 5448 2555 5501 in
2594 5446 2827 5501 ecclesia
2856 5446 2979 5502 vide
3011 5442 3306 5500 concilium
3354 5443 3755 5510 Rotomagense

2110 5550 2255 5593 anno
2292 5536 2427 5590 1522
2466 5536 2735 5605 habitum,
2767 5536 2993 5592 sedente
3029 5532 3263 5602 Georgio
3293 5533 3339 5586 Il
3378 5531 3446 5587 de
3481 5528 3754 5595 Ambasia,

2108 5628 2196 5683 tit.
2227 5626 2277 5694 l,
2301 5626 2390 5682 cui
2414 5632 2682 5684 consonat
2700 5626 2916 5683 Rituale
2937 5627 3336 5691 Rotomagense
3359 5636 3446 5677 an.
3475 5617 3604 5674 1651
3633 5632 3688 5688 p.
3710 5629 3754 5685 ι,
