4146 6182
379 230 446 283 71
1502 227 1797 284 JOANNES
1831 224 2251 282 ARCHIEPISC.
2295 228 2630 285 ROTOMAG.

3674 232 3748 285 72

387 366 512 422 pag.
553 349 660 404 387
696 368 709 405 :
749 350 901 404 Intra
946 347 1158 404 chorum
1203 347 1350 405 nulla
1393 350 1525 420 ﬁant
1570 349 1866 420 colloquia,
1921 350 2090 408 nonA
2106 349 2388 419 dicuntur,
2421 366 2524 408 nec
2574 352 2635 407 tit
2676 349 2950 407 confessio
2982 349 3039 405 in
3086 350 3240 408 festis
3287 353 3619 424 triplicibus,
3651 356 3749 412 du-

384 442 489 497 sint
536 439 623 510 qui
666 438 798 505 risu,
835 436 1005 494 aliove
1048 439 1408 509 incomposito,
1448 453 1543 493 seu
1584 438 1750 492 minus
1794 437 2024 493 modesto

385 534 527 593 actu,
569 542 677 583 rem
721 527 950 583 divinam
996 526 1201 582 turbent
1241 548 1256 581 :
1298 542 1402 581 non
1438 528 1526 597 qui
1564 541 1678 581 cum
1724 531 2026 582 cancrorum

382 614 636 675 seandalo
686 615 984 682 dormiant,
1026 615 1107 670 oet
1154 615 1389 683 litteras,
1440 620 1529 670 aut
1565 613 1703 670 alias
1738 615 2026 686 scripturas

383 707 557 776 legant
590 726 605 759 :
643 720 749 760 non
785 705 873 775 qui
910 705 1159 776 privatim
1205 705 1433 774 ofﬁcium
1477 703 1558 759 uel
1586 703 1724 759 alias
1762 705 2027 759 orationes

383 797 618 862 recitent,
650 799 757 849 etc.

456 904 562 976 (31)
616 907 686 961 Et
730 905 800 959 ad
846 902 1029 958 Gloria
1073 901 1242 968 Patri,
1293 901 1365 955 ad
1409 899 1581 956 altare
1623 915 1681 954 se
1725 898 2024 955 inclinando

381 999 654 1050 vertentes.
705 993 853 1048 Idem
913 989 1166 1060 praecipit
1212 989 1427 1045 Rituale
1476 990 1877 1060 Rotomagense
1932 1002 2023 1044 an.

387 1083 545 1149 i651,
575 1098 629 1153 p.
662 1098 701 1150 1,
736 1096 788 1151 p.
821 1078 945 1133 388.
998 1081 1083 1134 Ita
1128 1085 1298 1134 tamen
1343 1082 1399 1132 ut
1442 1084 1666 1147 surgant
1703 1079 1773 1134 ad
1812 1081 1869 1142 ᾖ.
1901 1078 2027 1135 Glo-

382 1173 463 1228 ria
510 1170 652 1227 Patri
698 1175 746 1223 et
791 1168 943 1224 Sicut
990 1174 1126 1231 erat,
1177 1167 1232 1221 in
1281 1167 1539 1238 principio
1587 1167 1855 1233 horarum,
1886 1172 1935 1222 et
1971 1168 2027 1221 in

381 1263 482 1332 ﬁne
522 1257 828 1325 inoitatorii,
873 1255 1204 1327 psalmorum
1247 1259 1296 1310 et
1343 1256 1680 1323 canticorum,
1713 1262 1762 1311 et
1791 1256 1862 1311 ad
1889 1271 2024 1310 eum—

391 1350 507 1404 dem
579 1362 781 1403 versum
835 1345 1017 1402 Gloria
1082 1346 1228 1400 Patri
1282 1347 1337 1400 in
1392 1346 1495 1416 ﬁne
1556 1346 2024 1416 responsoriorum.

379 1437 533 1505 Quod
564 1451 630 1492 ex
676 1440 829 1505 parte
870 1438 1119 1489 servatur
1154 1434 1212 1488 in
1253 1434 1485 1490 ecclesia
1526 1432 1848 1501 cathedrali,
1879 1439 2027 1489 stant

380 1527 525 1582 enim
563 1539 772 1590 omnes,
809 1524 895 1579 vel
943 1528 1176 1593 surgunt
1224 1525 1682 1593 quotiescumque
1733 1528 2021 1597 cantatur:

382 1614 565 1671 Gloria
594 1613 759 1676 Patri,
791 1611 896 1668 soli
925 1625 1056 1667 vero
1087 1612 1156 1668 de
1187 1611 1410 1667 minima
1439 1612 1571 1668 sede
1600 1617 1823 1667 vertunt
1867 1626 1926 1667 se
1956 1611 2025 1666 ad

2106 439 2361 510 plicibus,
2395 456 2497 498 nec
2525 441 2668 497 infra
2698 446 2935 497 octavas.
3060 486 3065 491 .

2183 531 2288 601 (37)
2340 532 2520 586 Prima
2563 530 2711 602 ﬁnita
2757 531 2812 584 in
2858 529 3139 601 capitulum
3179 532 3375 601 fratres
3420 535 3744 590 conueniant.

2106 620 2314 689 Regula
2344 621 2609 676 canonica
2648 622 2702 676 S.
2732 619 3078 691 Grodogangi
3117 621 3361 692 episcopi
3392 623 3650 679 Metensis
3678 624 3748 680 de

2106 707 2241 764 hora
2299 710 2493 779 prima.
2546 711 2663 763 Hoc
2716 707 2924 779 expleto
2990 698 3295 764 conueniunt
3349 711 3421 766 ad
3468 710 3749 784 capitulum

2107 798 2354 867 quotidie,
2386 802 2434 852 et
2462 812 2532 853 ex
2560 798 2661 851 ista
2707 797 3044 865 institutione,
3095 814 3250 868 quam
3282 804 3499 871 propter
3543 799 3750 856 illorum

2106 885 2383 941 utilitatem
2437 887 2545 941 Deo
2593 885 2885 941 auxiliante
2935 887 3170 957 fecimus,
3214 888 3270 943 in
3316 903 3620 960 unoquoque
3665 890 3751 945 die

2108 974 2323 1047 aliquod
2369 975 2649 1048 capitulum
2694 973 2948 1044 relegant,
2982 981 3177 1047 praeter
3222 977 3358 1033 diem
3401 978 3746 1044 Dominicum,

2106 1070 2157 1120 et
2185 1070 2446 1136 quartam,
2487 1071 2536 1121 ct
2580 1070 2786 1121 sextam
2822 1066 3013 1135 feriam
3048 1071 3097 1121 et
3143 1066 3495 1123 solemnitates
3533 1073 3749 1124 sancto-

2106 1168 2240 1222 rum,
2271 1155 2325 1209 in
2372 1154 2555 1226 quibus
2600 1154 2832 1224 relegant
2880 1159 3155 1224 tractatus,
3200 1161 3249 1211 et
3297 1157 3435 1212 alias
3485 1156 3746 1223 homilias,

2106 1242 2188 1297 uel
2214 1243 2350 1313 quod
2396 1244 2613 1313 aediﬁcet
2661 1243 2949 1311 audientes,
2981 1249 3088 1300 etc.
3122 1247 3193 1301 Et
3229 1246 3524 1317 episcopus,
3554 1245 3635 1301 uel
3662 1259 3750 1301 ar-

2107 1331 2462 1400 chidiaconus,
2502 1332 2584 1387 uel
2611 1334 2698 1403 qui
2742 1333 2797 1387 in
2844 1332 2959 1388 loco
3002 1332 3210 1389 illorum
3250 1349 3482 1406 praeesse
3526 1335 3747 1402 videtur,

2106 1420 2297 1476 ibidem
2342 1422 2479 1492 quod
2515 1421 2701 1491 jubere
2747 1421 2919 1488 habet,
2959 1422 3163 1491 jubeat,
3195 1427 3245 1478 et
3285 1424 3421 1493 quod
3468 1424 3748 1499 corrigere,

2107 1510 2356 1580 corrigat,
2387 1515 2437 1566 et
2485 1511 2622 1581 quod
2669 1502 2825 1572 IOO
2865 1511 3161 1581 faciendum
3210 1512 3301 1580 sit,
3349 1513 3600 1568 ordinare
3641 1518 3752 1569 stu-

2110 1600 2250 1655 deat.
2292 1602 2414 1655 Post
2451 1599 2718 1655 lectionem
2754 1600 3040 1656 recitantur
3066 1606 3195 1656 aetas
3223 1602 3413 1657 mensis
3441 1608 3489 1658 et
3514 1601 3671 1670 lance,
3702 1608 3753 1660 et

379 1705 587 1760 altare:
620 1708 676 1757 at
703 1701 759 1756 in
790 1701 1042 1771 plurimis
1072 1701 1225 1757 urbis
1250 1706 1305 1756 et
1328 1700 1585 1757 dimcesis
1614 1700 2024 1771 parochialibus

2111 1695 2421 1757 sanctorum,
2454 1704 2671 1760 quorum
2712 1689 2851 1760 festa
2895 1689 3158 1745 crastinus
3204 1691 3430 1762 excipiet
3477 1692 3608 1759 dies,
3640 1698 3749 1748 etc.

381 1790 633 1848 ecclesiis
661 1796 881 1846 vertunt
909 1805 969 1846 se
1000 1796 1054 1847 et
1086 1791 1353 1846 inclinant
1383 1805 1593 1847 omnes.

454 1898 560 1968 (32)
599 1897 818 1953 Chorum
862 1913 968 1953 non
1018 1904 1228 1967 exeant,
1287 1900 1513 1967 majores
1568 1897 1763 1970 absque
1817 1897 2024 1965 decani,

379 1988 604 2043 minores
633 1986 826 2058 absque
856 1986 1065 2043 licentia
1094 1990 1343 2044 cantoris.
1394 1988 1542 2044 Idem
1590 1987 1806 2043 Rituale
1856 1989 2028 2043 Roto-

380 2091 635 2149 magense
670 2096 682 2131 :
726 2076 969 2144 Quandiu
1016 2076 1308 2133 celebratur
1338 2078 1583 2149 ofﬁciunt,
1613 2076 1786 2132 nullus
1814 2092 1842 2130 e
1871 2076 2026 2131 choro

382 2167 650 2223 discedere
697 2172 1003 2237 priesumat,
1060 2167 1163 2222 nisi
1219 2167 1380 2238 ofﬁcii
1438 2182 1620 2233 causa,
1679 2165 1761 2221 vel
1813 2171 2028 2235 urgente

379 2257 529 2326 graui
556 2256 882 2311 necessitate.
923 2257 1079 2311 Nunc
1110 2256 1165 2310 in
1197 2256 1499 2311 cathedrali
1530 2254 1765 2312 ecclesia
1794 2254 2029 2325 quilibet

380 2345 680 2400 canonicus
706 2343 919 2414 injussu
950 2344 1146 2399 decani
1174 2344 1258 2399 vel
1290 2344 1533 2400 cantoris
1564 2358 1665 2415 pro
1695 2358 1797 2401 suo
1824 2343 2027 2413 placito

381 2434 569 2505 egredi
600 2438 783 2504 potest
812 2438 938 2503 post
969 2433 1129 2502 primi
1161 2434 1356 2502 psalmi
1388 2435 1769 2490 recitationem
1794 2455 1809 2501 ;
1840 2446 2028 2488 verum

383 2527 635 2592 (excepto
656 2536 796 2591 pane
818 2535 981 2591 quem
1000 2522 1082 2577 sic
1113 2522 1351 2592 percipit
1371 2522 1438 2577 ad
1461 2524 1805 2586 matutinum)
1838 2537 2029 2579 omnes

381 2612 497 2669 fere
534 2611 668 2666 alias
705 2609 1126 2666 distributiones
1171 2611 1392 2678 amittit,
1435 2612 1539 2666 nisi
1587 2611 1933 2683 regrediatur
1970 2613 2027 2667 in

383 2702 610 2757 chorum
639 2704 932 2770 antequam
961 2698 1202 2755 ofﬁcium
1227 2699 1560 2756 absolvatur.

455 2799 561 2868 99
604 2805 705 2877 (33)
743 2806 878 2860 Ante
912 2810 961 2861 et
998 2810 1140 2861 retro
1186 2805 1416 2861 inclinet.
1467 2805 1556 2861 Sic
1603 2805 1766 2861 etiam
1812 2805 2027 2862 Rituale

382 2897 823 2965 Rotomagense,
880 2908 970 2950 an.
1036 2894 1209 2962 1651,
1268 2894 1532 2964 Pro/unde
1581 2894 1798 2950 inclinat
1852 2909 2030 2950 versus

2106 1778 2410 1833 Concilium
2465 1779 2907 1849 Aquisgranense
2948 1781 3014 1833 Α.
3056 1780 3118 1834 C.
3158 1779 3286 1847 816,
3335 1780 3372 1834 l.
3419 1797 3459 1847 1,
3494 1795 3615 1851 cap.
3653 1780 3753 1834 123

2109 1869 2182 1921 De
2231 1866 2578 1922 institutione
2630 1867 3021 1922 canonicorum
3063 1882 3075 1916 :
3125 1869 3191 1922 Ut
3220 1868 3447 1939 quotidie
3482 1868 3553 1924 ad
3591 1867 3755 1923 colla-

2108 1954 2296 2009 tionem
2337 1954 2564 2021 oeniant,
2613 1954 2702 2008 ubi
2748 1958 2795 2008 et
2841 1954 2977 2009 hanc
3025 1954 3396 2011 institutionem
3431 1959 3480 2010 et
3527 1954 3755 2011 aliarum

2109 2044 2503 2114 Scripturarum
2557 2049 2861 2100 sanctarum
2918 2043 3161 2100 lectiones
3212 2043 3503 2115 pertegant,
3553 2050 3604 2102 et
3653 2059 3751 2116 pro

2110 2133 2353 2188 admissis
2407 2132 2607 2187 veniam
2658 2132 2941 2204 postulent,
2988 2138 3038 2188 et
3082 2134 3387 2189 sententiam
3442 2149 3538 2205 pro
3586 2132 3754 2205 quati-

2109 2224 2216 2276 tate
2288 2221 2505 2276 admissi
2574 2223 2899 2292 suscipiant;
2975 2222 3064 2277 ubi
3136 2223 3292 2278 etiam
3363 2223 3429 2278 de
3499 2222 3754 2278 communi

2106 2309 2341 2380 profectu
2387 2313 2435 2364 et
2482 2308 2704 2364 utilitate
2754 2309 3006 2365 Ecclesia:
3059 2316 3394 2382 pertractant.
3452 2314 3750 2369 Consuetu-

2112 2397 2271 2452 dines
2351 2397 2612 2453 Ecclesiae
2696 2400 3114 2470 Rotomagensis
3195 2400 3417 2470 scripta:
3503 2407 3750 2471 tempore

2111 2485 2333 2541 Ricardi
2381 2486 2449 2542 de
2498 2488 2834 2543 Constantiis
2881 2488 3077 2544 decani
3133 2496 3260 2545 ante
3315 2502 3491 2544 annos
3541 2488 3648 2542 400
3685 2505 3751 2546 ex

2110 2575 2279 2629 veteri
2327 2576 2519 2631 codice
2568 2576 2810 2645 ejusdem
2861 2576 3172 2633 Ecclesiae:
3224 2580 3290 2634 In
3334 2576 3562 2649 capitulo
3607 2579 3756 2650 ﬁnita

2110 2661 2328 2718 lectione
2381 2668 2535 2735 prout
2591 2665 2756 2727 decet,
2808 2664 2957 2721 debet
3008 2665 3110 2735 legi
3164 2665 3345 2721 tabula
3367 2710 3382 2735 ,
3436 2682 3550 2739 quae
3609 2667 3757 2724 debet

2110 2752 2351 2807 ordinari
2387 2758 2436 2807 et
2482 2753 2739 2808 conscribi
2789 2755 3071 2809 secundum
3116 2756 3435 2825 exigentiam
3487 2758 3752 2829 temporis,

2110 2847 2158 2897 et
2210 2848 2369 2913 prout
2423 2842 2657 2898 conuenit
2713 2843 2933 2912 singulis
2989 2844 3327 2913 dignitatibus
3385 2851 3434 2902 et
3489 2847 3758 2903 ordinibus

2112 2930 2478 2986 canonicorum
2523 2935 2575 2987 et
2617 2933 2947 2988 servientium
2982 2932 3038 2987 in
3076 2934 3262 3002 choro,
3286 2950 3400 3006 qua:
3437 2941 3621 3006 postea
3652 2952 3757 2992 non

384 2982 1293 3097 fi’.‘i’1‘i’..".‘..f‘f"fff‘123333553
1326 2984 2090 3097 ῗῗῗλξξηῖῗένῗλὶίῗῖι¹ξῖδ
2111 3020 2259 3076 debet
2322 3021 2603 3097 ίιηηιιιιανά-
2669 3023 2863 3078 Ροειεα
2922 3021 3055 3078 solet
3119 3024 3236 3094 ﬁeri
3305 3031 3641 3097 οοηιροιυπι›
3707 3030 3757 3080 ει

383 3069 553 3125 veteri
584 3069 778 3125 ordine
810 3069 879 3124 ad
918 3070 1296 3139 recipiendum
1335 3072 1661 3127 canonicum
1698 3072 2029 3127 cathedralis

385 3158 635 3216 ecclesiae
685 3159 1008 3214 Parisiensis
1038 3179 1049 3214 :
1082 3161 1265 3215 Factis
1309 3174 1487 3215 uersus
1535 3160 1802 3226 orientem,
1844 3162 2029 3216 deinde

381 3265 561 3306 uersus
599 3248 913 3304 occidentem
959 3248 1146 3304 debitis
1192 3248 1635 3306 inclinationibus.
1686 3253 1746 3306 In
1795 3250 2027 3307 ecclesia

381 3347 563 3396 autem
612 3337 914 3395 cathedrali
964 3339 1353 3409 Rotomageusi
1395 3339 1454 3395 tit
1494 3341 1801 3396 reverentia
1838 3355 2030 3396 versus

382 3428 555 3485 altare
585 3435 641 3484 et
669 3427 896 3483 chorum
927 3427 1156 3482 alterius
1200 3428 1390 3497 partis.
1415 3427 1474 3483 Id
1496 3428 1577 3484 sic
1606 3428 2029 3500 intelligendum

386 3524 539 3589 puto.
580 3519 717 3572 Ante
761 3515 932 3571 altare
977 3521 1027 3571 et
1077 3520 1238 3584 retro,
1271 3516 1486 3573 scilicet
1533 3522 1659 3573 ante
1709 3516 2027 3572 cruciﬁxum

383 3606 441 3661 in
470 3605 592 3661 navi
632 3605 1010 3675 constitutum,
1045 3604 1130 3660 vel
1160 3612 1287 3660 ante
1317 3605 1584 3661 decanum
1616 3606 1709 3675 qui
1748 3619 1921 3675 prope
1946 3606 2029 3674 ja-

383 3708 545 3751 nuam
585 3694 942 3760 consistebat,
984 3700 1045 3749 ut
1082 3693 1224 3749 solet
1271 3693 1327 3748 in
1366 3693 1522 3750 festis
1570 3695 1902 3764 triplicibus.
1949 3694 2026 3748 Eo

385 3785 533 3839 enim
557 3782 720 3838 modo
742 3796 772 3836 a
792 3781 1077 3838 monachis
1094 3782 1681 3837 Grandimontensibus
1707 3783 2031 3837 observatur

384 3871 505 3927 huic
544 3870 849 3937 inclinatio,
882 3884 1007 3940 qua:
1040 3870 1202 3925 etiam
1247 3870 1304 3924 in
1354 3871 1760 3940 antiquioribus
1798 3885 2029 3927 consue-

384 3959 672 4016 tudinibus
699 3959 1079 4015 Cluniacensis
1116 3958 1435 4014 monasterii
1475 3959 1776 4029 saepissime
1806 3959 2024 4031 legitur.

383 4047 573 4119 Spicil.
607 4054 646 4103 t.
680 4050 766 4103 IV.
1140 4088 1160 4104 .
1924 4063 1929 4067 ‘

458 4152 565 4227 (34)
616 4153 868 4225 Exceptis
915 4152 1095 4208 diebus
1142 4154 1452 4212 Naliritalis
1499 4155 1707 4211 Domini
1751 4162 1800 4213 et
1846 4160 2031 4215 Pente-

2112 3112 2232 3163 tunc
2277 3117 2326 3164 et
2371 3108 2445 3164 ibi
2489 3108 2656 3165 solent
2707 3111 2871 3182 recipi
2927 3112 3291 3168 excusationes
3341 3115 3628 3182 canonicis,
3677 3113 3758 3170 uel

2110 3197 2426 3268 reprobari;
2476 3198 2548 3253 ibi
2593 3200 2751 3255 etiam
2793 3200 3049 3273 facienda:
3100 3206 3219 3257 sunt
3267 3205 3454 3272 gratiae
3490 3204 3571 3259 uel
3603 3220 3638 3259 a
3667 3205 3758 3259 de-

2111 3302 2264 3354 cano,
2312 3285 2394 3342 uel
2448 3286 2515 3342 ab
2571 3289 2999 3358 hebdomadario,
3049 3292 3098 3346 si
3151 3306 3266 3362 qua:
3320 3293 3423 3348 sint
3476 3294 3752 3364 faciendae.

2111 3378 2235 3431 Post
2274 3376 2384 3431 tunc
2428 3375 2596 3432 solent
2646 3379 2861 3434 recitari
2906 3380 3187 3435 marantia:
3231 3385 3282 3436 et
3329 3381 3537 3451 oﬁ‘enste
3574 3382 3678 3437 diei
3705 3387 3755 3437 et

2111 3464 2360 3520 horarum
2407 3466 2835 3533 praecedentium,
2887 3473 2937 3523 et
2980 3467 3054 3523 ibi
3095 3469 3291 3540 puniri.
3350 3473 3483 3524 Item
3529 3469 3755 3541 qualibet

2112 3554 2196 3608 die
2248 3554 2460 3609 Veneris
2512 3554 2694 3610 debent
2751 3558 3023 3612 conuenire
3072 3574 3247 3613 omnes
3294 3560 3533 3615 canonici
3567 3560 3622 3614 in
3667 3577 3757 3617 ca-

2105 3641 2272 3714 pitulo
2328 3642 2460 3698 hora
2516 3643 2751 3714 capituli,
2809 3650 2861 3701 et
2903 3645 2977 3700 ibi
3025 3646 3189 3716 ﬁnitis
3228 3648 3516 3719 praemissis
3572 3649 3757 3704 debent

2111 3736 2344 3787 tractare
2399 3733 2607 3801 negotia
2662 3733 2915 3790 Ecclesia
2947 3756 2960 3790 :
3010 3751 3105 3791 nec
3147 3751 3206 3791 se
3251 3737 3435 3793 debent
3479 3736 3755 3794 absentare

2110 3822 2369 3890 canonici,
2401 3837 2566 3892 neque
2597 3827 2873 3880 tractatum
2902 3826 3172 3897 impedire,
3202 3827 3305 3881 nisi
3323 3828 3485 3898 ﬁnitis
3512 3828 3752 3897 negotiis,

2109 3910 2191 3966 uel
2219 3911 2428 3967 licentia
2459 3917 2673 3983 accepta
2701 3929 2737 3968 α
2765 3914 2984 3982 decano,
3014 3914 3097 3970 uel
3134 3915 3558 3985 hebdomadario,
3590 3919 3640 3973 si
3667 3918 3757 3973 de-

2111 4016 2297 4056 canum
2321 4000 2505 4057 abesse
2536 4003 2825 4071 contigerit.
2866 4006 2940 4060 Et
2966 4003 3037 4060 ibi
3065 4005 3247 4061 debent
3276 4004 3544 4062 obseruari
3568 4007 3753 4075 honor,

2109 4090 2374 4159 honestas,
2401 4091 2719 4147 commodum
2759 4092 3031 4162 Ecclesiae,
3059 4095 3173 4151 sine
3199 4095 3527 4152 simulatione
3553 4102 3602 4153 et
3632 4111 3757 4168 pcr-

2108 4194 2357 4235 sonarum
2385 4182 2701 4252 acceptione,
2732 4186 2781 4238 et
2809 4182 3008 4253 absque
3041 4183 3310 4256 ﬁdelitatis
3339 4190 3388 4241 et
3416 4187 3755 4242 conscientia-

384 4248 571 4343 costejs'
592 4242 847 4343 “Quibus.
891 4242 1240 4343 leml’of'iblls,
1288 4243 1601 4343 Ἶηῖίβὴίῖηθι
1646 4245 1735 4343 ἀθ,
1775 4252 2022 4343 “fullo”
2044 4334 2086 4343 __
2112 4283 2226 4324 rum
2254 4268 2483 4325 lusione.
2503 4242 2587 4326 Ἐι
2616 4242 2705 4342 qui
2730 4288 2834 4327 non
2861 4242 3078 4343 uenerii,
3104 4273 3185 4330 uel
3200 4276 3314 4330 sine
3342 4273 3551 4332 licentia
3578 4291 3752 4333 reces-

384 4330 630 4404 paschali
676 4331 1013 4399 sumebatur,
1046 4332 1190 4387 sicut
1228 4332 1464 4388 habetur
1494 4334 1548 4387 in
1587 4334 1874 4389 breviariis
1911 4336 2027 4390 Ro-

383 4428 586 4492 tomag.
628 4434 717 4475 an.
773 4419 901 4472 1491
956 4424 1011 4475 et
1046 4419 1199 4486 1578,
1252 4427 1307 4476 et
1346 4422 1620 4491 psalteriis
1666 4437 1755 4478 an.
1796 4420 1930 4476 1507
1976 4431 2033 4480 et

318 4508 325 4513 '
390 4509 545 4576 1586,
578 4510 636 4566 in
666 4509 868 4579 quibus
896 4507 1138 4579 legitur:
1180 4512 1324 4566 Nota
1354 4511 1490 4580 quod
1523 4526 1620 4581 per
1647 4515 1807 4566 totum
1840 4526 2032 4567 annum

385 4599 575 4654 dicitur
600 4598 671 4653 ad
712 4598 1033 4667 Quicunque
1082 4596 1261 4669 aliqua
1299 4599 1580 4670 antiphona
1624 4599 1692 4653 de
1736 4598 2033 4669 suprascri-

378 4689 486 4760 ptis
515 4693 730 4758 excepto
778 4692 1006 4759 tempore
1045 4687 1286 4759 paschali
1306 4710 1324 4753 ,-
1372 4693 1427 4743 et
1472 4689 1529 4743 in
1574 4688 1817 4744 Diurnali
1861 4690 2033 4745 Lexo-

383 4776 558 4831 viensi
587 4789 676 4829 an.
716 4775 851 4829 1542
884 4797 896 4831 :
930 4780 996 4832 In
1033 4783 1261 4849 tempore
1302 4777 1545 4848 paschali
1576 4782 1697 4849 post
1724 4776 1953 4849 psalmos
1981 4782 2031 4833 et

383 4864 708 4933 Quicunque
745 4865 1050 4935 antiphona,
1090 4866 1321 4946 Alleluia
1351 4887 1363 4921 :
1405 4869 1524 4923 Non
1556 4867 1698 4923 enim
1730 4867 1821 4922 hic
1850 4868 2030 4938 agitur

385 4954 455 5011 de
501 4952 750 5026 symbolo
781 4952 1104 5022 Quicunque,
1138 4956 1288 5025 quod
1340 4970 1405 5012 ex
1454 4956 1734 5012 ordinario
1771 4958 2029 5012 Rotoma-

384 5045 539 5114 gensi
581 5045 686 5099 MS.
721 5046 776 5099 et
808 5041 931 5097 istis
977 5043 1267 5100 Breviariis
1297 5050 1351 5100 et
1398 5045 1678 5100 Psalteriis
1716 5060 1815 5115 per
1851 5052 2024 5101 totum

383 5145 584 5187 annum
615 5132 778 5187 etiam
810 5131 865 5186 in
895 5127 1047 5185 feriis
1076 5130 1330 5187 habetur.

456 5229 561 5302 (35)
592 5229 945 5302 Subsequente
974 5227 1200 5299 capitulo
1233 5251 1249 5283 :
1294 5232 1518 5289 Domine
1548 5234 1829 5299 miserere,
1861 5232 1915 5287 in
1964 5248 2024 5287 e-

382 5318 602 5376 rialibus
630 5318 828 5373 diebus.
861 5320 1017 5375 Nunc
1046 5324 1226 5374 autem
1256 5320 1313 5374 in
1344 5318 1497 5377 feriis
1535 5336 1634 5391 per
1662 5336 1862 5377 annum
1893 5321 2027 5377 dici-

385 5413 475 5465 tur
503 5405 799 5476 capitulum
824 5426 835 5460 :
869 5408 1058 5463 Pacem
1087 5411 1136 5462 et
1164 5408 1451 5463 ueritatem.

459 5504 560 5576 (36)
599 5504 930 5574 Confessione
972 5508 1121 5577 facta
1177 5520 1293 5562 cum
1342 5507 1604 5577 precibus.
1659 5510 1858 5565 Preces
1912 5520 2023 5564 non

2044 4334 2094 4392 D
2112 4358 2343 4425 cesserit,
2371 4374 2560 4429 panem
2587 4334 2738 4416 unius
2769 4362 2872 4417 diei
2901 4334 3125 4418 amittat.
3158 4366 3253 4420 Pu.

2182 4448 2316 4503 Item
2361 4453 2566 4503 statuta
2611 4450 2836 4520 antiqua
2885 4451 3145 4507 Ecclesiae
3194 4453 3516 4510 Parisiensis
3557 4476 3569 4510 :
3621 4455 3751 4512 Inde

2113 4535 2183 4590 ad
2228 4535 2511 4608 capitulum
2552 4540 2974 4609 progrediuntur,
3024 4539 3114 4595 ubi
3157 4543 3316 4609 gestis
3358 4550 3656 4600 sanctorum
3702 4550 3751 4601 et

2112 4625 2366 4697 diptgchis
2416 4626 2771 4697 defunctorum
2821 4627 3067 4699 perlectis
3121 4629 3249 4691 ﬁunt
3292 4646 3478 4700 preces
3523 4648 3623 4703 pro
3668 4649 3751 4689 eo—

2109 4726 2225 4768 rum
2262 4715 2459 4785 requie.
2506 4717 2717 4784 Postea,
2750 4721 2828 4771 ter
2872 4716 3029 4786 petito
3080 4718 3177 4772 Dei
3224 4719 3504 4788 adjutorio,
3543 4720 3752 4791 subjun-

2109 4802 2249 4870 gitur
2276 4817 2455 4858 uersus
2501 4818 2615 4858 cum
2643 4803 2880 4869 collecta,
2911 4809 2961 4860 et
2990 4804 3171 4875 lector,
3205 4808 3333 4864 data
3379 4808 3749 4879 benedictione,

2109 4889 2232 4960 legit
2289 4907 2539 4948 canonem
2594 4908 2686 4948 seu
2740 4898 2896 4964 caput
2959 4894 3154 4964 regula:
3207 4899 3346 4968 quod
3408 4914 3583 4953 omnes
3639 4914 3753 4953 cum

2106 4995 2308 5036 summa
2379 4983 2670 5037 reverentia
2744 4981 3040 5040 auscultant
3111 4985 3397 5053 sedentes;
3471 4989 3756 5059 iterumque

2107 5068 2235 5124 data
2266 5068 2332 5124 ab
2373 5069 2782 5126 hebdomadario
2830 5071 3187 5130 benedictione
3232 5075 3543 5132 secedunt...
3576 5076 3758 5134 Omni-

2105 5156 2200 5212 bus
2251 5158 2418 5213 sextis
2461 5158 2610 5229 feriis
2656 5160 2840 5215 audiat
2895 5162 3175 5234 capitulum
3229 5164 3456 5234 defectus
3510 5165 3656 5221 chori
3697 5167 3754 5222 in

2106 5244 2452 5314 hebdomada,
2512 5252 2563 5302 et
2618 5247 2974 5321 delinquentes
3030 5253 3410 5323 examinentur,
3470 5260 3519 5310 et
3569 5260 3751 5312 errata

2106 5334 2456 5403 corrigantur.
2516 5337 2865 5396 Ordinarium
2925 5343 3325 5413 Rotomagense
3380 5344 3486 5398 MS.
3547 5359 3614 5401 ex
3669 5345 3751 5401 bi-

2105 5423 2382 5481 bliotheca
2412 5427 2715 5499 Bigotiana,
2749 5446 2874 5503 pag.
2905 5430 2960 5487 5.
2999 5432 3198 5488 Dehinc
3232 5433 3287 5487 in
3314 5434 3563 5505 capitulo,
3594 5440 3644 5490 et
3675 5435 3747 5491 ibi

2105 5512 2355 5570 audiatur
2400 5515 2551 5575 lectio
2607 5520 2672 5576 de
2710 5520 3112 5592 Martyrologio.
3175 5518 3211 5581 il
3259 5524 3505 5580 Pretiosa
3556 5529 3642 5580 est
3687 5525 3744 5582 in
