4156 6196
243 278 299 333 73

1255 277 1450 332 ΝυΤιΕ
1487 277 1575 331 AD
1612 277 1864 333 LIBRUM
1902 280 1989 333 DE
2025 279 2238 334 OFFIC.
2281 278 2548 335 ECCLES.

3510 277 3581 331 74

241 404 519 471 conspectu
556 398 792 455 Domini.
842 401 989 455 Mors
1035 405 1349 456 sanctorum
1390 391 1405 459 Ι
1424 389 1515 460 Ol
1557 400 1695 469 ejus.
1727 386 2117 457 Ora-Amissa:
2144 400 2350 457 cantari
2377 399 2618 468 instituit,
2650 400 2715 455 de
2751 398 2934 471 quibus
2982 399 3264 469 Gregorius
3301 416 3448 472 papa
3487 418 3587 459 an-

242 491 299 547 tio
335 510 351 544 :
389 490 586 545 Sancta
620 488 809 555 Maria,
840 493 950 543 etc.
984 489 1089 543 Per
1132 486 1440 543 Dominum.
1481 489 1671 543 Amen.
1718 488 1860 543 Deus
1941 490 2182 563 tiphonas
2230 489 2301 544 ad
2362 487 2629 544 introitum
2683 487 2854 543 missw
2905 486 3222 543 modulanda
3279 491 3584 560 composuit.

243 581 289 635 in
314 576 640 648 adjutorium
677 581 757 633 ter
794 577 1048 633 dicatur:
1079 576 1262 632 Gloria
1307 574 1469 631 Patri.
1521 575 1673 631 Sicut
1719 581 1857 641 erat,
1940 579 2097 636 Unde
2126 578 2307 634 adhuc
2335 578 2545 649 primus
2571 592 2763 635 versus
2808 575 3057 648 ejusdem
3107 575 3301 647 psalmi
3348 577 3586 645 canitur,

243 668 385 738 liyrie
423 665 652 723 eleison.
704 665 919 722 Christe
966 665 1194 721 eleison.
1237 664 1397 735 Kyrie
1435 664 1669 721 eleison.
1701 666 1863 720 Pater
1942 669 2038 740 qui
2066 674 2215 725 totus
2243 667 2375 724 olim
2404 668 2473 724 ad
2504 666 2789 725 introitum
2819 666 3235 724 decantabatur.

243 761 431 813 noster.
480 757 546 811 Et
593 767 663 811 ne
709 766 832 811 nos.
872 756 939 810 Et
984 754 1167 810 veniat
1212 768 1398 824 super.
1442 757 1503 809 Et
1543 754 1757 824 respice
1805 753 1861 809 in

242 858 431 901 servos.
480 845 547 899 Et
593 843 666 899 sit
710 843 993 914 splendor.
1034 846 1305 899 Oremus:
1336 842 1696 912 Omnipotens
1723 856 1865 898 sem-

247 933 439 1004 piterne
485 933 631 987 Deus
675 931 872 1002 dirige.
922 931 1186 987 Dominus
1222 930 1525 987 vobiscum.
1576 930 1866 986 Benedica-

247 1036 365 1077 mus.
396 1020 597 1077 Dehinc
652 1018 856 1089 legatur
902 1018 1071 1075 obitus
1117 1020 1163 1075 si
1215 1020 1394 1090 fuerit,
1425 1025 1473 1074 et
1528 1019 1736 1075 dicatur
1791 1020 1865 1074 De

246 1109 536 1182 profundis,
577 1113 628 1164 et
671 1124 853 1181 preces
908 1108 981 1163 ibi
1028 1109 1365 1180 pertinentes,
1415 1113 1469 1163 ut
1519 1098 1573 1163 in
1629 1107 1865 1165 Obitario

244 1202 492 1256 notantur.
532 1200 646 1266 Quo
687 1202 905 1271 peracto
939 1213 1070 1269 puer
1097 1198 1241 1254 dicat
1270 1219 1287 1253 :
1316 1198 1476 1263 lube,
1525 1197 1746 1264 domne,
1778 1197 1871 1253 be-

244 1286 508 1344 nedicere.
557 1287 856 1342 Benedictio
888 1307 905 1341 :
936 1288 997 1341 In
1042 1287 1182 1342 viam
1229 1285 1609 1343 mandatorum
1643 1298 1869 1342 suorum

244 1376 429 1448 dirigat
476 1390 580 1431 nos
612 1375 965 1446 omnipotens
992 1377 1157 1432 Deus.
1197 1378 1388 1432 Amen.
1428 1376 1694 1446 Sequatur
1720 1373 1870 1430 lectio

245 1465 302 1520 de
326 1464 643 1520 sermnibus
672 1464 789 1520 vita
819 1463 1143 1520 clericorum.

310 1552 408 1625 (38)
464 1555 550 1610 Ne
605 1552 786 1625 aliqua
834 1554 1006 1608 sancti
1053 1553 1311 1623 festivitas
1358 1551 1412 1606 in
1465 1552 1695 1607 crastino
1742 1550 1876 1606 cele-

2018 757 2141 829 (45)
2211 757 2591 828 Ceroferaiius.
2650 757 2751 826 Qui
2815 756 2959 828 apud
3025 758 3248 812 Graecos
3297 754 3588 826 acolythus

1944 850 2312 915 nuncupatur,
2343 844 2487 900 sicut
2533 850 2805 902 testantur
2857 843 3139 912 Alcuinus,
3189 857 3311 914 cap.
3343 845 3419 899 De
3466 848 3589 899 ton-

1945 951 2072 993 sura
2110 934 2459 1001 clericorum,
2502 940 2559 990 et
2595 935 2900 992 Amalarius
2934 936 3265 991 Fortunatus
3293 935 3368 989 De
3399 931 3585 989 eccle-

1946 1022 2430 1090 siasticisofiiciis,
2463 1022 2560 1079 lib.
2595 1039 2637 1079 1.
2671 1038 2791 1093 cap.
2831 1023 2923 1087 10;
2964 1024 3055 1079 Ivo
3112 1037 3332 1093 quoque
3375 1022 3587 1079 Carno-

1948 1114 2141 1181 tensis,
2168 1127 2333 1170 serm.
2364 1111 2400 1166 2
2426 1113 2502 1167 De
2533 1112 2644 1167 vita
2687 1111 3141 1168 ordinandornm.
3194 1113 3327 1168 Item
3372 1113 3593 1169 Gemma

1950 1204 2145 1261 animae
2175 1202 2270 1258 lib.
2302 1218 2342 1269 1,
2374 1202 2450 1257 De
2478 1200 2653 1271 antiq.
2688 1200 2798 1256 ritu
2828 1199 3004 1266 miss.,
3037 1215 3157 1271 cap.
3187 1199 3308 1256 178.

2024 1292 2141 1365 (46)
2167 1292 2457 1349 Diaconum
2510 1295 2561 1346 et
2602 1289 2978 1345 subdiaconum
3025 1288 3286 1345 osculetur
3328 1289 3597 1346 sacerdos.

1951 1384 2109 1439 Nunc
2155 1386 2336 1437 autem
2389 1380 2445 1436 in
2484 1379 2835 1436 confessione
2885 1375 3118 1433 inclinat
3168 1391 3228 1433 se
3272 1384 3479 1434 tantum
3531 1377 3602 1434 ad

1954 1472 2102 1537 illos,
2133 1485 2236 1527 nec
2280 1468 2581 1526 osculatur.
2613 1469 2666 1523 Is
2694 1474 2879 1523 tamen
2908 1466 3169 1536 antiquus
3200 1471 3284 1521 est
3321 1466 3605 1523 ministros

1956 1558 2244 1619 osculandi
2293 1560 2454 1625 ritus,
2494 1557 2653 1627 cujus
2698 1555 2998 1612 meminere
3046 1554 3189 1611 ordo
3237 1555 3516 1611 Romanus
3546 1555 3600 1610 in

244 1643 438 1698 branda
468 1642 753 1698 omittatur-
786 1642 876 1699 Sic
901 1641 1117 1698 Riluale
1158 1643 1560 1712 Rolomasense
1589 1653 1680 1695 an.
1716 1638 1933 1722 165M,
1959 1656 2196 1722 quatuor
2220 1648 2511 1706 ordinibus
2539 1646 2742 1713 missae,
2771 1643 3098 1705 Amalarius,
3131 1642 3228 1699 lib.
3262 1658 3322 1698 111
3349 1644 3427 1698 De
3452 1641 3600 1699 offic.

247 1746 298 1803 p.
331 1747 369 1800 1,
400 1745 522 1803 pag.
558 1729 666 1784 402
704 1736 760 1786 et
787 1729 914 1786 439.
959 1732 1093 1786 Item
1138 1705 1534 1800 Grodogangus
1581 1728 1638 1784 in
1687 1705 1876 1800 regula

1975 1705 2293 1805 ;cclesiast.,
2325 1752 2377 1795 c.
2408 1735 2477 1805 5;
2508 1735 2787 1792 Honorius
2824 1733 3003 1800 lib.‘1;
3036 1735 3186 1788 Gem.
3210 1732 3428 1798 animae,
3460 1746 3510 1787 c.
3542 1732 3599 1799 7;

245 1820 648 1888 canonicorum,
680 1834 731 1876 c.
769 1818 835 1873 18
863 1819 933 1875 de
961 1817 1100 1876 hora
1137 1819 1314 1889 prima
1348 1838 1360 1873 :
1394 1818 1639 1886 Quotidie
1669 1817 1741 1873 ad
1778 1832 1876 1873 ca-

243 1908 450 1980 pitulum
504 1924 679 1965 omnes
724 1908 942 1965 clericos
990 1908 1167 1965 uenire
1213 1907 1591 1976 constituimus,
1615 1912 1671 1964 ut
1700 1907 1879 1963 anima

241 1998 444 2054 uerbum
497 1998 597 2054 Dei
641 1998 853 2065 audiat;
912 2002 962 2054 et
1010 1998 1304 2070 episcopus,
1334 1995 1415 2052 uel
1470 1995 1877 2052 archidiaconus

241 2086 421 2142 ibidem
467 2086 607 2159 quod
639 2087 825 2157 jubere
870 2086 1044 2155 habet,
1083 2086 1288 2157 jubeat,
1328 2091 1377 2143 et
1405 2086 1543 2158 quod
1590 2086 1875 2156 corrigere,

238 2177 486 2246 com'gat,
564 2181 613 2232 et
669 2176 807 2248 quod
861 2176 1166 2243 faciendum
1219 2175 1288 2231 sit
1345 2174 1594 2231 ordinare
1646 2173 1875 2230 studeat.

240 2268 355 2321 Post
402 2265 679 2321 lectionem
725 2267 1014 2322 recitantur
1061 2270 1190 2321 tetas
1236 2263 1426 2320 mensis
1471 2269 1522 2320 et
1561 2262 1719 2331 (una,
1752 2278 1880 2335 quo-

238 2368 341 2409 rum
378 2356 526 2426 festa
571 2354 831 2410 crastinus
875 2356 1101 2425 excipiet
1130 2354 1261 2409 dies.
1312 2355 1378 2409 Et
1422 2354 1619 2410 Petrus
1655 2352 1724 2409 de
1773 2354 1879 2409 Ho-

242 2444 413 2498 nestis
474 2443 534 2498 in
603 2443 790 2513 regula
844 2442 1235 2498 canonicorum
1274 2461 1288 2497 :
1341 2444 1467 2499 Cum
1518 2442 1714 2512 fratres
1760 2447 1880 2513 post

238 2532 470 2586 Primam
518 2530 576 2585 in
628 2528 854 2601 capitulo
915 2546 1066 2585 mane
1115 2530 1439 2597 conveniunt,
1496 2528 1658 2584 lector
1714 2529 1879 2599 petita

238 2619 618 2686 benedictione,
668 2620 859 2675 mensis
904 2619 1196 2687 terminum,
1249 2623 1452 2674 atatem
1492 2616 1647 2680 lunte,
1694 2617 1881 2687 feriam

235 2708 496 2781 sequentis
545 2706 651 2762 diei
696 2711 747 2762 et
798 2708 938 2779 festa
980 2721 1123 2763 more
1164 2705 1318 2761 solito
1359 2705 1675 2777 pronuntiet.
1728 2703 1882 2760 Unde

234 2798 424 2854 mirum
456 2795 642 2854 videri
673 2801 859 2867 potest
887 2795 1037 2867 quod
1066 2796 1125 2853 in
1166 2794 1493 2866 quibusdam
1522 2793 1787 2850 Ecclesiis
1822 2793 1881 2849 in

232 2887 428 2957 quibus
476 2885 930 2957 Martyrologium
977 2883 1198 2955 legitur,
1248 2884 1495 2954 ejusdem
1532 2882 1644 2939 diei
1681 2881 1878 2938 festum

227 2977 619 3042 annnntietur;
675 2988 800 3031 cum
858 2972 1165 3029 decantatis
1210 2972 1402 3043 primis
1465 2971 1741 3041 Vesperis,
1770 2972 1878 3027 No-

1957 1829 2114 1899 Hugo
2145 1827 2354 1893 Victor,
2404 1826 2459 1881 in
2510 1823 2746 1895 Speculo
2776 1822 3002 1888 eccles.,
3045 1836 3096 1876 c.
3126 1821 3183 1886 7,
3217 1820 3343 1877 ideo
3372 1825 3455 1885 (ut
3482 1819 3600 1890 opi-

1958 1920 2082 1983 nor)
2112 1915 2262 1988 quod
2310 1928 2433 1971 cum
2488 1912 2847 1978 Tertulliano,
2895 1913 2937 1967 1.
2994 1911 3069 1966 De
3116 1915 3283 1976 orat.,
3334 1922 3458 1980 cap.
3516 1908 3600 1975 IO,

1958 2004 2113 2063 nefas
2142 2006 2410 2062 ducerent
2457 2001 2526 2058 ad
2564 2000 2893 2057 sacrificium
2950 2001 3106 2070 pacis
3159 1998 3427 2054 accedere
3482 1997 3602 2053 sine

1959 2109 2125 2168 pace;
2160 2093 2229 2151 ad
2260 2092 2410 2164 quod
2438 2096 2498 2147 ut
2526 2089 2831 2162 paratiores
2858 2094 2914 2145 et
2950 2087 3139 2144 idonei
3179 2085 3353 2159 magis
3379 2086 3607 2143 accede-

1960 2188 2084 2241 rent
2137 2183 2354 2254 signum
2419 2177 2890 2236 reconciliationis
2930 2175 3339 2248 praemittebant
3389 2195 3402 2230 :
3457 2173 3607 2245 quod

1960 2272 2170 2330 indicat
2212 2269 2426 2326 Missale
2473 2267 2737 2325 Ecclesiae
2786 2264 3212 2322 Sarisberiensis
3257 2263 3464 2320 editum
3512 2264 3613 2319 Pa-

1960 2361 2111 2419 risiis
2147 2373 2293 2417 anno
2346 2356 2503 2425 1555,
2536 2356 2591 2412 in
2640 2369 2751 2426 quo
2801 2353 3036 2411 habetur
3068 2369 3083 2408 :
3117 2352 3319 2409 Deinde
3347 2351 3618 2408 osculatur

1961 2452 2239 2508 diaconum
2293 2453 2343 2504 et
2401 2445 2796 2511 subdiaconum,
2830 2444 3006 2500 dicens
3046 2463 3062 2497 :
3109 2442 3319 2498 Habeto
3365 2441 3614 2498 osculum

1962 2538 2114 2611 pacis
2142 2542 2199 2595 et
2225 2535 2562 2602 dilectionis,
2594 2538 2654 2590 ut
2681 2533 2796 2604 apti
2825 2532 2948 2589 sitis
2976 2535 3169 2588 sancto
3199 2529 3360 2586 altari
3389 2529 3456 2586 ad
3488 2545 3613 2601 pen-

1962 2626 2259 2684 ﬂciendum
2287 2624 2470 2681 ofﬁcia
2499 2623 2701 2679 divina.

2040 2714 2164 2787 (47)
2196 2714 2464 2771 Sacerdos
2492 2712 2765 2782 ceterique
2793 2711 3017 2766 ministri
3054 2715 3194 2765 retro
3241 2724 3421 2766 coram
3448 2708 3612 2765 altari

1963 2809 2128 2871 orent,
2161 2808 2270 2860 etc.
2304 2803 2436 2858 Haec
2478 2812 2590 2857 non
2620 2803 2749 2856 sunt
2783 2797 3039 2855 hodierni
3086 2812 3219 2854 usus
3255 2798 3313 2853 in
3360 2796 3606 2854 Ecclesia

1959 2891 2370 2964 Rotomagensi.

2031 2980 2149 3053 (48)
2217 2980 2485 3038 Diaconus
2527 2982 2651 3050 post
2700 2993 2815 3033 eum
2878 2977 3111 3033 eamdem
3157 2976 3409 3032 imitando
3465 2977 3604 3031 viam

227 3066 453 3133 cturnis,
483 3034 771 3122 Laudibus
799 3068 855 3119 et
882 3063 1083 3130 Prima,
1108 3034 1229 3133 jam
1248 3061 1444 3133 majori
1473 3075 1543 3118 ex
1570 3034 1734 3132 parte
1755 3034 1934 3118 θαι-α
1955 3034 2249 3129 οωξέίεξαί
2269 3034 2548 3140 quousque.
2584 3067 2636 3122 ei
2688 3065 2871 3122 sedere
2916 3066 3118 3121 innuat.
3173 3066 3290 3122 Hoc
3331 3069 3600 3121 statuerat

224 3153 360 3210 cium
390 3154 574 3211 fuerit
601 3153 959 3209 celebratum.

286 3244 399 3316 (39)
431 3245 622 3302 Lectio
660 3241 855 3313 regula:
882 3240 1223 3300 canonicalis.
1264 3240 1488 3299 Scilicet
1530 3239 1876 3313 Grodogaugi

222 3334 480 3391 Hetensis
502 3333 784 3404 episcopi,
814 3332 901 3389 vel
930 3330 1153 3389 concilii
1182 3330 1661 3403 Aquisgranensis.

291 3421 406 3494 (40)
441 3424 563 3481 Seu
594 3421 912 3494 pastoralis.
944 3419 1214 3477 Videlicet
1241 3421 1296 3476 S.
1334 3419 1585 3491 Gregorii
1614 3433 1770 3490 papa:
1797 3417 1882 3473 Li-

224 3509 306 3566 bri
338 3510 651 3582 pastoralis
677 3524 826 3567 curas
862 3509 932 3566 ad
976 3510 1242 3567 Joannem
1272 3510 1594 3580 episcopum
1642 3507 1882 3564 civitatis

223 3599 522 3659 Ravennae.

293 3688 425 3760 (41)
508 3688 606 3745 Vel
669 3687 891 3760 alicujus
944 3686 1209 3757 regularis
1265 3686 1405 3743 libri.
1462 3686 1539 3741 De
1595 3682 1886 3740 sententiis

223 3784 552 3836 sanctorum
593 3780 837 3845 Patrum,
870 3777 939 3835 de
976 3778 1097 3834 Vita
1144 3776 1472 3834 clericorum
1520 3778 1648 3846 post
1693 3775 1889 3844 Marty-

224 3866 501 3941 rologium
564 3869 975 3939 Rotomagense
1026 3864 1212 3934 editis,
1267 3870 1362 3921 aut
1416 3864 1486 3921 de
1541 3861 1889 3920 sermonibus

225 3958 551 4015 eorumdem
583 3956 683 4015 hic
709 3958 912 4029 agitur.
942 3958 1003 4013 In
1032 3955 1323 4013 Ordinario
1357 3955 1504 4011 enim
1551 3967 1654 4010 ms.
1704 3951 1890 4010 cathe-

225 4043 695 4108 dralis.ecclesia3
727 4046 976 4117 legitur:
1017 4047 1087 4101 Et
1140 4045 1209 4101 sit
1256 4043 1407 4100 lectio
1455 4044 1521 4100 de
1569 4040 1890 4099 sermonibus

233 4135 354 4191 Vita
393 4136 759 4202 clericorum;
799 4133 1097 4205 aliquando
1131 4153 1144 4189 :
1182 4136 1412 4204 Legatur
1454 4132 1519 4189 de
1554 4132 1763 4189 residuo
1797 4145 1893 4186 ea:-

220 4225 527 4294 positionis,
562 4224 629 4281 id
663 4228 766 4291 est,
789 4222 1052 4279 homiliae.

293 4313 409 4386 (42)
447 4318 516 4372 In
546 4314 709 4387 festis
735 4327 932 4369 omnes.
961 4313 1022 4369 In
1050 4310 1209 4368 festis
1244 4309 1672 4369 solemnioribus
1700 4322 1894 4365 omnes

224 4414 529 4474 campanae,
566 4404 633 4460 in
673 4400 990 4473 duplicibus
1016 4407 1071 4457 et
1119 4399 1575 4471 semiduplicibus
1618 4406 1733 4456 tres
1769 4402 1891 4455 tan-

226 4496 329 4547 tum
352 4494 688 4563 pulsantur.

317 4574 469 4645 102
504 4583 634 4657 (43)
669 4584 786 4638 Duo
825 4581 1078 4653 acolythi,
1108 4595 1241 4636 unus
1276 4580 1364 4651 qui
1412 4583 1584 4635 cantet
1610 4577 1889 4648 groduale,

225 4674 269 4723 et
330 4671 547 4743 deferat
602 4669 1003 4738 candelabrum,
1043 4668 1181 4725 alter
1222 4670 1311 4741 qui
1355 4667 1596 4735 alleluia,
1654 4673 1704 4724 et
1756 4666 1894 4737 ferat

225 4756 569 4818 thuribulum.
593 4760 693 4816 Sic
717 4770 940 4829 quoque
958 4757 1176 4814 Rituale
1194 4759 1597 4828 Rotomagense
1616 4769 1707 4811 an.
1735 4754 1892 4823 1651,

227 4859 340 4917 pag.
391 4848 528 4906 399.
576 4851 705 4917 Qua
734 4860 865 4903 vero
912 4846 982 4902 de
1029 4860 1193 4903 causa
1241 4846 1463 4918 quidam
1520 4845 1686 4901 ritum
1741 4842 1895 4900 illum

226 4931 545 5006 improbent
574 4938 811 5010 ignoro,
841 4950 963 4992 cum
995 4935 1051 4991 in
1080 4935 1286 4993 nostris
1314 4936 1583 4992 habeatur
1606 4933 1896 4991 institutis.

224 5023 353 5082 llinc
387 5029 567 5084 etiam
604 5031 768 5098 patet
806 5039 906 5096 per
943 5023 1108 5081 ferias
1155 5024 1288 5082 olim
1333 5025 1393 5081 in
1438 5022 1687 5081 Ecclesia
1728 5023 1902 5078 Roto-

225 5118 465 5186 magensi
501 5122 739 5173 tantum
775 5113 945 5171 fuisse
992 5113 1384 5171 ceroferarium
1432 5127 1601 5170 unum
1648 5113 1706 5168 in
1755 5109 1903 5168 cele-

224 5200 477 5264 bratione
536 5206 767 5272 missae;
820 5218 966 5260 nunc
1014 5210 1196 5260 autem
1244 5204 1355 5259 duo
1405 5209 1523 5260 toto
1579 5202 1708 5258 anni
1756 5206 1900 5258 tem-

227 5303 372 5359 pore.

293 5384 400 5456 (44)
458 5384 702 5443 Psalmo
748 5383 909 5441 dicto.
948 5383 1010 5440 Id
1068 5387 1171 5449 est,
1210 5395 1371 5438 versu
1417 5395 1485 5437 ex
1532 5382 1755 5453 psalmis
1800 5383 1903 5440 de-

229 5480 485 5546 snmpto;
542 5476 638 5533 sic
702 5473 846 5529 enim
903 5477 1139 5529 testatur
1192 5471 1492 5537 Honorius,
1554 5470 1603 5525 ι.
1664 5487 1703 5527 1.
1752 5475 1903 5530 Gem.

1956 3159 2251 3217 concilium
2278 3157 2648 3214 Laodicenum
2697 3169 2819 3212 can.
2850 3154 2942 3221 20,
2974 3163 3031 3211 et
3076 3154 3293 3210 Rituale
3339 3155 3601 3212 Hotoma-

1958 3262 2126 3320 gense
2164 3261 2255 3304 an.
2293 3244 2449 3313 1651,
2484 3259 2540 3316 p.
2564 3261 2604 3312 1,
2637 3258 2761 3315 pag.
2794 3242 2922 3298 398.
2953 3244 3069 3301 Nec
3104 3246 3274 3299 stante
3295 3242 3600 3314 presbytero

1960 3337 2215 3394 diaconus
2244 3338 2334 3391 aut
2368 3334 2723 3389 subdiaconus
2765 3324 2914 3393 103
2953 3335 3137 3386 contra
3179 3335 3390 3385 sanctos
3438 3346 3606 3386 cano-

1958 3441 2050 3483 nes
2077 3425 2262 3483 sedere
2296 3427 2599 3495 prtesumat,
2629 3421 2723 3477 sed
2756 3419 3030 3491 presbyter
3071 3419 3259 3475 sedens
3303 3419 3486 3474 innuat
3530 3419 3606 3475 eis

1961 3520 2018 3570 ut
2037 3513 2435 3673 ﬂagitem:
2489 3612 2604 3653 eum
2659 3610 2774 3652 esse
2826 3595 3081 3651 vicarium
3138 3593 3348 3651 Christi.
3406 3595 3610 3652 Eadem

1966 3690 2180 3748 ratione
2214 3685 2540 3753 Amalarius,
2571 3681 2669 3742 lib.
2702 3700 2785 3751 111,
2819 3686 2894 3741 De
2938 3682 3138 3740 eccles.
3171 3682 3341 3752 offlc.,
3373 3697 3497 3755 cap.
3525 3683 3563 3738 5
3594 3702 3609 3739 :

1968 3780 2220 3839 Introitus
2256 3776 2488 3850 episcOpi
2532 3774 2605 3832 ad
2632 3775 2868 3841 missam,
2907 3774 2996 3846 qui
3024 3774 3255 3832 vicarius
3284 3778 3361 3832 est
3399 3774 3611 3844 Christi,

1966 3869 2133 3945 ipsius
2177 3868 2455 3925 adventum
2480 3864 2631 3922 nobis
2677 3864 2749 3921 ad
2793 3864 3099 3921 memoriam
3135 3864 3372 3932 reducit;
3405 3869 3462 3921 et
3489 3878 3613 3935 cap.

1975 3959 2042 4014 lO
2070 3958 2140 4016 de
2186 3957 2320 4015 sede
2370 3954 2672 4027 episcopali
2709 3975 2722 4011 :
2755 3955 3067 4027 Episwpus,
3107 3956 3232 4026 quia
3275 3953 3503 4011 vicarius
3541 3956 3620 4009 est

1973 4048 2168 4107 Christi
2211 4048 2268 4102 in
2319 4043 2554 4102 omnibus
2599 4044 2898 4100 memoratis
2952 4043 3213 4116 superius,
3253 4042 3402 4100 debet
3449 4047 3501 4100 et
3534 4042 3620 4099 hic

1973 4137 2046 4195 ad
2085 4135 2390 4193 memoriam
2433 4133 2584 4191 nobis
2628 4133 2982 4190 inthronizare
3027 4133 3222 4191 Christi
3266 4133 3622 4191 ascensionem

1974 4231 2024 4284 et
2068 4225 2261 4283 sedem.
2293 4224 2383 4282 Sic
2419 4223 2622 4281 Christi
2668 4222 2860 4279 vicarii
2915 4223 3236 4281 sacerdotes
3290 4222 3437 4295 apud
3484 4223 3623 4279 Hor-

1978 4315 2210 4374 misdam
2240 4328 2456 4386 papam,
2478 4313 2642 4383 epist.
2682 4311 2774 4367 60.
2801 4313 2898 4368 P11.

2042 4405 2153 4477 (50)
2181 4403 2264 4460 Ab
2316 4406 2496 4459 austro
2553 4401 2625 4457 ad
2677 4399 2973 4473 aquilonem
3014 4398 3337 4457 candelabro
3392 4401 3623 4455 teneant.

1970 4496 2052 4551 Ita
2088 4492 2373 4558 Alcuinus,
2407 4493 2482 4547 De
2529 4489 2906 4547 celebratione
2950 4490 3132 4547 missae
3172 4510 3185 4546 :
3221 4491 3448 4547 Cantore
3494 4486 3631 4542 inci-

1968 4584 2143 4656 piente
2196 4580 2360 4652 Hyrie
2417 4580 2628 4637 eleison
2684 4578 3010 4635 collocantur
3064 4577 3201 4634 cerei
3251 4577 3308 4631 in
3367 4574 3553 4631 ordine
3594 4591 3631 4632 a

1973 4677 2130 4746 parte
2175 4669 2402 4727 australi
2456 4669 2529 4726 ad
2580 4669 2980 4742 septentrionem
3037 4665 3105 4722 ab
3153 4662 3426 4733 acolytho,
3458 4669 3633 4723 osten-

1978 4761 2130 4817 dente
2175 4759 2273 4816 hoc
2314 4759 2454 4830 facto
2511 4758 2649 4831 quod
2692 4758 2932 4814 misertus
2980 4756 3050 4810 sit
3087 4753 3340 4810 Dominus
3397 4755 3633 4828 omnipo-

1980 4854 2093 4907 tens
2144 4847 2334 4905 mundo
2382 4848 2438 4903 in
2499 4847 2716 4904 meridie
2762 4851 2812 4901 et
2860 4842 3228 4916 septentrione.
3282 4845 3441 4902 Nunc
3495 4859 3628 4902 vero

1981 4944 2263 5011 ponuntur
2325 4937 2394 4993 ad
2446 4936 2716 4994 orientem
2778 4934 2837 4989 in
2904 4930 3152 4989 Ecclesia
3206 4934 3626 5007 Rotomagensi,

1982 5032 2213 5098 excepto
2238 5026 2517 5098 Evangelii
2548 5030 2817 5095 tempore.

2055 5115 2163 5189 (51)
2195 5118 2426 5188 Incwpto
2485 5114 2650 5186 Kyrie
2698 5110 2836 5168 cerei
2890 5110 3233 5186 deponuntur.
3267 5115 3348 5170 Ita
3402 5111 3632 5171 ordines

1982 5206 2204 5279 passim,
2227 5210 2283 5262 et
2310 5203 2633 5271 Amalarius,
2668 5196 2810 5258 libro
2840 5218 2923 5271 111,
2959 5217 3081 5274 cap.
3116 5204 3169 5258 7.
3212 5204 3312 5259 Pn.

2051 5298 2187 5354 Item
2221 5293 2418 5351 rituale
2447 5295 2870 5364 Rotomagense,
2915 5308 3040 5366 pag.
3072 5291 3200 5348 444.

2059 5383 2183 5457 (52)
2217 5384 2427 5456 Septem
2470 5379 2814 5438 candelabra.
2863 5380 3246 5455 Septenarium
3285 5378 3434 5438 hunc
3480 5394 3635 5439 cero~

1985 5474 2312 5533 ferariorum
2342 5484 2627 5545 numerum
2657 5485 2725 5528 ex
2751 5469 3086 5543 Apocalypsi
3116 5468 3348 5540 petitum
3395 5468 3487 5542 (de
3523 5484 3635 5543 quo

232 5564 448 5633 animae,
476 5581 534 5622 c.
579 5564 664 5618 87
704 5560 1056 5620 :Caelestinus
1079 5576 1225 5635 papa
1247 5558 1480 5633 psalmos
1526 5559 1597 5615 ad
1644 5560 1908 5618 introitum
1990 5564 2263 5624 videndus
2323 5560 2472 5619 Ordo
2527 5561 2821 5632 Romanus)
2895 5560 3157 5618 miramur
3218 5559 3364 5630 apud
3420 5574 3524 5618 nos
3579 5560 3635 5617 in

404 5674 673 5732 ΡΛ-ι-ιιοι.
722 5670 965 5727 CXLVII.

3388 5668 3424 5720 3
