4156 6196
537 285 609 337 75

1656 280 1950 337 JOANNES
1985 277 2403 334 ARCHIEPISC.
2444 280 2777 337 ROTOMAG.

3830 280 3910 334 76

536 409 720 467 missis
764 408 1174 480 pontiﬁcalibus
1218 407 1540 474 exolevisse,
1589 405 1681 461 ubi
1731 404 1959 474 aequalis
1995 403 2314 463 disco-Ac.
2356 404 2480 461 232.
2514 407 2581 461 Et
2601 407 2754 476 Hugo
2779 406 2884 461 aS.
2910 404 3148 470 Victore,
3177 405 3252 460 De
3271 404 3498 474 special.
3530 405 3681 459 miss.
3714 404 3912 461 obser-

538 511 738 554 norum
767 503 824 553 et
852 497 1316 553 subdiaconorum
1345 508 1606 551 numerus
1635 499 1971 562 perseverat,
1995 492 2052 547 in
2078 506 2181 548 usu

543 588 675 644 olim
696 586 864 642 fuisse
893 590 1111 641 constat
1138 599 1206 640 ex
1242 584 1412 640 veteri
1444 582 1607 637 Libro
1638 580 1939 650 pontiﬁcali
1961 580 2186 636 disertis

545 678 697 733 hisce
739 676 924 731 verbis
957 695 969 730 :
1004 677 1069 730 In
1107 673 1192 729 die
1231 672 1575 729 ordinationis
1608 670 1857 742 episcopi,
1886 670 2184 727 manissime

540 766 776 838 pulsetur
803 770 854 819 et
889 768 1127 819 cantetur
1154 762 1333 817 Prima
1373 782 1389 815 :
1423 764 1544 831 post
1574 774 1729 831 quam
1757 764 1909 822 eatur
1936 759 2008 813 ad
2040 760 2184 830 oapi~

543 854 705 909 talum
732 853 906 924 ibique
944 869 979 908 a
1016 853 1232 917 decano,
1275 849 1666 914 archidiacono,
1698 853 1911 903 cantare
1955 853 2005 905 et
2051 863 2184 902 can-

542 942 757 999 cellario
807 941 1111 997 ordinentur
1137 940 1223 1010 qui
1253 938 1437 993 debent
1465 938 1749 1009 procedere
1776 936 2021 1002 ministri,
2052 936 2185 991 sicut

540 1032 599 1086 in
660 1030 946 1101 majoribus
1000 1044 1112 1084 mos
1165 1032 1242 1083 est
1290 1026 1659 1099 festivitatibus
1717 1047 1733 1080 :
1781 1025 1878 1080 hoc
1922 1030 2020 1092 est,
2078 1025 2180 1080 duo

544 1120 769 1191 acolythi
824 1134 935 1175 cum
1008 1115 1305 1180 thuribulis,
1359 1117 1460 1171 duo
1533 1115 1841 1171 subdiaconi
1894 1130 2009 1170 cum
2069 1129 2186 1169 cru-

542 1210 705 1275 cibus,
736 1214 927 1280 septem
983 1206 1213 1278 acolythi
1258 1221 1373 1260 cum
1417 1204 1749 1261 candelabris
1795 1210 1844 1260 et
1890 1204 2074 1271 cereis,
2104 1218 2183 1259 se—

535 1304 673 1370 ptem
709 1296 1019 1353 subdiaconi
1056 1310 1177 1350 cum
1203 1292 1608 1364 Euangeliorum
1636 1293 1805 1360 libris,
1833 1297 2027 1364 septem
2064 1292 2188 1347 dia-

425 1390 429 1394 ’
536 1389 655 1443 coni
685 1402 800 1442 cum
827 1386 1026 1441 sanctis
1072 1383 1328 1455 reliquiis,
1372 1384 1641 1471 duodecim
1673 1382 1969 1454 presbyteri
2013 1381 2185 1436 induti

531 1476 784 1549 planetis,
824 1481 933 1531 etc.
976 1476 1070 1529 Ps.

609 1568 684 1621 De
723 1564 1038 1635 septenario
1068 1563 1445 1634 acolythorum
1475 1574 1704 1618 numero
1735 1562 1790 1616 in
1830 1561 2012 1617 missis
2049 1575 2184 1631 pon-

539 1654 833 1710 titicalibus
863 1652 1149 1724 legendum
1180 1650 1395 1707 Rituale
1426 1653 1826 1721 Rotomagense
1863 1664 2007 1706 anno
2044 1649 2173 1707 1651

2265 500 2397 562 vat.,
2431 494 2467 550 l.
2503 510 2585 562 111,
2636 510 2686 549 c.
2725 493 2762 547 9
2799 495 2880 549 sic
2919 493 3165 564 loquitur
3205 513 3218 547 :
3251 494 3318 548 In
3355 492 3534 548 diebus
3582 496 3755 548 autem
3801 493 3911 547 Ad-

2256 580 2443 639 ‘uentus
2470 584 2680 639 Domini
2716 588 2765 638 et
2804 583 3231 651 Quadragesimte
3276 582 3502 637 ministri
3546 597 3651 637 non
3693 585 3914 637 utuntur

2264 673 2557 743 hujusmodi
2601 672 2829 728 vestibus
2867 671 3101 737 (scilicet
3140 670 3428 726 dalmatica
3467 677 3522 726 et
3560 669 3766 740 tunica)
3815 670 3912 725 sed

2266 762 2477 818 casulis.
2554 763 2747 817 Tamen
2800 760 3007 832 quando
3048 759 3318 830 proprium
3359 759 3585 831 ofﬁcium
3642 764 3914 815 assumunt

2265 851 2460 907 casulis
2486 866 2543 905 se
2579 855 2794 917 exuunt,
2834 850 2957 921 quia
2984 848 3039 903 in
3087 840 3224 909 105
3262 849 3474 919 proprio
3512 848 3707 918 officio,
3744 848 3803 903 id
3831 852 3913 903 est

2265 938 2481 1009 legendo
2520 937 2819 1011 Epistolam
2846 937 2928 992 vel
2974 935 3335 1007 Evangelium,
3385 951 3473 991 eos
3520 936 3610 1007 qui
3647 936 3719 991 ad
3768 950 3912 1007 prte-

2266 1029 2545 1084 dicandum
2582 1042 2617 1083 a
2654 1027 2872 1082 Domino
2920 1026 3065 1082 missi
3119 1031 3239 1081 sunt
3291 1031 3651 1096 reprtesentat.
3711 1024 3908 1081 Cassia

2265 1123 2434 1173 autem
2479 1116 2610 1172 talia
2664 1116 2923 1188 signiﬁcat
2961 1130 3121 1188 opera
3165 1130 3283 1186 qua:
3318 1116 3375 1170 in
3409 1115 3594 1169 itinere
3639 1113 3909 1169 obseruari

2262 1220 2368 1260 non
2416 1209 2634 1276 possunt
2644 1225 2663 1269 ;
2728 1204 2986 1275 signiﬁcat
3044 1204 3177 1259 enim
3235 1217 3334 1275 per
3379 1202 3702 1260 latitudinem
3753 1218 3907 1257 suam

2263 1294 2538 1350 charitatis
2585 1293 2990 1365 amplitudinem.
3051 1295 3180 1348 Haec
3236 1299 3406 1349 autem
3461 1292 3693 1361 exigitur
3747 1295 3796 1347 et
3848 1293 3906 1346 in

2264 1382 2519 1454 loquendo
2544 1387 2761 1454 propter
2785 1382 2922 1453 quod
2957 1381 3090 1436 collo
3138 1381 3507 1448 circumdatur,
3536 1381 3591 1435 in
3638 1381 3906 1452 operando

2264 1473 2388 1543 quia
2414 1486 2572 1544 super
2598 1477 2869 1542 utrumque
2908 1471 3177 1526 brachium
3220 1470 3530 1542 replicatur,
3571 1474 3620 1525 et
3666 1470 3721 1525 in
3766 1470 3907 1538 cogi-

2264 1562 2425 1616 tando
2482 1562 2734 1631 quoniam
2782 1567 2963 1632 pectus
3007 1560 3129 1615 inde
3184 1560 3393 1629 tegitur,
3441 1565 3491 1615 et
3545 1561 3601 1614 in
3640 1560 3905 1631 portando

2264 1648 2489 1704 aliorum
2526 1663 2687 1704 onera
2726 1663 2785 1703 eo
2825 1648 2960 1719 quod
3008 1648 3208 1704 humeri
3244 1649 3363 1703 inde
3411 1648 3724 1705 ambiuntur.
3771 1650 3906 1715 Qua:

538 1744 767 1810 editum,
811 1756 866 1812 p.
908 1757 948 1809 1,
989 1755 1112 1812 pag.
1153 1741 1278 1794 444.
1312 1743 1379 1794 Et
1413 1742 1630 1795 Gemma
1660 1740 1877 1807 animai,
1919 1740 2016 1794 lib.
2049 1754 2088 1806 1,
2122 1753 2173 1795 c.
2200 1731 2319 1794 Bin
2350 1738 2653 1795 cathedrali
2692 1737 3081 1809 Rotomagensi
3111 1739 3168 1793 in
3206 1738 3507 1794 Dominicis
3533 1739 3813 1794 Adventus
3850 1745 3907 1793 et

534 1833 590 1899 4,
631 1832 711 1887 sic
759 1831 925 1887 habet
966 1850 977 1884 :
1022 1832 1302 1899 Postquam
1356 1842 1623 1898 campana:
1662 1828 1962 1882 sonacerint
2004 1826 2179 1899 pontis

533 1923 627 1991 fec
664 1925 878 1977 ornatus
911 1918 1167 1991 procedit,
1210 1931 1358 1987 quem
1392 1921 1583 1987 septem
1623 1915 1851 1987 acolythi
1878 1931 1992 1971 cum
2030 1915 2179 1971 lumi-

533 2010 684 2065 nibus
715 2013 969 2081 prteeunt.
1024 2009 1179 2062 [iuno
1226 2006 1391 2061 ritum
1429 2006 1828 2062 restituendum
1861 2011 2053 2061 censet
2081 2005 2178 2060 Ri-

535 2098 682 2154 tuale
711 2100 1113 2167 Rotomagense
1151 2109 1240 2150 an.
1291 2094 1444 2161 1651,
1477 2109 1533 2164 p.
1576 2111 1616 2159 ι,
1648 2108 1774 2166 pag.
1814 2094 1941 2149 502.

635 2178 781 2249 l04
822 2185 945 2258 (53)
988 2186 1273 2257 Incipiente
1308 2182 1629 2239 subdiacono
1668 2183 1961 2256 epistolam,
2000 2197 2179 2239 sacer-

532 2276 629 2332 dos
668 2276 830 2346 juxta
867 2274 1038 2331 altare
1073 2274 1272 2330 sedent.
1307 2273 1461 2329 Sicut
1498 2278 1554 2328 et
1583 2272 1749 2328 hodie
1788 2271 1849 2326 tit
1878 2270 2023 2340 apud
2053 2271 2180 2326 Car-

532 2364 838 2431 thusianos,
882 2378 993 2434 quo
1042 2364 1098 2418 in
1145 2362 1271 2418 loco
1327 2361 1618 2417 celebrans
1654 2360 1810 2416 audit
1848 2358 2174 2429 Epistolam,

531 2453 823 2519 Graduale,
870 2450 1105 2508 Alleluia
1149 2456 1207 2505 et
1252 2449 1622 2519 Evangelium.
1664 2450 1744 2504 Ex
1790 2448 1991 2518 quibus
2052 2462 2179 2505 con-

532 2547 643 2597 stat
692 2540 989 2597 novlsslme
1035 2539 1259 2594 omnino
1314 2538 1462 2594 hunc
1513 2551 1720 2593 morem
1777 2537 2175 2605 introductum,

532 2636 593 2684 ut
649 2629 914 2685 sacerdos
975 2625 1265 2682 celebrans
1310 2624 1496 2696 legere
1543 2631 1798 2681 teneatur
1852 2639 1917 2681 ea
1965 2639 2089 2695 quas
2145 2639 2176 2681 a

530 2717 768 2773 diacono
805 2721 900 2772 aut
936 2714 1278 2771 subdiacono
1318 2713 1594 2784 leguntur,
1638 2721 1733 2770 aut
1769 2728 1895 2784 quae
1932 2728 1965 2769 a
2002 2714 2174 2775 choro

528 2803 907 2861 succinuntur.

603 2892 719 2963 (54)
762 2892 1130 2949 Subdiaconus
1183 2896 1401 2963 excepto
1478 2897 1705 2962 tempore
1778 2890 2178 2948 ministrationis

2259 1828 2698 1899 Quadragesimae
2755 1828 3139 1894 observantur,
3184 1835 3552 1897 praeterquam
3610 1828 3667 1883 in
3724 1828 3907 1883 Domi-

2258 1918 2382 1973 nica
2430 1917 2754 1983 Palmarum,
2815 1917 2871 1973 in
2919 1931 3024 1987 qua
3074 1917 3309 1973 ministri
3348 1923 3578 1972 utuntur
3614 1916 3905 1972 dalmatica

2258 2013 2313 2062 et
2352 2007 2556 2074 tunica,
2598 2007 2741 2063 utin
2772 2007 2975 2063 Rituali
3008 2007 3416 2078 Rotomagensi,
3447 2019 3536 2062 an.
3576 2005 3730 2074 1651,
3770 2021 3824 2076 p.
3859 2023 3901 2072 1,

2258 2109 2381 2167 pag.
2422 2095 2521 2149 451
2567 2101 2623 2151 et
2659 2094 2784 2162 466,
2827 2102 2882 2151 et
2919 2096 2976 2151 in
3014 2095 3215 2151 Missali
3254 2097 3566 2166 Rotomag,
3616 2109 3704 2150 an.
3744 2096 3899 2161 1668,

2259 2186 2335 2240 De
2375 2186 2484 2240 ritu
2523 2184 2838 2240 celebrandi
2867 2185 3107 2250 missam,
3141 2184 3539 2254 praescribitur.

2334 2273 2450 2344 (59)
2492 2272 2683 2331 Casula
2721 2273 2957 2328 induitur
2993 2274 3265 2328 diaconus.
3303 2273 3499 2329 Casula
3534 2286 3643 2327 non
3684 2278 3899 2328 tantum

2261 2361 2618 2418 diaconorum
2667 2367 2722 2417 et
2760 2362 3224 2418 subdiaconorum
3262 2362 3317 2417 in
3357 2361 3663 2417 ministerio
3709 2361 3900 2417 altaris

2262 2451 2541 2521 peculiare
2583 2451 2986 2518 vestimentum,
3024 2464 3211 2508 verum
3259 2451 3419 2506 etiam
3460 2451 3701 2506 omnium
3741 2450 3898 2505 cleri-

2263 2554 2452 2596 corum
2483 2540 2612 2596 olim
2643 2553 2931 2597 commune
2969 2548 3086 2595 erat
3124 2546 3523 2606 ornamentum,
3564 2546 3705 2596 teste
3741 2542 3898 2595 Ama-

2259 2630 2419 2697 lario,
2452 2629 2489 2686 l.
2524 2646 2563 2685 11
2607 2633 2681 2686 De
2724 2630 3031 2686 ecclesiast.
3070 2629 3241 2697 ofﬁc.,
3276 2643 3397 2700 cap.
3437 2629 3519 2696 19,
3552 2630 3628 2685 De
3664 2629 3887 2686 casula:

2258 2720 2451 2778 Casula
2472 2735 2592 2776 vero
2630 2736 2744 2792 qua:
2772 2721 2995 2793 pertinet
3016 2718 3332 2789 generaliter
3359 2719 3430 2776 ad
3459 2736 3635 2776 omnes
3657 2719 3892 2787 clericos,

2259 2809 2406 2865 debet
2442 2810 2740 2882 signiﬁcare
2768 2824 2933 2879 opera
2976 2825 3090 2881 quae
3116 2810 3372 2881 pertinent
3409 2810 3478 2865 ad
3516 2824 3708 2864 omnes.
3763 2810 3897 2865 item
4012 2883 4020 2889 _

2260 2899 2399 2954 ordo
2429 2900 2706 2955 Romanus
2733 2899 2790 2954 in
2828 2900 2995 2954 Coena
3032 2899 3248 2956 Domini
3283 2920 3296 2954 :
3334 2899 3526 2956 Statim
3574 2898 3673 2953 duo
3722 2898 3900 2970 acoly-

528 2995 640 3035 sus
674 2982 731 3036 in
766 2980 922 3036 choro
968 2976 1199 3035 maneat.
1253 2979 1314 3035 Id
1365 2979 1511 3049 apud
1548 2978 1965 3035 Carthasienses
1993 2993 2180 3035 mona-
2214 3058 2219 3059 ν
2256 2986 2331 3041 thi
2358 2987 2538 3058 parati
2567 3002 2681 3042 cum
2716 2987 2881 3056 nigris
2910 2986 3104 3043 casulis
3118 2987 3369 3058 incipiant
3383 2986 3681 3059 exspoliare
3700 2982 3899 3042 altaria

532 3069 669 3125 01108
723 3081 834 3125 non
881 3074 1091 3124 tantum
1129 3082 1161 3123 ὃ
1197 3067 1540 3123 subdiacono
1596 3068 1937 3134 observatur,
1987 3082 2175 3123 verum
2195 3058 2238 3118 α
2257 3076 2541 3146 usquedum
2594 3077 2773 3147 ﬁnitur
2837 3079 3082 3148 chpcra’
3134 3080 3319 3148 postea
3374 3058 3643 3132 εοιιάηιιιν,
3690 3076 3898 3143 Quibus

534 3157 697 3213 etiam
726 3170 758 3212 a
795 3156 1052 3222 diacono,
1093 3156 1188 3226 qui
1227 3155 1320 3212 ubi
1359 3154 1593 3225 primum
1614 3155 1670 3210 in
1700 3155 2006 3212 ministerio
2042 3156 2180 3211 alta-

535 3247 614 3301 ris
643 3259 754 3304 non
794 3244 1159 3310 desideratur,
1202 3243 1269 3299 ad
1308 3243 1491 3300 locum
1520 3257 1677 3299 suum
1711 3244 1763 3299 in
1795 3244 1969 3300 choro
1995 3258 2178 3300 rever-

537 3335 692 3401 titur,
733 3341 789 3390 et
826 3345 949 3390 cum
978 3333 1102 3388 aliis
1138 3332 1319 3388 missae
1359 3332 1615 3388 decantat
1644 3331 1906 3388 ofﬁcium.

611 3421 734 3495 (55)
775 3420 1087 3494 Epistolam,
1126 3421 1535 3493 responsorium,
1576 3427 1794 3490 tractus,
1843 3421 1926 3477 vel
1962 3422 2178 3479 alleluia

531 3516 831 3583 sequuntur.
891 3513 998 3567 Per
1068 3510 1481 3581 responsorium
1552 3510 1829 3582 intelligas
1891 3511 2174 3583 graduale,

531 3598 681 3657 sica
702 3601 914 3657 Joanne
953 3605 1010 3656 et
1037 3597 1162 3655 aliis
1203 3598 1514 3655 divinorum
1555 3597 1862 3656 ofﬁciorum
1899 3601 2177 3671 exposito-

532 3690 687 3746 ribus
716 3692 1111 3758 nuncupatum,
1151 3688 1301 3757 quod
1340 3687 1600 3757 Epistolas
1639 3689 1992 3759 respondeat.

606 3778 723 3850 (156)
762 3780 866 3833 Per
894 3775 1102 3831 tabulas
1139 3790 1340 3830 osseus.
1382 3777 1457 3831 De
1494 3775 1583 3830 his
1608 3777 1814 3833 tabulis
1854 3778 1979 3834 vide
2016 3783 2174 3836 Ama-

532 3868 749 3933 larium,
790 3866 866 3920 De
886 3863 1191 3919 ecclesiast.
1232 3862 1380 3919 offic.
1412 3862 1509 3918 lib.
1554 3878 1638 3932 111,
1679 3879 1800 3934 cap.
1840 3864 1923 3922 16.
1965 3868 2061 3923 Px.
2110 3930 2118 3938 ,

603 3954 711 4026 (57)
738 3954 969 4025 Oportet
1003 3952 1275 4022 episcopos
1310 3955 1360 4007 et
1396 3950 1614 4009 abbates
1658 3952 1872 4011 buculos
1907 3955 1973 4011 de
1999 3957 2172 4013 mani-

530 4043 627 4099 bus
691 4041 968 4114 deponere.
1017 4038 1168 4094 Idem
1216 4038 1379 4095 docet
1433 4038 1757 4106 Amalarius,
1804 4041 1903 4098 lib.
1962 4057 2049 4111 111,
2097 4047 2173 4102 De

528 4130 837 4189 ecclesiast.
879 4128 1051 4196 offla,
1093 4142 1214 4199 cap.
1272 4127 1338 4182 18
1378 4148 1391 4184 :
1439 4131 1610 4200 Usque
1656 4130 1725 4186 ad
1777 4132 1919 4188 istud
1947 4134 2173 4205 officium

526 4219 728 4278 baculis
755 4217 1206 4283 sustentabamur;
1248 4218 1421 4286 modo,
1470 4223 1527 4274 ut
1573 4225 1774 4292 oportet
1829 4236 2007 4279 seruos
2027 4215 2033 4225 “
2053 4229 2174 4280 ante

528 4310 803 4368 Dominum
850 4313 1013 4376 stare,
1072 4306 1333 4363 humiliter
1366 4312 1566 4364 stamus
1612 4309 1923 4382 deponentes
1959 4311 2174 4370 baculus

2260 3170 2528 3220 consonat
2563 3167 2653 3221 lvo
2691 3166 3063 3232 Carnotensis,
3117 3165 3214 3221 lib.
3258 3168 3332 3220 De
3372 3165 3539 3221 rebus
3568 3165 3900 3221 ecclesiasti-

2260 3253 2359 3317 cis,
2409 3266 2573 3308 serm.
2605 3254 2681 3308 De
2708 3252 3202 3324 signiﬁcationibus
3238 3253 3682 3310 indumentorum
3720 3267 3895 3309 sacer-

2261 3340 2546 3397 dotalium.

2333 3430 2449 3502 (60)
2497 3433 2774 3487 Incensato
2822 3431 2999 3487 altari.
3050 3431 3232 3488 Altare
3280 3445 3390 3487 non
3438 3431 3755 3488 incensatur
3802 3433 3897 3487 im-

2258 3519 2494 3576 mediate
2523 3526 2649 3576 ante
2688 3520 2981 3577 lectionem
3020 3520 3318 3591 Evangelii,
3351 3534 3453 3576 nec
3492 3520 3738 3577 defertur
3780 3520 3899 3589 pul-

2254 3611 2412 3666 vinar
2465 3624 2495 3664 a
2552 3610 2893 3665 subdiacono
2950 3616 3075 3664 ante
3132 3609 3425 3665 diaconum
3473 3609 3541 3664 ad
3600 3608 3895 3679 legendum

2255 3699 2627 3771 Evangelium,
2656 3698 2786 3754 licet
2823 3696 2969 3754 idem
3008 3697 3275 3754 habeatur
3300 3697 3643 3768 apud,Guill.
3687 3700 3898 3755 Duran-

2256 3787 2384 3843 dum
2442 3789 2658 3843 Ration.
2710 3786 2819 3841 div.
2883 3784 3052 3854 offic.,
3112 3785 3209 3842 lib.
3264 3802 3341 3853 1v,
3391 3802 3441 3842 c.
3492 3787 3563 3840 24
3616 3789 3689 3844 De
3727 3789 3899 3844 Evan-

2254 3875 2419 3945 gelio.

2326 3963 2432 4032 (61)
2461 3965 2634 4035 Super
2677 3965 2949 4019 sinistrum
2976 3978 3178 4020 armum
3212 3965 3465 4036 imponat.
3497 3966 3557 4023 id
3595 3974 3698 4035 est,
3729 3981 3897 4038 supra

2254 4054 2532 4109 sinistram
2570 4053 2813 4122 pectoris
2851 4060 3081 4123 partem.
3127 4052 3277 4110 idem
3316 4054 3520 4127 legitur
3555 4056 3715 4127 apud
3736 4059 3897 4113 Ama-

2254 4142 2473 4209 larium,
2515 4141 2552 4197 l.
2586 4158 2668 4208 111,
2700 4157 2748 4198 c.
2791 4142 2853 4195 18
2886 4163 2898 4198 :
2932 4143 3197 4199 Diaconus
3239 4150 3419 4216 portat
3465 4144 3805 4216 Euangelium
3840 4148 3895 4201 in

2252 4232 2466 4286 sinistro
2506 4229 2741 4296 brachio,
2764 4236 2872 4285 etc.

2330 4318 2437 4391 (61)
2483 4318 2895 4375 Praecedentibus
2950 4320 3267 4391 ceroferario
3322 4320 3667 4393 thurtbulique
3700 4322 3890 4391 latore,

526 4418 556 4459 e
591 4399 849 4458 manibus.
880 4396 1021 4454 Illud
1050 4412 1083 4453 a
1111 4401 1336 4454 cantore
1373 4396 1706 4455 cathedralis
1733 4400 1982 4458 ecclesia:
2002 4403 2171 4461 Roto-
2188 4389 2368 4465 Deum
2391 4409 2743 4481 processione.
2767 4408 2826 4464 ld
2857 4414 2960 4473 est,
2992 4408 3048 4464 in
3069 4389 3300 4464 modum
3330 4389 3722 4479 processionis.
3742 4389 3896 4467 Unus

525 4491 800 4564 magensis
836 4487 1179 4545 observatur.

598 4580 710 4653 (58)
757 4577 1124 4636 Subdiaeonus
1154 4578 1316 4630 acuta
1353 4575 1537 4631 casula
1574 4577 1867 4648 Epistulam
1903 4578 2062 4650 legat.
2097 4583 2170 4638 De

523 4670 629 4726 ista
692 4667 878 4727 casula
924 4680 1090 4738 quam
1134 4676 1393 4722 vocamus
1444 4664 1717 4734 planetam
1776 4667 2031 4738 plicatam
2088 4672 2169 4728 sic

524 4757 691 4814 habet
751 4756 1099 4813 Ordinarium
1155 4755 1559 4826 Rotomagense
1617 4770 1720 4812 ms.
1788 4771 1910 4829 pag.
1970 4759 2006 4812 3
2047 4779 2060 4814 :
2104 4763 2170 4816 In

524 4844 810 4904 Dominicis
848 4851 1019 4902 autem
1054 4845 1321 4902 Adventus
1359 4842 1569 4899 Domini
1622 4850 1674 4900 et
1718 4845 1775 4900 in
1810 4848 2096 4905 Dominicis
2132 4866 2166 4906 a

525 4932 923 5009 Septuagesima
952 4948 1111 5004 usque
1139 4933 1211 4989 ad
1258 4932 1483 4997 Pascha,
1520 4932 1626 4988 sint
1671 4934 1743 4989 ad
1796 4936 2008 4992 missam
2054 4939 2166 4994 dia-

524 5040 685 5084 conus
730 5026 779 5079 et
822 5020 1169 5076 subdiaconus
1206 5023 1260 5077 in
1307 5020 1522 5089 casulis,
1555 5028 1604 5078 et
1641 5024 1713 5079 ad
1750 5025 2042 5096 Epistolam
2069 5028 2168 5084 tol-

524 5116 600 5173 lat
642 5112 996 5172 subdiaconus
1040 5110 1294 5178 casulam,
1345 5111 1481 5168 lecta
1524 5111 1769 5183 Epistola
1803 5115 1989 5173 induat
2024 5133 2159 5175 eam.

523 5207 595 5263 Et
649 5204 901 5259 diaconus
954 5198 1026 5255 ad
1090 5199 1427 5268 Euangelium
1491 5206 1653 5257 exuat
1708 5203 1961 5273 casulam,
2005 5212 2054 5263 et
2106 5223 2164 5264 se

523 5306 667 5349 more
706 5289 854 5346 stola
892 5289 943 5344 in
990 5286 1202 5345 sinistro
1240 5286 1449 5344 humero
1483 5288 1688 5360 palliet,
1733 5293 1911 5364 sicque
1956 5302 2163 5352 maneat

522 5396 684 5453 usque
727 5380 784 5437 in
827 5379 930 5451 fine
983 5377 1174 5434 missa.
1228 5378 1296 5434 Et
1340 5378 1665 5445 Amalarius.
1725 5381 1763 5437 l.
1823 5399 1905 5451 111,
1951 5400 2002 5441 ο.
2047 5384 2157 5443 15:

520 5468 752 5530 Ministri
798 5466 980 5526 casula
1024 5481 1083 5522 se
1130 5471 1346 5533 exuunt,
1387 5469 1594 5536 quando
1633 5468 1840 5526 lectoris
1875 5473 1983 5527 sive
2037 5489 2163 5530 σατις

519 5561 649 5619 toris
722 5556 946 5628 officium
1014 5562 1300 5615 assumunt.
1350 5556 1484 5613 item
1538 5561 1754 5616 Gemma
1803 5562 1997 5619 animae
2039 5564 2073 5618 l.
2118 5581 2156 5631 1,

2253 4505 2435 4556 autem
2474 4503 2553 4563 (ut
2578 4498 2809 4570 legimus
2838 4497 3029 4568 supra)
3073 4498 3204 4555 olim
3254 4506 3373 4554 erat
3421 4500 3478 4554 in
3525 4500 3708 4557 missae
3754 4502 3898 4558 cele-

2252 4589 2506 4644 bratione
2528 4601 2628 4657 per
2664 4586 2830 4643 ferias
2859 4584 3225 4643 ceroferarius
3260 4587 3318 4642 in
3357 4588 3605 4644 Ecclesia
3639 4591 3897 4647 Rotoma.

2249 4677 2426 4750 gensi,
2457 4678 2616 4747 cujus
2651 4675 2937 4747 vestigium
2991 4674 3208 4731 videtur
3245 4676 3301 4731 in
3335 4684 3528 4734 nostro
3567 4678 3792 4749 Rituali,
3830 4695 3892 4751 υ.

2251 4783 2292 4836 1,
2337 4781 2461 4837 pag.
2512 4764 2639 4821 444.

2325 4855 2448 4928 (63)
2509 4856 2623 4923 Quo
2672 4847 2808 4908 lecto
2874 4852 3195 4910 candelabra
3259 4855 3682 4925 exstinguuntur.
3743 4858 3891 4915 idem

2247 4947 2414 5003 docet
2440 4934 2762 5008 Amalarius,
2805 4942 2902 4997 lib.
2936 4959 3018 4999 111.
3058 4944 3134 4999 De
3164 4944 3468 5000 ecclesiast.
3502 4944 3673 5013 ofﬁc,
3706 4963 3754 5001 c.
3788 4948 3890 5003 l8:

2246 5033 2534 5103 Euangelio
2581 5031 2809 5101 reposito
2855 5036 2972 5101 post
3020 5030 3288 5087 lectionem
3328 5031 3383 5087 in
3438 5031 3551 5088 loco
3607 5048 3705 5088 suo
3754 5035 3896 5089 cerei

2245 5122 2662 5190 exstinguuntur,
2711 5118 2854 5189 quia,
2903 5119 3052 5189 finita
3113 5112 3260 5182 106
3295 5119 3672 5190 praedicatione
3719 5122 3894 5178 Evan-

2244 5207 2386 5283 gelii,
2429 5210 2518 5264 lea:
2545 5213 2595 5263 et
2616 5206 2900 5279 prophetia
2927 5208 3219 5264 cessabunt.
3248 5208 3522 5265 Amalario
3560 5210 3897 5280 astipulatur

2244 5304 2305 5357 ϐ.
2348 5297 2654 5361 Durandus,
2695 5297 2937 5362 nation,
2979 5296 3016 5353 l.
3061 5313 3136 5363 1v,
3162 5312 3212 5352 c.
3253 5296 3344 5363 24,
3384 5304 3439 5353 et
3467 5300 3739 5368 expositio
3762 5300 3897 5354 niis-

2242 5405 2320 5447 ste
2357 5390 2701 5457 subsequens
2747 5402 2813 5442 cx
2851 5401 2948 5443 ms.
2984 5386 3175 5443 codice
3223 5387 3508 5457 Bigotiano
3538 5387 3888 5460 deprompta.

2243 5483 2398 5538 Nunc
2444 5485 2624 5534 autem
2672 5486 2956 5534 remanent
2982 5477 3199 5534 accensi
3230 5491 3330 5547 per
3357 5484 3531 5533 totum
3562 5479 3744 5536 missa:
3773 5480 3893 5535 olli»

2242 5571 2406 5638 cium,
2456 5582 2567 5641 quo
2613 5567 2770 5624 ﬁnito
2819 5567 3103 5624 celebrans
3138 5574 3191 5623 et
3232 5568 3468 5624 ministri
3498 5568 3553 5625 in
3583 5570 3893 5627 sacristlam
