4156 6196
243 341 301 394 ’Π
1269 340 1466 396 ΝΟΤΕ
1502 340 1591 394 AD
1627 338 1881 393 LIBRUM

1990 338 2007 392 ε
2045 339 2258 397 OFFIC.
2300 341 2568 397 ECCLES.

3533 314 3605 391 τέ

249 465 531 532 recedunt,
582 463 966 537 praeeuntibus
1009 465 1227 522 duobus
1257 462 1603 521 ceroierarlis
1629 476 1754 519 cum
1792 462 1948 522 ce-A
1964 477 2152 536 corpus
2199 466 2389 524 Christi
2436 471 2556 522 ante
2602 464 3076 531 consecrationem;
3123 464 3215 518 sed
3256 469 3376 536 post
3429 479 3609 522 conse-

245 555 340 611 reis
366 553 709 610 ardentibus.

310 643 426 717 (64)
479 644 760 699 Incensum
806 644 1075 700 sacerdoti
1114 643 1169 699 in
1214 641 1470 699 thuribqu
1518 641 1786 711 offeratur.
1818 636 1878 695 ld

247 740 353 802 est,
402 732 723 789 incensetur
764 752 779 788 :
831 732 982 802 quod
1013 732 1083 788 de
1113 731 1522 788 thuriﬂcatione
1549 729 1738 786 altaris
1768 740 1878 784 non

246 828 318 878 est
342 820 776 892 intelligendum.
1244 844 1247 849 ι

312 910 409 983 (65)
480 912 650 978 Quam
711 911 915 982 finitam
972 925 1149 967 uersus
1202 914 1469 982 sequatur.
1533 908 1880 966 Ordinarium

248 999 482 1057 ecclesia:
534 999 974 1071 metrOpolitanee
1024 1014 1041 1054 :
1100 999 1365 1055 Statutum
1421 1001 1497 1053 est
1542 998 1596 1053 in
1645 996 1882 1054 Ecclesia

249 1089 601 1160 Rotomagensi
651 1104 752 1162 per
806 1092 967 1146 totum
1023 1103 1213 1143 annum
1271 1103 1450 1144 uersus
1504 1087 1883 1159 offerendarum

248 1176 511 1235 secundum
557 1192 707 1232 suum
752 1177 985 1232 ordinem
1031 1181 1265 1241 cantare,
1316 1181 1365 1231 et
1409 1175 1509 1233 sub
1555 1174 1885 1232 anathemate

240 1267 428 1339 jussum
467 1281 534 1323 ne
580 1266 908 1323 dimittantur
934 1271 1148 1340 propter
1193 1264 1321 1321 cieri
1356 1265 1745 1337 negligentiam,
1777 1265 1881 1319 nisi

248 1355 506 1429 presbyter
529 1355 688 1426 fuerit
712 1360 984 1429 promptus
1015 1355 1119 1410 ad:
1153 1355 1258 1410 Per
1286 1357 1489 1411 omnia.

317 1444 435 1518 (66)
490 1445 688 1501 Cantor
729 1458 924 1516 aquam
962 1442 1118 1499 linteo
1164 1450 1461 1516 coopertum
1504 1444 1561 1499 in
1593 1444 1740 1513 festis
1769 1442 1887 1497 dia-

249 1549 367 1590 cono
404 1533 632 1606 def'erat.
677 1532 827 1589 Idem
872 1532 1135 1590 Alcuinus
1162 1533 1218 1591 in
1262 1533 1404 1589 libro
1434 1535 1510 1589 De
1539 1532 1708 1589 divin.
1760 1530 1888 1589 Oili-

252 1623 345 1679 ciis
384 1622 538 1679 hisce
584 1622 770 1679 verbis
797 1621 995 1678 edocet
1037 1642 1050 1677 :
1097 1623 1348 1678 Cantores
1404 1636 1547 1677 more
1592 1620 1886 1685 levitarum,

249 1711 331 1783 qui
373 1709 546 1765 omnia
587 1710 889 1765 necessaria
946 1708 1271 1765 tabernaculi
1321 1708 1693 1784 providebant,
1752 1722 1888 1783 quo:-

1960 554 2247 610 crationem
2295 557 2411 611 dico
2459 555 2553 611 tibi
2595 554 2731 626 quod
2767 552 2884 623 jam
2934 567 3121 624 corpus
3157 557 3233 607 est
3275 552 3481 608 Christi.
3523 554 3604 610 Ad

1962 645 2325 712 posteriorem
2354 645 2422 701 de
2452 658 2562 717 quo
2600 644 2691 700 hic
2722 657 2927 710 sermo,
2960 641 3250 699 referenda
3278 648 3408 698 sunt
3439 643 3608 698 verba

1961 729 2054 786 illa
2109 734 2163 789 S.
2226 733 2503 790 Laurentii
2571 747 2637 789 ex
2702 732 2865 787 libro.
2918 747 2936 786 ι
3000 729 3314 786 Oiiiciorum
3363 730 3606 800 ejusdem

1959 819 2253 887 Ambrosii,
2309 835 2430 892 cap.
2487 821 2551 875 41
2600 842 2613 877 :
2674 822 2769 878 Cui
2824 821 3123 876 commisisti
3178 817 3440 875 Dominici
3488 833 3610 875 san-

1961 908 2131 978 guinis
2168 913 2605 966 consecrationem
2626 952 2643 976 ,
2688 911 2771 966 cui
2828 909 3346 966 consummandorum
3395 922 3609 964 consor-

1963 998 2088 1054 tium
2131 1004 2592 1055 sacramentorum.
2647 1000 2737 1056 Sic
2783 999 2929 1055 enim
2973 1006 3289 1055 constanter
3317 997 3607 1070 legendum

1964 1087 2181 1144 esthoc
2211 1087 2372 1156 loco,
2422 1093 2477 1145 et
2519 1088 2575 1143 in
2619 1089 2758 1146 actis
2804 1089 3048 1159 ejusdem
3096 1089 3151 1144 S.
3202 1087 3500 1153 Laurentii,
3539 1099 3607 1144 ex

1965 1177 2206 1249 antiquis
2248 1176 2559 1243 codicibus,
2588 1188 2703 1232 non
2732 1177 3003 1248 sanguinis
3035 1177 3469 1249 dispensationem
3493 1219 3507 1245 ,
3547 1175 3609 1233 ut

1965 1280 2252 1337 perperam
2300 1265 2505 1321 habent
2556 1265 2919 1323 recentiores.
2980 1267 3112 1322 Nam
3161 1265 3429 1323 Dominici
3484 1279 3610 1321 san-

1965 1354 2149 1426 guinis
2177 1355 2544 1423 consecratio,
2565 1354 2621 1410 id
2653 1358 2757 1420 est,
2781 1366 2903 1411 cum
2935 1361 3090 1424 parte
3122 1354 3321 1411 oblatae
3352 1355 3408 1411 in
3439 1354 3610 1411 calice

1966 1445 2295 1513 commistio,
2345 1444 2562 1501 diaconi
2611 1442 2876 1501 custodia:
2921 1450 2976 1498 et
3024 1443 3329 1500 ministerio
3368 1444 3613 1502 commit-

1968 1533 2205 1588 tebatur.
2261 1532 2417 1601 Quod
2475 1546 2673 1588 munus
2736 1530 3255 1587 consummandorum
3293 1533 3613 1588 consortium

1966 1628 2414 1678 sacramentorum
2442 1621 2723 1692 aptissime
2753 1620 2960 1676 ibidem
2992 1618 3320 1690 appellatur.
3353 1620 3448 1675 Pa.

2041 1711 2106 1765 Et
2151 1709 2446 1767 concilium
2494 1710 2933 1781 Aquisgranense
2981 1707 3229 1764 habitum
3266 1710 3328 1763 A.
3380 1708 3442 1763 D.
3482 1706 3609 1774 846,

250 1802 365 1856 runt
391 1814 578 1871 aquam
605 1799 677 1854 ad
700 1799 915 1870 fontem,
946 1803 997 1854 et
1023 1802 1232 1854 seruant
1255 1813 1371 1853 eam
1399 1803 1695 1871 coopertam
1723 1791 1947 1870 usqueB
1970 1814 2024 1870 p.
2054 1797 2183 1867 335,
2225 1798 2358 1856 edit.
2409 1798 2705 1867 Sirmondi,
2737 1813 2857 1869 cap.
2901 1798 2938 1850 7
2980 1818 2993 1854 :
3042 1797 3172 1854 Sine
3207 1796 3336 1869 ipsis
3364 1795 3614 1852 sacerdos

254 1887 324 1943 ad
377 1892 568 1959 tempus
622 1886 894 1957 sacrificii,
952 1892 1003 1942 et
1055 1887 1135 1942 sic
1184 1902 1299 1943 eam
1354 1887 1600 1943 mundam
1650 1886 1886 1957 offerunt.

253 1976 464 2031 Gemma
516 1976 713 2031 animae
756 1975 1011 2032 similiter
1056 1974 1125 2031 de
1172 1977 1399 2046 antiquo
1449 1975 1557 2031 ritu
1604 1975 1889 2031 missarum

250 2062 285 2119 l.
318 2078 351 2133 ι,
387 2079 437 2120 c.
470 2062 563 2133 38,
592 2065 669 2121 De
700 2065 1053 2122 cantoribus:
1102 2064 1246 2120 Unus
1283 2070 1467 2120 cantor
1512 2063 1742 2121 oblatam
1778 2079 1893 2119 cum

246 2151 428 2224 fauone
484 2167 534 2210 et
588 2153 759 2210 uinum
814 2169 925 2211 cum
984 2152 1217 2227 ampulla
1273 2154 1451 2225 offert,
1511 2153 1647 2209 alter
1702 2168 1894 2224 aquam

251 2242 364 2297 vino
394 2241 789 2298 admiscendam
822 2241 1037 2315 praebet.
1096 2243 1154 2298 ld
1205 2255 1316 2299 non
1343 2251 1426 2298 est
1453 2241 1708 2298 hodierni
1738 2256 1889 2298 usus.

315 2329 439 2404 (67)
491 2330 628 2387 Aliis
675 2331 856 2387 diebus
901 2332 1156 2389 ministret
1201 2347 1316 2388 eam
1363 2329 1650 2404 acolythus.
1698 2333 1759 2388 In
1791 2332 1893 2391 hac

241 2427 430 2476 nostra
462 2420 690 2477 diaecesi
740 2427 851 2476 tam
897 2421 952 2476 in
998 2421 1152 2477 feriis
1180 2427 1235 2477 et
1273 2421 1589 2488 Dominicis,
1623 2436 1785 2493 quam
1816 2419 1894 2477 ie-

242 2508 395 2564 stivis
426 2509 631 2565 diebus
659 2509 726 2563 ab
756 2508 1013 2580 acolytbo
1044 2510 1294 2565 oifertur.

302 2596 421 2670 (68)
467 2595 734 2652 Sacerdos
763 2594 1075 2651 oblationem
1101 2598 1179 2651 ita
1210 2600 1511 2666 componat.
1551 2595 1894 2666 Micrologus,

240 2685 308 2740 De
357 2683 573 2743 eccies.
625 2683 933 2750 observat.,
989 2698 1110 2754 cap.
1168 2683 1250 2739 ιο.
1303 2682 1494 2739 Oblata
1537 2684 1593 2737 in
1638 2681 1901 2755 corporali

234 2773 430 2846 posita,
485 2773 639 2827 calix
682 2772 754 2829 ad
800 2773 1045 2829 dextrum
1092 2772 1232 2829 latus
1260 2771 1441 2828 oblata
1464 2777 1715 2843 ponatur,
1750 2772 1903 2844 quasi

130 2922 133 2927 ,
241 2864 549 2933 sanguinem
596 2860 804 2916 Domini
850 2867 1205 2933 suscepturus,
1236 2875 1386 2933 quem
1434 2861 1499 2916 de
1536 2860 1700 2917 latere
1725 2860 1905 2915 Domi-

244 2950 354 3006 nico
392 2949 717 3022 proflua-isse
747 2950 1025 3005 credimus.

313 3038 440 3110 (69)
514 3041 793 3095 Incensum
847 3040 1069 3111 desuper
1124 3039 1327 3110 offerat.
1393 3041 1552 3094 Juxta
1617 3039 1900 3095 decretum

1967 1903 2152 1944 nomen
2187 1888 2360 1955 habet,
2408 1889 2634 1960 officium
2675 1902 2778 1943 non
2822 1886 2995 1953 habet,
3025 1901 3148 1942 nam
3183 1889 3318 1941 sicut
3356 1885 3412 1940 in
3436 1897 3615 1940 sacer-

1972 1978 2091 2034 dote
2135 1978 2478 2044 consecratio,
2520 1979 2596 2034 ita
2628 1982 2678 2034 et
2721 1979 2779 2034 in
2805 1977 3039 2033 ministro
3078 1975 3395 2047 dispensatio
3423 1988 3618 2030 sacro-

1972 2066 2127 2121 menti
2172 2070 2271 2131 est,
2318 2071 2425 2121 etc.
2485 2064 2686 2121 Eadem
2743 2064 3026 2131 Isidorus,
3086 2062 3182 2119 lib.
3245 2078 3284 2118 ιι
3333 2064 3408 2118 De
3465 2059 3613 2118 oi‘ﬂc.

1974 2154 2306 2222 ecclesiast.,
2339 2168 2462 2225 cap.
2492 2153 2546 2210 8.

2049 2242 2172 2316 ('72)
2230 2241 2421 2301 Oblata
2469 2248 2693 2315 quatuor
2740 2248 2922 2315 partes
2977 2241 3159 2299 colicis
3214 2245 3417 2311 tangat.
3465 2239 3617 2296 idem

1974 2332 2210 2389 habetur
2241 2331 2386 2403 apud
2416 2333 2637 2389 Ivonem
2666 2332 3081 2399 Carnotensem,
3115 2331 3277 2402 epist.
3310 2327 3437 2397 233,
3477 2332 3531 2384 et
3561 2327 3618 2382 in

1973 2422 2177 2478 Ordine
2207 2423 2476 2489 Romano,
2526 2422 2583 2477 in
2631 2421 2861 2491 antiquo
2899 2419 3094 2477 ordine
3125 2419 3343 2475 missae:
3377 2415 3622 2488 Pontifex

1975 2526 2003 2567 e
2043 2511 2207 2566 latere
2254 2510 2418 2580 tangit
2446 2508 2659 2565 calicem
2687 2509 2821 2565 duas
2846 2510 3047 2580 faciens
3075 2522 3272 2563 cruces.
3313 2508 3446 2562 Tres
3476 2517 3623 2560 nunc

1974 2597 2281 2656 formantur
2308 2613 2530 2664 cruces;
2563 2604 2790 2654 monent
2819 2605 2999 2654 autem
3029 2589 3379 2663 rubricarum
3393 2592 3624 2651 Missalis

1981 2694 2441 2744 commentatores
2487 2689 2807 2757 cavendum,
2876 2677 3030 2748 108
3088 2699 3157 2742 ne
3193 2686 3376 2741 oblata
3420 2683 3624 2740 lablum

1983 2775 2172 2832 calicis
2219 2780 2406 2846 tangat
2459 2776 2660 2842 hostia,
2719 2789 2788 2830 ne
2842 2773 3146 2844 fragmenta
3193 2773 3322 2829 inde
3368 2772 3520 2838 ﬂant,
3573 2777 3629 2825 et

1984 2865 2131 2920 inter
2159 2863 2298 2920 alios
2327 2862 2760 2919 Bartholomaaus
2786 2863 3058 2918 Gavantus
3086 2861 3184 2917 ibi.

2057 2952 2164 3023 (75)
2213 2952 2463 3009 Oratione
2498 2952 2649 3022 finita
2687 2956 2901 3023 uterque
2941 2949 3155 3006 calicem
3182 2948 3369 3014 leuent,
3398 2953 3447 3005 et
3474 2946 3632 3003 simul

1984 3045 2182 3115 ponant
2229 3044 2278 3096 et
2325 3040 2649 3112 cooperiant.
2698 3039 2874 3096 Hodie
2918 3038 3187 3095 diaconus
3229 3050 3339 3094 non
3371 3038 3514 3093 levat
3543 3048 3634 3092 cas

244 3128 467 3185 concilii
516 3128 941 3199 Rotomagensis
987 3129 1089 3184 sub
1135 3130 1346 3185 Joanne
1377 3130 1417 3193 1,
1451 3128 1697 3199 archiep.
1730 3129 2165 3198 Roto-Clicem,
2214 3129 2312 3185 sed
2361 3136 2571 3185 tantum
2617 3127 2976 3200 discOOperlt,
3020 3135 3074 3185 et
3118 3133 3242 3198 post
3272 3126 3633 3185 elevationem

247 3231 413 3289 mag.,
446 3231 502 3273 c.
543 3216 563 3269 ι
606 3237 620 3272 :
678 3218 744 3272 Ut
774 3223 1003 3289 tempore
1031 3232 1134 3288 quo
1173 3217 1514 3287 Evangelium
1543 3216 1750 3287 legitur,
1779 3218 1903 3290 fini-

241 3310 386 3379 toque
428 3305 702 3377 offertorio
746 3320 905 3379 super
941 3305 1254 3364 oblationem
1290 3307 1553 3363 incensum
1593 3307 1647 3362 in
1683 3313 1904 3364 mortem

239 3393 476 3451 uidelicet
527 3394 890 3467 Redemptoris
934 3395 1101 3451 nostri
1146 3401 1377 3469 ponatur
1398 3439 1413 3464 ,
1464 3396 1801 3458 decrevimus.
1842 3397 1903 3452 in

246 3482 479 3540 ecclesia
532 3482 840 3539 cathedrali
890 3484 1191 3539 iucensatis
1232 3484 1434 3540 oblatis
1480 3491 1537 3542 et
1583 3485 1770 3551 altari,
1821 3485 1906 3541 in-

245 3580 469 3628 eensato
524 3572 696 3628 etiam
742 3572 1030 3629 sacerdote
1056 3617 1071 3640 ,
1121 3574 1179 3629 in
1227 3574 1461 3630 circuitu
1507 3573 1696 3629 altaris
1729 3571 1908 3629 defert

245 3658 537 3728 diaconus,
574 3662 672 3732 qui
702 3662 1002 3718 iucensatis
1031 3677 1219 3734 regum
1250 3662 1475 3718 tumulis
1504 3670 1560 3718 et
1597 3663 1755 3718 altari
1784 3675 1909 3716 san-

239 3753 346 3804 etas
374 3749 566 3804 Maria:
612 3749 865 3821 acolytho
914 3750 1101 3807 reddit
1139 3749 1505 3825 thuribulum,
1538 3750 1632 3820 qui
1664 3763 1767 3805 nec
1797 3748 1909 3805 cle-

248 3850 364 3893 rum
395 3852 507 3895 nec
536 3839 805 3910 populum
836 3838 1134 3896 thuriiicat.

322 3918 466 3989 |07
510 3927 630 4000 (70)
660 3927 1024 3984 Subdiaconus
1052 3943 1197 3996 vero,
1230 3928 1279 3984 si
1302 3929 1481 4000 fuerit,
1509 3926 1767 4001 acolytho.
1809 3928 1913 3983 Eo-

245 4014 364 4071 dem
391 4017 568 4075 modo
603 4017 751 4073 Ordo
780 4019 1078 4085 Romanus,
1112 4018 1180 4074 de
1210 4017 1393 4074 ofﬁcio
1421 4019 1600 4074 missa:
1642 4037 1654 4073 :
1688 4017 1909 4087 Quando

246 4104 454 4162 inchoat
503 4121 767 4162 canonem
812 4094 950 4163 venit
997 4106 1268 4178 acolythus
1312 4108 1408 4163 sub
1464 4107 1673 4163 humero
1717 4106 1912 4163 habens

252 4193 522 4251 sindonem
569 4196 635 4252 in
661 4194 794 4251 collo
824 4194 1062 4265 ligatam,
1093 4200 1271 4251 tenens
1294 4202 1544 4268 patenam
1581 4202 1701 4253 ante
1731 4200 1913 4268 pectus

248 4296 393 4339 suum
449 4286 511 4341 in
557 4290 721 4358 parte
748 4285 968 4341 dextera
993 4301 1155 4357 usque
1191 4286 1262 4342 ad
1290 4286 1513 4342 medium
1539 4301 1808 4342 canonem.
1847 4286 1914 4341 Et

251 4372 467 4431 Gemma
497 4376 707 4431 anima:
732 4373 801 4431 de
829 4375 1003 4446 antiq.
1036 4375 1145 4431 ritu
1175 4377 1350 4443 miss.,
1383 4392 1432 4431 e.
1464 4374 1535 4429 48
1573 4395 1585 4431 :
1627 4374 1912 4447 Acolythus

1984 3218 2255 3293 coeperit.
2286 3217 2424 3275 Olim
2455 3217 2598 3275 calix
2627 3217 2909 3275 levabatur
2928 3231 2959 3273 a
2989 3218 3277 3275 sacerdote
3298 3224 3353 3274 et
3373 3216 3631 3284 diacono,

1983 3308 2145 3364 simul
2190 3315 2245 3364 et
2292 3307 2712 3379 deponebatur;
2762 3321 2951 3364 verum
2998 3321 3108 3365 non
3151 3307 3303 3364 solus
3339 3305 3501 3374 calix,
3534 3303 3632 3360 sed

1986 3398 2147 3454 etiam
2184 3398 2362 3454 hostia
2392 3398 2447 3452 in
2477 3402 2674 3468 patena
2712 3397 2872 3453 caliei
2908 3396 3280 3466 superposita,
3313 3401 3373 3450 ut
3412 3394 3634 3465 planum

1989 3493 2073 3544 est
2113 3501 2180 3542 ex
2227 3488 2391 3543 Ivone
2420 3486 2768 3553 Carnotensi,
2802 3486 2965 3554 epist.
2997 3484 3123 3537 233.
3171 3484 3405 3539 Adverte
3453 3489 3633 3538 autem

1988 3574 2132 3644 apud
2172 3580 2454 3629 auctorem
2484 3577 2734 3627 nostrum
2765 3569 2903 3626 nihil
2942 3570 3049 3640 legi
3080 3570 3148 3626 de
3180 3569 3483 3624 elevatione
3512 3581 3637 3623 cor-

1989 3663 2143 3732 poris
2172 3669 2227 3716 et
2257 3660 2540 3731 sanguinis
2560 3658 2762 3714 Christi
2794 3658 3047 3726 seorsim,
3080 3663 3140 3714 ut
3186 3650 3352 3713 hodie
3383 3655 3445 3711 ﬁt
3474 3653 3636 3711 simul

1988 3758 2153 3821 atque
2202 3750 2361 3821 panis
2407 3755 2463 3805 et
2498 3749 2682 3804 vinum
2731 3753 3053 3804 consecrata
3094 3752 3240 3815 sunt,
3274 3751 3394 3802 uta
3434 3742 3639 3817 populo

1989 3840 2411 3897 circumastante
2468 3837 2823 3894 adorentur:
2884 3851 3047 3908 quem
3114 3838 3279 3893 ritum
3335 3849 3445 3893 non
3505 3840 3639 3907 puto

1990 3929 2129 3987 adeo
2164 3941 2286 3984 esse
2334 3927 2641 3998 antiquum,
2675 3940 2798 3982 cum
2846 3940 2950 3983 nec
2996 3927 3053 3983 in
3099 3926 3534 3983 Saeramentario
3580 3926 3636 3982 S.

1989 4019 2258 4089 Gregorii,
2281 4031 2387 4078 nec.
2405 4017 2462 4072 in
2491 4016 2941 4073 Sacramentariis
2962 4017 3226 4084 excussis,
3255 4030 3357 4073 nec
3378 4015 3523 4088 apud
3546 4016 3640 4071 Pa-

1992 4107 2212 4165 melium
2244 4107 2554 4179 reperiatur
2576 4149 2590 4174 ,
2644 4105 3106 4177 quemadmodum
3144 4120 3247 4163 nec
3276 4107 3333 4163 in
3362 4105 3643 4162 veteribus

1991 4196 2288 4254 Ordinibus
2306 4197 2591 4263 Romanis,
2613 4209 2794 4267 neque
2816 4195 2961 4267 apud
2980 4195 3290 4262 Alcuiuum,
3312 4195 3641 4252 Amalarium

1991 4284 2371 4353 Walat‘ridum,
2410 4286 2714 4352 Rabanum,
2752 4298 2932 4356 neque
2977 4285 3033 4341 in
3073 4284 3419 4354 expositione
3460 4284 3639 4341 missa

1996 4374 2225 4431 inferius
2254 4374 2423 4439 edita,
2460 4389 2563 4431 nec
2592 4373 2736 4444 apud
2767 4373 3144 4445 MicrOIOgum,
3186 4373 3280 4443 qui
3318 4371 3641 4429 elevationis

247 4461 386 4534 infra
444 4479 713 4520 canonem
764 4468 1014 4535 patenam
1064 4463 1349 4520 inuolutam
1404 4469 1568 4533 tenet,
1618 4479 1773 4536 quam
1827 4457 2270 4534 hichorporis,
2311 4478 2435 4534 qua:
2482 4463 2543 4518 ﬁt
2588 4462 2749 4519 simul
2779 4477 2902 4519 cum
2940 4461 3112 4519 calice
3141 4468 3432 4533 antequam
3461 4458 3639 4517 oratio

248 4552 609 4610 subdiaconus
658 4554 844 4624 defert.
899 4555 1055 4610 Hunc
1102 4554 1266 4609 ritum
1310 4555 1563 4611 observat
1591 4554 1915 4610 Parisiensis

251 4639 493 4700 Ecclesia
530 4664 546 4710 ;
593 4656 786 4699 verum
835 4644 893 4698 in
922 4643 1167 4700 Ecclesia
1195 4644 1606 4714 Rotomagensi,
1639 4657 1750 4701 non
1779 4656 1913 4699 aco-

252 4727 453 4800 lythus,
486 4732 595 4799 sed
629 4738 885 4802 patenam
917 4738 1067 4789 tenet
1095 4731 1485 4787 subdiaconus.

316 4819 425 4892 (71)
494 4821 769 4878 Dominici
828 4822 1064 4894 corporis
1129 4825 1178 4877 et
1234 4821 1504 4891 sanguinis
1568 4818 1915 4877 consecratio.

252 4921 379 4963 nem.
449 4910 916 4967 Consecrationis
978 4925 1177 4967 nomen
1243 4911 1460 4968 duobus
1526 4908 1705 4967 modis
1768 4908 1914 4979 apud

253 4994 546 5071 liturgicos
600 4999 898 5069 accipitur,
955 5000 1040 5055 vel
1101 5015 1201 5071 pro
1249 5000 1608 5057 conversione
1660 4997 1815 5069 panis
1862 5002 1917 5054 et

256 5087 357 5143 vini
406 5088 464 5143 in
517 5088 734 5144 Christi
785 5102 987 5157 corpus
1033 5095 1087 5143 et
1132 5090 1471 5161 sanguinem,
1505 5086 1590 5143 vel
1630 5099 1731 5158 pro
1774 5086 1914 5157 ipsa,

256 5181 309 5230 ut
352 5179 596 5249 mystice
651 5177 959 5246 loquamur,
992 5178 1245 5247 corporis
1283 5186 1337 5233 et
1374 5178 1656 5249 sanguinis
1685 5176 1918 5232 commi—

251 5266 449 5322 stione.
485 5267 682 5322 Priori
712 5279 877 5321 sensu
907 5266 1301 5337 intelligendus
1330 5273 1414 5321 est
1438 5273 1661 5322 sanctus
1688 5265 1921 5322 Ambro-

252 5352 380 5422 sius,
412 5355 516 5411 lib.
554 5368 643 5423 tv,
677 5355 752 5410 De
783 5355 1160 5421 sacramentis,
1193 5368 1314 5425 cap.
1347 5354 1401 5421 4,
1436 5369 1557 5410 cum
1596 5356 1673 5410 ait
1714 5375 1727 5411 :
1780 5355 1920 5421 Quo-

254 5444 399 5498 modo
431 5448 644 5516 potest,
680 5444 766 5515 qui
789 5444 946 5515 panis
970 5447 1067 5509 est,
1094 5456 1282 5513 corpus
1311 5456 1423 5497 esse
1461 5443 1702 5499 Christi?
1738 5457 1919 5499 conse-

257 5532 508 5589 cratione.
567 5534 915 5590 Consecratio
963 5532 1124 5601 igitur
1161 5529 1343 5603 quibus
1370 5529 1539 5585 verbis
1567 5538 1662 5596 est,
1699 5537 1748 5588 et
1774 5533 1919 5603 cujus

256 5621 583 5677 sermnibus
617 5621 654 5676 ?
710 5622 915 5677 Domini
954 5624 1097 5678 Iesu.
1131 5622 1193 5677 Et
1234 5618 1397 5691 paulo
1428 5625 1553 5689 post
1593 5640 1605 5674 :
1656 5623 1778 5676 Non
1806 5626 1919 5677 erat

1994 4552 2278 4610 Dominica
2307 4552 2591 4621 recitetur,
2625 4553 2959 4610 mentionem
2990 4550 3139 4609 facit.

2068 4640 2173 4712 (74)
2233 4640 2418 4698 Altare
2475 4641 2727 4698 diaconus
2783 4640 3044 4697 osculetur
3061 4685 3080 4709 ,
3134 4637 3320 4694 deinde
3370 4638 3643 4693 dexteram

1995 4731 2284 4787 sacerdotis
2329 4729 2619 4805 scopulum.
2668 4731 2799 4788 Haec
2840 4744 2953 4788 non
2991 4728 3354 4786 observantur
3380 4728 3438 4785 in
3476 4728 3647 4785 Κοιο-

2001 4819 2240 4892 magensi
2266 4819 2532 4878 Ecclesia.

2074 4909 2195 4981 (75)
2238 4909 2603 4968 Subdiaconus
2641 4909 2884 4966 diacono.
2925 4908 3082 4963 Hunc
3119 4905 3283 4965 ritum
3314 4908 3516 4966 retinet
3542 4908 3644 4964 Ec-

1997 4997 2162 5054 clesia
2182 4998 2619 5071 Rotomagcnsis,
2643 4997 2740 5054 sed
2759 4999 2978 5053 Gemma
2996 4995 3213 5066 animai,
3237 4997 3334 5055 lib.
3358 5014 3401 5066 ι,
3426 5011 3549 5066 cap.
3571 4995 3643 5050 48

1998 5088 2076 5143 sic
2106 5088 2273 5143 habet
2296 5108 2307 5143 :
2331 5087 2615 5159 Acolythus
2641 5085 2783 5159 infuit
2812 5100 3061 5142 canonem
3081 5093 3331 5160 patenam
3358 5083 3645 5141 inuolutam

2000 5181 2173 5242 tenet,
2234 5192 2390 5249 quam
2456 5177 2541 5233 hic
2598 5173 2947 5232 subdiaconus
3010 5176 3174 5249 defert
3216 5198 3232 5232 :
3294 5174 3645 5232 subdiaconus

1993 5265 2191 5339 prasbet
2235 5266 2627 5333 archidiacono,
2660 5281 2815 5337 quam
2852 5265 2964 5338 ipse
2992 5265 3281 5323 osculatam
3307 5264 3399 5321 uni
3435 5264 3501 5320 de
3532 5263 3647 5323 diuo

2001 5354 2212 5412 conibus
2258 5356 2329 5411 ad
2373 5355 2666 5419 tenendam,
2698 5360 2747 5412 et
2794 5370 2981 5430 corpus
3010 5354 3222 5413 Domini
3248 5355 3303 5410 in
3331 5368 3396 5411 ea
3424 5354 3649 5427 confrin-

2000 5444 2219 5515 gendum
2242 5443 2486 5516 porrigit.

2078 5532 2199 5606 (76)
2262 5532 2385 5588 Alia
2431 5547 2489 5587 se
2530 5532 2809 5589 diaconum
2853 5532 3325 5605 subdiaconumque
3369 5531 3647 5591 communi-

2002 5628 2097 5678 cet.
2149 5621 2349 5677 Eadem
2400 5621 2544 5678 enim
2590 5622 2770 5680 hostia
2818 5621 3120 5687 diaconus,
3178 5620 3548 5679 subdiaconus
3596 5630 3649 5677 ct
