4156 6196
517 292 588 345 79

507 413 753 485 populus
809 412 1365 489 .communicabautur
1388 455 1403 481 ,

508 508 735 559 stratur.

579 592 692 663 (77)
738 591 802 648 Si
838 596 1010 648 autem
1051 607 1179 663 opus
1232 606 1335 646 non
1386 590 1586 660 fuerit,
1634 589 1838 645 tertiam
1879 589 2150 653 sacerdos.

504 686 597 737 aut
624 695 756 736 unus
783 680 1133 736 ministrorum
1165 679 1407 750 accipiat.
1456 677 1556 745 Qui
1604 676 1749 733 enim
1795 678 1968 734 sacris
2018 678 2155 733 alta-

504 770 657 826 ribus
688 769 818 825 olim
864 767 1248 823 ministrabant
1291 767 1621 823 sacramenti
1658 766 1823 837 hujus
1852 766 2150 838 participa-

502 859 652 915 tione
681 856 831 928 digni
855 856 1264 926 iudicabantur.
1289 855 1443 923 Quod
1475 862 1654 913 autem
1683 856 1751 911 ad
1780 855 2151 912 laudationem

495 945 745 1003 Toletani
790 944 1012 1002 concilii
1048 949 1284 1015 spectat,
1322 946 1563 1002 Joannes
1591 952 1782 1001 noster
1808 945 2029 1001 videtur
2058 944 2150 1000 hic

506 1034 771 1091 memoria
799 1033 1004 1104 lapsus,
1036 1045 1151 1090 non
1180 1034 1327 1089 enim
1368 1033 1425 1088 in
1456 1032 1740 1100 Toletano,
1767 1032 1865 1089 sed
1893 1033 1950 1089 in
1980 1034 2149 1089 Brac-

511 1122 766 1181 charensi
793 1121 1030 1180 concilio
1059 1138 1121 1178 ιιι
1155 1127 1332 1178 exstat
1358 1122 1479 1178 haec
1503 1122 1826 1192 prohibitio.

587 1212 693 1285 (78)
742 1213 960 1269 Summa
1008 1211 1317 1267 necessitate
1380 1211 1580 1266 timoris
1634 1211 1906 1281 sanguinis
1958 1209 2153 1268 Christi

510 1300 791 1372 effusionis.
826 1298 999 1370 Digna
1042 1298 1348 1355 Mauriliani
1392 1298 1581 1354 saeculi
1629 1298 1897 1370 religione
1926 1298 2146 1356 cautio:

499 1390 596 1447 sed
648 1389 831 1445 minus
885 1388 1116 1460 probata
1182 1378 1324 1450 109
1384 1386 1728 1443 intinctionis
1782 1387 2148 1454 consuetudo,

503 1492 667 1550 quam
696 1476 970 1535 vitandam
1002 1481 1188 1533 monet
1236 1475 1585 1547 Micrologus,
1619 1490 1739 1547 cap.
1777 1476 1861 1544 19,
1893 1490 1957 1532 ac
1987 1476 2149 1548 paulo

500 1572 628 1638 post
680 1566 965 1639 abrogavit
1019 1564 1313 1622 concilium
1358 1567 1699 1622 Arvernense
1742 1567 1806 1621 A.
1867 1566 1927 1622 C.
1992 1564 2148 1634 1095,

498 1656 630 1713 dum
655 1657 837 1713 sanxit
865 1661 926 1712 ut
953 1669 1141 1727 corpus
1174 1655 1503 1712 Dominicum
1526 1659 1574 1710 et
1609 1654 1824 1724 sanguis
1851 1654 2152 1712 Dominicus

1644 290 1937 344 JOANNES
1973 288 2389 344 ARCHIEPISC.
2431 288 2769 343 ROTOMAG.

1487 418 1549 469 ut
1626 411 1854 469 inferius
1917 411 2383 477 demon-Ault.;
2439 412 2659 468 Gemma
2704 409 2921 474 animae,
2972 407 3070 462 lib.
3111 422 3151 474 1,
3193 408 3269 462 De
3298 406 3528 477 antiquo
3558 408 3667 463 ritu
3706 409 3884 479 miss.,

3816 287 3888 341 8O

2231 515 2284 556 c.
2331 498 2404 554 90
2451 502 2526 555 De
2555 511 2787 565 canone,
2819 504 2875 553 et
2906 512 2956 552 c.
2989 494 3060 549 62
3087 496 3163 551 De
3195 508 3329 565 pace
3358 495 3575 550 Domini
3601 516 3616 563 ;
3646 497 3887 553 Joannes

2234 586 2493 644 Belethus
2538 587 2596 642 in
2643 599 2740 642 sua
2779 585 3090 641 divinorum
3139 582 3447 639 ofﬁciorum
3491 583 3883 653 explicatione,

2234 690 2285 732 c.
2316 673 2423 743 48;
2464 677 2525 732 C.
2575 673 2864 731 Durandus
2910 671 3244 728 Mimatensis
3291 669 3607 741 episcopus,
3658 671 3757 727 lib.
3804 688 3884 741 iv,

2234 765 2453 821 Ration.
2500 764 2611 821 div.
2662 761 2849 830 ofﬁc.,
2908 776 2957 817 c.
3016 760 3087 815 53
3143 762 3219 817 De
3275 761 3430 831 pacis
3484 759 3695 817 osculo.
3749 762 3885 817 Item

2229 855 2469 910 Joannes
2516 851 2826 923 Stephanus
2872 853 3146 906 Durantus
3170 891 3185 916 ,
3247 851 3323 904 De
3376 849 3576 905 ritibus
3620 848 3883 908 Ecclesia:

2233 942 2542 1010 catholicae,
2592 941 2690 997 lib.
2743 957 2804 1007 ιι,
2857 954 2907 996 c.
2957 937 3029 992 54
3074 940 3152 995 De
3183 937 3375 995 osculo
3404 939 3576 1008 pacis,
3610 940 3883 1008 expositio

2232 1031 2412 1087 missa:
2442 1045 2509 1087 ex
2536 1035 2754 1086 vetusto
2786 1029 3019 1096 codice;
3074 1034 3130 1084 et
3173 1027 3292 1085 Odo
3329 1028 3740 1084 Cameracensis
3766 1029 3885 1100 epi-

2231 1134 2434 1191 scopus
2457 1120 2511 1176 in
2545 1119 2902 1191 Expositione
2932 1118 3195 1175 canonis:
3242 1118 3390 1174 Finis
3419 1122 3469 1173 et
3507 1118 3880 1176 consummatio

2229 1210 2478 1281 sacrificii
2505 1210 2563 1280 ﬁt
2593 1209 2658 1265 de
2683 1224 2837 1282 pace,
2867 1213 2924 1264 ut
2951 1223 3253 1264 maneamus
3280 1209 3334 1263 in
3368 1222 3541 1280 pace;
3573 1207 3710 1263 unde
3738 1213 3787 1264 et
3826 1209 3882 1263 in

2232 1299 2668 1354 consummatione
2710 1298 2959 1370 sacriﬁcii
3007 1296 3237 1354 osculum
3267 1299 3421 1370 pacis
3463 1297 3734 1367 sumimus,
3780 1312 3879 1369 quo

2232 1392 2282 1443 et
2326 1392 2558 1444 nostrum
2603 1388 2659 1442 in
2700 1387 2962 1459 sacriﬁcio
3010 1401 3279 1442 asseiwum
3312 1385 3716 1458 participatione
3762 1386 3884 1456 offe-

2230 1476 2413 1543 rimus,
2445 1480 2493 1531 et
2519 1476 2655 1547 quod
2685 1475 2962 1531 debeamus
2998 1475 3054 1530 in
3076 1489 3211 1548 pace
3246 1489 3476 1538 manere,
3504 1474 3878 1546 signiﬁcamus.

2231 1564 2439 1633 Quibus
2486 1570 2795 1622 consonant
2820 1564 3166 1621 Ordinarium
3195 1565 3595 1635 Rotomagense
3626 1578 3727 1619 ms.
3760 1563 3881 1634 plu-

2231 1653 2386 1710 ribus
2431 1654 2488 1709 in
2537 1652 2696 1721 locis,
2747 1653 2961 1710 Missale
3009 1653 3318 1709 Parisiense
3356 1666 3459 1708 ms.
3508 1651 3617 1707 300
3656 1652 3880 1709 circiter

494 1745 796 1817 singulatim
823 1746 1165 1817 acciperetur.
1198 1745 1413 1801 Diutius
1440 1743 1613 1816 viguit
1640 1744 1845 1800 abusus
1877 1743 1973 1800 ille
1999 1745 2143 1815 apud
2165 1755 2519 1812 Bannorum,
2550 1741 2607 1798 in
2637 1743 2795 1813 cujus
2833 1756 3065 1809 canone,
3099 1748 3225 1811 post
3251 1742 3432 1810 Agnus
3470 1741 3588 1807 Dei,
3618 1740 3700 1795 sic
3744 1739 3879 1811 legi-

494 1836 719 1909 Anglos,
743 1850 867 1892 nam
896 1835 952 1891 in
983 1834 1222 1891 concilio
1242 1833 1816 1891 Westmonasteriensi
1836 1837 1900 1890 A.
1924 1834 1984 1891 C.
2014 1833 2149 1888 1175

494 1926 800 1994 inhibetur,
830 1941 897 1982 ne
940 1926 1054 1997 quis
1083 1925 1236 1996 quasi
1256 1939 1356 1996 pro
1387 1923 1753 1996 complementa
1781 1923 2150 1980 communionis

493 2015 766 2071 intinctam
793 2014 954 2070 alicui
981 2013 1348 2070 eucharistiam
1380 2013 1579 2070 tradat.
1610 2014 1710 2070 Pn.

572 2103 696 2176 (79)
768 2104 1185 2175 Unumquemque
1234 2102 1476 2173 primitus
1530 2101 1812 2167 osculetur,
1852 2107 1960 2158 etc.
2000 2100 2148 2158 Ordo

494 2194 776 2250 Romanus
821 2193 897 2247 De
950 2189 1131 2247 ofﬁcio
1170 2189 1351 2247 missae
1385 2195 1441 2246 et
1476 2196 1633 2247 vetus
1661 2204 1763 2247 ms.
1795 2189 2147 2247 Benedictio-

496 2281 621 2339 nale
650 2280 1002 2337 bibliothecae
1033 2278 1365 2336 cathedralis
1392 2279 1814 2350 Rotomagensis
1856 2277 1985 2335 huic
2023 2279 2147 2335 loco

498 2370 878 2427 concordant:
939 2367 1236 2439 Presbyteri
1296 2382 1417 2437 ergo
1484 2372 1534 2422 et
1598 2367 1808 2423 diaconi
1863 2366 2147 2423 osculando

498 2459 796 2531 episcopum
849 2471 1037 2527 corpus
1092 2456 1285 2513 Christi
1336 2455 1402 2511 ab
1458 2471 1518 2512 eo
1566 2455 1803 2511 manibus
1859 2455 2146 2527 accipiant,

498 2546 810 2603 subdiaconi
838 2550 1012 2601 autem
1055 2543 1340 2600 osculando
1382 2560 1591 2600 manuni
1619 2544 1848 2617 episcopi
1876 2559 1967 2600 ore
1996 2545 2144 2601 acci-

488 2636 643 2708 piant
671 2649 859 2707 corpus
889 2633 1080 2691 Christi
1103 2633 1170 2689 ab
1198 2648 1280 2688 eo.

569 2722 676 2795 (80)
724 2725 934 2779 Partem
986 2721 1092 2778 sibi
1139 2722 1395 2794 accipiat,
1455 2727 1504 2777 et
1559 2727 1763 2794 partem
1823 2721 2143 2777 subdiacono

492 2812 706 2870 tribuat.
747 2813 837 2868 Sic
884 2811 1031 2868 Ordo
1082 2813 1362 2867 Romanus
1390 2818 1446 2866 et
1478 2816 1635 2866 vetus
1664 2824 1764 2866 ms.
1796 2811 2144 2867 Benedictio-

489 2900 615 2958 nale
662 2901 866 2958 ibidem
910 2920 923 2956 :
975 2902 1098 2972 Ipse
1145 2904 1317 2955 autem
1363 2898 1613 2954 diaconus
1642 2902 1818 2954 tenens
1841 2897 2056 2954 calicem
2093 2903 2143 2953 et

486 2988 717 3060 ﬁstulam
742 2993 843 3045 stet
872 2994 994 3044 ante
1022 2989 1339 3060 episcopum,
1368 2987 1652 3059 usquedum
1696 3002 1767 3042 ea:
1811 2988 2065 3056 sanguine
2093 2992 2143 3041 et

2231 1837 2322 1887 tur
2359 1846 2375 1885 :
2426 1833 2547 1887 Pax
2574 1831 2685 1899 tibi,
2715 1832 2903 1902 frater,
2935 1836 2984 1886 et
3019 1830 3252 1886 omnibus
3279 1827 3727 1901 Christiﬁdelibus.
3758 1829 3882 1884 Mis-

2230 1920 2365 1977 salia
2393 1920 2811 1992 Rotomagensis
2857 1919 3117 1976 Ecclesia:
3145 1922 3207 1975 A.
3251 1920 3311 1975 C.
3357 1917 3512 1983 1516,
3551 1918 3705 1987 1527,
3743 1918 3879 1973 1576

2230 2015 2286 2066 et
2320 2009 2475 2079 1604,
2508 2017 2565 2067 et
2602 2009 2819 2066 Rituale
2856 2010 3257 2081 Rotomagense
3305 2007 3407 2063 sub
3435 2007 3632 2065 Carolo
3670 2008 3879 2065 Borbo-

2230 2099 2323 2155 nio
2367 2113 2463 2155 an.
2517 2098 2653 2153 1586
2680 2099 2738 2155 in
2768 2112 2980 2155 canone
3019 2099 3238 2155 missae:
3271 2097 3376 2154 Hic
3405 2098 3582 2171 capiat
3616 2114 3800 2172 pacem
3830 2099 3878 2154 si

2229 2188 2349 2260 capi
2377 2188 2584 2257 debeat,
2624 2187 2843 2244 dicendo
2883 2209 2899 2242 :
2952 2190 3059 2244 Pax
3107 2188 3228 2257 tibi,
3279 2186 3468 2256 frater,
3518 2194 3573 2245 et
3614 2187 3875 2245 Ecclesia:

2229 2283 2435 2334 sancta:
2474 2278 2590 2333 Dei.
2643 2276 2856 2333 Missale
2900 2283 3081 2333 autem
3129 2277 3402 2341 Ecclesia:
3457 2277 3878 2333 Sarisberiensis

2228 2366 2287 2421 in
2315 2366 2509 2437 Anglia
2554 2379 2700 2422 anno
2743 2366 2879 2420 1555
2915 2365 3122 2422 editum
3169 2366 3225 2422 in
3279 2380 3489 2422 canone
3533 2366 3612 2421 sic
3658 2365 3872 2423 habet:

2229 2456 2332 2510 Hic
2360 2454 2695 2511 deosculatur
2730 2454 2980 2510 sacerdos
3018 2453 3323 2527 corporalia
3369 2455 3424 2510 in
3462 2455 3683 2511 dextera
3718 2460 3874 2528 parte

2228 2550 2277 2600 et
2323 2546 2667 2601 summitatem
2695 2544 2896 2612 colicis,
2929 2549 2977 2600 et
3022 2549 3205 2616 postea
3253 2544 3474 2600 diacono
3522 2544 3664 2601 dicat
3701 2566 3716 2600 :
3763 2546 3872 2601 Pax

2226 2633 2328 2690 tibi
2358 2639 2415 2690 et
2441 2633 2702 2691 Ecclesia:
2729 2634 2847 2689 Dei.
2879 2634 3162 2705 Responsio
3213 2654 3229 2688 :
3279 2635 3346 2689 Et
3373 2648 3494 2690 cum
3525 2635 3722 2705 spiritu
3753 2639 3868 2690 tuo.

2223 2723 2489 2779 Diaconus
2525 2739 2560 2779 a
2611 2723 2813 2779 dextris
2855 2723 3145 2779 sacerdotis
3193 2723 3260 2780 ab
3307 2740 3367 2779 eo
3405 2739 3590 2797 pacem
3628 2725 3867 2797 recipiat,

2223 2816 2273 2868 et
2309 2810 2629 2867 subdiacono
2653 2811 2895 2884 porrigat
2944 2832 2960 2866 :
3010 2812 3197 2867 deinde
3225 2813 3297 2868 ad
3324 2813 3544 2884 gradum
3585 2812 3730 2868 chori
3761 2813 3873 2885 ipse

2223 2901 2475 2957 diaconus
2506 2916 2689 2972 pacem
2725 2906 2899 2973 portet
2942 2901 3231 2958 rectoribus
3273 2902 3436 2968 chori,
3477 2907 3526 2958 et
3561 2903 3662 2975 ipsi
3683 2917 3873 2974 pacem

2223 2990 2379 3046 choro
2425 2995 2635 3061 portent
2680 2996 2893 3062 uterque
2940 3006 3051 3046 suae
3089 2992 3255 3064 parti,
3286 2991 3536 3063 incipiens
3566 3006 3600 3047 α
3647 2991 3869 3062 majori-

485 3091 707 3149 corpore
736 3076 930 3134 Christi
957 3081 1202 3147 quantum
1230 3074 1451 3131 uoluerit
1497 3080 1697 3140 sumat,
1742 3079 1791 3131 et
1839 3075 2053 3131 calicem
2097 3080 2204 3145 etc
2226 3078 2340 3135 bus.
2381 3082 2447 3135 In
2481 3081 2627 3150 festis
2656 3095 2777 3136 uero
2816 3086 2864 3137 et
2891 3081 3038 3152 feriis
3067 3081 3272 3152 quando
3303 3080 3491 3138 chorus
3518 3096 3621 3137 non
3647 3082 3863 3151 regitur,

488 3164 722 3237 ﬁstulam
782 3164 1103 3220 subdiacono
1156 3164 1514 3228 commendet;
1575 3167 1625 3218 et
1690 3163 1855 3219 eidem
1920 3163 2141 3219 diacono

487 3253 642 3310 nimis
698 3258 849 3310 caute
889 3252 1282 3325 procurandum
1329 3257 1426 3321 est,
1470 3267 1535 3307 ne
1581 3251 1704 3323 quid
1750 3252 1807 3308 in
1852 3251 2016 3307 calice
2051 3257 2143 3308 aut

484 3347 685 3416 patena
728 3341 1000 3412 sanguinis
1046 3341 1127 3397 uel
1169 3342 1404 3412 corporis
1444 3341 1636 3398 Christi
1686 3346 1975 3397 remaneat.
2012 3343 2142 3398 Haec

491 3438 548 3488 et
592 3432 881 3502 sequentia
918 3445 1028 3488 non
1069 3432 1341 3487 usitantur
1369 3431 1425 3487 in
1454 3431 1844 3502 Rotomagensi
1872 3431 2138 3488 Ecclesia.

563 3520 666 3592 (81)
686 3522 730 3577 A
762 3536 863 3593 quo
884 3535 1016 3576 unus
1046 3519 1414 3576 canonicorum
1437 3535 1622 3592 pacem
1642 3520 1888 3592 accipiat,
1911 3536 2067 3592 quam
2085 3521 2140 3576 in

484 3614 705 3682 utroque
732 3608 889 3665 choro
920 3608 1206 3680 majoribus
1235 3607 1537 3674 distribuat,
1562 3613 1669 3666 etc.
1699 3608 1954 3666 Osculum
1986 3609 2139 3680 pacis

485 3697 617 3754 olim
648 3698 703 3754 in
735 3698 842 3754 ﬁne
873 3696 1130 3753 sacriﬁcii
1176 3696 1431 3765 dabatur,
1464 3702 1525 3753 ut
1553 3703 1847 3768 appareret
1871 3698 2134 3768 populum

485 3786 554 3840 ad
602 3786 785 3842 omnia
823 3800 948 3855 quae
986 3786 1044 3840 in
1074 3786 1246 3841 sacris
1283 3784 1558 3855 mysteriis
1585 3791 1822 3856 aguntur
1859 3791 1915 3841 et
1951 3786 2007 3841 in
2036 3787 2137 3842 Ec-

2218 3183 2335 3240 paa:
2364 3185 2399 3224 a
2438 3168 2658 3224 diacono
2689 3169 2846 3225 choro
2886 3175 3199 3242 apportatur
3225 3185 3321 3242 per
3352 3170 3483 3226 duos
3516 3175 3775 3226 extremos
3805 3169 3871 3225 de

2221 3257 2451 3313 secunda
2485 3259 2677 3327 forma.
2728 3258 2945 3314 Rituale
2975 3274 3105 3315 vero
3145 3261 3550 3331 Rotomagense
3580 3274 3671 3315 an.
3702 3258 3866 3325 4651,

2222 3360 2280 3416 p.
2325 3361 2364 3413 ι,
2398 3361 2521 3418 pag.
2553 3345 2661 3401 400
2703 3367 2716 3404 :
2765 3349 3031 3404 Praeterea
3067 3348 3249 3404 eadem
3277 3349 3587 3406 auctoritate
3615 3346 3871 3419 archiepi-

2219 3435 2423 3507 scopali
2465 3441 2671 3492 cautum
2698 3442 2795 3506 est,
2825 3443 2880 3493 ut
2926 3438 2981 3493 in
3028 3437 3260 3493 omnibus
3288 3438 3462 3493 missis
3494 3437 3871 3510 (prceterquam

2213 3539 2314 3596 pro
2362 3524 2632 3597 defunctis)
2677 3529 2799 3598 post
2846 3527 3133 3583 orationem
3173 3547 3189 3581 :
3238 3527 3466 3584 Domine
3494 3528 3623 3583 Jesu
3652 3526 3869 3582 Christe

2218 3613 2314 3685 qui
2345 3613 2554 3681 dixisti,
2576 3622 2707 3682 etc.,
2734 3632 2851 3688 pax
2879 3616 3048 3673 detur.
3080 3619 3145 3672 In
3172 3632 3238 3673 ea
3264 3631 3385 3673 vero
3415 3616 3592 3673 danda
3621 3616 3676 3670 in
3698 3613 3871 3671 missis

2215 3701 2531 3760 solemnibus
2585 3712 2821 3761 seruetur
2874 3706 3004 3762 ordo
3051 3721 3087 3762 a
3141 3712 3425 3763 memorato
3477 3708 3680 3763 Joanne
3717 3707 3781 3761 II
3815 3704 3873 3759 in

2215 3790 2374 3847 Libro
2421 3792 2605 3849 rituali
2647 3795 2812 3864 (quem
2859 3799 2980 3850 ante
3030 3810 3197 3851 annos
3245 3795 3354 3851 570
3390 3796 3501 3867 ipse
3538 3799 3645 3850 tum
3679 3792 3871 3849 Abrin-

479 3873 648 3929 clesia
691 3872 1041 3929 celebrantur
1087 3872 1389 3942 praebuisse
1432 3886 1781 3930 consensum.
1830 3875 1891 3951 In
1928 3874 2132 3931 Ordine
2213 3880 2381 3934 censis
2430 3881 2701 3953 episcopus
2746 3881 3032 3938 uenerabili
3073 3882 3330 3941 Maurilio
3380 3882 3769 3954 archiepiscopo
3817 3884 3871 3936 et

479 3961 627 4019 enim
668 3963 920 4018 Romano
966 3963 1041 4017 De
1087 3960 1269 4017 ofﬁcio
1317 3961 1497 4018 missae
1542 3963 1661 4019 haec
1698 3962 1990 4034 leguntur:
2018 3966 2131 4020 Ex-
2212 3968 2474 4025 decessori
2498 3986 2592 4025 suo
2631 3970 2831 4042 obtulit)
2859 3972 2939 4027 ita
2961 3972 3301 4044 prtescriptus
3347 3993 3363 4026 :
3411 3971 3703 4040 Sacerdos,
3753 3977 3862 4028 etc.

469 4048 618 4123 plela
663 4050 1015 4106 benedictione
1066 4048 1297 4121 (scilicet
1344 4050 1643 4122 episcopali
1692 4055 1818 4122 post
1844 4053 1929 4107 Da
1954 4053 2159 4124 propi-‘
2208 4058 2348 4113 Item
2379 4059 2593 4116 Missale
2621 4061 3024 4132 Rotomagense
3054 4075 3199 4119 anno
3234 4061 3391 4130 1668,
3431 4064 3505 4118 De
3554 4061 3664 4118 ritu
3712 4048 3869 4117 Cele-

475 4139 580 4195 tius
619 4142 822 4210 pacem)
871 4138 1078 4193 veniens
1123 4137 1393 4211 presbyter
1434 4139 1658 4211 accipiat
1699 4155 1885 4212 pacem
1914 4140 1981 4196 ab
2019 4144 2127 4213 epi-
2209 4144 2411 4202 brandi
2459 4146 2705 4203 missam.
2762 4150 2937 4220 llujus
2983 4164 3204 4222 quoque
3252 4151 3467 4222 mystici
3507 4150 3660 4221 pacis
3687 4150 3865 4207 osculi

469 4243 628 4300 scopo
679 4225 917 4283 eamdem
963 4226 1165 4282 cwteris
1211 4225 1501 4284 oblaturus.
1551 4229 1686 4284 Item
1731 4228 2014 4297 Alcuinus,
2043 4231 2121 4286 De
2206 4235 2571 4292 meminerunt
2625 4237 2794 4308 prisci
2849 4240 3085 4296 Patres:
3164 4232 3267 4302 Ill
3335 4244 3544 4298 Auctor
3598 4240 3728 4297 libri
3787 4242 3864 4296 De

471 4314 673 4373 divinis
710 4313 926 4383 ofﬁciis,
978 4315 1065 4370 tit.
1116 4317 1191 4372 De
1238 4315 1611 4373 celebratione
1667 4318 1846 4373 missae
1881 4338 1892 4373 :
1926 4320 2123 4391 Impre-
2204 4323 2590 4381 Ecclesiastica
2618 4326 2950 4395 hierarchia,
2975 4343 3097 4399 cap.
3127 4331 3203 4386 De
3234 4331 3650 4397 communione;
3683 4329 3862 4385 Justi-

466 4410 589 4462 cata
632 4405 796 4476 igitur
825 4420 961 4477 pace
1011 4404 1263 4476 incipiens
1303 4420 1337 4460 (ι
1373 4406 1649 4463 sacerdote
1691 4406 1782 4462 dat
1816 4406 1918 4462 sibi
1946 4414 2307 4491 mutuoDnus
2355 4420 2578 4485 martyr,
2626 4415 2884 4488 Apolog.,
2923 4416 2979 4483 2,
3031 4418 3180 4474 circa
3219 4419 3423 4488 ﬁnem;
3463 4418 3858 4487 Tertullianus,

467 4495 639 4551 omnis
667 4493 911 4552 Ecclesia
964 4492 1195 4549 osculum
1231 4496 1405 4566 pacis,
1452 4500 1508 4550 ut
1556 4495 1790 4551 omnibus
1832 4512 1963 4553 uera
1983 4513 2124 4569 pace
2201 4502 2298 4558 lib.
2332 4504 2407 4559 De
2437 4506 2581 4560 Orat.
2612 4524 2624 4559 :
2661 4507 2716 4561 8.
2765 4508 3060 4578 Gregorius
3104 4509 3492 4577 Nazianzenus,
3526 4513 3668 4564 orat.
3710 4506 3745 4562 3
3780 4508 3860 4563 De

464 4584 629 4641 unitis
656 4585 752 4656 ﬂat
781 4584 838 4639 in
874 4584 951 4639 eis
989 4583 1134 4639 locus
1161 4584 1263 4640 Dei
1276 4604 1295 4649 ,-
1336 4589 1392 4640 et
1438 4582 1582 4640 libro
1612 4586 1689 4640 De
1717 4586 2119 4657 signiﬁcatione
2199 4606 2374 4663 pace;
2427 4594 2489 4648 S.
2552 4593 2995 4665 Chrysostomus,
3056 4595 3154 4652 lib.
3214 4614 3233 4653 1
3292 4599 3368 4654 De
3429 4597 3857 4667 compunctione

459 4674 914 4732 vestimentorum
957 4693 970 4729 :
1022 4672 1103 4729 Ab
1140 4672 1222 4728 his
1244 4673 1485 4745 personis
1513 4672 1707 4730 dantur
1734 4675 1913 4731 oscula
1942 4681 2116 4733 mutuo
2200 4679 2406 4747 cordis,
2459 4679 2653 4737 homil.
2704 4681 2777 4749 3;
2828 4685 2904 4740 De
2948 4684 3264 4754 proditione
3298 4684 3455 4743 Judze
3484 4685 3552 4741 ad
3582 4684 3767 4752 ﬁnem,
3800 4691 3857 4741 et

462 4760 519 4814 in
552 4760 794 4829 ecclesia,
827 4776 943 4833 quis
988 4760 1185 4817 nullius
1233 4759 1580 4817 titillationem
1617 4761 1906 4819 libidinosae
1932 4780 2116 4835 sugge-
2199 4767 2390 4824 homil.
2428 4767 2493 4823 51
2529 4770 2598 4825 ad
2638 4771 2902 4841 populum
2931 4773 3370 4842 Antiochenum;
3400 4776 3455 4831 S.
3489 4774 3857 4844 Hieronymus

458 4848 646 4904 stionis
674 4855 859 4918 cogunt
888 4852 1144 4908 excitare.
1177 4849 1328 4906 ldem
1357 4849 1523 4907 docet
1557 4852 1881 4921 Amalarius,
1920 4853 2017 4910 lib.
2052 4871 2113 4911 111

458 4938 536 4995 De
566 4936 872 4994 ecclesiast.
896 4939 1065 5010 ofﬁc.,
1097 4955 1222 5012 cap.
1251 4939 1323 4994 32
1346 4942 1421 4995 De
1442 4940 1633 4998 osculo
1663 4942 1855 5012 pacis;
1887 4943 2115 5000 Carolus

457 5029 706 5101 Magnus,
756 5025 854 5082 lib.
905 5030 922 5081 ι
970 5028 1266 5098 Capitular.
1315 5029 1461 5103 apud
1491 5031 1833 5102 Ansegisum,
1866 5046 1988 5103 cap.
2019 5034 2109 5089 53.

458 5118 519 5173 ln
540 5115 918 5174 Decretalibus
943 5117 1249 5174 Innocentii
1279 5101 1436 5190 papaa
1460 5140 1473 5175 :
1513 5121 1580 5175 Ut
1600 5101 1719 5191 pax
1741 5121 1895 5176 detur
1921 5101 1988 5177 ab
2008 5138 2116 5178 om-

459 5205 612 5263 nibus
655 5206 902 5278 eonfectis
950 5205 1143 5264 Christi
1185 5211 1547 5265 sacramentis.
1600 5210 1735 5265 Item
1784 5208 2114 5267 Walafridus

461 5295 681 5363 Strabo,
711 5296 787 5352 De
824 5295 991 5353 rebus
1020 5294 1429 5363 ecclesiasticis,
1471 5311 1521 5353 c.
1572 5296 1643 5351 22
1686 5317 1699 5352 :
1758 5299 1948 5353 Pacem
1994 5305 2114 5356 ante

461 5385 867 5442 communionem
921 5385 1042 5441 dari
1096 5384 1434 5441 Innocentius
1507 5377 1647 5448 IIO
1701 5401 1849 5460 papa
1894 5387 2113 5445 decretis

457 5474 571 5531 suis
598 5474 839 5531 iiwtituit.
871 5473 1205 5546 Micrologus
1247 5474 1322 5529 De
1351 5474 1549 5532 eccles.
1591 5476 1890 5546 observat.,
1922 5491 1974 5533 c.
2025 5477 2108 5545 18,

458 5560 731 5625 Radulfus
758 5564 1112 5636 Tungrensis,
1146 5564 1221 5621 De
1261 5576 1534 5622 canonum
1557 5566 1802 5637 observ.,
1835 5568 2107 5640 proposit.

2195 4856 2264 4912 ad
2310 4857 2558 4928 Theoph.
2596 4859 3061 4929 Alexandrinum;
3115 4865 3170 4919 S.
3221 4863 3561 4934 Augustinus
3589 4862 3650 4919 in
3680 4876 3851 4918 serui.

2195 4945 2271 5000 De
2312 4945 2499 5017 vigilia
2544 4947 2807 5015 Paschae;
2855 4949 2909 5004 8.
2952 4950 3212 5007 Paulinus
3245 4952 3491 5008 Nolanus
3530 4951 3850 5022 episcopus,

2194 5035 2372 5089 Carm.
2423 5034 2755 5107 ad_Cyther.
2806 5042 2863 5093 et
2900 5038 3146 5096 Isidorus
3171 5040 3514 5111 Hispalensis
3543 5042 3619 5096 De
3649 5040 3854 5109 divinis

2194 5121 2419 5192 ofﬁciis,
2469 5138 2590 5194 cap.
2645 5123 2728 5180 15.
2787 5126 3188 5200 Suprascriptis
3245 5128 3577 5185 testimoniis
3622 5129 3849 5185 videtur

2194 5211 2442 5268 osculum
2472 5212 2556 5268 vel
2599 5212 3021 5273 instrumentum
3070 5218 3221 5288 pacis
3267 5218 3326 5274 in
3363 5219 3546 5275 missae
3574 5217 3848 5275 sacriﬁcio

2195 5299 2455 5368 dandum,
2487 5306 2547 5357 ut
2582 5300 2640 5358 in
2678 5302 2930 5374 pluribus
2959 5305 3210 5362 ecclesiis
3248 5307 3660 5378 parochialibus
3697 5307 3847 5364 dia:-

2195 5388 2339 5446 cesis
2375 5391 2796 5463 Rotomagensis
2834 5395 3157 5452 observatur
3196 5415 3209 5452 :
3253 5410 3416 5467 quem
3455 5398 3620 5454 ritum
3669 5397 3728 5453 in
3758 5411 3850 5453 ec-

2194 5477 2364 5535 clesia
2428 5481 2731 5539 cathedrali
2806 5485 3195 5557 Rotomagensi
3262 5486 3581 5543 inusitatum
3649 5492 3844 5557 utpote

2192 5569 2476 5641 antiquum
2517 5576 2574 5629 ct
2622 5572 2951 5632 laudabilem
3005 5575 3162 5632 multi
3199 5575 3270 5632 de
3309 5576 3552 5647 capitulo
3591 5574 3843 5634 revocari
