4156 6196
329 273 392 326 81

1365 274 1561 330 NOTAE
1595 276 1684 329 AD
1723 274 1971 332 LIBRUM
2012 277 2099 333 DE
2134 279 2348 335 OFFlC.
2389 277 2659 335 ECCLES.

3622 280 3695 336 82

326 400 386 455 in
440 399 586 455 votis
639 397 973 466 habuerunt,
1040 397 1140 455 sed
1205 398 1449 455 nondum
1516 399 1805 475 restitutus
1866 402 2252 461 esLAventus
2271 411 2326 461 et
2340 402 2779 475 Quadragesima
2802 400 3060 459 Gloriain
3088 402 3312 462 excelsis
3340 418 3452 462 non
3480 407 3694 464 'decan-
3751 423 3765 433 '

401 487 507 559 (82)
547 486 748 544 Chorus
796 485 997 558 psallat
1037 489 1224 558 Agnus
1259 488 1377 553 Dei,
1410 470 1563 558 quod,
1586 488 1805 557 Sergius
1833 504 1976 562 papa

328 582 559 649 tempore
603 576 977 646 conﬁ‘actionis
1024 577 1259 648 corporis
1287 577 1494 632 Domini
1523 580 1739 632 cantare
1768 593 1973 648 prlece-

320 666 420 738 pit.
454 666 543 721 Sic
572 665 853 730 Alcuiuus,
887 665 984 720 lib.
1016 667 1091 721 De
1122 665 1292 721 divin.
1348 664 1493 722 ofﬁc.
1553 670 1609 721 et
1647 667 1972 736 Amalarius,

326 754 366 811 1.
398 769 483 821 III,
516 756 590 809 De
619 755 925 810 ecclesiast.
972 753 1191 822 ofﬁciis,
1222 769 1271 811 c.
1305 753 1375 809 33
1405 755 1557 811 hisce
1589 755 1771 811 verbis
1801 770 1814 806 :
1847 757 1977 813 Ser-

325 843 443 912 gius
479 858 623 914 papa
660 843 925 899 constituit
978 849 1033 899 ut
1087 845 1274 915 Agnus
1310 844 1408 900 Dei
1457 849 1779 908 cantaretur,
1839 847 1975 901 sicut

323 932 579 1002 scriptum
618 937 695 987 est
732 932 787 987 in
835 933 1007 989 Gcstis
1065 932 1474 1005 pontiﬁcalibus.
1518 934 1620 990 Hic
1679 934 1864 991 statuit
1920 940 1975 992 ut

325 1025 557 1093 tempore
593 1021 966 1091 confractionis
1011 1023 1546 1095 Dominicicorporis
1582 1027 1768 1095 Agnus
1804 1024 1901 1080 Dei
1939 1039 1974 1079 a

220 1154 239 1165 .
325 1109 465 1166 clero
495 1115 546 1166 et
591 1110 779 1182 populo
836 1111 1158 1167 decantetur.
1198 1114 1333 1168 Item
1389 1111 1722 1169 Walafridus
1776 1113 1972 1169 Strabo

324 1200 402 1255 De
451 1198 619 1255 rebus
674 1199 980 1256 ecclesiast.
1024 1215 1074 1257 c.
1129 1198 1221 1269 23,
1262 1200 1593 1272 Micrologus
1644 1203 1718 1258 De
1767 1202 1969 1259 cccles.

323 1287 628 1355 observat.,
660 1302 712 1343 c.
751 1287 834 1355 18,
868 1293 923 1344 et
945 1291 1164 1345 Gemma
1193 1290 1411 1357 anima,
1445 1290 1482 1347 l.
1516 1306 1557 1359 ι,
1588 1305 1637 1347 c.
1672 1289 1765 1345 90.

398 1375 506 1448 (83)
547 1377 816 1431 Diaconus
843 1377 891 1432 si
918 1376 1101 1433 casula
1144 1379 1327 1446 utitur,
1357 1380 1543 1434 iterum
1580 1379 1787 1435 induat.
1821 1378 1971 1435 Idem

322 1466 546 1521 Gemma
582 1465 800 1532 anima,
832 1465 871 1521 l.
907 1481 946 1534 ι,
979 1481 1030 1522 c.
1061 1465 1161 1520 231
1197 1469 1271 1523 De
1318 1468 1537 1524 diaconi
1569 1468 1754 1524 casula
1788 1489 1800 1524 :
1836 1471 1973 1525 Per-

325 1560 445 1611 acto
476 1554 761 1610 ministerio
791 1554 1044 1611 diaconus
1080 1554 1263 1612 casula
1292 1557 1543 1613 induitur.
1574 1558 1724 1613 Idem
1755 1557 1971 1613 Rituale

326 1645 729 1715 Rotomagense
768 1658 912 1701 anno
968 1644 1095 1699 1651
1140 1645 1347 1701 editum
1394 1646 1623 1716 indicat,
1664 1662 1719 1718 p.
1763 1663 1802 1715 ι,
1844 1661 1968 1719 pag.

406 1820 514 1892 (84)
554 1820 698 1878 σιενο
736 1822 1080 1895 respondente
1117 1824 1229 1881 Deo
1275 1824 1479 1894 gratias
1526 1824 1754 1896 ofﬁcium
1799 1824 1971 1897 ﬁniat.

331 1911 475 1966 Hinc
524 1911 822 1967 notandum
880 1912 935 1967 in
993 1912 1099 1969 ﬁne
1156 1912 1337 1969 missa
1387 1927 1490 1970 nec
1528 1913 1974 1970 benedictionem

329 2013 501 2070 super
554 2000 816 2071 populum
856 2001 996 2069 dari,
1037 2015 1140 2059 nec
1188 2002 1537 2074 Evangelium
1574 2003 1802 2059 Joannis
1840 2002 1972 2059 olim

329 2086 438 2161 legi
468 2089 839 2157 consuevisse,
869 2091 1013 2146 sicut
1041 2105 1144 2147 nec
1174 2090 1340 2148 hodie
1369 2091 1514 2163 apud
1543 2093 1969 2149 Carthusianos:

327 2178 478 2247 quod
510 2178 674 2234 etiam
726 2181 1014 2250 sequentia
1060 2180 1328 2237 indicant.
1359 2182 1577 2238 Gemma
1606 2182 1825 2248 anima,
1857 2181 1895 2237 1.
1930 2197 1969 2250 ι,

324 2279 380 2321 c.
411 2266 466 2323 3.
498 2269 578 2323 Ite
607 2269 771 2324 missa
801 2274 906 2336 est,
947 2268 1198 2337 licentia;
1255 2271 1368 2327 Deo
1416 2271 1641 2341 gratias,
1681 2270 1971 2341 interjectio

321 2353 651 2424 gratulandi.
709 2358 808 2412 His
862 2358 1050 2429 quippe
1103 2359 1331 2430 peractis
1380 2358 1603 2431 populus
1647 2363 1824 2428 grates
1860 2360 1971 2414 Deo

320 2444 523 2509 reddit,
556 2449 605 2500 et
635 2445 705 2499 ad
746 2447 965 2517 propria
1009 2448 1162 2503 redit.
1193 2449 1254 2503 In
1293 2448 1598 2504 Missalibus
1634 2461 1764 2504 vero
1803 2449 1974 2505 Roto-

324 2533 608 2603 magensis
635 2532 895 2589 Ecclesia
942 2548 1033 2589 an.
1070 2535 1226 2603 1516,
1273 2535 1406 2589 15°27
1446 2542 1500 2591 et
1545 2536 1699 2602 1676,
1741 2537 1975 2592 habetur

322 2620 669 2686 benedictio,
703 2620 799 2676 sed
832 2634 943 2677 non
973 2623 1325 2693 Evangelium
1353 2623 1599 2690 Joannis,
1650 2630 1706 2679 et
1762 2625 1818 2679 in
1856 2625 1977 2680 Mis-

322 2708 430 2764 sali
462 2710 776 2779 Rotomag,
808 2723 897 2764 an.
937 2709 1094 2776 1604,
1134 2711 1237 2766 sub
1285 2710 1480 2766 Carolo
1511 2725 1541 2766 a
1572 2711 1845 2767 Borbouia
1884 2712 1979 2768 ha-

327 2798 495 2853 betur
528 2818 542 2852 :
593 2798 751 2853 Vertit
797 2812 855 2852 se
892 2798 962 2852 ad
999 2796 1263 2868 populum,
1305 2803 1356 2853 et
1410 2799 1461 2853 ei
1506 2798 1760 2855 benedicit
1798 2814 1974 2867 manu,

328 2887 538 2941 interim
576 2887 785 2941 exuitur
821 2886 1004 2941 casula
1056 2886 1274 2941 dicendo
1315 2907 1331 2940 :
1374 2886 1634 2943 Dominus
1668 2888 1973 2956 vobiscum,

332 2980 384 3031 et
411 2974 749 3045 Euangelium
774 2975 1055 3030 secundum
1083 2977 1356 3030 Joannem.
1380 2976 1440 3031 In
1489 2968 1504 3036 I
1538 2968 1618 3037 I2
1649 2976 1849 3032 Missali
1879 2991 1973 3033 au-

2056 493 2295 561 tabatur,
2327 499 2387 549 ut
2414 494 2545 549 hinc
2592 496 2763 563 patet,
2804 497 2861 548 et
2889 506 2957 549 ex
3000 492 3253 561 Alcuino,
3285 491 3384 550 lib.
3416 496 3491 551 De
3523 494 3693 553 divin.

2057 580 2227 649 ofﬁc.,
2268 583 2353 638 tit.
2387 584 2462 638 De
2515 581 2899 638 Puriﬁcatione
2938 581 2993 638 S.
3026 583 3206 639 Maria
3243 603 3255 638 :
3288 585 3416 655 Ipsa
3464 583 3551 638 die
3595 600 3700 639 non

2055 675 2299 727 cantatur
2342 671 2528 727 Gloria
2558 672 2613 727 in
2662 670 2896 727 excelsis
2942 672 3076 739 Deo,
3107 672 3154 727 si
3199 671 3340 743 infra
3370 673 3701 744 Septuagesi-

2055 773 2192 813 mam
2236 761 2462 815 euenerit
2491 782 2510 825 ,-
2542 765 2599 816 et
2637 774 2705 816 ex
2741 760 3056 817 Missalibus
3112 759 3182 816 ad
3230 775 3386 817 usum
3433 761 3701 817 Rotoma-

2054 847 2241 918 gensis
2288 847 2549 904 Ecclesia
2578 861 2667 905 an.
2705 847 2863 916 1513,
2902 849 3055 917 1516,
3094 848 3249 917 1527,
3286 849 3424 905 1576
3451 855 3507 905 et
3542 848 3698 918 1604,

2055 935 2112 991 in
2151 936 2354 1006 quibus
2391 935 2593 1007 legitur
2644 936 2703 992 in
2743 935 2882 994 festo
2923 938 3326 994 Puriﬁcationis
3367 959 3380 995 :
3422 938 3605 995 Gloria
3643 939 3699 994 in

2055 1023 2307 1092 excelsis,
2339 1025 2443 1079 nisi
2468 1025 2868 1096 Septuagesima
2894 1026 3074 1096 fuerit.

2128 1111 2232 1184 (88)
2263 1114 2333 1169 Et
2372 1114 2450 1168 sic
2479 1111 2651 1168 altare
2677 1112 3016 1186 incensando.
3058 1116 3187 1171 [lac
3216 1115 3551 1173 thuriﬁcatio
3590 1130 3700 1173 no-

2051 1206 2166 1258 stra
2203 1202 2384 1258 adhuc
2414 1206 2575 1257 atate
2604 1200 2768 1257 ﬁebat
2796 1216 2827 1256 a
2855 1202 3091 1259 diacono
3119 1204 3429 1274 genuﬁexo.
3462 1206 3558 1261 Pa.

2123 1292 2185 1347 In
2223 1297 2410 1346 nostra
2448 1290 2687 1347 diacesi
2715 1290 3034 1347 incensatur
3074 1292 3247 1349 altare
3286 1294 3414 1350 dum
3455 1309 3487 1350 a
3524 1294 3698 1352 choro

2054 1384 2308 1437 cantatur
2334 1380 2500 1451 Kyrie
2529 1378 2744 1447 eleison,
2793 1379 2944 1450 quod
2994 1386 3149 1436 notat
3189 1382 3352 1438 Guill.
3386 1384 3696 1451 Durandus,

2053 1470 2272 1525 Ration.
2326 1468 2439 1525 div.
2491 1467 2661 1536 ofﬁc.,
2711 1470 2753 1524 1.
2788 1483 2865 1535 ιν,
2898 1483 2947 1524 c.
3005 1467 3071 1522 10
3106 1470 3232 1525 Post
3260 1469 3439 1527 datum
3467 1471 3700 1529 osculum

2051 1559 2322 1630 episcopus
2366 1573 2459 1613 seu
2493 1557 2744 1613 sacerdos
2773 1557 3035 1628 accipiens
3064 1557 3130 1613 de
3156 1572 3312 1613 manu
3351 1559 3562 1615 diaconi
3588 1560 3701 1616 thu-

2057 1645 2283 1703 ribulum
2316 1662 2526 1702 sacrum
2575 1647 2809 1702 incensat
2854 1644 3043 1702 altare.
3086 1648 3221 1703 Item
3275 1647 3492 1704 Riluale
3521 1649 3698 1706 Roto-

1992 1730 2041 1789 B
2062 1748 2339 1806 magense,
2374 1750 2428 1806 p.
2462 1751 2501 1803 1,
2532 1749 2656 1806 pag.
2686 1732 2811 1791 393.
2845 1735 2906 1790 In
2936 1734 3191 1790 omnibus
3246 1733 3402 1792 festis
3438 1734 3702 1807 (exceptis

2054 1822 2413 1895 simplicibus)
2447 1824 2504 1879 in
2534 1822 2780 1879 Ecclesia
2827 1822 3241 1894 Rotomagensi,
3282 1823 3410 1880 dum
3450 1829 3704 1881 cantatur

2056 1912 2246 1970 Gloria
2273 1913 2329 1968 in
2357 1910 2599 1979 excelsis,
2631 1912 2699 1967 ab
2729 1911 2987 1983 acolytho
3029 1911 3375 1969 thuriﬁcatur
3404 1913 3629 1970 chorus.

2144 1993 2159 2063 Ι
2193 1994 2272 2063 13
2309 2001 2409 2073 (89)
2438 2000 2616 2058 Credo
2647 2002 2704 2057 in
2749 2014 2919 2057 unum
2956 2000 3273 2066 cantabitur,
3302 2000 3501 2059 scilicet
3526 2002 3698 2059 omni-

2054 2088 2150 2146 bus
2180 2089 2361 2146 diebus
2389 2090 2693 2168 Dominicis,
2728 2095 2835 2147 etc.
2867 2090 2957 2147 Sic
2999 2090 3114 2147 fere
3160 2090 3509 2149 Ordinarium
3538 2092 3706 2148 Roto-

2054 2193 2312 2251 magense
2341 2194 2373 2234 a
2402 2178 2511 2234 200
2538 2179 2762 2235 circiter
2789 2179 2950 2235 annis
2977 2180 3375 2251 conscriptum,
3405 2196 3473 2237 ex
3500 2181 3703 2237 biblio-

2052 2266 2214 2325 theca
2251 2267 2556 2339 Bigotiana.

2128 2356 2238 2429 (90)
2279 2359 2438 2415 Nona
2482 2357 2615 2414 hora
2669 2373 2768 2413 sua
2823 2357 3051 2413 dicatur.
3110 2358 3336 2415 Scilicet
3372 2359 3538 2415 tertia
3577 2365 3705 2430 post

2053 2445 2340 2502 meridiem
2371 2445 2527 2513 hora,
2550 2445 2701 2517 quod
2733 2446 2989 2502 observat
3012 2446 3248 2502 ecclesia
3277 2446 3701 2518 metropolitana

2055 2533 2496 2605 Rotomagensis,
2564 2533 2810 2604 exceptis
2860 2534 3057 2603 jejunii
3114 2532 3332 2602 diebus,
3384 2534 3441 2590 in
3498 2535 3700 2605 quibus

2056 2622 2177 2676 hac
2214 2622 2350 2678 hora
2379 2628 2439 2677 ut
2467 2623 2524 2678 in
2555 2622 2903 2678 monasteriis
2950 2629 3076 2677 ante
3110 2622 3396 2679 meridiem
3434 2623 3701 2694 anticipa-

2059 2714 2168 2765 tur.

2128 2798 2235 2868 (91)
2292 2799 2438 2866 Quos
2482 2797 2785 2870 capitulum,
2816 2799 3000 2855 dehinc
3044 2800 3260 2869 hymnus
3295 2805 3567 2871 sequatur.
3599 2801 3701 2857 Hic

2057 2900 2169 2943 non
2219 2886 2278 2942 ﬁt
2325 2888 2531 2944 mentio
2572 2887 2956 2958 responsorii:
3003 2890 3079 2944 Tu
3114 2903 3421 2958 exsurgens,
3459 2890 3699 2957 Domine,

2060 2976 2209 3047 quod
2241 2976 2457 3032 canitur
2494 2990 2595 3047 per
2631 2982 2805 3032 totum
2863 2976 3167 3033 Adventum
3214 2978 3272 3033 in
3315 2978 3617 3035 Dominicis
3645 2986 3702 3036 et

335 3069 449 3119 tem
468 3063 758 3119 Parisiensi
780 3078 880 3119 ms.
903 3062 1011 3117 300
1034 3062 1258 3119 circiter
1274 3076 1566 3133 annorum,
1586 3065 1642 3121 in
1672 3066 1845 3122 veteri
1869 3067 1973 3123 Ro-
1995 3054 2037 3114 C
2057 3063 2230 3130 feriis,
2280 3069 2337 3120 et
2365 3064 2674 3135 assignatur
2719 3065 2774 3119 in
2822 3064 3112 3141 Ordinario
3144 3052 3533 3137 Rotomagensi
3571 3082 3703 3145 ms.,

334 3166 497 3207 mano
542 3151 649 3206 200
676 3158 731 3209 et
784 3153 840 3207 in
880 3151 1081 3207 Missali
1120 3152 1382 3209 Ecclesia
1420 3153 1842 3211 Sarisberiensis
1878 3169 1969 3212 an.

336 3240 493 3308 1555,
526 3254 628 3297 nec
657 3240 971 3296 benedictio
1027 3254 1131 3297 nec
1159 3240 1507 3312 Evangelium
1539 3242 1832 3311 habentur,
1873 3244 1971 3300 sed

331 3338 563 3399 tantum,
604 3331 819 3387 Placeat
864 3331 978 3400 tibi,
1038 3337 1224 3388 sancta
1285 3333 1533 3388 Trinitas.
1574 3333 1790 3391 Missale
1828 3336 1974 3393 Sari-

328 3422 614 3477 sberiense
661 3421 1021 3491 prascribit:
1063 3421 1282 3477 Placeat
1328 3422 1429 3477 tibi
1477 3428 1665 3478 sancta
1711 3424 1968 3492 Trinitas,

327 3528 432 3582 qua
461 3511 608 3580 ﬁnita
636 3511 805 3579 erigat
849 3525 908 3565 se
954 3511 1203 3566 sacerdos
1244 3513 1461 3580 signans
1507 3526 1565 3566 se
1601 3512 1657 3566 in
1682 3513 1822 3582 facie
1848 3529 1968 3581 sua,

324 3599 552 3656 diceris:
600 3602 660 3655 in
710 3599 931 3655 nomine
971 3600 1169 3666 Patris,
1211 3605 1317 3655 etc.
1376 3601 1446 3655 Et
1502 3600 1581 3653 sic
1634 3599 1972 3656 inclinatione

318 3691 495 3761 facta,
536 3704 593 3743 eo
631 3689 813 3744 ordine
850 3704 950 3759 quo
1001 3689 1151 3760 prius
1190 3692 1516 3744 accesserunt
1574 3689 1645 3743 ad
1700 3688 1871 3744 altare
1916 3692 1971 3745 in

611 3778 797 3846 missa,
827 3778 906 3833 sic
947 3777 1115 3833 induti
1161 3792 1275 3832 cum
1311 3777 1645 3848 ceroferariis
1681 3782 1730 3831 et
1769 3780 1971 3835 cateris

320 3867 576 3924 ministris
611 3867 830 3923 redeant
849 3888 867 3933 ,-
898 3872 950 3922 et
990 3866 1167 3922 statim
1206 3871 1329 3938 post
1364 3866 1477 3921 Deo
1506 3865 1712 3935 gratias
1738 3867 1970 3939 incipia-

323 3962 410 4013 tur
436 3956 491 4011 in
520 3955 678 4012 choro
725 3956 857 4011 hora
902 3970 1062 4022 nona,
1095 3953 1302 4026 quando
1339 3958 1456 4026 post
1485 3953 1697 4008 missam
1734 3953 1928 4010 dicitur
1944 3978 1964 4022 ,-

323 4045 575 4101 sacerdos
603 4059 726 4100 uero
753 4046 809 4099 in
838 4043 1101 4100 redeundo
1131 4043 1273 4099 dicat
1302 4041 1643 4112 Euangelium
1675 4062 1691 4096 :
1722 4044 1782 4098 In
1822 4045 1970 4114 prin-

324 4147 496 4205 capto.

397 4222 502 4294 (85)
540 4220 734 4277 Diebus
760 4222 1104 4276 Pentecostes.
1145 4220 1204 4276 1d
1252 4227 1356 4287 est,
1405 4226 1651 4293 tempore
1694 4224 1968 4295 paschalis

319 4309 818 4382 Quinquagesima.
858 4309 946 4365 Sic
984 4308 1305 4377 Amalarius,
1361 4309 1459 4366 lib.
1502 4326 1577 4378 ιν,
1640 4326 1763 4383 cap.
1802 4312 1874 4366 29
1911 4321 1967 4369 et

318 4399 414 4468 46,
447 4408 503 4457 et
529 4400 644 4455 alii.
676 4401 773 4456 PII.

393 4487 507 4559 (86)
566 4489 830 4544 Diaconus
893 4492 943 4543 et
1004 4486 1354 4542 subdiaconus
1408 4487 1694 4544 induantur
1746 4489 1960 4546 casulis.

316 4578 550 4635 Joannis
599 4583 849 4648 tempore
905 4576 1107 4633 casula
1146 4576 1366 4632 diaconi
1424 4583 1479 4633 et
1526 4577 1853 4635 subdiaconi
1891 4581 1967 4636 vi-

320 4668 528 4725 dentur
563 4668 620 4723 in
658 4681 760 4723 usu
798 4665 965 4722 fuisse
1006 4680 1104 4737 per
1141 4664 1306 4721 ferias
1341 4666 1620 4722 Adventus
1648 4674 1704 4722 et
1730 4668 1982 4736 Quadra-.

319 4758 571 4829 gesima,
608 4770 756 4812 nunc
784 4760 963 4812 autem
1016 4756 1073 4810 in
1128 4755 1427 4811 Dominicis
1473 4761 1680 4812 tantum
1722 4758 1967 4827 ejusdem

320 4846 622 4916 temporis;
655 4850 711 4901 et
740 4845 796 4900 in
839 4842 991 4899 feriis
1019 4844 1247 4915 agendis
1277 4849 1646 4911 mortuorum,
1675 4852 1731 4900 et
1759 4847 1967 4903 Sabba-

318 4936 394 4992 tis
448 4937 693 5002 Quatuor
747 4934 1075 5003 Temporum
1132 4936 1361 4988 utuntur
1405 4931 1549 5000 alba,
1591 4934 1874 5004 manipulo
1913 4942 1970 4993 et

315 5023 484 5091 stola,
526 5028 585 5078 ut
635 5022 798 5077 etiam
856 5020 1056 5092 legitur
1108 5020 1164 5076 in
1219 5021 1511 5078 Ordinario
1568 5023 1961 5095 Rotomagensi

320 5128 449 5180 ms.,
485 5126 609 5183 pag.
640 5109 675 5165 3
708 5131 720 5166 :
757 5112 820 5166 In
843 5110 991 5180 feriis
1033 5109 1277 5180 prtedicti
1325 5111 1572 5182 temporis
1618 5112 1721 5168 sint
1750 5114 1804 5168 in
1833 5112 1970 5169 albis

319 5202 393 5258 ad
442 5202 676 5268 missam,
709 5205 758 5256 et
804 5200 859 5255 in
896 5198 1087 5268 uigiliis
1122 5205 1440 5268 sanctorum,
1488 5206 1537 5257 et
1564 5200 1780 5272 jejuniis
1818 5204 1967 5271 Qua-

316 5299 437 5349 tuor
505 5292 829 5362 Temporum,
885 5286 1224 5361 Septembris,
1282 5288 1549 5345 Adventus
1606 5295 1656 5347 et
1714 5292 1967 5361 Quadra-

316 5381 553 5451 gesimoz.

394 5468 501 5539 (87)
531 5466 713 5524 Gloria
760 5467 816 5523 in
854 5466 1088 5523 excelsis
1112 5467 1167 5521 in
1206 5465 1375 5537 festis,
1406 5470 1621 5536 excepto
1651 5468 1889 5525 Adventu
1916 5477 1966 5526 et

318 5556 757 5627 Quadragesimw
801 5562 1048 5627 tempore.
1097 5555 1235 5611 Olim
1293 5554 1348 5609 in
1388 5550 1544 5608 festis
1573 5559 1820 5623 tempore
1851 5559 1963 5613 Ad-

2059 3167 2114 3223 p.
2152 3151 2208 3219 5,
2239 3152 2294 3207 in
2335 3153 2626 3208 Breviariis
2670 3153 2739 3209 ad
2772 3167 2927 3210 usum
2966 3156 3385 3227 Rotomagensis
3412 3156 3698 3225 Ecclesia,

2055 3255 2144 3298 an.
2183 3240 2312 3296 1491
2364 3248 2420 3297 et
2473 3241 2608 3295 1578
2648 3242 2831 3309 editis,
2873 3249 2928 3299 et
2974 3243 3033 3299 in
3071 3245 3401 3301 novissimis.
3442 3247 3697 3303 Fortasse

2056 3336 2304 3401 tempore
2333 3330 2561 3385 Joannis
2608 3330 2663 3385 in
2712 3338 2900 3387 nostra
2932 3334 3213 3402 provincia
3243 3333 3488 3389 nondum
3519 3333 3699 3390 fuerat

2054 3419 2441 3487 decantatum;
2475 3433 2578 3474 nec
2616 3419 2820 3489 ubique
2852 3419 2931 3491 (ut
2962 3426 3195 3476 testatur
3221 3420 3525 3477 Amalarius
3553 3423 3697 3479 libro

2055 3510 2128 3565 De
2158 3509 2353 3564 ordine
2371 3508 2683 3578 antiphon.,
2718 3521 2767 3562 c.
2790 3507 2876 3576 80)
2912 3508 3325 3574 decantabatur,
3357 3508 3455 3563 sed
3487 3514 3698 3565 tantum

2052 3597 2109 3651 in
2140 3595 2466 3665 quibusdam
2497 3594 2870 3663 peculiaribus
2899 3594 3170 3649 ecclesiis.

2128 3684 2227 3754 (92)
2269 3680 2505 3738 Ferialcs
2534 3681 2709 3752 hymni
2753 3696 2956 3753 semper
3000 3686 3295 3738 cantentur.
3325 3683 3482 3738 Nunc
3514 3688 3698 3740 canta-

2053 3779 2143 3828 tur
2171 3786 2270 3843 per
2296 3771 2463 3828 ferias
2490 3771 2769 3826 Adventus
2820 3770 2888 3827 ad
2938 3774 3205 3842 Vesperas
3240 3771 3475 3843 hymnus
3507 3794 3520 3829 :
3554 3774 3695 3831 Con-

2051 3862 2208 3930 ditor,
2241 3867 2301 3918 ut
2331 3866 2553 3917 notatur
2583 3861 2638 3916 in
2696 3861 2925 3931 antiquo
2981 3861 3229 3918 Diurnali
3265 3861 3611 3931 choviensi,
3643 3869 3700 3920 et

2050 3950 2106 4005 in
2137 3950 2426 4006 Breviariis
2473 3951 2785 4021 Rotomag.,
2832 3963 2924 4006 an.
2972 3949 3127 4019 1491,
3168 3950 3303 4005 1578
3332 3957 3388 4008 et
3416 3951 3472 4008 in
3504 3954 3697 4010 novis-

2048 4052 2221 4095 SImIS.

2124 4125 2227 4198 (93;
2259 4126 2422 4198 Kyrie
2471 4125 2680 4182 eleison
2709 4132 2759 4182 et
2806 4128 3043 4183 oratione
3090 4128 3385 4193 Dominica,
3424 4129 3580 4200 ﬂexis
3608 4144 3695 4199 ge-

2046 4215 2218 4282 nibus,
2270 4213 2513 4286 precibus
2561 4215 2765 4285 ﬁniant.
2805 4215 2955 4271 Idem
3013 4215 3247 4272 habetur
3297 4216 3353 4272 in
3402 4218 3696 4275 Breviariis

2047 4307 2358 4375 Rotomag,
2390 4317 2479 4358 an.
2513 4302 2668 4369 1491,
2708 4302 2862 4373 1578,
2887 4310 2942 4359 et
2963 4304 3020 4359 in
3053 4304 3329 4374 psalteriis
3358 4318 3449 4359 an.
3482 4306 3617 4360 1507
3637 4313 3694 4362 et

1980 4374 2206 4459 D1586,
2240 4374 2299 4448 et
2324 4393 2381 4447 in
2429 4391 2720 4447 Breviariis
2759 4393 3052 4449 Parisiensi
3082 4406 3172 4447 an.
3212 4392 3366 4460 1557,
3399 4398 3455 4448 et
3498 4393 3694 4449 Abrin-

2048 4482 2199 4538 censi
2263 4480 2417 4547 1592,
2458 4480 2514 4536 in
2553 4481 2755 4550 quibus
2809 4480 3070 4536 dicuntur
3125 4496 3321 4551 preces
3367 4480 3423 4535 in
3461 4481 3695 4552 singulis

2047 4571 2202 4626 horis
2232 4583 2332 4641 per
2365 4568 2552 4637 ferias,
2602 4568 2699 4624 sed
2752 4576 2808 4625 et
2856 4569 2911 4624 in
2958 4569 3251 4625 Ordinario
3298 4570 3692 4640 Rotomagensi

2050 4674 2176 4726 ms.,
2218 4673 2341 4730 pag.
2373 4659 2408 4711 6
2438 4657 2637 4729 legitur
2670 4678 2682 4713 :
2726 4658 2883 4714 Feria
2937 4658 3172 4713 secunda
3211 4657 3509 4721 (Adventus
3545 4657 3696 4715 scili-

2050 4749 2154 4818 cet)
2212 4747 2282 4802 ad
2346 4748 2577 4802 Primam
2640 4746 3041 4818 hymnus:Jam
3103 4745 3299 4801 lucis:
3367 4747 3491 4803 Ant.
3533 4747 3691 4805 Veni.

2049 4836 2193 4893 Psal.
2227 4839 2369 4892 Deus
2399 4836 2454 4891 in
2485 4836 2726 4904 nomine,
2758 4844 2892 4903 etc.,
2912 4838 3035 4890 Ant.
3060 4834 3244 4889 Gloria
3274 4835 3397 4904 tibi,
3429 4837 3688 4894 Trinitas.

2048 4927 2392 4996 Quicunque.
2442 4924 2730 4997 Capitulum
2766 4945 2781 4979 :
2814 4924 3041 4979 Domine
3080 4922 3360 4981 miserere.
3402 4927 3694 4997 Responso-

2049 5016 2185 5071 rium
2217 5036 2229 5072 :
2260 5017 2389 5071 Jesu
2436 5015 2672 5080 Christe,
2712 5028 2816 5069 non
2852 5012 3113 5080 dicantur,
3152 5014 3246 5069 sed
3284 5015 3421 5070 dicto
3460 5013 3689 5083 capitulo

2048 5109 2299 5178 sequatur
2317 5118 2537 5159 uersus:
2571 5105 2832 5173 Exsurge,
2873 5101 3137 5159 Domine:
3171 5103 3241 5159 ad
3281 5102 3444 5174 Kyrie
3476 5103 3686 5160 eleison

2049 5196 2153 5251 sint
2199 5192 2473 5265 prostrati.
2525 5190 2686 5247 Pater
2722 5195 2931 5257 noster,
2971 5196 3020 5247 et
3049 5191 3293 5247 dicantur
3328 5204 3532 5260 preces,
3575 5197 3685 5250 etc.

2052 5286 2117 5339 In
2141 5280 2366 5354 capitulo
2390 5282 2524 5335 sicut
2545 5283 2891 5350 praenotatur.

2123 5370 2228 5442 (94)
2266 5371 2501 5439 Hymnus
2548 5367 2612 5422 de
2656 5373 2837 5423 sancto
2882 5374 3138 5432 cantetur,
3179 5371 3286 5422 etc.
3318 5366 3474 5423 Nunc
3513 5367 3581 5423 de
3621 5382 3689 5426 eo

2049 5462 2109 5517 ﬁt
2136 5466 2346 5516 tantum
2386 5458 2832 5513 commemoratio
2872 5458 2926 5512 in
2968 5457 3160 5527 primis
3188 5455 3464 5525 V'esperis,
3498 5455 3691 5512 Laudi-

2047 5550 2152 5605 bus
2180 5555 2237 5601 et
2261 5546 2442 5600 missa.
