4146 6182
480 302 551 354 83

1578 302 1871 357 JOANNES
1907 296 2319 354 ARCHIEPISC.
2364 296 2693 351 ROTOMAG.

3760 291 3829 343 84

544 425 649 497 (95)
688 423 946 479 Memoria
994 424 1059 479 S.
1099 424 1312 489 Mariae,
1359 422 1680 494 angelorum,
1730 423 1950 480 Joannis
2004 421 2372 490 Ba-ACappa
2410 420 2555 475 enim
2610 423 2895 475 cantorum
2948 418 3244 488 proprium
3292 422 3379 473 est
3427 422 3832 481 ornamentum,

465 513 663 587 ptistw,
694 520 802 569 etc.
835 511 966 567 Haec
995 511 1273 568 memoriae
1298 525 1405 568 non
1430 510 1564 568 ﬁunt
1586 512 1639 568 in
1671 510 1917 568 Ecclesia
1944 509 2116 566 Roto-

472 602 736 674 magensi,
778 599 876 657 sed
917 605 1123 656 tantum
1165 600 1232 657 de
1273 614 1458 666 cruce,
1500 599 1569 659 de
1607 606 1795 656 sancta
1825 598 2010 663 Maria,
2043 596 2113 653 de

474 698 728 761 patrono,
760 689 829 745 de
859 694 1052 744 sancto
1091 689 1338 743 Romano
1379 694 1434 742 et
1462 689 1529 743 de
1561 701 1717 758 pace.

546 778 651 849 (96)
692 780 757 835 In
800 779 962 833 missa
990 791 1134 841 vero,
1164 781 1271 833 etc.
1313 776 1432 832 Non
1472 774 1718 846 quinque
1758 781 1819 832 ut
1858 774 1972 841 hic,
2012 773 2110 830 sed

466 858 580 927 tres
618 874 679 924 ut
716 867 1008 940 plurimum
1065 866 1346 922 orationes
1402 878 1548 921 nunc
1607 864 2008 935 prmcipiuntur
2055 864 2110 918 in

465 958 628 1015 missa
658 957 727 1015 de
757 955 913 1025 feria,
958 948 972 1016 I
1002 946 1084 1017 I4
1113 954 1453 1025 totidemque
1501 953 1558 1009 in
1589 953 1753 1011 missa
1780 968 1883 1024 pro
1913 950 2103 1008 defun-

464 1048 589 1112 ctis,
622 1060 733 1102 non
763 1050 1019 1116 quatuor,
1057 1048 1117 1098 ut
1146 1043 1236 1097 hic
1266 1048 1512 1098 notatur.

537 1134 639 1207 (97)
679 1135 871 1202 Quinta
896 1146 993 1204 pro
1016 1129 1270 1204 principe.
1323 1131 1438 1187 Hoc
1496 1129 1736 1202 apostoli
1766 1132 2106 1201 praeceptum

465 1222 536 1279 de
566 1219 1041 1279 obsecrationibus
1070 1226 1124 1274 et
1153 1218 1498 1276 orationibus
1524 1233 1625 1290 pro
1656 1218 1880 1290 regibus
1908 1216 2112 1274 facien-

466 1312 555 1367 dis
583 1309 1023 1367 constantissime
1064 1322 1176 1379 prae
1217 1309 1436 1364 caeteris
1464 1324 1684 1379 semper
1713 1306 1889 1364 tenuit
1922 1305 2110 1363 Eccle-

466 1400 546 1457 sia
593 1398 1030 1469 Rotomagensis,
1062 1411 1252 1469 regum
1278 1398 1479 1453 laetata
1528 1397 1813 1464 uberibus,
1836 1403 1891 1452 et
1920 1408 2109 1467 regum

465 1493 658 1545 mater.
685 1488 823 1543 Hinc
844 1486 980 1542 illud
1013 1487 1261 1557 Hugonis
1291 1486 1360 1543 111
1392 1485 1796 1557 archiepiscopi
1825 1482 1894 1540 ad
1920 1483 2110 1539 Ludo-

463 1574 641 1634 vicum
664 1576 753 1631 VH
776 1574 1021 1631 Francia:
1045 1588 1248 1645 regem,
1271 1575 1433 1645 epist.
1456 1573 1583 1642 202,
1606 1576 1680 1631 De
1704 1573 1869 1631 rebus
1889 1572 2107 1637 Franc.,

464 1674 598 1724 tom.
654 1664 723 1720 ιν
767 1664 960 1734 script.
1001 1663 1142 1719 Hist.
1184 1664 1378 1721 Franc.
1414 1685 1427 1719 :
1465 1663 1624 1721 Novit
1670 1665 1830 1730 Deus,
1878 1659 2015 1733 quod
2053 1660 2107 1715 in

2195 508 2343 580 quod
2392 508 2522 564 olim
2569 507 2807 564 habebat
2863 508 3137 577 caputium
3179 519 3289 577 quo
3329 509 3497 574 caput
3535 510 3833 575 tegeretur,

2193 597 2337 654 sicut
2364 596 2509 667 apud
2560 596 2886 662 Honorium,
2920 596 2959 652 1.
3001 595 3195 651 16cm.
3247 595 3469 660 animae,
3521 607 3572 648 c.
3607 591 3736 658 226,
3768 592 3837 648 de

2194 700 2368 758 cappa
2406 685 2608 758 legitur
2648 707 2661 741 :
2705 684 2886 758 Cappa
2931 684 3151 757 propria
3207 684 3365 739 vestis
3420 687 3497 737 est
3543 686 3836 737 cantorum.

2193 776 2295 832 Per
2321 775 2456 831 hanc
2496 781 2685 831 vestem
2725 780 2962 831 sanctam
3008 773 3335 830 conversatio
3382 775 3835 843 pramonstratur,

2192 863 2311 920 ideo
2340 880 2375 918 a
2422 862 2643 934 singulis
2699 862 2967 920 ordinibus
3017 866 3309 934 portatur:
3341 859 3451 915 hac
3497 859 3552 914 in
3595 873 3837 930 supremo

2193 952 2347 1010 habet
2402 954 2664 1025 caputium
2728 953 2865 1024 quod
2935 951 3179 1020 designat
3233 963 3512 1020 supernum
3567 946 3836 1017 gaudium.

2195 1042 2369 1098 Hodie
2399 1041 2545 1098 istud
2576 1040 2854 1113 caputium
2893 1040 2948 1095 in
2996 1038 3259 1095 humeros
3296 1036 3608 1103 descendit,
3640 1048 3743 1092 nec
3780 1034 3838 1090 in

2192 1132 2372 1202 capite
2401 1130 2670 1189 defertur.
2764 1196 2779 1208 ν

2264 1220 2400 1291 (104)
2450 1222 2494 1278 Α
2537 1219 2719 1292 quibus
2783 1218 3164 1291 responsorium
3217 1218 3262 1273 O
3305 1215 3446 1271 Juda
3511 1214 3837 1270 decantetur.

2188 1307 2328 1365 Olim
2384 1324 2415 1365 a
2472 1310 2691 1365 duobus
2753 1308 2860 1365 hoc
2924 1306 3339 1376 responsorium
3409 1302 3837 1370 decantabatur,

2194 1402 2385 1467 postea
2432 1398 2502 1453 ad
2551 1404 2664 1454 tres
2712 1411 2971 1453 numerus
3009 1394 3272 1459 excrevit,
3306 1397 3368 1449 ut
3397 1397 3617 1449 constat
3644 1406 3711 1448 ex
3738 1393 3839 1448 0r-

2191 1485 2407 1543 dinario
2446 1487 2834 1558 Rotomagensi
2881 1500 3007 1553 ms.,
3059 1499 3182 1556 pag.
3223 1482 3323 1538 16:
3368 1484 3495 1538 Tres
3524 1482 3589 1559 de
3619 1481 3840 1552 majori-

2192 1572 2287 1629 bus
2342 1577 2398 1630 in
2441 1576 2642 1648 cappis.
2691 1591 2746 1631 ιι.
2799 1577 2842 1631 O
2876 1574 3017 1631 Juda
3072 1580 3128 1630 et
3171 1570 3498 1629 Jerusalem.
3538 1569 3843 1640 Antiphona

2198 1680 2313 1722 cum
2342 1667 2483 1721 trina
2528 1665 2849 1736 repetitione.
2880 1662 3093 1736 Antiph.
3146 1662 3288 1718 Ecce
3333 1662 3445 1731 jam
3483 1660 3653 1717 venit.
3692 1657 3840 1715 Psal.

466 1752 703 1810 omnibus
755 1752 992 1824 synodis,
1048 1750 1387 1809 ecclesiarum
1441 1749 1938 1816 consecrationibus,
1986 1763 2107 1804 σοπ-
2126 1749 2497 1825 BMagniﬂcat
2536 1753 2952 1825 psalmodizetur
2998 1753 3062 1808 de
3103 1757 3257 1807 sexto
3289 1754 3441 1823 (nunc
3469 1750 3533 1805 de
3560 1751 3596 1804 6
3625 1748 3842 1820 tantum)

464 1840 717 1908 ventibus,
748 1840 938 1910 missis,
990 1842 1294 1899 memoriam
1339 1844 1501 1899 vestri
1525 1841 1748 1915 facimus
1776 1841 1832 1896 in
1861 1837 2115 1896 orationi-

466 1931 562 1987 bus
615 1930 809 1987 nostris
854 1931 1099 2003 quoniam
1143 1947 1235 1986 vos
1289 1928 1567 2003 plurimum
1633 1928 1915 2000 diligimus.
1975 1927 2113 1984 Hinc

467 2019 769 2088 Rotrodus,
792 2019 1037 2091 Hugonis
1060 2034 1371 2088 successor,
1394 2018 1539 2091 apud
1563 2021 1780 2076 Petrum
1802 2018 2112 2075 Blesensem

468 2110 795 2167 canonicum
841 2109 1324 2181 Rotomagensem,
1356 2109 1518 2180 epist.
1570 2106 1641 2162 28
1672 2107 1748 2164 De
1778 2105 1970 2163 eodem
2002 2106 2115 2160 Lu-

469 2199 687 2257 dovico.
728 2197 1050 2256 Recordetur
1098 2195 1315 2270 (inquit)
1365 2195 1601 2254 dominus
1645 2211 1746 2252 rea:
1790 2196 2117 2252 Francorum

469 2292 896 2359 Rotomagensem
952 2286 1247 2345 Ecclesium
1301 2303 1452 2342 suam
1513 2302 1649 2352 esse,
1714 2300 1829 2358 quae
1882 2298 1977 2357 pro
2025 2280 2115 2338 illo

471 2378 701 2445 assidue,
733 2381 981 2448 tanquam
1026 2391 1127 2449 pro
1157 2391 1278 2448 rege
1304 2391 1399 2432 suo
1428 2375 1607 2441 unico,
1632 2372 1931 2448 specialiter
1960 2371 2119 2429 inter-

463 2464 650 2540 pellat.
692 2466 833 2522 Hinc
888 2465 1052 2521 etiam
1108 2467 1166 2521 in
1221 2464 1512 2522 Ordinario
1568 2464 1816 2535 ejusdem
1855 2462 2115 2519 Ecclesia:

470 2552 775 2611 identidem
805 2552 1205 2623 praescribitur,
1238 2559 1298 2608 ut
1325 2553 1372 2608 si
1403 2553 1463 2608 D.
1496 2552 1949 2622 archiepiscopus
1977 2550 2119 2606 cele-

475 2643 618 2709 bret,
674 2642 767 2697 ﬂat
818 2641 1081 2698 memoria
1113 2655 1268 2712 papae
1300 2648 1355 2697 et
1401 2642 1566 2713 regis.
1611 2642 1751 2696 Hinc
1781 2639 2020 2710 denique
2059 2640 2116 2695 in

472 2728 663 2786 eadem
702 2731 867 2786 missa
904 2729 1363 2801 archiepiscopali
1402 2730 1664 2786 solemnis
1692 2729 1783 2784 illa
1823 2729 2119 2785 canonico-

473 2833 591 2874 rum
631 2817 700 2874 ad
731 2826 973 2886 cantum,
1021 2819 1256 2875 Christus
1309 2818 1486 2884 vincit,
1519 2818 1860 2874 acclamatio.
1902 2818 1974 2872 Ν.
2008 2818 2119 2886 regi

473 2904 797 2963 Francorum
820 2922 956 2979 pax,
985 2903 1131 2961 salus
1158 2908 1208 2962 et
1235 2904 1475 2962 victoria.
1497 2906 1594 2962 Pu.

496 3004 499 3007 '
547 2993 649 3065 (98‘.
689 2993 753 3052 Si
792 2995 848 3050 in
878 2994 1165 3051 Dominicis
1208 2994 1467 3067 festivitas
1504 2993 1540 3047 9
1578 2993 1851 3050 lectionum
1897 2991 2120 3062 alicujus

2194 1848 2243 1900 et
2271 1844 2445 1914 quinto
2477 1848 2597 1898 tono
2642 1864 2658 1897 :
2716 1842 2920 1898 interim
2964 1839 3145 1897 alaria
3200 1841 3532 1896 incensentur
3569 1854 3603 1895 a
3640 1836 3844 1894 duobus

2191 1931 2507 2004 presbyteris
2535 1932 2590 1987 in
2617 1931 2816 2003 cappis,
2848 1933 2897 1986 et
2937 1934 3124 2003 postea
3171 1944 3206 1984 a
3247 1928 3446 1985 duobus
3497 1927 3678 2000 pueris
3725 1924 3846 1982 clio-

2193 2037 2303 2077 rus.
2335 2023 2605 2078 Numerus
2656 2027 3013 2091 cappatorum
3052 2019 3148 2090 qui
3179 2017 3594 2089 responsorium
3642 2017 3698 2072 in
3753 2015 3841 2072 fe-

2194 2110 2295 2167 stis
2321 2110 2635 2181 triplicibus
2673 2115 2878 2166 canunt
2927 2123 2959 2164 a
3015 2107 3258 2164 ternario
3309 2106 3377 2162 ad
3426 2104 3838 2178 quaternarium

2195 2213 2479 2256 numerum
2513 2198 2678 2255 hodie
2711 2198 3047 2254 extenditur.

2268 2288 2412 2359 (104)
2459 2289 2649 2346 Omnes
2678 2301 2946 2358 campana:
2987 2286 3164 2358 prima
3208 2284 3377 2340 noctis
3425 2282 3607 2353 vigilia
3628 2276 3863 2354 pulveri--

2197 2383 2301 2434 tur.
2342 2377 2481 2434 Olim
2514 2384 2629 2432 tres
2660 2376 2716 2432 in
2762 2380 2924 2431 nocte
2952 2373 3175 2446 vigiliae,
3208 2381 3267 2429 ut
3298 2378 3528 2428 testatur
3564 2372 3844 2428 Honorius

2196 2466 2709 2538 Augustodunensis
2754 2466 2811 2521 in
2860 2464 3004 2521 libro
3050 2465 3202 2520 Gem.
3251 2463 3468 2528 animae,
3508 2462 3586 2517 De
3613 2461 3841 2532 antiquo

2198 2557 2307 2612 ritu
2340 2556 2515 2621 miss.,
2567 2555 2666 2610 lib.
2700 2570 2762 2619 ιι,
2793 2571 2843 2609 e.
2881 2552 2927 2619 1,
2962 2552 3015 2619 2,
3045 2553 3081 2605 7
3110 2558 3166 2608 et
3210 2550 3295 2607 11.
3326 2552 3507 2608 Prima
3536 2550 3682 2607 enim
3710 2551 3842 2620 vigi-

2197 2645 2271 2701 lia
2326 2645 2540 2701 decima
2588 2645 2812 2700 circiter
2828 2643 2976 2698 hora
3004 2642 3249 2697 serotina
3288 2641 3572 2713 agebatur,
3602 2639 3841 2697 secunda

2199 2734 2379 2790 media
2424 2739 2612 2800 nocte,
2653 2734 2816 2788 tertia
2861 2746 2968 2788 una
3015 2732 3241 2788 circiter
3288 2731 3426 2787 hora
3455 2737 3580 2787 ante
3623 2730 3838 2787 dilucu-

2200 2824 2332 2879 lum.
2383 2824 2517 2879 Tres
2545 2821 2758 2892 vigilias
2796 2820 2876 2877 sic
2902 2821 3110 2876 indicat
3138 2821 3193 2875 S.
3235 2820 3601 2890 Hieronymus
3628 2820 3687 2873 in
3727 2819 3844 2889 epi-

2200 2913 2341 2969 stola
2369 2911 2439 2967 ad
2469 2912 2846 2977 Eustochium,
2879 2910 2948 2966 de
2978 2909 3231 2966 custodia
3258 2908 3584 2979 virginitatis
3612 2928 3625 2963 :
3658 2908 3844 2964 Nocti~

2202 3001 2297 3057 bus
2334 2999 2413 3055 bis
2459 3005 2636 3070 terque
2678 2998 3031 3069 surgendum;
3081 3005 3139 3054 et
3172 3001 3234 3054 G.
3274 2996 3581 3063 Durandus,
3619 2997 3844 3053 Ration-

475 3084 644 3139 sancti
672 3085 919 3147 evenerit,
942 3090 1048 3140 etc.
1082 3083 1212 3138 Haec
1237 3082 1293 3138 in
1326 3090 1513 3139 nostra
1542 3082 1768 3138 ditecesi
1796 3095 1905 3137 non
1932 3082 2119 3137 obser-
2139 3076 2183 3136 C
2204 3089 2315 3146 div.
2338 3087 2487 3146 ofﬁc.
2528 3088 2625 3144 lib.
2669 3102 2718 3155 v,
2761 3103 2810 3144 c.
2852 3086 2908 3155 3,
2943 3089 3017 3146 De
3046 3086 3363 3153 Nocturnis,
3404 3086 3694 3157 perspicue
3733 3099 3849 3142 om.

475 3178 693 3239 vantur,
726 3171 833 3227 nisi
863 3171 936 3226 sit
964 3169 1159 3227 festum
1192 3170 1397 3241 duplex
1425 3178 1521 3226 aut
1549 3169 1771 3240 triplex.

500 3338 503 3341 _
552 3258 656 3332 (99)
684 3262 729 3317 Α
763 3260 933 3333 capite
952 3259 1142 3332 jejunii
1173 3276 1331 3332 usque
1362 3261 1432 3316 ad
1471 3258 1600 3317 Kal.
1624 3262 1764 3319 Nov.
1806 3262 2044 3333 Vespera:
2074 3265 2123 3317 et

488 3347 693 3419 Vigilia
716 3354 1046 3406 mortuorum
1069 3352 1188 3422 post
1229 3350 1482 3421 Vesperas
1510 3348 1638 3413 diei,
1659 3356 1765 3406 etc.
1798 3350 1859 3405 1n
1890 3349 2126 3407 ecclesia

480 3437 782 3496 cathedrali
826 3452 927 3510 per
988 3437 1467 3511 Quadragesimam
1525 3437 1734 3509 Vlgiliae
1780 3446 2123 3495 mortuorum

480 3520 794 3585 immediate
833 3534 960 3584 ante
1025 3527 1453 3598 Completorium
1520 3542 1629 3584 una
1687 3542 1809 3584 cum
1850 3527 2126 3584 Laudibus

483 3617 870 3688 persolvuntur
906 3616 1073 3673 tertia
1097 3624 1224 3688 post
1252 3617 1536 3674 meridiem
1567 3618 1721 3674 hora.

554 3706 696 3779 (100)
762 3709 888 3765 Cum
941 3722 1122 3764 novem
1204 3704 1509 3764 lectionibus
1573 3708 1756 3775 festive
1819 3705 2121 3764 celebretur.

484 3798 546 3853 In
585 3795 1010 3867 metrOpolitana
1040 3794 1274 3851 ecclesia
1322 3794 1562 3852 ofﬁcium
1609 3794 1991 3852 defunctorum
2022 3796 2124 3852 sub

484 3896 593 3940 una
635 3890 843 3939 tantum
876 3891 1145 3938 nocturna
1184 3883 1515 3949 celebratur,
1544 3891 1907 3955 praeterquam
1949 3885 2005 3938 in
2036 3883 2126 3940 die

485 3970 852 4043 depositionis
889 3968 1157 4039 defuncti,
1190 3978 1251 4027 ut
1279 3971 1335 4027 in
1366 3971 1571 4028 Rituali
1602 3972 1989 4043 Rotomagensi
2019 3986 2128 4028 no-

483 4066 649 4116 tatur.

558 4148 699 4219 (101)
742 4149 892 4216 Quod
947 4147 1114 4204 altera
1167 4149 1493 4221 praecedente
1544 4148 1779 4207 Sabbato
1809 4148 2123 4206 cantabitur.

496 4235 924 4308 ResponsOrium
983 4238 1122 4293 Ecce
1165 4237 1279 4294 dies
1314 4237 1595 4294 Dominica
1640 4239 1988 4308 praecedente
2025 4239 2129 4295 Ad-

492 4330 713 4383 ventum
762 4326 816 4381 in
862 4327 1100 4383 statione
1134 4328 1508 4398 processionis
1536 4333 1663 4383 ante
1694 4328 2010 4384 crucifixum
2042 4342 2132 4384 ca-

2202 3180 2335 3236 nino
2382 3193 2476 3235 eas
2522 3177 2864 3234 demonstrat
2910 3178 3136 3234 disertis
3182 3177 3335 3233 hisce
3382 3176 3568 3232 verbis
3608 3196 3622 3232 :
3663 3176 3844 3233 Scien-

2204 3254 2324 3324 dum
2352 3273 2427 3324 est
2464 3267 2602 3340 quod
2648 3268 2704 3322 in
2743 3266 3012 3339 primitiva
3039 3264 3282 3323 Ecclesia
3329 3265 3550 3322 ministri
3595 3264 3846 3323 Ecclesia

2203 3361 2283 3412 ter
2309 3357 2374 3412 de
2402 3361 2550 3412 nocte
2604 3354 2974 3428 interpellatim
3026 3354 3312 3425 surgebant
3356 3354 3429 3410 ad
3468 3354 3695 3410 divinum
3732 3353 3847 3425 offi-

2204 3446 2341 3500 cium
2376 3443 2762 3500 celebrandum.
2820 3442 3120 3514 Surgebant
3175 3443 3311 3499 enim
3350 3443 3523 3514 primo
3570 3443 3710 3498 circa
3734 3442 3846 3513 pri-

2203 3549 2341 3589 mum
2393 3548 2647 3601 somnum,
2704 3532 2912 3604 quando
2968 3531 3151 3601 vulgus
3204 3530 3335 3588 solet
3389 3532 3468 3586 ire
3522 3530 3843 3597 dormitum;

2203 3622 2428 3678 secundo
2476 3624 2617 3678 circa
2665 3621 2892 3676 mediam
2938 3626 3138 3676 noctem
3156 3640 3176 3687 ,-
3217 3620 3368 3676 tertio
3410 3617 3680 3691 paululum
3727 3624 3847 3674 ante

2208 3711 2342 3767 diem
2376 3732 2389 3767 :
2429 3711 2508 3767 sic
2549 3710 2852 3766 ordinantes
2899 3709 3146 3780 ofﬁcium,
3196 3712 3250 3763 ut
3296 3712 3559 3764 nocturnes
3602 3706 3762 3778 ﬁnita
3798 3712 3847 3763 et

2206 3798 2451 3855 lectiones
2498 3814 2615 3854 cum
2662 3799 2771 3854 suis
2823 3788 2944 3860 116
2991 3797 3339 3869 responsoriis
3387 3795 3630 3868 perlecta
3678 3801 3847 3852 essent

2202 3887 2509 3959 priusquam
2552 3886 2874 3952 lucesceret;
2914 3891 3199 3957 apparente
3245 3898 3366 3939 vero
3423 3898 3617 3940 aurora
3667 3883 3849 3955 pulsa-

2205 3976 2274 4032 tis
2303 3976 2571 4047 campanis
2604 3974 2888 4031 cantabant
2919 3995 2934 4028 :
2967 3975 3040 4030 Te
3076 3975 3246 4030 Deum
3294 3972 3597 4039 laudamus,
3646 3977 3695 4028 et
3739 3987 3853 4027 ma-

2208 4066 2402 4120 tutinas
2456 4064 2685 4120 Laudes.
2739 4064 2825 4120 Ad
2875 4065 3100 4137 primum
3153 4068 3456 4118 nocturnum
3506 4061 3748 4134 pontifex
3800 4064 3850 4115 et

2209 4153 2433 4207 ministri
2496 4152 2747 4207 Ecclesia:
2809 4152 3112 4221 surgebant,
3178 4166 3293 4222 qua:
3357 4151 3471 4205 sine
3551 4150 3849 4206 invitatorio

2211 4240 2541 4305 cantabatur,
2586 4254 2684 4314 pro
2713 4256 2775 4295 eo
2822 4243 2947 4311 quia
2992 4238 3164 4296 nullus
3215 4239 3286 4295 ad
3331 4238 3467 4295 hanc
3511 4236 3848 4295 invitabatur.

2213 4330 2281 4385 Et
2309 4326 2594 4384 vocabatur
2636 4327 2839 4398 vigilia,
2887 4329 3011 4400 quia
3057 4327 3236 4384 habuit
3265 4327 3468 4383 initium
3495 4342 3529 4382 a
3554 4326 3853 4398 pastoribus

487 4414 657 4482 nitur,
690 4428 799 4472 non
846 4419 1027 4471 autem
1074 4415 1313 4473 Sabbato
1368 4416 1705 4486 praecedenti
1737 4416 1805 4470 ad
1837 4411 2414 4487 Vesperas,Dvigilias
2440 4418 2607 4472 noctis
2642 4432 2799 4488 super
2843 4432 3025 4487 greges
3069 4431 3193 4472 suos
3238 4414 3587 4471 servantibus.
3616 4417 3683 4472 In
3716 4429 3855 4486 pm-

488 4507 548 4559 ut
594 4500 685 4559 hic
733 4500 1099 4570 describetur,
1156 4502 1253 4560 sed
1311 4504 1367 4559 in
1413 4503 1698 4560 Ordinario
1738 4505 2127 4575 Rotomagensi

488 4608 591 4649 ms.
624 4590 773 4648 nulla
803 4591 863 4647 ﬁt
888 4592 1115 4649 mentio.

560 4679 703 4753 (102)
744 4681 1015 4738 Processio
1072 4680 1145 4738 ad
1188 4682 1494 4753 crude
1546 4681 1695 4739 nulla
1739 4683 1854 4755 ﬂat,
1904 4681 2131 4738 Scilicet

489 4771 548 4825 in
585 4769 873 4837 Sabbatis;
934 4784 1079 4826 nunc
1134 4774 1317 4826 tamen
1356 4769 1410 4825 in
1451 4770 1752 4826 cathedrali
1794 4768 2029 4826 ecclesia
2070 4768 2129 4824 tit

491 4859 775 4927 processio
840 4867 965 4929 post
1012 4858 1278 4930 Vesperas
1343 4850 1461 4920 115
1510 4859 1732 4915 Sabbati
1797 4873 1898 4929 per
1953 4864 2128 4914 totum

489 4957 713 5012 annum,
771 4945 827 5001 in
881 4960 988 5017 qua
1027 4947 1242 5002 canitur
1298 4948 1709 5017 responsorium
1754 4967 1767 5001 :
1808 4948 2011 5003 Sancta
2079 4951 2129 5002 et

486 5030 825 5089 immaculata
876 5033 1171 5103 virginitas,
1203 5035 1291 5091 cui
1331 5048 1493 5106 prosa
1526 5056 1541 5088 :
1588 5034 1871 5099 Inuiolata,
1906 5034 2131 5104 subjun-

485 5123 652 5194 gitur,
704 5129 759 5179 et
808 5120 1047 5193 psalmus
1078 5140 1092 5175 :
1124 5124 1201 5179 De
1225 5124 1523 5196 pro/undis,
1556 5125 1783 5190 musice,
1826 5138 1893 5179 ex
1933 5123 2131 5179 funda-

486 5212 640 5268 tione
669 5212 877 5269 domini
908 5213 972 5267 de
1002 5212 1431 5283 Grigneuseville,
1464 5215 1614 5288 (licet
1652 5214 1858 5269 musica
1887 5214 1944 5269 in
1976 5213 2127 5270 luctu

486 5302 799 5370 importuna
836 5299 909 5356 sit
946 5300 1203 5373 narratio)
1245 5317 1370 5372 qua:
1419 5300 1667 5358 fundatio
1721 5297 1864 5357 facta
1911 5310 1995 5357 est
2025 5315 2126 5371 pro

489 5388 741 5445 Sabbatis
803 5388 1080 5445 Adventus
1156 5396 1213 5447 et
1276 5390 1736 5462 Quadragesimm,
1802 5389 1926 5444 aliis
1995 5403 2125 5445 vero

491 5475 833 5549 temporibus
860 5491 960 5549 pro
1000 5478 1190 5551 primis
1218 5479 1468 5535 Sabbatis
1498 5480 1763 5550 cujusque
1794 5476 2015 5534 mensis.

568 5564 703 5637 (103)
744 5568 788 5621 Α
822 5566 1019 5623 duobus
1046 5565 1344 5623 cantoribus
1389 5567 1626 5637 cappatis
1663 5567 1848 5622 chorus
1886 5570 2121 5634 regatur.

2208 4506 2373 4577 cipuis
2411 4511 2583 4560 tamen
2623 4504 3035 4561 solemnitatibus
3075 4502 3296 4576 populus
3339 4509 3449 4559 tota
3494 4508 3643 4560 nocte
3672 4503 3727 4557 in
3754 4501 3851 4559 Dei

2210 4592 2450 4649 laudibus
2492 4592 2844 4665 persistebat;
2887 4593 2981 4648 sed
3034 4592 3165 4647 illud
3213 4590 3473 4648 sublatum
3519 4597 3616 4655 est,
3646 4596 3696 4647 et
3717 4590 3857 4662 jeju-

2207 4683 2350 4738 nium
2412 4680 2524 4738 loco
2589 4680 2730 4738 illius
2790 4680 2982 4752 vigilite
3045 4680 3364 4736 ordinatum.
3431 4680 3517 4737 Ad
3569 4680 3853 4737 secundum

2208 4777 2514 4828 nocturnum
2564 4770 2844 4841 surgebant
2892 4769 3115 4825 ministri
3159 4768 3314 4824 simul
3340 4775 3391 4826 et
3429 4769 3716 4841 conjugati,
3746 4774 3856 4825 tam

2210 4860 2452 4917 mulieres
2507 4876 2662 4931 quam
2716 4860 2817 4913 viri
2847 4880 2863 4913 :
2895 4873 3009 4929 quae
3046 4873 3166 4912 cum
3203 4857 3505 4914 invitatorio
3560 4849 3852 4925 dicebatur,

2206 4947 2279 5005 ad
2306 4944 2701 5017 signiﬁcandum
2729 4942 2942 5013 angelos
2988 4944 3265 5000 invitantes
3300 4948 3543 5016 pastores
3573 4943 3645 5000 ad
3674 4940 3855 4998 viden-

2210 5036 2331 5093 dum
2383 5050 2552 5105 regem
2607 5039 2801 5089 natum.
2833 5033 2919 5089 Ad
2948 5033 3152 5095 tertium
3188 5033 3469 5102 surgebant
3497 5048 3673 5088 omnes
3703 5047 3844 5088 com-

2207 5124 2463 5187 muniter;
2488 5122 2581 5178 sed
2622 5126 2804 5192 postea
2850 5119 3141 5192 algescente
3196 5121 3476 5188 charitate,
3525 5136 3641 5176 cum
3680 5135 3856 5176 omnes

2209 5218 2316 5268 tam
2344 5213 2566 5267 ministri
2602 5209 2854 5267 Ecclesia:
2898 5227 3055 5284 quam
3104 5210 3328 5284 populus
3372 5226 3586 5281 surgere
3634 5209 3707 5265 ad
3750 5224 3851 5264 no-

2208 5307 2439 5357 cturnum
2492 5298 2717 5372 oﬂlcium
2771 5301 3100 5372 pigritarent,
3156 5305 3403 5356 statutum
3449 5304 3525 5356 est
3575 5303 3630 5355 ut
3677 5313 3853 5353 omnes

2208 5390 2380 5447 media
2425 5394 2574 5444 nocte
2610 5396 2899 5459 surgerent,
2941 5396 2991 5447 et
3037 5396 3197 5446 totum
3242 5389 3408 5445 noctis
3456 5388 3684 5459 oﬂlcium
3729 5403 3853 5442 con-

2210 5480 2351 5536 tinue
2377 5483 2711 5547 cantaretur,
2727 5484 2778 5535 et
2799 5478 2979 5551 plures
3006 5478 3179 5535 adhuc
3206 5476 3303 5533 illa
3349 5478 3482 5534 hora
3527 5480 3743 5547 surgunt
3772 5481 3855 5543 (ut

2209 5566 2268 5623 ﬁt
2306 5566 2361 5622 in
2400 5565 2633 5624 ecclesia
2679 5566 2980 5624 cathedrali
3028 5566 3348 5634 Parisiensi,
3402 5570 3460 5623 et
3500 5566 3558 5623 in
3600 5562 3855 5636 plurimis
