  <div class='ocr_page' id='page_1' title='image "/cluster/home/n/w/nwhite01/storage/ocr_20150623/147/hvd.32044073505281/048.png"; bbox 0 0 4156 6196; ppageno 0'>
   <div class='ocr_carea' id='block_1_1' title="bbox 342 207 3699 269">
    <p class='ocr_par' dir='ltr' id='par_1_1' title="bbox 342 207 3699 269">
     <span class='ocr_line' id='line_1_1' title="bbox 342 207 3699 269; baseline -0.002 2"><span class='ocrx_word' id='word_1_1' title='bbox 342 207 410 260; x_wconf 70' lang='lat'><strong>35</strong></span> <span class='ocrx_word' id='word_1_2' title='bbox 1364 215 1559 269; x_wconf 71' lang='lat' dir='ltr'><strong>NOT/E</strong></span> <span class='ocrx_word' id='word_1_3' title='bbox 1595 215 1685 269; x_wconf 81' lang='lat' dir='ltr'><strong>Al)</strong></span> <span class='ocrx_word' id='word_1_4' title='bbox 1722 215 1975 269; x_wconf 77' lang='lat' dir='ltr'><strong>LIBRUM</strong></span> <span class='ocrx_word' id='word_1_5' title='bbox 2014 213 2101 268; x_wconf 80' lang='lat' dir='ltr'><strong>DE</strong></span> <span class='ocrx_word' id='word_1_6' title='bbox 2138 213 2350 268; x_wconf 81' lang='lat' dir='ltr'><strong>OFFIC.</strong></span> <span class='ocrx_word' id='word_1_7' title='bbox 2394 214 2662 268; x_wconf 85' lang='lat' dir='ltr'><strong>ECCLES.</strong></span> <span class='ocrx_word' id='word_1_8' title='bbox 3629 214 3699 265; x_wconf 69' lang='grc'>86</span> 
     </span>
    </p>
   </div>
   <div class='ocr_carea' id='block_1_2' title="bbox 344 329 3698 407">
    <p class='ocr_par' dir='ltr' id='par_1_2' title="bbox 344 329 3698 407">
     <span class='ocr_line' id='line_1_2' title="bbox 344 329 3698 407; baseline 0.001 -21"><span class='ocrx_word' id='word_1_9' title='bbox 344 329 695 396; x_wconf 76' lang='lat' dir='ltr'><strong>monasteriis)</strong></span> <span class='ocrx_word' id='word_1_10' title='bbox 731 372 744 385; x_wconf 94' lang='lat'><em>.</em></span> <span class='ocrx_word' id='word_1_11' title='bbox 788 333 925 400; x_wconf 82' lang='lat' dir='ltr'><em>Quia</em></span> <span class='ocrx_word' id='word_1_12' title='bbox 950 348 1072 389; x_wconf 90' lang='lat' dir='ltr'><em>vero</em></span> <span class='ocrx_word' id='word_1_13' title='bbox 1102 335 1306 406; x_wconf 80' lang='lat' dir='ltr'><strong><em>quidem</em></strong></span> <span class='ocrx_word' id='word_1_14' title='bbox 1342 336 1605 392; x_wconf 79' lang='lat' dir='ltr'><strong>nocturnis</strong></span> <span class='ocrx_word' id='word_1_15' title='bbox 1634 334 1836 390; x_wconf 82' lang='lat' dir='ltr'><strong>deliciis</strong></span> <span class='ocrx_word' id='word_1_16' title='bbox 1849 335 2279 407; x_wconf 72' lang='lat' dir='ltr'><strong>plusAirrepsit</strong></span> <span class='ocrx_word' id='word_1_17' title='bbox 2310 335 2515 391; x_wconf 84' lang='lat' dir='ltr'><strong>librarii</strong></span> <span class='ocrx_word' id='word_1_18' title='bbox 2548 349 2725 403; x_wconf 78' lang='lat' dir='ltr'><strong>error,</strong></span> <span class='ocrx_word' id='word_1_19' title='bbox 2757 336 2852 405; x_wconf 90' lang='lat' dir='ltr'><strong>qui</strong></span> <span class='ocrx_word' id='word_1_20' title='bbox 2880 334 3112 393; x_wconf 78' lang='lat' dir='ltr'><strong>lavatum</strong></span> <span class='ocrx_word' id='word_1_21' title='bbox 3146 342 3323 403; x_wconf 69' lang='lat' dir='ltr'><em>exeat,</em></span> <span class='ocrx_word' id='word_1_22' title='bbox 3358 351 3460 406; x_wconf 89' lang='lat' dir='ltr'><strong>pro</strong></span> <span class='ocrx_word' id='word_1_23' title='bbox 3495 335 3698 393; x_wconf 85' lang='lat' dir='ltr'><em>saluta-</em></span> 
     </span>
    </p>
   </div>
   <div class='ocr_carea' id='block_1_3' title="bbox 343 419 3697 497">
    <p class='ocr_par' dir='ltr' id='par_1_3' title="bbox 343 419 3697 497">
     <span class='ocr_line' id='line_1_3' title="bbox 343 419 3697 497; baseline 0.004 -26"><span class='ocrx_word' id='word_1_24' title='bbox 343 433 484 488; x_wconf 88' lang='lat' dir='ltr'><em>quam</em></span> <span class='ocrx_word' id='word_1_25' title='bbox 540 419 637 473; x_wconf 89' lang='lat' dir='ltr'><em>Dei</em></span> <span class='ocrx_word' id='word_1_26' title='bbox 690 421 917 476; x_wconf 86' lang='lat' dir='ltr'><em>servitiis</em></span> <span class='ocrx_word' id='word_1_27' title='bbox 963 430 1210 479; x_wconf 88' lang='lat' dir='ltr'><em>vacantes</em></span> <span class='ocrx_word' id='word_1_28' title='bbox 1257 424 1624 481; x_wconf 79' lang='lat' dir='ltr'><strong>institutionem</strong></span> <span class='ocrx_word' id='word_1_29' title='bbox 1681 424 1973 494; x_wconf 82' lang='lat' dir='ltr'><em>hujusmodi</em></span> <span class='ocrx_word' id='word_1_30' title='bbox 2051 429 2157 479; x_wconf 89' lang='lat' dir='ltr'><strong>tum</strong></span> <span class='ocrx_word' id='word_1_31' title='bbox 2186 429 2290 490; x_wconf 87' lang='lat' dir='ltr'><em>eat,</em></span> <span class='ocrx_word' id='word_1_32' title='bbox 2324 426 2649 495; x_wconf 79' lang='lat' dir='ltr'><strong>scripserit;</strong></span> <span class='ocrx_word' id='word_1_33' title='bbox 2685 425 2846 495; x_wconf 85' lang='lat' dir='ltr'><strong>hujus</strong></span> <span class='ocrx_word' id='word_1_34' title='bbox 2889 427 3036 481; x_wconf 91' lang='lat' dir='ltr'><strong>enim</strong></span> <span class='ocrx_word' id='word_1_35' title='bbox 3082 426 3431 482; x_wconf 73' lang='lat' dir='ltr'><strong>salutationis</strong></span> <span class='ocrx_word' id='word_1_36' title='bbox 3461 425 3529 481; x_wconf 90' lang='lat' dir='ltr'><strong>ad</strong></span> <span class='ocrx_word' id='word_1_37' title='bbox 3561 440 3697 497; x_wconf 62' lang='lat' dir='ltr'><strong>prai-</strong></span> 
     </span>
    </p>
   </div>
   <div class='ocr_carea' id='block_1_4' title="bbox 338 506 3697 591">
    <p class='ocr_par' dir='ltr' id='par_1_4' title="bbox 338 506 3697 591">
     <span class='ocr_line' id='line_1_4' title="bbox 338 506 3697 591; baseline 0.003 -30"><span class='ocrx_word' id='word_1_38' title='bbox 338 522 433 562; x_wconf 90' lang='lat' dir='ltr'><strong>non</strong></span> <span class='ocrx_word' id='word_1_39' title='bbox 483 506 785 576; x_wconf 87' lang='lat' dir='ltr'><em>servabant,</em></span> <span class='ocrx_word' id='word_1_40' title='bbox 844 519 1217 582; x_wconf 76' lang='lat' dir='ltr'><strong>consequenter</strong></span> <span class='ocrx_word' id='word_1_41' title='bbox 1269 517 1516 568; x_wconf 89' lang='lat' dir='ltr'><em>statutum</em></span> <span class='ocrx_word' id='word_1_42' title='bbox 1562 517 1639 568; x_wconf 87' lang='lat' dir='ltr'><strong>est</strong></span> <span class='ocrx_word' id='word_1_43' title='bbox 1688 518 1739 567; x_wconf 87' lang='lat' dir='ltr'><strong>ut</strong></span> <span class='ocrx_word' id='word_1_44' title='bbox 1786 511 1973 567; x_wconf 81' lang='lat' dir='ltr'><strong>saltem</strong></span> <span class='ocrx_word' id='word_1_45' title='bbox 2051 527 2182 582; x_wconf 87' lang='lat' dir='ltr'><em>sepe</em></span> <span class='ocrx_word' id='word_1_46' title='bbox 2213 516 2419 570; x_wconf 90' lang='lat' dir='ltr'><strong>mentio</strong></span> <span class='ocrx_word' id='word_1_47' title='bbox 2450 514 2510 569; x_wconf 85' lang='lat' dir='ltr'><strong>fit</strong></span> <span class='ocrx_word' id='word_1_48' title='bbox 2539 515 2592 571; x_wconf 90' lang='lat' dir='ltr'><strong>in</strong></span> <span class='ocrx_word' id='word_1_49' title='bbox 2627 513 2954 591; x_wconf 75' lang='lat' dir='ltr'><strong>ofﬁcialibus</strong></span> <span class='ocrx_word' id='word_1_50' title='bbox 2992 514 3150 571; x_wconf 87' lang='lat' dir='ltr'><strong>libris</strong></span> <span class='ocrx_word' id='word_1_51' title='bbox 3198 522 3253 570; x_wconf 90' lang='lat' dir='ltr'><strong>et</strong></span> <span class='ocrx_word' id='word_1_52' title='bbox 3300 514 3359 569; x_wconf 91' lang='lat' dir='ltr'><strong>in</strong></span> <span class='ocrx_word' id='word_1_53' title='bbox 3405 514 3697 571; x_wconf 90' lang='lat' dir='ltr'><strong>Ordinario</strong></span> 
     </span>
    </p>
   </div>
   <div class='ocr_carea' id='block_1_5' title="bbox 339 595 3695 672">
    <p class='ocr_par' dir='ltr' id='par_1_5' title="bbox 339 595 3695 672">
     <span class='ocr_line' id='line_1_5' title="bbox 339 595 3695 672; baseline 0.003 -23"><span class='ocrx_word' id='word_1_54' title='bbox 339 601 555 666; x_wconf 87' lang='lat' dir='ltr'><em>tempore</em></span> <span class='ocrx_word' id='word_1_55' title='bbox 610 595 777 652; x_wconf 79' lang='lat' dir='ltr'><strong>ultimi</strong></span> <span class='ocrx_word' id='word_1_56' title='bbox 832 603 1069 655; x_wconf 78' lang='lat' dir='ltr'><em>nocturni</em></span> <span class='ocrx_word' id='word_1_57' title='bbox 1116 616 1289 656; x_wconf 85' lang='lat' dir='ltr'><em>omnes</em></span> <span class='ocrx_word' id='word_1_58' title='bbox 1351 606 1587 669; x_wconf 82' lang='lat' dir='ltr'><strong>surgant.</strong></span> <span class='ocrx_word' id='word_1_59' title='bbox 1656 603 1853 657; x_wconf 82' lang='lat' dir='ltr'><strong>Rursus</strong></span> <span class='ocrx_word' id='word_1_60' title='bbox 1918 600 1971 655; x_wconf 89' lang='lat' dir='ltr'><strong>in</strong></span> <span class='ocrx_word' id='word_1_61' title='bbox 2051 602 2440 672; x_wconf 80' lang='lat' dir='ltr'><strong>Rotomagensi</strong></span> <span class='ocrx_word' id='word_1_62' title='bbox 2472 618 2571 659; x_wconf 91' lang='lat' dir='ltr'><strong>ms.</strong></span> <span class='ocrx_word' id='word_1_63' title='bbox 2605 605 2661 659; x_wconf 89' lang='lat' dir='ltr'><strong>in</strong></span> <span class='ocrx_word' id='word_1_64' title='bbox 2691 603 2837 659; x_wconf 89' lang='lat' dir='ltr'><strong>hunc</strong></span> <span class='ocrx_word' id='word_1_65' title='bbox 2866 602 3128 659; x_wconf 87' lang='lat' dir='ltr'><strong>modum:</strong></span> <span class='ocrx_word' id='word_1_66' title='bbox 3160 596 3335 660; x_wconf 85' lang='lat' dir='ltr'><em>Finito</em></span> <span class='ocrx_word' id='word_1_67' title='bbox 3385 603 3460 659; x_wconf 91' lang='lat' dir='ltr'><strong>Te</strong></span> <span class='ocrx_word' id='word_1_68' title='bbox 3506 604 3695 669; x_wconf 87' lang='lat' dir='ltr'><strong>Deum,</strong></span> 
     </span>
    </p>
   </div>
   <div class='ocr_carea' id='block_1_6' title="bbox 335 685 3698 763">
    <p class='ocr_par' dir='ltr' id='par_1_6' title="bbox 335 685 3698 763">
     <span class='ocr_line' id='line_1_6' title="bbox 335 685 3698 763; baseline 0.002 -24"><span class='ocrx_word' id='word_1_69' title='bbox 335 685 626 740; x_wconf 83' lang='lat' dir='ltr'><strong>memoriam</strong></span> <span class='ocrx_word' id='word_1_70' title='bbox 688 686 840 743; x_wconf 82' lang='lat' dir='ltr'><em>dicite</em></span> <span class='ocrx_word' id='word_1_71' title='bbox 903 689 1188 745; x_wconf 86' lang='lat' dir='ltr'><em>devotionis</em></span> <span class='ocrx_word' id='word_1_72' title='bbox 1252 691 1579 761; x_wconf 84' lang='lat' dir='ltr'><em>antiquon</em></span> <span class='ocrx_word' id='word_1_73' title='bbox 1635 695 1715 745; x_wconf 89' lang='lat' dir='ltr'><strong>ter</strong></span> <span class='ocrx_word' id='word_1_74' title='bbox 1741 691 1795 745; x_wconf 89' lang='lat' dir='ltr'><strong>in</strong></span> <span class='ocrx_word' id='word_1_75' title='bbox 1822 694 1971 744; x_wconf 88' lang='lat' dir='ltr'><em>nocte</em></span> <span class='ocrx_word' id='word_1_76' title='bbox 2044 696 2336 759; x_wconf 83' lang='lat' dir='ltr'><strong>peragatur</strong></span> <span class='ocrx_word' id='word_1_77' title='bbox 2398 691 2626 762; x_wconf 84' lang='lat' dir='ltr'><em>ofﬁcium</em></span> <span class='ocrx_word' id='word_1_78' title='bbox 2684 696 2958 763; x_wconf 82' lang='lat' dir='ltr'><em>pastorum</em></span> <span class='ocrx_word' id='word_1_79' title='bbox 3023 691 3122 749; x_wconf 88' lang='lat' dir='ltr'><strong>hoc</strong></span> <span class='ocrx_word' id='word_1_80' title='bbox 3192 692 3343 749; x_wconf 89' lang='lat' dir='ltr'><em>modo</em></span> <span class='ocrx_word' id='word_1_81' title='bbox 3417 690 3698 747; x_wconf 86' lang='lat' dir='ltr'><em>secundum</em></span> 
     </span>
    </p>
   </div>
   <div class='ocr_carea' id='block_1_7' title="bbox 334 775 3696 854">
    <p class='ocr_par' dir='ltr' id='par_1_7' title="bbox 334 775 3696 854">
     <span class='ocr_line' id='line_1_7' title="bbox 334 775 3696 854; baseline 0.003 -28"><span class='ocrx_word' id='word_1_82' title='bbox 334 775 644 841; x_wconf 72' lang='lat' dir='ltr'><em>surgentium</em></span> <span class='ocrx_word' id='word_1_83' title='bbox 674 779 781 830; x_wconf 84' lang='lat' dir='ltr'><em>tres</em></span> <span class='ocrx_word' id='word_1_84' title='bbox 818 782 1097 833; x_wconf 88' lang='lat' dir='ltr'><em>nocturnos</em></span> <span class='ocrx_word' id='word_1_85' title='bbox 1140 779 1379 845; x_wconf 82' lang='lat' dir='ltr'><em>dicimus,</em></span> <span class='ocrx_word' id='word_1_86' title='bbox 1428 781 1517 851; x_wconf 87' lang='lat' dir='ltr'><strong>qui</strong></span> <span class='ocrx_word' id='word_1_87' title='bbox 1554 784 1602 834; x_wconf 91' lang='lat' dir='ltr'><strong>et</strong></span> <span class='ocrx_word' id='word_1_88' title='bbox 1630 780 1751 834; x_wconf 88' lang='lat' dir='ltr'><em>inde</em></span> <span class='ocrx_word' id='word_1_89' title='bbox 1788 793 1971 833; x_wconf 86' lang='lat' dir='ltr'><em>nomen</em></span> <span class='ocrx_word' id='word_1_90' title='bbox 2051 779 2478 847; x_wconf 84' lang='lat' dir='ltr'><em>Rotomagensem</em></span> <span class='ocrx_word' id='word_1_91' title='bbox 2512 796 2682 836; x_wconf 85' lang='lat' dir='ltr'><em>usum.</em></span> <span class='ocrx_word' id='word_1_92' title='bbox 2732 782 2973 854; x_wconf 73' lang='lat' dir='ltr'><em>Prwsepe</em></span> <span class='ocrx_word' id='word_1_93' title='bbox 3016 782 3086 837; x_wconf 90' lang='lat' dir='ltr'><strong>sit</strong></span> <span class='ocrx_word' id='word_1_94' title='bbox 3124 786 3375 854; x_wconf 88' lang='lat' dir='ltr'><em>paratum</em></span> <span class='ocrx_word' id='word_1_95' title='bbox 3420 785 3561 837; x_wconf 90' lang='lat' dir='ltr'><em>retro</em></span> <span class='ocrx_word' id='word_1_96' title='bbox 3610 778 3696 835; x_wconf 85' lang='lat' dir='ltr'><em>al-</em></span> 
     </span>
    </p>
   </div>
   <div class='ocr_carea' id='block_1_8' title="bbox 334 863 3698 942">
    <p class='ocr_par' dir='ltr' id='par_1_8' title="bbox 334 863 3698 942">
     <span class='ocr_line' id='line_1_8' title="bbox 334 863 3698 942; baseline 0.001 -24"><span class='ocrx_word' id='word_1_97' title='bbox 334 868 378 919; x_wconf 87' lang='lat' dir='ltr'><strong>et</strong></span> <span class='ocrx_word' id='word_1_98' title='bbox 428 863 678 933; x_wconf 84' lang='lat' dir='ltr'><em>originem</em></span> <span class='ocrx_word' id='word_1_99' title='bbox 741 865 1047 924; x_wconf 87' lang='lat' dir='ltr'><em>habuerunt.</em></span> <span class='ocrx_word' id='word_1_100' title='bbox 1105 870 1166 925; x_wconf 88' lang='lat' dir='ltr'><strong>In</strong></span> <span class='ocrx_word' id='word_1_101' title='bbox 1223 869 1459 926; x_wconf 86' lang='lat' dir='ltr'><strong>ecclesia</strong></span> <span class='ocrx_word' id='word_1_102' title='bbox 1496 882 1627 926; x_wconf 88' lang='lat' dir='ltr'><strong>vero</strong></span> <span class='ocrx_word' id='word_1_103' title='bbox 1666 867 1968 942; x_wconf 88' lang='lat' dir='ltr'><strong>cathedrali</strong></span> <span class='ocrx_word' id='word_1_104' title='bbox 2049 872 2183 933; x_wconf 84' lang='lat' dir='ltr'><em>tare,</em></span> <span class='ocrx_word' id='word_1_105' title='bbox 2214 872 2264 921; x_wconf 90' lang='lat' dir='ltr'><strong>et</strong></span> <span class='ocrx_word' id='word_1_106' title='bbox 2301 869 2473 936; x_wconf 88' lang='lat' dir='ltr'><em>imago</em></span> <span class='ocrx_word' id='word_1_107' title='bbox 2501 875 2698 925; x_wconf 75' lang='lat' dir='ltr'><em>sancite</em></span> <span class='ocrx_word' id='word_1_108' title='bbox 2724 870 2917 927; x_wconf 70' lang='lat' dir='ltr'><em>Maria:</em></span> <span class='ocrx_word' id='word_1_109' title='bbox 2942 872 3012 926; x_wconf 89' lang='lat' dir='ltr'><strong>sit</strong></span> <span class='ocrx_word' id='word_1_110' title='bbox 3040 871 3096 925; x_wconf 92' lang='lat' dir='ltr'><strong>in</strong></span> <span class='ocrx_word' id='word_1_111' title='bbox 3142 886 3201 927; x_wconf 91' lang='lat' dir='ltr'><strong>eo</strong></span> <span class='ocrx_word' id='word_1_112' title='bbox 3248 871 3442 942; x_wconf 85' lang='lat' dir='ltr'><em>posita.</em></span> <span class='ocrx_word' id='word_1_113' title='bbox 3490 872 3558 926; x_wconf 90' lang='lat' dir='ltr'><em>In</em></span> <span class='ocrx_word' id='word_1_114' title='bbox 3586 870 3698 940; x_wconf 90' lang='lat' dir='ltr'><em>pri-</em></span> 
     </span>
    </p>
   </div>
   <div class='ocr_carea' id='block_1_9' title="bbox 332 940 3698 1027">
    <p class='ocr_par' dir='ltr' id='par_1_9' title="bbox 332 940 3698 1027">
     <span class='ocr_line' id='line_1_9' title="bbox 332 940 3698 1027; baseline 0.002 -20"><span class='ocrx_word' id='word_1_115' title='bbox 332 953 714 1023; x_wconf 84' lang='lat' dir='ltr'><strong>Rotomagensi</strong></span> <span class='ocrx_word' id='word_1_116' title='bbox 744 955 802 1010; x_wconf 90' lang='lat' dir='ltr'><strong>in</strong></span> <span class='ocrx_word' id='word_1_117' title='bbox 831 954 987 1012; x_wconf 88' lang='lat' dir='ltr'><strong>festis</strong></span> <span class='ocrx_word' id='word_1_118' title='bbox 1016 957 1445 1016; x_wconf 88' lang='lat' dir='ltr'><strong>solemnioribus</strong></span> <span class='ocrx_word' id='word_1_119' title='bbox 1473 958 1715 1015; x_wconf 81' lang='lat' dir='ltr'><strong>ofﬁcium</strong></span> <span class='ocrx_word' id='word_1_120' title='bbox 1744 940 1970 1014; x_wconf 33' lang='lat' dir='ltr'><strong>noctu‘r-</strong></span> <span class='ocrx_word' id='word_1_121' title='bbox 2049 956 2145 1010; x_wconf 87' lang='lat' dir='ltr'><strong>mis</strong></span> <span class='ocrx_word' id='word_1_122' title='bbox 2175 956 2385 1027; x_wconf 90' lang='lat' dir='ltr'><em>quidam</em></span> <span class='ocrx_word' id='word_1_123' title='bbox 2429 971 2560 1027; x_wconf 87' lang='lat' dir='ltr'><em>puer</em></span> <span class='ocrx_word' id='word_1_124' title='bbox 2603 963 2724 1013; x_wconf 87' lang='lat' dir='ltr'><em>ante</em></span> <span class='ocrx_word' id='word_1_125' title='bbox 2768 959 2981 1015; x_wconf 84' lang='lat' dir='ltr'><em>chorum</em></span> <span class='ocrx_word' id='word_1_126' title='bbox 3026 961 3082 1014; x_wconf 91' lang='lat' dir='ltr'><strong>in</strong></span> <span class='ocrx_word' id='word_1_127' title='bbox 3126 940 3334 1015; x_wconf 70' lang='lat' dir='ltr'><em>excelso</em></span> <span class='ocrx_word' id='word_1_128' title='bbox 3364 960 3420 1013; x_wconf 90' lang='lat' dir='ltr'><strong>in</strong></span> <span class='ocrx_word' id='word_1_129' title='bbox 3456 956 3698 1014; x_wconf 85' lang='lat' dir='ltr'><em>similitu-</em></span> 
     </span>
    </p>
   </div>
   <div class='ocr_carea' id='block_1_10' title="bbox 333 1044 3695 1118">
    <p class='ocr_par' dir='ltr' id='par_1_10' title="bbox 333 1044 3695 1118">
     <span class='ocr_line' id='line_1_10' title="bbox 333 1044 3695 1118; baseline 0.001 -23"><span class='ocrx_word' id='word_1_130' title='bbox 333 1055 450 1096; x_wconf 90' lang='lat' dir='ltr'><strong>num</strong></span> <span class='ocrx_word' id='word_1_131' title='bbox 504 1057 629 1115; x_wconf 80' lang='lat' dir='ltr'><strong>cum</strong></span> <span class='ocrx_word' id='word_1_132' title='bbox 684 1044 958 1101; x_wconf 85' lang='lat' dir='ltr'><strong>Laudibus</strong></span> <span class='ocrx_word' id='word_1_133' title='bbox 1009 1045 1144 1102; x_wconf 87' lang='lat' dir='ltr'><strong>hora</strong></span> <span class='ocrx_word' id='word_1_134' title='bbox 1190 1054 1385 1118; x_wconf 88' lang='lat' dir='ltr'><strong>quarta</strong></span> <span class='ocrx_word' id='word_1_135' title='bbox 1433 1049 1698 1104; x_wconf 88' lang='lat' dir='ltr'><strong>matutina</strong></span> <span class='ocrx_word' id='word_1_136' title='bbox 1735 1061 1860 1103; x_wconf 88' lang='lat' dir='ltr'><strong>cum</strong></span> <span class='ocrx_word' id='word_1_137' title='bbox 1889 1046 1970 1102; x_wconf 89' lang='lat' dir='ltr'><strong>di-</strong></span> <span class='ocrx_word' id='word_1_138' title='bbox 2048 1044 2169 1100; x_wconf 87' lang='lat' dir='ltr'><em>dine</em></span> <span class='ocrx_word' id='word_1_139' title='bbox 2196 1044 2370 1113; x_wconf 88' lang='lat' dir='ltr'><em>angeli</em></span> <span class='ocrx_word' id='word_1_140' title='bbox 2418 1046 2763 1101; x_wconf 78' lang='lat' dir='ltr'><em>Nativitatem</em></span> <span class='ocrx_word' id='word_1_141' title='bbox 2809 1048 3016 1103; x_wconf 86' lang='lat' dir='ltr'><em>Domini</em></span> <span class='ocrx_word' id='word_1_142' title='bbox 3061 1049 3304 1104; x_wconf 89' lang='lat' dir='ltr'><em>nuntians</em></span> <span class='ocrx_word' id='word_1_143' title='bbox 3350 1048 3423 1103; x_wconf 92' lang='lat' dir='ltr'><strong>ad</strong></span> <span class='ocrx_word' id='word_1_144' title='bbox 3468 1047 3695 1118; x_wconf 89' lang='lat' dir='ltr'><em>quinque</em></span> 
     </span>
    </p>
   </div>
   <div class='ocr_carea' id='block_1_11' title="bbox 333 1130 3693 1207">
    <p class='ocr_par' dir='ltr' id='par_1_11' title="bbox 333 1130 3693 1207">
     <span class='ocr_line' id='line_1_11' title="bbox 333 1130 3693 1207; baseline 0.001 -23"><span class='ocrx_word' id='word_1_145' title='bbox 333 1130 511 1199; x_wconf 90' lang='lat' dir='ltr'><strong>midia,</strong></span> <span class='ocrx_word' id='word_1_146' title='bbox 560 1132 618 1187; x_wconf 92' lang='lat' dir='ltr'><strong>in</strong></span> <span class='ocrx_word' id='word_1_147' title='bbox 665 1133 791 1189; x_wconf 87' lang='lat' dir='ltr'><strong>aliis</strong></span> <span class='ocrx_word' id='word_1_148' title='bbox 838 1135 1149 1204; x_wconf 84' lang='lat' dir='ltr'><strong>triplicibus</strong></span> <span class='ocrx_word' id='word_1_149' title='bbox 1186 1138 1398 1207; x_wconf 87' lang='lat' dir='ltr'><strong>quinta,</strong></span> <span class='ocrx_word' id='word_1_150' title='bbox 1448 1137 1506 1193; x_wconf 84' lang='lat' dir='ltr'><strong>in</strong></span> <span class='ocrx_word' id='word_1_151' title='bbox 1552 1136 1868 1207; x_wconf 88' lang='lat' dir='ltr'><strong>duplicibus</strong></span> <span class='ocrx_word' id='word_1_152' title='bbox 1913 1143 1968 1191; x_wconf 89' lang='lat' dir='ltr'><strong>et</strong></span> <span class='ocrx_word' id='word_1_153' title='bbox 2045 1133 2325 1189; x_wconf 84' lang='lat' dir='ltr'><em>canonicos</em></span> <span class='ocrx_word' id='word_1_154' title='bbox 2373 1134 2662 1205; x_wconf 87' lang='lat' dir='ltr'><em>quindecim</em></span> <span class='ocrx_word' id='word_1_155' title='bbox 2711 1150 3005 1192; x_wconf 89' lang='lat' dir='ltr'><em>marcarum</em></span> <span class='ocrx_word' id='word_1_156' title='bbox 3050 1142 3100 1193; x_wconf 91' lang='lat' dir='ltr'><strong>et</strong></span> <span class='ocrx_word' id='word_1_157' title='bbox 3147 1136 3418 1205; x_wconf 87' lang='lat' dir='ltr'><em>librarum,</em></span> <span class='ocrx_word' id='word_1_158' title='bbox 3475 1134 3555 1192; x_wconf 91' lang='lat' dir='ltr'><strong>vel</strong></span> <span class='ocrx_word' id='word_1_159' title='bbox 3622 1135 3693 1190; x_wconf 91' lang='lat' dir='ltr'><strong>ad</strong></span> 
     </span>
    </p>
   </div>
   <div class='ocr_carea' id='block_1_12' title="bbox 328 1220 3696 1297">
    <p class='ocr_par' dir='ltr' id='par_1_12' title="bbox 328 1220 3696 1297">
     <span class='ocr_line' id='line_1_12' title="bbox 328 1220 3696 1297; baseline 0.001 -23"><span class='ocrx_word' id='word_1_160' title='bbox 328 1220 777 1290; x_wconf 89' lang='lat' dir='ltr'><strong>semidnplicibus</strong></span> <span class='ocrx_word' id='word_1_161' title='bbox 813 1224 1005 1293; x_wconf 87' lang='lat' dir='ltr'><strong>quinta</strong></span> <span class='ocrx_word' id='word_1_162' title='bbox 1051 1238 1176 1280; x_wconf 90' lang='lat' dir='ltr'><strong>cum</strong></span> <span class='ocrx_word' id='word_1_163' title='bbox 1223 1225 1470 1293; x_wconf 90' lang='lat' dir='ltr'><strong>dimidia,</strong></span> <span class='ocrx_word' id='word_1_164' title='bbox 1520 1226 1575 1282; x_wconf 89' lang='lat' dir='ltr'><strong>in</strong></span> <span class='ocrx_word' id='word_1_165' title='bbox 1622 1225 1966 1297; x_wconf 86' lang='lat' dir='ltr'><strong>simplicibus</strong></span> <span class='ocrx_word' id='word_1_166' title='bbox 2044 1237 2222 1278; x_wconf 82' lang='lat' dir='ltr'><em>eorum</em></span> <span class='ocrx_word' id='word_1_167' title='bbox 2250 1223 2817 1279; x_wconf 85' lang='lat' dir='ltr'><em>vicariosdesecunda</em></span> <span class='ocrx_word' id='word_1_168' title='bbox 2835 1225 2995 1290; x_wconf 88' lang='lat' dir='ltr'><em>sede,-</em></span> <span class='ocrx_word' id='word_1_169' title='bbox 3040 1233 3284 1297; x_wconf 88' lang='lat' dir='ltr'><em>pastores</em></span> <span class='ocrx_word' id='word_1_170' title='bbox 3326 1227 3580 1284; x_wconf 86' lang='lat' dir='ltr'><em>intrantes</em></span> <span class='ocrx_word' id='word_1_171' title='bbox 3598 1236 3696 1295; x_wconf 84' lang='lat' dir='ltr'><strong>per</strong></span> 
     </span>
    </p>
   </div>
   <div class='ocr_carea' id='block_1_13' title="bbox 327 1309 1341 1384">
    <p class='ocr_par' dir='ltr' id='par_1_13' title="bbox 327 1309 1341 1384">
     <span class='ocr_line' id='line_1_13' title="bbox 327 1309 1341 1384; baseline 0.005 -20"><span class='ocrx_word' id='word_1_172' title='bbox 327 1317 502 1365; x_wconf 84' lang='lat' dir='ltr'><strong>autem</strong></span> <span class='ocrx_word' id='word_1_173' title='bbox 532 1317 587 1365; x_wconf 90' lang='lat' dir='ltr'><strong>et</strong></span> <span class='ocrx_word' id='word_1_174' title='bbox 616 1309 770 1367; x_wconf 88' lang='lat' dir='ltr'><strong>feriis</strong></span> <span class='ocrx_word' id='word_1_175' title='bbox 806 1316 960 1368; x_wconf 85' lang='lat' dir='ltr'><strong>sexta</strong></span> <span class='ocrx_word' id='word_1_176' title='bbox 989 1314 1341 1384; x_wconf 85' lang='lat' dir='ltr'><strong>persolvitur.</strong></span> 
     </span>
    </p>
   </div>
   <div class='ocr_carea' id='block_1_14' title="bbox 394 1397 1964 1473">
    <p class='ocr_par' dir='ltr' id='par_1_14' title="bbox 394 1397 1964 1473">
     <span class='ocr_line' id='line_1_14' title="bbox 394 1397 1964 1473; baseline 0.005 -22"><span class='ocrx_word' id='word_1_177' title='bbox 394 1397 538 1465; x_wconf 89' lang='lat'>(106)</span> <span class='ocrx_word' id='word_1_178' title='bbox 578 1401 942 1457; x_wconf 86' lang='lat' dir='ltr'><em>Invitatorium</em></span> <span class='ocrx_word' id='word_1_179' title='bbox 989 1418 1022 1458; x_wconf 90' lang='lat' dir='ltr'><strong>a</strong></span> <span class='ocrx_word' id='word_1_180' title='bbox 1069 1407 1294 1473; x_wconf 87' lang='lat' dir='ltr'><em>quatuor</em></span> <span class='ocrx_word' id='word_1_181' title='bbox 1338 1402 1543 1458; x_wconf 86' lang='lat' dir='ltr'><em>clericis</em></span> <span class='ocrx_word' id='word_1_182' title='bbox 1579 1408 1834 1459; x_wconf 89' lang='lat' dir='ltr'><em>cantetur.</em></span> <span class='ocrx_word' id='word_1_183' title='bbox 1875 1404 1964 1459; x_wconf 89' lang='lat' dir='ltr'><strong>In-</strong></span> 
     </span>
    </p>
   </div>
   <div class='ocr_carea' id='block_1_15' title="bbox 326 1486 1960 1562">
    <p class='ocr_par' dir='ltr' id='par_1_15' title="bbox 326 1486 1960 1562">
     <span class='ocr_line' id='line_1_15' title="bbox 326 1486 1960 1562; baseline 0.006 -23"><span class='ocrx_word' id='word_1_184' title='bbox 326 1486 630 1544; x_wconf 88' lang='lat' dir='ltr'><strong>vitatorium</strong></span> <span class='ocrx_word' id='word_1_185' title='bbox 660 1504 691 1544; x_wconf 87' lang='lat' dir='ltr'><strong>a</strong></span> <span class='ocrx_word' id='word_1_186' title='bbox 720 1499 957 1560; x_wconf 87' lang='lat' dir='ltr'><strong>quatuor</strong></span> <span class='ocrx_word' id='word_1_187' title='bbox 984 1492 1224 1561; x_wconf 87' lang='lat' dir='ltr'><strong>clericis,</strong></span> <span class='ocrx_word' id='word_1_188' title='bbox 1255 1494 1473 1550; x_wconf 83' lang='lat' dir='ltr'><strong>scilicet</strong></span> <span class='ocrx_word' id='word_1_189' title='bbox 1508 1493 1698 1562; x_wconf 87' lang='lat' dir='ltr'><strong>cappis</strong></span> <span class='ocrx_word' id='word_1_190' title='bbox 1730 1493 1960 1560; x_wconf 87' lang='lat' dir='ltr'><strong>indutis,</strong></span> 
     </span>
    </p>
   </div>
   <div class='ocr_carea' id='block_1_16' title="bbox 328 1577 1956 1653">
    <p class='ocr_par' dir='ltr' id='par_1_16' title="bbox 328 1577 1956 1653">
     <span class='ocr_line' id='line_1_16' title="bbox 328 1577 1956 1653; baseline 0.006 -23"><span class='ocrx_word' id='word_1_191' title='bbox 328 1577 557 1643; x_wconf 88' lang='lat' dir='ltr'><strong>canitur,</strong></span> <span class='ocrx_word' id='word_1_192' title='bbox 587 1584 647 1633; x_wconf 89' lang='lat' dir='ltr'><strong>ut</strong></span> <span class='ocrx_word' id='word_1_193' title='bbox 675 1578 840 1634; x_wconf 83' lang='lat' dir='ltr'><strong>habet</strong></span> <span class='ocrx_word' id='word_1_194' title='bbox 883 1581 1233 1636; x_wconf 88' lang='lat' dir='ltr'><strong>Ordinarium</strong></span> <span class='ocrx_word' id='word_1_195' title='bbox 1286 1583 1687 1652; x_wconf 77' lang='lat' dir='ltr'><strong>Rotomagense</strong></span> <span class='ocrx_word' id='word_1_196' title='bbox 1726 1596 1851 1648; x_wconf 91' lang='lat' dir='ltr'><strong>ms.,</strong></span> <span class='ocrx_word' id='word_1_197' title='bbox 1901 1598 1956 1653; x_wconf 93' lang='lat' dir='ltr'><strong>p.</strong></span> 
     </span>
    </p>
   </div>
   <div class='ocr_carea' id='block_1_17' title="bbox 2044 1312 3691 1383">
    <p class='ocr_par' dir='ltr' id='par_1_17' title="bbox 2044 1312 3691 1383">
     <span class='ocr_line' id='line_1_17' title="bbox 2044 1312 3691 1383; baseline 0.005 -18"><span class='ocrx_word' id='word_1_198' title='bbox 2044 1327 2285 1381; x_wconf 88' lang='lat' dir='ltr'><em>magnum</em></span> <span class='ocrx_word' id='word_1_199' title='bbox 2313 1314 2500 1368; x_wconf 88' lang='lat' dir='ltr'><em>ostium</em></span> <span class='ocrx_word' id='word_1_200' title='bbox 2538 1312 2703 1378; x_wconf 87' lang='lat' dir='ltr'><em>chori,</em></span> <span class='ocrx_word' id='word_1_201' title='bbox 2735 1328 2829 1383; x_wconf 90' lang='lat' dir='ltr'><strong>per</strong></span> <span class='ocrx_word' id='word_1_202' title='bbox 2875 1314 3098 1369; x_wconf 88' lang='lat' dir='ltr'><em>medium</em></span> <span class='ocrx_word' id='word_1_203' title='bbox 3158 1315 3303 1371; x_wconf 89' lang='lat' dir='ltr'><em>chori</em></span> <span class='ocrx_word' id='word_1_204' title='bbox 3348 1319 3691 1373; x_wconf 66' lang='lat' dir='ltr'><em>transeuntes,</em></span> 
     </span>
    </p>
   </div>
   <div class='ocr_carea' id='block_1_18' title="bbox 2045 1393 3699 1475">
    <p class='ocr_par' dir='ltr' id='par_1_18' title="bbox 2045 1393 3699 1475">
     <span class='ocr_line' id='line_1_18' title="bbox 2045 1393 3699 1475; baseline -0.001 -19"><span class='ocrx_word' id='word_1_205' title='bbox 2045 1401 2116 1456; x_wconf 89' lang='lat' dir='ltr'><strong>ad</strong></span> <span class='ocrx_word' id='word_1_206' title='bbox 2144 1400 2311 1457; x_wconf 90' lang='lat' dir='ltr'><em>locum</em></span> <span class='ocrx_word' id='word_1_207' title='bbox 2358 1402 2413 1457; x_wconf 90' lang='lat' dir='ltr'><strong>in</strong></span> <span class='ocrx_word' id='word_1_208' title='bbox 2459 1417 2558 1473; x_wconf 90' lang='lat' dir='ltr'><strong>quo</strong></span> <span class='ocrx_word' id='word_1_209' title='bbox 2602 1407 2848 1473; x_wconf 85' lang='lat' dir='ltr'><em>paratum</em></span> <span class='ocrx_word' id='word_1_210' title='bbox 2893 1407 2970 1457; x_wconf 89' lang='lat' dir='ltr'><strong>est</strong></span> <span class='ocrx_word' id='word_1_211' title='bbox 3020 1393 3137 1465; x_wconf 88' lang='lat' dir='ltr'>II8</span> <span class='ocrx_word' id='word_1_212' title='bbox 3177 1418 3415 1475; x_wconf 69' lang='lat' dir='ltr'><em>praasepe</em></span> <span class='ocrx_word' id='word_1_213' title='bbox 3442 1402 3699 1461; x_wconf 81' lang='lat' dir='ltr'><em>accedant</em></span> 
     </span>
    </p>
   </div>
   <div class='ocr_carea' id='block_1_19' title="bbox 2042 1489 3695 1559">
    <p class='ocr_par' dir='ltr' id='par_1_19' title="bbox 2042 1489 3695 1559">
     <span class='ocr_line' id='line_1_19' title="bbox 2042 1489 3695 1559; baseline 0 -14"><span class='ocrx_word' id='word_1_214' title='bbox 2042 1496 2312 1547; x_wconf 87' lang='lat' dir='ltr'><em>cantantes</em></span> <span class='ocrx_word' id='word_1_215' title='bbox 2339 1491 2474 1547; x_wconf 86' lang='lat' dir='ltr'><em>hunc</em></span> <span class='ocrx_word' id='word_1_216' title='bbox 2502 1506 2705 1547; x_wconf 85' lang='lat' dir='ltr'><em>versum</em></span> <span class='ocrx_word' id='word_1_217' title='bbox 2727 1513 2743 1546; x_wconf 94' lang='lat'><em>:</em></span> <span class='ocrx_word' id='word_1_218' title='bbox 2793 1493 2902 1547; x_wconf 79' lang='lat' dir='ltr'><strong>Pax</strong></span> <span class='ocrx_word' id='word_1_219' title='bbox 2950 1489 3006 1546; x_wconf 92' lang='lat' dir='ltr'><strong>in</strong></span> <span class='ocrx_word' id='word_1_220' title='bbox 3055 1493 3238 1559; x_wconf 90' lang='lat' dir='ltr'><strong>terris,</strong></span> <span class='ocrx_word' id='word_1_221' title='bbox 3289 1499 3398 1547; x_wconf 90' lang='lat' dir='ltr'><strong>etc.</strong></span> <span class='ocrx_word' id='word_1_222' title='bbox 3449 1492 3695 1550; x_wconf 89' lang='lat' dir='ltr'><em>Salutent</em></span> 
     </span>
    </p>
   </div>
   <div class='ocr_carea' id='block_1_20' title="bbox 2042 1581 3697 1653">
    <p class='ocr_par' dir='ltr' id='par_1_20' title="bbox 2042 1581 3697 1653">
     <span class='ocr_line' id='line_1_20' title="bbox 2042 1581 3697 1653; baseline 0 -18"><span class='ocrx_word' id='word_1_223' title='bbox 2042 1584 2282 1651; x_wconf 85' lang='lat' dir='ltr'><em>pastores</em></span> <span class='ocrx_word' id='word_1_224' title='bbox 2324 1582 2652 1650; x_wconf 82' lang='lat' dir='ltr'><em>Virginem...</em></span> <span class='ocrx_word' id='word_1_225' title='bbox 2691 1584 2833 1649; x_wconf 78' lang='lat' dir='ltr'><em>Tunc</em></span> <span class='ocrx_word' id='word_1_226' title='bbox 2862 1581 2971 1636; x_wconf 89' lang='lat' dir='ltr'><em>viso</em></span> <span class='ocrx_word' id='word_1_227' title='bbox 2999 1596 3161 1653; x_wconf 89' lang='lat' dir='ltr'><em>puero</em></span> <span class='ocrx_word' id='word_1_228' title='bbox 3190 1585 3429 1652; x_wconf 81' lang='lat' dir='ltr'><em>pastores</em></span> <span class='ocrx_word' id='word_1_229' title='bbox 3476 1581 3697 1636; x_wconf 85' lang='lat' dir='ltr'><em>adorent</em></span> 
     </span>
    </p>
   </div>
   <div class='ocr_carea' id='block_1_21' title="bbox 332 1665 3698 1741">
    <p class='ocr_par' dir='ltr' id='par_1_21' title="bbox 332 1665 3698 1741">
     <span class='ocr_line' id='line_1_21' title="bbox 332 1665 3698 1741; baseline 0.002 -24"><span class='ocrx_word' id='word_1_230' title='bbox 332 1665 541 1722; x_wconf 80' lang='grc' dir='ltr'><strong>17;Αά</strong></span> <span class='ocrx_word' id='word_1_231' title='bbox 578 1667 885 1723; x_wconf 86' lang='lat' dir='ltr'><em>matutinum</em></span> <span class='ocrx_word' id='word_1_232' title='bbox 931 1669 1292 1726; x_wconf 81' lang='lat' dir='ltr'><em>invitatoriam</em></span> <span class='ocrx_word' id='word_1_233' title='bbox 1339 1675 1562 1741; x_wconf 86' lang='lat' dir='ltr'><em>quatuor</em></span> <span class='ocrx_word' id='word_1_234' title='bbox 1599 1670 1663 1725; x_wconf 90' lang='lat' dir='ltr'><strong>de</strong></span> <span class='ocrx_word' id='word_1_235' title='bbox 1691 1668 2165 1741; x_wconf 69' lang='lat' dir='ltr'><em>majoribusBcum</em></span> <span class='ocrx_word' id='word_1_236' title='bbox 2187 1712 2202 1735; x_wconf 96' lang='lat'><em>,</em></span> <span class='ocrx_word' id='word_1_237' title='bbox 2251 1671 2430 1727; x_wconf 88' lang='lat' dir='ltr'><em>Finita</em></span> <span class='ocrx_word' id='word_1_238' title='bbox 2479 1671 2659 1740; x_wconf 87' lang='lat' dir='ltr'><em>missa,</em></span> <span class='ocrx_word' id='word_1_239' title='bbox 2711 1671 2961 1726; x_wconf 85' lang='lat' dir='ltr'><em>sacerdos</em></span> <span class='ocrx_word' id='word_1_240' title='bbox 3009 1672 3098 1741; x_wconf 90' lang='lat' dir='ltr'><strong>qui</strong></span> <span class='ocrx_word' id='word_1_241' title='bbox 3142 1671 3354 1726; x_wconf 87' lang='lat' dir='ltr'><em>missam</em></span> <span class='ocrx_word' id='word_1_242' title='bbox 3409 1668 3698 1725; x_wconf 82' lang='lat' dir='ltr'><em>cantavcrit</em></span> 
     </span>
    </p>
   </div>
   <div class='ocr_carea' id='block_1_22' title="bbox 327 1755 1640 1828">
    <p class='ocr_par' dir='ltr' id='par_1_22' title="bbox 327 1755 1640 1828">
     <span class='ocr_line' id='line_1_22' title="bbox 327 1755 1640 1828; baseline 0.006 -20"><span class='ocrx_word' id='word_1_243' title='bbox 327 1755 380 1808; x_wconf 88' lang='lat' dir='ltr'><strong>in</strong></span> <span class='ocrx_word' id='word_1_244' title='bbox 416 1757 627 1828; x_wconf 89' lang='lat' dir='ltr'><em>cappis:</em></span> <span class='ocrx_word' id='word_1_245' title='bbox 658 1757 908 1814; x_wconf 90' lang='lat' dir='ltr'><strong>Christus</strong></span> <span class='ocrx_word' id='word_1_246' title='bbox 945 1766 1105 1815; x_wconf 90' lang='lat' dir='ltr'><strong>natus</strong></span> <span class='ocrx_word' id='word_1_247' title='bbox 1133 1767 1218 1815; x_wconf 89' lang='lat' dir='ltr'><strong>est</strong></span> <span class='ocrx_word' id='word_1_248' title='bbox 1245 1759 1391 1816; x_wconf 89' lang='lat' dir='ltr'><em>Psal.</em></span> <span class='ocrx_word' id='word_1_249' title='bbox 1426 1760 1640 1816; x_wconf 79' lang='lat' dir='ltr'><em>Venite.</em></span> 
     </span>
    </p>
   </div>
   <div class='ocr_carea' id='block_1_23' title="bbox 400 1844 1969 1921">
    <p class='ocr_par' dir='ltr' id='par_1_23' title="bbox 400 1844 1969 1921">
     <span class='ocr_line' id='line_1_23' title="bbox 400 1844 1969 1921; baseline 0.006 -24"><span class='ocrx_word' id='word_1_250' title='bbox 400 1844 537 1913; x_wconf 91' lang='lat'><strong>(107)</strong></span> <span class='ocrx_word' id='word_1_251' title='bbox 580 1847 827 1915; x_wconf 87' lang='lat' dir='ltr'><em>Tertium,</em></span> <span class='ocrx_word' id='word_1_252' title='bbox 874 1853 1101 1917; x_wconf 68' lang='lat' dir='ltr'><em>sextum,</em></span> <span class='ocrx_word' id='word_1_253' title='bbox 1150 1864 1341 1904; x_wconf 89' lang='lat' dir='ltr'><em>nonum</em></span> <span class='ocrx_word' id='word_1_254' title='bbox 1386 1850 1566 1921; x_wconf 86' lang='lat' dir='ltr'><em>cappis</em></span> <span class='ocrx_word' id='word_1_255' title='bbox 1609 1849 1795 1906; x_wconf 87' lang='lat' dir='ltr'><em>induti.</em></span> <span class='ocrx_word' id='word_1_256' title='bbox 1846 1852 1969 1907; x_wconf 90' lang='lat' dir='ltr'><strong>Ter-</strong></span> 
     </span>
    </p>
   </div>
   <div class='ocr_carea' id='block_1_24' title="bbox 267 1932 1968 2008">
    <p class='ocr_par' dir='ltr' id='par_1_24' title="bbox 267 1932 1968 2008">
     <span class='ocr_line' id='line_1_24' title="bbox 267 1932 1968 2008; baseline 0.006 -21"><span class='ocrx_word' id='word_1_257' title='bbox 267 1938 279 1949; x_wconf 84' lang='lat'><strong><em>&#39;</em></strong></span> <span class='ocrx_word' id='word_1_258' title='bbox 326 1932 453 1989; x_wconf 89' lang='lat' dir='ltr'><strong>tium</strong></span> <span class='ocrx_word' id='word_1_259' title='bbox 481 1940 539 1989; x_wconf 91' lang='lat' dir='ltr'><strong>et</strong></span> <span class='ocrx_word' id='word_1_260' title='bbox 566 1940 779 1991; x_wconf 86' lang='lat' dir='ltr'><strong>sextum</strong></span> <span class='ocrx_word' id='word_1_261' title='bbox 812 1951 1061 2008; x_wconf 91' lang='lat' dir='ltr'><strong>respons.</strong></span> <span class='ocrx_word' id='word_1_262' title='bbox 1094 1952 1125 1993; x_wconf 90' lang='lat' dir='ltr'><strong>a</strong></span> <span class='ocrx_word' id='word_1_263' title='bbox 1165 1938 1343 1994; x_wconf 87' lang='lat' dir='ltr'><strong>tribus</strong></span> <span class='ocrx_word' id='word_1_264' title='bbox 1391 1939 1643 2008; x_wconf 88' lang='lat' dir='ltr'><strong>cappatis</strong></span> <span class='ocrx_word' id='word_1_265' title='bbox 1673 1946 1968 2000; x_wconf 87' lang='lat' dir='ltr'><strong>canuntur.</strong></span> 
     </span>
    </p>
   </div>
   <div class='ocr_carea' id='block_1_25' title="bbox 326 2028 1970 2096">
    <p class='ocr_par' dir='ltr' id='par_1_25' title="bbox 326 2028 1970 2096">
     <span class='ocr_line' id='line_1_25' title="bbox 326 2028 1970 2096; baseline 0.004 -18"><span class='ocrx_word' id='word_1_266' title='bbox 326 2037 524 2079; x_wconf 90' lang='lat' dir='ltr'><strong>nonum</strong></span> <span class='ocrx_word' id='word_1_267' title='bbox 589 2028 769 2080; x_wconf 87' lang='lat' dir='ltr'><strong>autem</strong></span> <span class='ocrx_word' id='word_1_268' title='bbox 833 2040 863 2080; x_wconf 90' lang='lat' dir='ltr'><strong>a</strong></span> <span class='ocrx_word' id='word_1_269' title='bbox 928 2034 1168 2096; x_wconf 88' lang='lat' dir='ltr'><strong>quatuor</strong></span> <span class='ocrx_word' id='word_1_270' title='bbox 1228 2029 1322 2096; x_wconf 89' lang='lat' dir='ltr'><strong>qui</strong></span> <span class='ocrx_word' id='word_1_271' title='bbox 1380 2028 1721 2083; x_wconf 87' lang='lat' dir='ltr'><strong>cantaverint</strong></span> <span class='ocrx_word' id='word_1_272' title='bbox 1776 2028 1970 2084; x_wconf 86' lang='lat' dir='ltr'><strong>invita-</strong></span> 
     </span>
    </p>
   </div>
   <div class='ocr_carea' id='block_1_26' title="bbox 323 2112 543 2168">
    <p class='ocr_par' dir='ltr' id='par_1_26' title="bbox 323 2112 543 2168">
     <span class='ocr_line' id='line_1_26' title="bbox 323 2112 543 2168; baseline -0.005 -2"><span class='ocrx_word' id='word_1_273' title='bbox 323 2112 543 2168; x_wconf 90' lang='lat' dir='ltr'><strong>torium.</strong></span> 
     </span>
    </p>
   </div>
   <div class='ocr_carea' id='block_1_27' title="bbox 388 2200 1965 2275">
    <p class='ocr_par' dir='ltr' id='par_1_27' title="bbox 388 2200 1965 2275">
     <span class='ocr_line' id='line_1_27' title="bbox 388 2200 1965 2275; baseline 0.005 -20"><span class='ocrx_word' id='word_1_274' title='bbox 388 2200 531 2272; x_wconf 85' lang='lat'>(108)</span> <span class='ocrx_word' id='word_1_275' title='bbox 592 2204 657 2257; x_wconf 90' lang='lat' dir='ltr'><em>In</em></span> <span class='ocrx_word' id='word_1_276' title='bbox 719 2204 975 2272; x_wconf 88' lang='lat' dir='ltr'><em>secundo,</em></span> <span class='ocrx_word' id='word_1_277' title='bbox 1043 2205 1219 2275; x_wconf 83' lang='lat' dir='ltr'><em>quinto</em></span> <span class='ocrx_word' id='word_1_278' title='bbox 1276 2211 1325 2261; x_wconf 89' lang='lat' dir='ltr'><strong>et</strong></span> <span class='ocrx_word' id='word_1_279' title='bbox 1364 2210 1569 2262; x_wconf 91' lang='lat' dir='ltr'><em>octavo.</em></span> <span class='ocrx_word' id='word_1_280' title='bbox 1620 2206 1965 2263; x_wconf 89' lang='lat' dir='ltr'><strong>Ordinarium</strong></span> 
     </span>
    </p>
   </div>
   <div class='ocr_carea' id='block_1_28' title="bbox 318 2289 1962 2366">
    <p class='ocr_par' dir='ltr' id='par_1_28' title="bbox 318 2289 1962 2366">
     <span class='ocr_line' id='line_1_28' title="bbox 318 2289 1962 2366; baseline 0.004 -21"><span class='ocrx_word' id='word_1_281' title='bbox 318 2289 581 2347; x_wconf 72' lang='lat' dir='ltr'><strong>Ecclesiae</strong></span> <span class='ocrx_word' id='word_1_282' title='bbox 613 2290 669 2345; x_wconf 93' lang='lat' dir='ltr'><strong>in</strong></span> <span class='ocrx_word' id='word_1_283' title='bbox 700 2291 921 2347; x_wconf 90' lang='lat' dir='ltr'><strong>rubrica</strong></span> <span class='ocrx_word' id='word_1_284' title='bbox 951 2291 1020 2348; x_wconf 85' lang='lat' dir='ltr'><strong>de</strong></span> <span class='ocrx_word' id='word_1_285' title='bbox 1051 2294 1332 2349; x_wconf 80' lang='lat' dir='ltr'><strong>Matutinis</strong></span> <span class='ocrx_word' id='word_1_286' title='bbox 1350 2292 1615 2351; x_wconf 89' lang='lat' dir='ltr'><strong>festorum</strong></span> <span class='ocrx_word' id='word_1_287' title='bbox 1642 2296 1962 2366; x_wconf 89' lang='lat' dir='ltr'><strong>triplicium:</strong></span> 
     </span>
    </p>
   </div>
   <div class='ocr_carea' id='block_1_29' title="bbox 316 2378 1968 2457">
    <p class='ocr_par' dir='ltr' id='par_1_29' title="bbox 316 2378 1968 2457">
     <span class='ocr_line' id='line_1_29' title="bbox 316 2378 1968 2457; baseline 0.004 -23"><span class='ocrx_word' id='word_1_288' title='bbox 316 2378 531 2434; x_wconf 77' lang='lat' dir='ltr'><em>Altaria</em></span> <span class='ocrx_word' id='word_1_289' title='bbox 574 2379 902 2436; x_wconf 87' lang='lat' dir='ltr'><em>incensenlur</em></span> <span class='ocrx_word' id='word_1_290' title='bbox 951 2385 1000 2436; x_wconf 91' lang='lat' dir='ltr'><strong>ct</strong></span> <span class='ocrx_word' id='word_1_291' title='bbox 1046 2381 1231 2437; x_wconf 85' lang='lat' dir='ltr'><em>chorus</em></span> <span class='ocrx_word' id='word_1_292' title='bbox 1280 2382 1350 2437; x_wconf 83' lang='lat' dir='ltr'><strong>ad</strong></span> <span class='ocrx_word' id='word_1_293' title='bbox 1386 2383 1693 2453; x_wconf 87' lang='lat' dir='ltr'><em>secundam,</em></span> <span class='ocrx_word' id='word_1_294' title='bbox 1735 2393 1783 2440; x_wconf 90' lang='lat' dir='ltr'><strong>et</strong></span> <span class='ocrx_word' id='word_1_295' title='bbox 1822 2387 1968 2457; x_wconf 86' lang='lat' dir='ltr'><em>quin-</em></span> 
     </span>
    </p>
   </div>
   <div class='ocr_carea' id='block_1_30' title="bbox 314 2466 1966 2543">
    <p class='ocr_par' dir='ltr' id='par_1_30' title="bbox 314 2466 1966 2543">
     <span class='ocr_line' id='line_1_30' title="bbox 314 2466 1966 2543; baseline 0.004 -20"><span class='ocrx_word' id='word_1_296' title='bbox 314 2472 441 2534; x_wconf 86' lang='lat' dir='ltr'><em>tam,</em></span> <span class='ocrx_word' id='word_1_297' title='bbox 514 2473 562 2522; x_wconf 90' lang='lat' dir='ltr'><strong>et</strong></span> <span class='ocrx_word' id='word_1_298' title='bbox 628 2473 863 2523; x_wconf 85' lang='lat' dir='ltr'><em>octavam</em></span> <span class='ocrx_word' id='word_1_299' title='bbox 925 2466 1189 2535; x_wconf 86' lang='lat' dir='ltr'><em>lectiones,</em></span> <span class='ocrx_word' id='word_1_300' title='bbox 1257 2475 1305 2524; x_wconf 91' lang='lat' dir='ltr'><strong>et</strong></span> <span class='ocrx_word' id='word_1_301' title='bbox 1372 2470 1541 2526; x_wconf 88' lang='lat' dir='ltr'><em>altare</em></span> <span class='ocrx_word' id='word_1_302' title='bbox 1597 2473 1669 2527; x_wconf 88' lang='lat' dir='ltr'><strong>ad</strong></span> <span class='ocrx_word' id='word_1_303' title='bbox 1727 2476 1966 2543; x_wconf 82' lang='lat' dir='ltr'><em>Evange-</em></span> 
     </span>
    </p>
   </div>
   <div class='ocr_carea' id='block_1_31' title="bbox 317 2554 596 2611">
    <p class='ocr_par' dir='ltr' id='par_1_31' title="bbox 317 2554 596 2611">
     <span class='ocr_line' id='line_1_31' title="bbox 317 2554 596 2611; baseline 0 0"><span class='ocrx_word' id='word_1_304' title='bbox 317 2554 460 2611; x_wconf 83' lang='lat' dir='ltr'><em>lium.</em></span> <span class='ocrx_word' id='word_1_305' title='bbox 497 2557 596 2611; x_wconf 78' lang='lat' dir='ltr'><strong>Pa.</strong></span> 
     </span>
    </p>
   </div>
   <div class='ocr_carea' id='block_1_32' title="bbox 397 2636 1966 2718">
    <p class='ocr_par' dir='ltr' id='par_1_32' title="bbox 397 2636 1966 2718">
     <span class='ocr_line' id='line_1_32' title="bbox 397 2636 1966 2718; baseline 0 -14"><span class='ocrx_word' id='word_1_306' title='bbox 397 2636 411 2704; x_wconf 91' lang='grc' dir='ltr'><strong>Ι</strong></span> <span class='ocrx_word' id='word_1_307' title='bbox 442 2636 527 2704; x_wconf 88' lang='grc'><strong>17</strong></span> <span class='ocrx_word' id='word_1_308' title='bbox 559 2646 622 2699; x_wconf 89' lang='lat' dir='ltr'><strong>In</strong></span> <span class='ocrx_word' id='word_1_309' title='bbox 653 2644 889 2702; x_wconf 88' lang='lat' dir='ltr'><strong>ecclesia</strong></span> <span class='ocrx_word' id='word_1_310' title='bbox 917 2646 1221 2702; x_wconf 88' lang='lat' dir='ltr'><strong>cathedrali</strong></span> <span class='ocrx_word' id='word_1_311' title='bbox 1259 2651 1315 2702; x_wconf 88' lang='lat' dir='ltr'><strong>et</strong></span> <span class='ocrx_word' id='word_1_312' title='bbox 1351 2646 1406 2703; x_wconf 91' lang='lat' dir='ltr'><strong>in</strong></span> <span class='ocrx_word' id='word_1_313' title='bbox 1460 2646 1584 2702; x_wconf 89' lang='lat' dir='ltr'><strong>aliis</strong></span> <span class='ocrx_word' id='word_1_314' title='bbox 1631 2648 1966 2718; x_wconf 88' lang='lat' dir='ltr'><strong>parochiali-</strong></span> 
     </span>
    </p>
   </div>
   <div class='ocr_carea' id='block_1_33' title="bbox 319 2732 1970 2808">
    <p class='ocr_par' dir='ltr' id='par_1_33' title="bbox 319 2732 1970 2808">
     <span class='ocr_line' id='line_1_33' title="bbox 319 2732 1970 2808; baseline 0.003 -20"><span class='ocrx_word' id='word_1_315' title='bbox 319 2732 416 2788; x_wconf 90' lang='lat' dir='ltr'><strong>bus</strong></span> <span class='ocrx_word' id='word_1_316' title='bbox 452 2733 711 2790; x_wconf 90' lang='lat' dir='ltr'><strong>ecclesiis</strong></span> <span class='ocrx_word' id='word_1_317' title='bbox 763 2735 1023 2792; x_wconf 79' lang='lat' dir='ltr'><strong>diceeesis</strong></span> <span class='ocrx_word' id='word_1_318' title='bbox 1068 2736 1511 2806; x_wconf 79' lang='lat' dir='ltr'><strong>Rotomagensis,</strong></span> <span class='ocrx_word' id='word_1_319' title='bbox 1560 2737 1628 2792; x_wconf 88' lang='lat' dir='ltr'><strong>ad</strong></span> <span class='ocrx_word' id='word_1_320' title='bbox 1678 2752 1970 2808; x_wconf 89' lang='lat' dir='ltr'><strong>responso-</strong></span> 
     </span>
    </p>
   </div>
   <div class='ocr_carea' id='block_1_34' title="bbox 319 2822 1739 2893">
    <p class='ocr_par' dir='ltr' id='par_1_34' title="bbox 319 2822 1739 2893">
     <span class='ocr_line' id='line_1_34' title="bbox 319 2822 1739 2893; baseline 0.004 -17"><span class='ocrx_word' id='word_1_321' title='bbox 319 2822 394 2877; x_wconf 88' lang='lat' dir='ltr'><strong>ria</strong></span> <span class='ocrx_word' id='word_1_322' title='bbox 418 2836 701 2893; x_wconf 89' lang='lat' dir='ltr'><strong>nunquam</strong></span> <span class='ocrx_word' id='word_1_323' title='bbox 731 2824 1079 2879; x_wconf 86' lang='lat' dir='ltr'><strong>thuriticatur</strong></span> <span class='ocrx_word' id='word_1_324' title='bbox 1108 2824 1313 2880; x_wconf 88' lang='lat' dir='ltr'><strong>chorus</strong></span> <span class='ocrx_word' id='word_1_325' title='bbox 1343 2824 1398 2879; x_wconf 92' lang='lat' dir='ltr'><strong>in</strong></span> <span class='ocrx_word' id='word_1_326' title='bbox 1432 2826 1739 2881; x_wconf 88' lang='lat' dir='ltr'><strong>nocturnis.</strong></span> 
     </span>
    </p>
   </div>
   <div class='ocr_carea' id='block_1_35' title="bbox 388 2911 1944 2987">
    <p class='ocr_par' dir='ltr' id='par_1_35' title="bbox 388 2911 1944 2987">
     <span class='ocr_line' id='line_1_35' title="bbox 388 2911 1944 2987; baseline 0.004 -22"><span class='ocrx_word' id='word_1_327' title='bbox 388 2911 528 2983; x_wconf 87' lang='lat'><strong>(109)</strong></span> <span class='ocrx_word' id='word_1_328' title='bbox 584 2914 855 2970; x_wconf 87' lang='lat' dir='ltr'><em>Lectiones</em></span> <span class='ocrx_word' id='word_1_329' title='bbox 900 2914 1055 2985; x_wconf 83' lang='lat' dir='ltr'><em>primi</em></span> <span class='ocrx_word' id='word_1_330' title='bbox 1102 2914 1341 2969; x_wconf 88' lang='lat' dir='ltr'><em>nocturni</em></span> <span class='ocrx_word' id='word_1_331' title='bbox 1379 2914 1444 2969; x_wconf 89' lang='lat' dir='ltr'><strong>de</strong></span> <span class='ocrx_word' id='word_1_332' title='bbox 1484 2914 1755 2987; x_wconf 86' lang='lat' dir='ltr'><em>prophetis</em></span> <span class='ocrx_word' id='word_1_333' title='bbox 1795 2922 1944 2972; x_wconf 89' lang='lat' dir='ltr'><em>erunt</em></span> 
     </span>
    </p>
   </div>
   <div class='ocr_carea' id='block_1_36' title="bbox 2049 1756 3695 1830">
    <p class='ocr_par' dir='ltr' id='par_1_36' title="bbox 2049 1756 3695 1830">
     <span class='ocr_line' id='line_1_36' title="bbox 2049 1756 3695 1830; baseline -0.001 -18"><span class='ocrx_word' id='word_1_334' title='bbox 2049 1763 2217 1814; x_wconf 82' lang='lat' dir='ltr'><em>vertat</em></span> <span class='ocrx_word' id='word_1_335' title='bbox 2263 1775 2321 1814; x_wconf 89' lang='lat' dir='ltr'><strong>se</strong></span> <span class='ocrx_word' id='word_1_336' title='bbox 2367 1774 2547 1815; x_wconf 87' lang='lat' dir='ltr'><em>versus</em></span> <span class='ocrx_word' id='word_1_337' title='bbox 2584 1765 2848 1830; x_wconf 87' lang='lat' dir='ltr'><em>pastores,</em></span> <span class='ocrx_word' id='word_1_338' title='bbox 2898 1765 2948 1815; x_wconf 91' lang='lat' dir='ltr'><strong>et</strong></span> <span class='ocrx_word' id='word_1_339' title='bbox 2995 1760 3177 1816; x_wconf 86' lang='lat' dir='ltr'><em>dicat:</em></span> <span class='ocrx_word' id='word_1_340' title='bbox 3231 1760 3403 1827; x_wconf 85' lang='lat' dir='ltr'><strong>Quem</strong></span> <span class='ocrx_word' id='word_1_341' title='bbox 3459 1756 3695 1823; x_wconf 84' lang='lat' dir='ltr'><strong>vidistis,</strong></span> 
     </span>
    </p>
   </div>
   <div class='ocr_carea' id='block_1_37' title="bbox 2052 1845 3700 1917">
    <p class='ocr_par' dir='ltr' id='par_1_37' title="bbox 2052 1845 3700 1917">
     <span class='ocr_line' id='line_1_37' title="bbox 2052 1845 3700 1917; baseline -0.001 -15"><span class='ocrx_word' id='word_1_342' title='bbox 2052 1854 2342 1917; x_wconf 83' lang='lat' dir='ltr'><strong>pastores?</strong></span> <span class='ocrx_word' id='word_1_343' title='bbox 2406 1848 2596 1916; x_wconf 91' lang='lat' dir='ltr'><strong>dicite,</strong></span> <span class='ocrx_word' id='word_1_344' title='bbox 2662 1849 2984 1905; x_wconf 87' lang='lat' dir='ltr'><strong>annuntiate</strong></span> <span class='ocrx_word' id='word_1_345' title='bbox 3049 1848 3212 1905; x_wconf 92' lang='lat' dir='ltr'><strong>nobis</strong></span> <span class='ocrx_word' id='word_1_346' title='bbox 3266 1848 3323 1904; x_wconf 93' lang='lat' dir='ltr'><strong>in</strong></span> <span class='ocrx_word' id='word_1_347' title='bbox 3382 1845 3547 1903; x_wconf 90' lang='lat' dir='ltr'><strong>terris</strong></span> <span class='ocrx_word' id='word_1_348' title='bbox 3573 1845 3700 1915; x_wconf 88' lang='lat' dir='ltr'><strong>quis</strong></span> 
     </span>
    </p>
   </div>
   <div class='ocr_carea' id='block_1_38' title="bbox 2050 1936 3693 2009">
    <p class='ocr_par' dir='ltr' id='par_1_38' title="bbox 2050 1936 3693 2009">
     <span class='ocr_line' id='line_1_38' title="bbox 2050 1936 3693 2009; baseline -0.001 -19"><span class='ocrx_word' id='word_1_349' title='bbox 2050 1937 2322 2007; x_wconf 86' lang='lat' dir='ltr'><strong>apparuit.</strong></span> <span class='ocrx_word' id='word_1_350' title='bbox 2355 1940 2602 1993; x_wconf 88' lang='lat' dir='ltr'><em>Pastores</em></span> <span class='ocrx_word' id='word_1_351' title='bbox 2632 1938 2981 2009; x_wconf 86' lang='lat' dir='ltr'><em>respondeant</em></span> <span class='ocrx_word' id='word_1_352' title='bbox 3001 1958 3017 1991; x_wconf 91' lang='lat'><strong><em>:</em></strong></span> <span class='ocrx_word' id='word_1_353' title='bbox 3047 1939 3243 1993; x_wconf 90' lang='lat' dir='ltr'><strong>Natum</strong></span> <span class='ocrx_word' id='word_1_354' title='bbox 3272 1936 3528 2002; x_wconf 86' lang='lat' dir='ltr'><strong>vidimus,</strong></span> <span class='ocrx_word' id='word_1_355' title='bbox 3560 1941 3693 1998; x_wconf 86' lang='lat' dir='ltr'><strong>etc.,</strong></span> 
     </span>
    </p>
   </div>
   <div class='ocr_carea' id='block_1_39' title="bbox 2125 2022 3697 2099">
    <p class='ocr_par' dir='ltr' id='par_1_39' title="bbox 2125 2022 3697 2099">
     <span class='ocr_line' id='line_1_39' title="bbox 2125 2022 3697 2099; baseline 0 -20"><span class='ocrx_word' id='word_1_356' title='bbox 2125 2025 2280 2097; x_wconf 89' lang='lat'><strong>(113)</strong></span> <span class='ocrx_word' id='word_1_357' title='bbox 2311 2028 2533 2083; x_wconf 80' lang='lat' dir='ltr'><em>Missam</em></span> <span class='ocrx_word' id='word_1_358' title='bbox 2571 2025 2848 2095; x_wconf 77' lang='lat' dir='ltr'><em>celebrent,</em></span> <span class='ocrx_word' id='word_1_359' title='bbox 2898 2042 3050 2099; x_wconf 89' lang='lat' dir='ltr'><em>quam</em></span> <span class='ocrx_word' id='word_1_360' title='bbox 3104 2026 3420 2083; x_wconf 83' lang='lat' dir='ltr'><em>secretarius</em></span> <span class='ocrx_word' id='word_1_361' title='bbox 3464 2022 3697 2080; x_wconf 67' lang='lat' dir='ltr'><em>ecclesia</em></span> 
     </span>
    </p>
   </div>
   <div class='ocr_carea' id='block_1_40' title="bbox 2050 2112 3696 2187">
    <p class='ocr_par' dir='ltr' id='par_1_40' title="bbox 2050 2112 3696 2187">
     <span class='ocr_line' id='line_1_40' title="bbox 2050 2112 3696 2187; baseline 0.002 -20"><span class='ocrx_word' id='word_1_362' title='bbox 2050 2112 2290 2180; x_wconf 85' lang='lat' dir='ltr'><em>celebret,</em></span> <span class='ocrx_word' id='word_1_363' title='bbox 2332 2115 2615 2171; x_wconf 90' lang='lat' dir='ltr'><em>secundam</em></span> <span class='ocrx_word' id='word_1_364' title='bbox 2660 2120 2863 2182; x_wconf 88' lang='lat' dir='ltr'><em>cantor,</em></span> <span class='ocrx_word' id='word_1_365' title='bbox 2913 2116 3120 2172; x_wconf 87' lang='lat' dir='ltr'><em>tertiam</em></span> <span class='ocrx_word' id='word_1_366' title='bbox 3150 2113 3351 2187; x_wconf 75' lang='lat' dir='ltr'><em>prwsul</em></span> <span class='ocrx_word' id='word_1_367' title='bbox 3394 2117 3485 2170; x_wconf 89' lang='lat' dir='ltr'><strong>aut</strong></span> <span class='ocrx_word' id='word_1_368' title='bbox 3533 2112 3696 2171; x_wconf 77' lang='lat' dir='ltr'><em>deca-</em></span> 
     </span>
    </p>
   </div>
   <div class='ocr_carea' id='block_1_41' title="bbox 2049 2201 3697 2277">
    <p class='ocr_par' dir='ltr' id='par_1_41' title="bbox 2049 2201 3697 2277">
     <span class='ocr_line' id='line_1_41' title="bbox 2049 2201 3697 2277; baseline 0 -21"><span class='ocrx_word' id='word_1_369' title='bbox 2049 2218 2165 2259; x_wconf 88' lang='lat' dir='ltr'><em>nus.</em></span> <span class='ocrx_word' id='word_1_370' title='bbox 2197 2204 2287 2260; x_wconf 90' lang='lat' dir='ltr'><strong>Sic</strong></span> <span class='ocrx_word' id='word_1_371' title='bbox 2333 2218 2556 2275; x_wconf 88' lang='lat' dir='ltr'><strong>quoque</strong></span> <span class='ocrx_word' id='word_1_372' title='bbox 2602 2204 2951 2262; x_wconf 88' lang='lat' dir='ltr'><strong>Ordinarium</strong></span> <span class='ocrx_word' id='word_1_373' title='bbox 2998 2206 3399 2277; x_wconf 75' lang='lat' dir='ltr'><strong>Rotomagense</strong></span> <span class='ocrx_word' id='word_1_374' title='bbox 3447 2216 3549 2259; x_wconf 88' lang='lat' dir='ltr'><strong>ms.</strong></span> <span class='ocrx_word' id='word_1_375' title='bbox 3599 2201 3697 2257; x_wconf 89' lang='lat' dir='ltr'><strong>tri-</strong></span> 
     </span>
    </p>
   </div>
   <div class='ocr_carea' id='block_1_42' title="bbox 2049 2291 3697 2365">
    <p class='ocr_par' dir='ltr' id='par_1_42' title="bbox 2049 2291 3697 2365">
     <span class='ocr_line' id='line_1_42' title="bbox 2049 2291 3697 2365; baseline -0.001 -18"><span class='ocrx_word' id='word_1_376' title='bbox 2049 2291 2152 2347; x_wconf 91' lang='lat' dir='ltr'><strong>bus</strong></span> <span class='ocrx_word' id='word_1_377' title='bbox 2212 2292 2445 2350; x_wconf 87' lang='lat' dir='ltr'><strong>diversis</strong></span> <span class='ocrx_word' id='word_1_378' title='bbox 2490 2294 2828 2365; x_wconf 87' lang='lat' dir='ltr'><strong>presbyteris</strong></span> <span class='ocrx_word' id='word_1_379' title='bbox 2874 2299 2988 2350; x_wconf 90' lang='lat' dir='ltr'><strong>tres</strong></span> <span class='ocrx_word' id='word_1_380' title='bbox 3037 2295 3232 2349; x_wconf 88' lang='lat' dir='ltr'><strong>missas</strong></span> <span class='ocrx_word' id='word_1_381' title='bbox 3280 2293 3543 2363; x_wconf 72' lang='lat' dir='ltr'><strong>assignat,</strong></span> <span class='ocrx_word' id='word_1_382' title='bbox 3586 2303 3697 2348; x_wconf 91' lang='lat' dir='ltr'><strong>non</strong></span> 
     </span>
    </p>
   </div>
   <div class='ocr_carea' id='block_1_43' title="bbox 2051 2379 3698 2455">
    <p class='ocr_par' dir='ltr' id='par_1_43' title="bbox 2051 2379 3698 2455">
     <span class='ocr_line' id='line_1_43' title="bbox 2051 2379 3698 2455; baseline 0 -20"><span class='ocrx_word' id='word_1_383' title='bbox 2051 2380 2231 2437; x_wconf 89' lang='lat' dir='ltr'><strong>eidem</strong></span> <span class='ocrx_word' id='word_1_384' title='bbox 2256 2383 2335 2455; x_wconf 86' lang='lat' dir='ltr'><strong>(ut</strong></span> <span class='ocrx_word' id='word_1_385' title='bbox 2363 2382 2525 2454; x_wconf 79' lang='lat' dir='ltr'><strong>vulgo</strong></span> <span class='ocrx_word' id='word_1_386' title='bbox 2555 2383 2616 2438; x_wconf 86' lang='lat' dir='ltr'><strong>fit</strong></span> <span class='ocrx_word' id='word_1_387' title='bbox 2643 2384 2701 2438; x_wconf 91' lang='lat' dir='ltr'><strong>in</strong></span> <span class='ocrx_word' id='word_1_388' title='bbox 2739 2382 2992 2438; x_wconf 88' lang='lat' dir='ltr'><strong>ecclesiis</strong></span> <span class='ocrx_word' id='word_1_389' title='bbox 3030 2380 3481 2452; x_wconf 88' lang='lat' dir='ltr'><strong>parochialibus).</strong></span> <span class='ocrx_word' id='word_1_390' title='bbox 3512 2379 3698 2436; x_wconf 89' lang='lat' dir='ltr'><em>Domi-</em></span> 
     </span>
    </p>
   </div>
   <div class='ocr_carea' id='block_1_44' title="bbox 2050 2468 3696 2544">
    <p class='ocr_par' dir='ltr' id='par_1_44' title="bbox 2050 2468 3696 2544">
     <span class='ocr_line' id='line_1_44' title="bbox 2050 2468 3696 2544; baseline 0.008 -21"><span class='ocrx_word' id='word_1_391' title='bbox 2050 2484 2145 2524; x_wconf 89' lang='lat' dir='ltr'><strong>nus</strong></span> <span class='ocrx_word' id='word_1_392' title='bbox 2202 2472 2622 2544; x_wconf 81' lang='lat' dir='ltr'><em>archiepiscopus</em></span> <span class='ocrx_word' id='word_1_393' title='bbox 2664 2474 2713 2527; x_wconf 91' lang='lat' dir='ltr'><strong>si</strong></span> <span class='ocrx_word' id='word_1_394' title='bbox 2755 2486 2988 2543; x_wconf 80' lang='lat' dir='ltr'><em>prtesens</em></span> <span class='ocrx_word' id='word_1_395' title='bbox 3030 2471 3190 2542; x_wconf 82' lang='lat' dir='ltr'><em>fuerit</em></span> <span class='ocrx_word' id='word_1_396' title='bbox 3240 2475 3417 2526; x_wconf 86' lang='lat' dir='ltr'><em>cantet</em></span> <span class='ocrx_word' id='word_1_397' title='bbox 3464 2468 3696 2536; x_wconf 59' lang='lat' dir='ltr'><em>missam;</em></span> 
     </span>
    </p>
   </div>
   <div class='ocr_carea' id='block_1_45' title="bbox 2047 2558 3702 2633">
    <p class='ocr_par' dir='ltr' id='par_1_45' title="bbox 2047 2558 3702 2633">
     <span class='ocr_line' id='line_1_45' title="bbox 2047 2558 3702 2633; baseline -0.003 -18"><span class='ocrx_word' id='word_1_398' title='bbox 2047 2564 2137 2615; x_wconf 89' lang='lat' dir='ltr'><strong>aut</strong></span> <span class='ocrx_word' id='word_1_399' title='bbox 2195 2560 2443 2616; x_wconf 87' lang='lat' dir='ltr'><em>decanus.</em></span> <span class='ocrx_word' id='word_1_400' title='bbox 2510 2562 2775 2633; x_wconf 88' lang='lat' dir='ltr'><em>Sequatur</em></span> <span class='ocrx_word' id='word_1_401' title='bbox 2828 2561 2989 2616; x_wconf 88' lang='lat' dir='ltr'><em>missa</em></span> <span class='ocrx_word' id='word_1_402' title='bbox 3045 2560 3110 2615; x_wconf 89' lang='lat' dir='ltr'><strong>de</strong></span> <span class='ocrx_word' id='word_1_403' title='bbox 3156 2558 3269 2615; x_wconf 87' lang='lat' dir='ltr'><em>luce</em></span> <span class='ocrx_word' id='word_1_404' title='bbox 3315 2571 3480 2629; x_wconf 88' lang='lat' dir='ltr'><strong>quam</strong></span> <span class='ocrx_word' id='word_1_405' title='bbox 3528 2558 3702 2612; x_wconf 87' lang='lat' dir='ltr'><em>cantet</em></span> 
     </span>
    </p>
   </div>
   <div class='ocr_carea' id='block_1_46' title="bbox 2048 2643 3699 2720">
    <p class='ocr_par' dir='ltr' id='par_1_46' title="bbox 2048 2643 3699 2720">
     <span class='ocr_line' id='line_1_46' title="bbox 2048 2643 3699 2720; baseline -0.001 -19"><span class='ocrx_word' id='word_1_406' title='bbox 2048 2662 2180 2702; x_wconf 89' lang='lat' dir='ltr'><em>unus</em></span> <span class='ocrx_word' id='word_1_407' title='bbox 2208 2648 2273 2703; x_wconf 90' lang='lat' dir='ltr'><strong>de</strong></span> <span class='ocrx_word' id='word_1_408' title='bbox 2307 2649 2521 2705; x_wconf 85' lang='lat' dir='ltr'><em>sinistro</em></span> <span class='ocrx_word' id='word_1_409' title='bbox 2568 2649 2792 2720; x_wconf 79' lang='lat' dir='ltr'><em>choro...</em></span> <span class='ocrx_word' id='word_1_410' title='bbox 2846 2650 2997 2720; x_wconf 85' lang='lat' dir='ltr'><strong>(Post</strong></span> <span class='ocrx_word' id='word_1_411' title='bbox 3045 2645 3477 2719; x_wconf 89' lang='lat' dir='ltr'><strong>processionem)</strong></span> <span class='ocrx_word' id='word_1_412' title='bbox 3526 2643 3699 2701; x_wconf 79' lang='lat' dir='ltr'><em>archi-</em></span> 
     </span>
    </p>
   </div>
   <div class='ocr_carea' id='block_1_47' title="bbox 2049 2733 3700 2807">
    <p class='ocr_par' dir='ltr' id='par_1_47' title="bbox 2049 2733 3700 2807">
     <span class='ocr_line' id='line_1_47' title="bbox 2049 2733 3700 2807; baseline 0.001 -19"><span class='ocrx_word' id='word_1_413' title='bbox 2049 2735 2320 2807; x_wconf 85' lang='lat' dir='ltr'><em>episcopus</em></span> <span class='ocrx_word' id='word_1_414' title='bbox 2348 2752 2463 2791; x_wconf 89' lang='lat' dir='ltr'><strong>cum</strong></span> <span class='ocrx_word' id='word_1_415' title='bbox 2489 2742 2683 2807; x_wconf 88' lang='lat' dir='ltr'><em>septem</em></span> <span class='ocrx_word' id='word_1_416' title='bbox 2730 2737 2967 2793; x_wconf 87' lang='lat' dir='ltr'><em>diaconis</em></span> <span class='ocrx_word' id='word_1_417' title='bbox 3009 2742 3058 2792; x_wconf 88' lang='lat' dir='ltr'><strong>et</strong></span> <span class='ocrx_word' id='word_1_418' title='bbox 3106 2736 3319 2792; x_wconf 86' lang='lat' dir='ltr'><em>totidem</em></span> <span class='ocrx_word' id='word_1_419' title='bbox 3364 2733 3700 2793; x_wconf 82' lang='lat' dir='ltr'><em>subdiaconis</em></span> 
     </span>
    </p>
   </div>
   <div class='ocr_carea' id='block_1_48' title="bbox 2047 2821 3700 2882">
    <p class='ocr_par' dir='ltr' id='par_1_48' title="bbox 2047 2821 3700 2882">
     <span class='ocr_line' id='line_1_48' title="bbox 2047 2821 3700 2882; baseline -0.002 -3"><span class='ocrx_word' id='word_1_420' title='bbox 2047 2830 2097 2879; x_wconf 85' lang='lat' dir='ltr'><strong>et</strong></span> <span class='ocrx_word' id='word_1_421' title='bbox 2128 2824 2248 2880; x_wconf 75' lang='lat' dir='ltr'><em>aliis</em></span> <span class='ocrx_word' id='word_1_422' title='bbox 2294 2826 2546 2882; x_wconf 88' lang='lat' dir='ltr'><em>ministris</em></span> <span class='ocrx_word' id='word_1_423' title='bbox 2601 2831 2772 2881; x_wconf 91' lang='lat' dir='ltr'><em>cantet</em></span> <span class='ocrx_word' id='word_1_424' title='bbox 2829 2826 3062 2881; x_wconf 85' lang='lat' dir='ltr'><em>missam.</em></span> <span class='ocrx_word' id='word_1_425' title='bbox 3118 2824 3384 2880; x_wconf 88' lang='lat' dir='ltr'><strong>Similiter</strong></span> <span class='ocrx_word' id='word_1_426' title='bbox 3438 2838 3469 2879; x_wconf 90' lang='lat' dir='ltr'><strong>a</strong></span> <span class='ocrx_word' id='word_1_427' title='bbox 3520 2821 3700 2877; x_wconf 87' lang='lat' dir='ltr'><strong>tribus</strong></span> 
     </span>
    </p>
   </div>
   <div class='ocr_carea' id='block_1_49' title="bbox 2047 2909 3699 2985">
    <p class='ocr_par' dir='ltr' id='par_1_49' title="bbox 2047 2909 3699 2985">
     <span class='ocr_line' id='line_1_49' title="bbox 2047 2909 3699 2985; baseline -0.002 -18"><span class='ocrx_word' id='word_1_428' title='bbox 2047 2912 2280 2969; x_wconf 87' lang='lat' dir='ltr'><strong>diversis</strong></span> <span class='ocrx_word' id='word_1_429' title='bbox 2345 2914 2684 2985; x_wconf 83' lang='lat' dir='ltr'><strong>presbyteris</strong></span> <span class='ocrx_word' id='word_1_430' title='bbox 2745 2921 2858 2970; x_wconf 89' lang='lat' dir='ltr'><strong>tres</strong></span> <span class='ocrx_word' id='word_1_431' title='bbox 2914 2912 3095 2969; x_wconf 70' lang='lat' dir='ltr'><strong>missae</strong></span> <span class='ocrx_word' id='word_1_432' title='bbox 3151 2912 3359 2968; x_wconf 90' lang='lat' dir='ltr'><strong>debent</strong></span> <span class='ocrx_word' id='word_1_433' title='bbox 3414 2909 3699 2967; x_wconf 90' lang='lat' dir='ltr'><strong>decantari</strong></span> 
     </span>
    </p>
   </div>
   <div class='ocr_carea' id='block_1_50' title="bbox 315 2997 3391 3076">
    <p class='ocr_par' dir='ltr' id='par_1_50' title="bbox 315 2997 3391 3076">
     <span class='ocr_line' id='line_1_50' title="bbox 315 2997 3391 3076; baseline -0 -19"><span class='ocrx_word' id='word_1_434' title='bbox 315 3000 528 3059; x_wconf 86' lang='lat' dir='ltr'><strong>Scilicet</strong></span> <span class='ocrx_word' id='word_1_435' title='bbox 586 3001 657 3058; x_wconf 91' lang='lat' dir='ltr'><strong>de</strong></span> <span class='ocrx_word' id='word_1_436' title='bbox 714 3002 1006 3074; x_wconf 86' lang='lat' dir='ltr'><strong>prophetia</strong></span> <span class='ocrx_word' id='word_1_437' title='bbox 1051 3002 1228 3071; x_wconf 74' lang='lat' dir='ltr'><strong>Isaiae,</strong></span> <span class='ocrx_word' id='word_1_438' title='bbox 1280 3008 1340 3058; x_wconf 88' lang='lat' dir='ltr'><strong>ut</strong></span> <span class='ocrx_word' id='word_1_439' title='bbox 1368 3002 1603 3061; x_wconf 88' lang='lat' dir='ltr'><strong>habetur</strong></span> <span class='ocrx_word' id='word_1_440' title='bbox 1630 3004 1688 3060; x_wconf 94' lang='lat' dir='ltr'><strong>in</strong></span> <span class='ocrx_word' id='word_1_441' title='bbox 1717 2997 2019 3076; x_wconf 87' lang='lat' dir='ltr'><strong>antiquisC</strong></span> <span class='ocrx_word' id='word_1_442' title='bbox 2042 3002 2187 3072; x_wconf 89' lang='lat' dir='ltr'><strong>apud</strong></span> <span class='ocrx_word' id='word_1_443' title='bbox 2218 3003 2629 3070; x_wconf 87' lang='lat' dir='ltr'><strong>Carthnsianos,</strong></span> <span class='ocrx_word' id='word_1_444' title='bbox 2670 3017 2737 3060; x_wconf 84' lang='lat' dir='ltr'><strong>ex</strong></span> <span class='ocrx_word' id='word_1_445' title='bbox 2767 3017 2889 3073; x_wconf 91' lang='lat' dir='ltr'><strong>eap.</strong></span> <span class='ocrx_word' id='word_1_446' title='bbox 2922 3001 2959 3055; x_wconf 83' lang='lat'>5</span> <span class='ocrx_word' id='word_1_447' title='bbox 2985 3003 3183 3059; x_wconf 90' lang='lat' dir='ltr'><strong>Statut.</strong></span> <span class='ocrx_word' id='word_1_448' title='bbox 3216 3001 3391 3071; x_wconf 87' lang='lat' dir='ltr'><strong>antiq.</strong></span> 
     </span>
    </p>
   </div>
   <div class='ocr_carea' id='block_1_51' title="bbox 318 3091 1963 3165">
    <p class='ocr_par' dir='ltr' id='par_1_51' title="bbox 318 3091 1963 3165">
     <span class='ocr_line' id='line_1_51' title="bbox 318 3091 1963 3165; baseline 0.003 -19"><span class='ocrx_word' id='word_1_449' title='bbox 318 3091 609 3148; x_wconf 87' lang='lat' dir='ltr'><strong>Breviariis</strong></span> <span class='ocrx_word' id='word_1_450' title='bbox 666 3092 733 3148; x_wconf 91' lang='lat' dir='ltr'><strong>ad</strong></span> <span class='ocrx_word' id='word_1_451' title='bbox 792 3106 948 3148; x_wconf 90' lang='lat' dir='ltr'><strong>usum</strong></span> <span class='ocrx_word' id='word_1_452' title='bbox 1006 3093 1428 3164; x_wconf 78' lang='lat' dir='ltr'><strong>Rotomagensis</strong></span> <span class='ocrx_word' id='word_1_453' title='bbox 1475 3093 1777 3160; x_wconf 64' lang='lat' dir='ltr'><strong>Ecclesiae,</strong></span> <span class='ocrx_word' id='word_1_454' title='bbox 1838 3110 1963 3165; x_wconf 65' lang='lat' dir='ltr'><strong>quae</strong></span> 
     </span>
    </p>
   </div>
   <div class='ocr_carea' id='block_1_52' title="bbox 319 3181 1963 3254">
    <p class='ocr_par' dir='ltr' id='par_1_52' title="bbox 319 3181 1963 3254">
     <span class='ocr_line' id='line_1_52' title="bbox 319 3181 1963 3254; baseline 0.002 -18"><span class='ocrx_word' id='word_1_455' title='bbox 319 3181 615 3238; x_wconf 81' lang='lat' dir='ltr'><strong>etiamnum</strong></span> <span class='ocrx_word' id='word_1_456' title='bbox 658 3182 917 3254; x_wconf 78' lang='lat' dir='ltr'><strong>leguntur</strong></span> <span class='ocrx_word' id='word_1_457' title='bbox 947 3182 1047 3237; x_wconf 89' lang='lat' dir='ltr'><strong>hac</strong></span> <span class='ocrx_word' id='word_1_458' title='bbox 1093 3183 1152 3237; x_wconf 91' lang='lat' dir='ltr'><em>in</em></span> <span class='ocrx_word' id='word_1_459' title='bbox 1198 3188 1363 3238; x_wconf 91' lang='lat' dir='ltr'><strong>nocte</strong></span> <span class='ocrx_word' id='word_1_460' title='bbox 1392 3183 1513 3238; x_wconf 87' lang='lat' dir='ltr'><strong>sine</strong></span> <span class='ocrx_word' id='word_1_461' title='bbox 1544 3183 1726 3239; x_wconf 84' lang='lat' dir='ltr'><strong>titulo.</strong></span> <span class='ocrx_word' id='word_1_462' title='bbox 1758 3185 1963 3240; x_wconf 84' lang='lat' dir='ltr'><strong>Notan-</strong></span> 
     </span>
    </p>
   </div>
   <div class='ocr_carea' id='block_1_53' title="bbox 319 3268 1959 3345">
    <p class='ocr_par' dir='ltr' id='par_1_53' title="bbox 319 3268 1959 3345">
     <span class='ocr_line' id='line_1_53' title="bbox 319 3268 1959 3345; baseline 0.003 -21"><span class='ocrx_word' id='word_1_463' title='bbox 319 3268 437 3326; x_wconf 86' lang='lat' dir='ltr'><strong>dum</strong></span> <span class='ocrx_word' id='word_1_464' title='bbox 465 3278 656 3327; x_wconf 88' lang='lat' dir='ltr'><strong>autem</strong></span> <span class='ocrx_word' id='word_1_465' title='bbox 686 3271 834 3342; x_wconf 83' lang='lat' dir='ltr'><strong>quod</strong></span> <span class='ocrx_word' id='word_1_466' title='bbox 866 3271 926 3327; x_wconf 91' lang='lat' dir='ltr'><strong>in</strong></span> <span class='ocrx_word' id='word_1_467' title='bbox 956 3271 1193 3328; x_wconf 88' lang='lat' dir='ltr'><strong>ecclesia</strong></span> <span class='ocrx_word' id='word_1_468' title='bbox 1231 3272 1536 3329; x_wconf 89' lang='lat' dir='ltr'><strong>cathedrali</strong></span> <span class='ocrx_word' id='word_1_469' title='bbox 1568 3274 1959 3345; x_wconf 81' lang='lat' dir='ltr'><strong>Rotomagensi</strong></span> 
     </span>
    </p>
   </div>
   <div class='ocr_carea' id='block_1_54' title="bbox 322 3359 1963 3431">
    <p class='ocr_par' dir='ltr' id='par_1_54' title="bbox 322 3359 1963 3431">
     <span class='ocr_line' id='line_1_54' title="bbox 322 3359 1963 3431; baseline 0.002 -18"><span class='ocrx_word' id='word_1_470' title='bbox 322 3365 429 3417; x_wconf 86' lang='lat' dir='ltr'><strong>toto</strong></span> <span class='ocrx_word' id='word_1_471' title='bbox 458 3362 593 3417; x_wconf 90' lang='lat' dir='ltr'><strong>anni</strong></span> <span class='ocrx_word' id='word_1_472' title='bbox 626 3367 895 3431; x_wconf 89' lang='lat' dir='ltr'><strong>tempore,</strong></span> <span class='ocrx_word' id='word_1_473' title='bbox 927 3361 1093 3416; x_wconf 89' lang='lat' dir='ltr'><strong>etiam</strong></span> <span class='ocrx_word' id='word_1_474' title='bbox 1139 3361 1390 3426; x_wconf 64' lang='lat' dir='ltr'><strong>mstivali,</strong></span> <span class='ocrx_word' id='word_1_475' title='bbox 1444 3359 1690 3417; x_wconf 85' lang='lat' dir='ltr'><strong>defertur</strong></span> <span class='ocrx_word' id='word_1_476' title='bbox 1738 3362 1963 3418; x_wconf 91' lang='lat' dir='ltr'><strong>lucerna</strong></span> 
     </span>
    </p>
   </div>
   <div class='ocr_carea' id='block_1_55' title="bbox 323 3448 1963 3521">
    <p class='ocr_par' dir='ltr' id='par_1_55' title="bbox 323 3448 1963 3521">
     <span class='ocr_line' id='line_1_55' title="bbox 323 3448 1963 3521; baseline 0.002 -18"><span class='ocrx_word' id='word_1_477' title='bbox 323 3448 511 3506; x_wconf 87' lang='lat' dir='ltr'><strong>ardens</strong></span> <span class='ocrx_word' id='word_1_478' title='bbox 545 3465 581 3507; x_wconf 88' lang='lat' dir='ltr'><strong>a</strong></span> <span class='ocrx_word' id='word_1_479' title='bbox 612 3464 786 3521; x_wconf 88' lang='lat' dir='ltr'><strong>puero</strong></span> <span class='ocrx_word' id='word_1_480' title='bbox 817 3448 1168 3520; x_wconf 68' lang='lat' dir='ltr'><strong>praecedente</strong></span> <span class='ocrx_word' id='word_1_481' title='bbox 1198 3450 1509 3521; x_wconf 87' lang='lat' dir='ltr'><strong>acolythum</strong></span> <span class='ocrx_word' id='word_1_482' title='bbox 1551 3452 1645 3521; x_wconf 91' lang='lat' dir='ltr'><strong>qui</strong></span> <span class='ocrx_word' id='word_1_483' title='bbox 1675 3451 1854 3507; x_wconf 81' lang='lat' dir='ltr'><strong>defert</strong></span> <span class='ocrx_word' id='word_1_484' title='bbox 1882 3451 1963 3507; x_wconf 87' lang='lat' dir='ltr'><strong>1e-</strong></span> 
     </span>
    </p>
   </div>
   <div class='ocr_carea' id='block_1_56' title="bbox 324 3538 1963 3610">
    <p class='ocr_par' dir='ltr' id='par_1_56' title="bbox 324 3538 1963 3610">
     <span class='ocr_line' id='line_1_56' title="bbox 324 3538 1963 3610; baseline 0.003 -19"><span class='ocrx_word' id='word_1_485' title='bbox 324 3538 641 3596; x_wconf 87' lang='lat' dir='ltr'><strong>ctionarium</strong></span> <span class='ocrx_word' id='word_1_486' title='bbox 668 3559 680 3594; x_wconf 92' lang='lat'><strong>:</strong></span> <span class='ocrx_word' id='word_1_487' title='bbox 714 3539 865 3610; x_wconf 89' lang='lat' dir='ltr'><strong>quod</strong></span> <span class='ocrx_word' id='word_1_488' title='bbox 896 3546 1198 3596; x_wconf 84' lang='lat' dir='ltr'><strong>nocturnas</strong></span> <span class='ocrx_word' id='word_1_489' title='bbox 1227 3539 1441 3609; x_wconf 81' lang='lat' dir='ltr'><strong>vigilias</strong></span> <span class='ocrx_word' id='word_1_490' title='bbox 1479 3539 1547 3595; x_wconf 91' lang='lat' dir='ltr'><strong>de</strong></span> <span class='ocrx_word' id='word_1_491' title='bbox 1580 3544 1743 3595; x_wconf 92' lang='lat' dir='ltr'><strong>nocte</strong></span> <span class='ocrx_word' id='word_1_492' title='bbox 1773 3540 1963 3596; x_wconf 84' lang='lat' dir='ltr'><strong>dicen-</strong></span> 
     </span>
    </p>
   </div>
   <div class='ocr_carea' id='block_1_57' title="bbox 323 3625 806 3684">
    <p class='ocr_par' dir='ltr' id='par_1_57' title="bbox 323 3625 806 3684">
     <span class='ocr_line' id='line_1_57' title="bbox 323 3625 806 3684; baseline 0.008 -5"><span class='ocrx_word' id='word_1_493' title='bbox 323 3625 419 3681; x_wconf 92' lang='lat' dir='ltr'><strong>das</strong></span> <span class='ocrx_word' id='word_1_494' title='bbox 446 3626 806 3684; x_wconf 88' lang='lat' dir='ltr'><strong>demonstrat.</strong></span> 
     </span>
    </p>
   </div>
   <div class='ocr_carea' id='block_1_58' title="bbox 388 3714 1964 3788">
    <p class='ocr_par' dir='ltr' id='par_1_58' title="bbox 388 3714 1964 3788">
     <span class='ocr_line' id='line_1_58' title="bbox 388 3714 1964 3788; baseline 0.002 -20"><span class='ocrx_word' id='word_1_495' title='bbox 388 3714 535 3782; x_wconf 88' lang='grc'>(110)</span> <span class='ocrx_word' id='word_1_496' title='bbox 569 3717 693 3771; x_wconf 88' lang='lat' dir='ltr'><em>Tria</em></span> <span class='ocrx_word' id='word_1_497' title='bbox 723 3714 1016 3785; x_wconf 76' lang='lat' dir='ltr'><em>Evangelia</em></span> <span class='ocrx_word' id='word_1_498' title='bbox 1044 3718 1100 3771; x_wconf 89' lang='lat' dir='ltr'><strong>in</strong></span> <span class='ocrx_word' id='word_1_499' title='bbox 1127 3716 1330 3788; x_wconf 85' lang='lat' dir='ltr'><em>cappis,</em></span> <span class='ocrx_word' id='word_1_500' title='bbox 1369 3715 1580 3771; x_wconf 86' lang='lat' dir='ltr'><em>incenso</em></span> <span class='ocrx_word' id='word_1_501' title='bbox 1618 3721 1668 3770; x_wconf 89' lang='lat' dir='ltr'><strong>et</strong></span> <span class='ocrx_word' id='word_1_502' title='bbox 1715 3714 1964 3771; x_wconf 86' lang='lat' dir='ltr'><em>candela-</em></span> 
     </span>
    </p>
   </div>
   <div class='ocr_carea' id='block_1_59' title="bbox 322 3802 1966 3876">
    <p class='ocr_par' dir='ltr' id='par_1_59' title="bbox 322 3802 1966 3876">
     <span class='ocr_line' id='line_1_59' title="bbox 322 3802 1966 3876; baseline 0.002 -19"><span class='ocrx_word' id='word_1_503' title='bbox 322 3802 421 3859; x_wconf 85' lang='lat' dir='ltr'><em>bris</em></span> <span class='ocrx_word' id='word_1_504' title='bbox 442 3805 857 3876; x_wconf 63' lang='lat' dir='ltr'><em>precedentibus</em></span> <span class='ocrx_word' id='word_1_505' title='bbox 899 3807 1321 3876; x_wconf 88' lang='lat' dir='ltr'><em>pronuntientur.</em></span> <span class='ocrx_word' id='word_1_506' title='bbox 1363 3806 1493 3873; x_wconf 66' lang='lat' dir='ltr'><strong>Quae</strong></span> <span class='ocrx_word' id='word_1_507' title='bbox 1534 3806 1717 3862; x_wconf 89' lang='lat' dir='ltr'><strong>omnia</strong></span> <span class='ocrx_word' id='word_1_508' title='bbox 1776 3806 1966 3862; x_wconf 91' lang='lat' dir='ltr'><strong>obser-</strong></span> 
     </span>
    </p>
   </div>
   <div class='ocr_carea' id='block_1_60' title="bbox 328 3894 1964 3967">
    <p class='ocr_par' dir='ltr' id='par_1_60' title="bbox 328 3894 1964 3967">
     <span class='ocr_line' id='line_1_60' title="bbox 328 3894 1964 3967; baseline 0.003 -20"><span class='ocrx_word' id='word_1_509' title='bbox 328 3902 510 3950; x_wconf 78' lang='lat' dir='ltr'><strong>vantur</strong></span> <span class='ocrx_word' id='word_1_510' title='bbox 538 3896 597 3951; x_wconf 90' lang='lat' dir='ltr'><em>in</em></span> <span class='ocrx_word' id='word_1_511' title='bbox 630 3895 1020 3967; x_wconf 75' lang='lat' dir='ltr'><strong>Rotomagensi</strong></span> <span class='ocrx_word' id='word_1_512' title='bbox 1059 3894 1325 3961; x_wconf 87' lang='lat' dir='ltr'><strong>Ecclesia,</strong></span> <span class='ocrx_word' id='word_1_513' title='bbox 1351 3901 1407 3951; x_wconf 92' lang='lat' dir='ltr'><strong>et</strong></span> <span class='ocrx_word' id='word_1_514' title='bbox 1443 3895 1763 3951; x_wconf 87' lang='lat' dir='ltr'><strong>incensatur</strong></span> <span class='ocrx_word' id='word_1_515' title='bbox 1791 3894 1964 3952; x_wconf 87' lang='lat' dir='ltr'><strong>altare</strong></span> 
     </span>
    </p>
   </div>
   <div class='ocr_carea' id='block_1_61' title="bbox 326 3984 1965 4055">
    <p class='ocr_par' dir='ltr' id='par_1_61' title="bbox 326 3984 1965 4055">
     <span class='ocr_line' id='line_1_61' title="bbox 326 3984 1965 4055; baseline 0.001 -18"><span class='ocrx_word' id='word_1_516' title='bbox 326 3990 603 4054; x_wconf 86' lang='lat' dir='ltr'><strong>antequam</strong></span> <span class='ocrx_word' id='word_1_517' title='bbox 645 3984 879 4054; x_wconf 88' lang='lat' dir='ltr'><strong>quisque</strong></span> <span class='ocrx_word' id='word_1_518' title='bbox 928 3984 1073 4054; x_wconf 84' lang='lat' dir='ltr'><strong>legat</strong></span> <span class='ocrx_word' id='word_1_519' title='bbox 1120 3984 1494 4055; x_wconf 79' lang='lat' dir='ltr'><strong>Evangelium,</strong></span> <span class='ocrx_word' id='word_1_520' title='bbox 1548 3991 1607 4040; x_wconf 92' lang='lat' dir='ltr'><strong>ut</strong></span> <span class='ocrx_word' id='word_1_521' title='bbox 1654 3985 1965 4055; x_wconf 64' lang='lat' dir='ltr'><strong>praescribit</strong></span> 
     </span>
    </p>
   </div>
   <div class='ocr_carea' id='block_1_62' title="bbox 326 4072 1965 4145">
    <p class='ocr_par' dir='ltr' id='par_1_62' title="bbox 326 4072 1965 4145">
     <span class='ocr_line' id='line_1_62' title="bbox 326 4072 1965 4145; baseline 0.002 -20"><span class='ocrx_word' id='word_1_522' title='bbox 326 4072 663 4129; x_wconf 80' lang='lat' dir='ltr'><strong>Ordinarium</strong></span> <span class='ocrx_word' id='word_1_523' title='bbox 686 4074 1096 4144; x_wconf 73' lang='lat' dir='ltr'><strong>Rotomagense</strong></span> <span class='ocrx_word' id='word_1_524' title='bbox 1126 4087 1254 4139; x_wconf 90' lang='lat' dir='ltr'><strong>ms.,</strong></span> <span class='ocrx_word' id='word_1_525' title='bbox 1294 4088 1421 4144; x_wconf 78' lang='lat' dir='ltr'><strong>pag.</strong></span> <span class='ocrx_word' id='word_1_526' title='bbox 1471 4072 1535 4126; x_wconf 89' lang='lat'>17</span> <span class='ocrx_word' id='word_1_527' title='bbox 1565 4094 1577 4129; x_wconf 88' lang='lat'><strong>:</strong></span> <span class='ocrx_word' id='word_1_528' title='bbox 1623 4074 1857 4145; x_wconf 87' lang='lat' dir='ltr'><em>Septima</em></span> <span class='ocrx_word' id='word_1_529' title='bbox 1893 4072 1965 4128; x_wconf 86' lang='lat' dir='ltr'><em>le-</em></span> 
     </span>
    </p>
   </div>
   <div class='ocr_carea' id='block_1_63' title="bbox 330 4160 1965 4229">
    <p class='ocr_par' dir='ltr' id='par_1_63' title="bbox 330 4160 1965 4229">
     <span class='ocr_line' id='line_1_63' title="bbox 330 4160 1965 4229; baseline 0.003 -16"><span class='ocrx_word' id='word_1_530' title='bbox 330 4160 439 4229; x_wconf 90' lang='lat' dir='ltr'><em>ctio,</em></span> <span class='ocrx_word' id='word_1_531' title='bbox 468 4169 659 4219; x_wconf 89' lang='lat' dir='ltr'><em>octava</em></span> <span class='ocrx_word' id='word_1_532' title='bbox 697 4167 746 4218; x_wconf 88' lang='lat' dir='ltr'><strong>et</strong></span> <span class='ocrx_word' id='word_1_533' title='bbox 792 4178 931 4217; x_wconf 83' lang='lat' dir='ltr'><em>nona</em></span> <span class='ocrx_word' id='word_1_534' title='bbox 979 4178 1092 4217; x_wconf 89' lang='lat' dir='ltr'><strong>cum</strong></span> <span class='ocrx_word' id='word_1_535' title='bbox 1138 4161 1470 4219; x_wconf 83' lang='lat' dir='ltr'><em>candelabris</em></span> <span class='ocrx_word' id='word_1_536' title='bbox 1517 4168 1565 4219; x_wconf 90' lang='lat' dir='ltr'><strong>et</strong></span> <span class='ocrx_word' id='word_1_537' title='bbox 1604 4162 1885 4229; x_wconf 84' lang='lat' dir='ltr'><em>thuribulo,</em></span> <span class='ocrx_word' id='word_1_538' title='bbox 1915 4168 1965 4218; x_wconf 88' lang='lat' dir='ltr'><strong>et</strong></span> 
     </span>
    </p>
   </div>
   <div class='ocr_carea' id='block_1_64' title="bbox 326 4248 1025 4323">
    <p class='ocr_par' dir='ltr' id='par_1_64' title="bbox 326 4248 1025 4323">
     <span class='ocr_line' id='line_1_64' title="bbox 326 4248 1025 4323; baseline 0.009 -23"><span class='ocrx_word' id='word_1_539' title='bbox 326 4248 607 4308; x_wconf 84' lang='lat' dir='ltr'><em>incensetur</em></span> <span class='ocrx_word' id='word_1_540' title='bbox 636 4252 805 4323; x_wconf 88' lang='lat' dir='ltr'><em>majus</em></span> <span class='ocrx_word' id='word_1_541' title='bbox 834 4251 1025 4307; x_wconf 90' lang='lat' dir='ltr'><em>altare.</em></span> 
     </span>
    </p>
   </div>
   <div class='ocr_carea' id='block_1_65' title="bbox 2119 3085 3697 3163">
    <p class='ocr_par' dir='ltr' id='par_1_65' title="bbox 2119 3085 3697 3163">
     <span class='ocr_line' id='line_1_65' title="bbox 2119 3085 3697 3163; baseline 0 -19"><span class='ocrx_word' id='word_1_542' title='bbox 2119 3090 2276 3163; x_wconf 88' lang='lat'><strong>(114)</strong></span> <span class='ocrx_word' id='word_1_543' title='bbox 2336 3093 2668 3148; x_wconf 87' lang='lat' dir='ltr'><em>Secretarius</em></span> <span class='ocrx_word' id='word_1_544' title='bbox 2725 3090 2977 3147; x_wconf 71' lang='lat' dir='ltr'><em>ecclesia.</em></span> <span class='ocrx_word' id='word_1_545' title='bbox 3043 3090 3147 3157; x_wconf 85' lang='lat' dir='ltr'><strong>Qui</strong></span> <span class='ocrx_word' id='word_1_546' title='bbox 3203 3095 3260 3145; x_wconf 90' lang='lat' dir='ltr'><strong>et</strong></span> <span class='ocrx_word' id='word_1_547' title='bbox 3304 3093 3494 3145; x_wconf 88' lang='lat' dir='ltr'><strong>custos</strong></span> <span class='ocrx_word' id='word_1_548' title='bbox 3548 3085 3697 3157; x_wconf 87' lang='lat' dir='ltr'><strong>apud</strong></span> 
     </span>
    </p>
   </div>
   <div class='ocr_carea' id='block_1_66' title="bbox 2043 3174 3699 3251">
    <p class='ocr_par' dir='ltr' id='par_1_66' title="bbox 2043 3174 3699 3251">
     <span class='ocr_line' id='line_1_66' title="bbox 2043 3174 3699 3251; baseline -0.003 -15"><span class='ocrx_word' id='word_1_549' title='bbox 2043 3180 2475 3251; x_wconf 82' lang='lat' dir='ltr'><strong>Rotomagenses</strong></span> <span class='ocrx_word' id='word_1_550' title='bbox 2503 3188 2559 3237; x_wconf 89' lang='lat' dir='ltr'><strong>et</strong></span> <span class='ocrx_word' id='word_1_551' title='bbox 2596 3182 2847 3248; x_wconf 89' lang='lat' dir='ltr'><strong>sacrista,</strong></span> <span class='ocrx_word' id='word_1_552' title='bbox 2895 3193 3043 3236; x_wconf 89' lang='lat' dir='ltr'><strong>nunc</strong></span> <span class='ocrx_word' id='word_1_553' title='bbox 3090 3185 3271 3236; x_wconf 88' lang='lat' dir='ltr'><strong>autem</strong></span> <span class='ocrx_word' id='word_1_554' title='bbox 3319 3174 3595 3234; x_wconf 84' lang='lat' dir='ltr'><strong>usitatiori</strong></span> <span class='ocrx_word' id='word_1_555' title='bbox 3642 3184 3699 3231; x_wconf 90' lang='lat' dir='ltr'><strong>et</strong></span> 
     </span>
    </p>
   </div>
   <div class='ocr_carea' id='block_1_67' title="bbox 2042 3264 3694 3342">
    <p class='ocr_par' dir='ltr' id='par_1_67' title="bbox 2042 3264 3694 3342">
     <span class='ocr_line' id='line_1_67' title="bbox 2042 3264 3694 3342; baseline -0.003 -17"><span class='ocrx_word' id='word_1_556' title='bbox 2042 3271 2111 3326; x_wconf 90' lang='lat' dir='ltr'><strong>ab</strong></span> <span class='ocrx_word' id='word_1_557' title='bbox 2140 3271 2338 3327; x_wconf 85' lang='lat' dir='ltr'><strong>lsidori</strong></span> <span class='ocrx_word' id='word_1_558' title='bbox 2368 3278 2615 3342; x_wconf 89' lang='lat' dir='ltr'><strong>tempore</strong></span> <span class='ocrx_word' id='word_1_559' title='bbox 2646 3270 2702 3326; x_wconf 93' lang='lat' dir='ltr'><strong>in</strong></span> <span class='ocrx_word' id='word_1_560' title='bbox 2729 3284 2887 3327; x_wconf 89' lang='lat' dir='ltr'><strong>sacra</strong></span> <span class='ocrx_word' id='word_1_561' title='bbox 2920 3272 3032 3340; x_wconf 85' lang='lat' dir='ltr'><strong>jam</strong></span> <span class='ocrx_word' id='word_1_562' title='bbox 3070 3268 3284 3325; x_wconf 89' lang='lat' dir='ltr'><strong>adscito</strong></span> <span class='ocrx_word' id='word_1_563' title='bbox 3314 3268 3537 3324; x_wconf 90' lang='lat' dir='ltr'><strong>nomine</strong></span> <span class='ocrx_word' id='word_1_564' title='bbox 3568 3264 3694 3321; x_wconf 87' lang='lat' dir='ltr'><strong>the-</strong></span> 
     </span>
    </p>
   </div>
   <div class='ocr_carea' id='block_1_68' title="bbox 2043 3361 2707 3418">
    <p class='ocr_par' dir='ltr' id='par_1_68' title="bbox 2043 3361 2707 3418">
     <span class='ocr_line' id='line_1_68' title="bbox 2043 3361 2707 3418; baseline 0 -2"><span class='ocrx_word' id='word_1_565' title='bbox 2043 3363 2324 3418; x_wconf 89' lang='lat' dir='ltr'><strong>saurarius</strong></span> <span class='ocrx_word' id='word_1_566' title='bbox 2352 3361 2576 3417; x_wconf 89' lang='lat' dir='ltr'><strong>dicitur.</strong></span> <span class='ocrx_word' id='word_1_567' title='bbox 2610 3362 2707 3417; x_wconf 75' lang='lat' dir='ltr'><strong>Pa.</strong></span> 
     </span>
    </p>
   </div>
   <div class='ocr_carea' id='block_1_69' title="bbox 2118 3445 3696 3520">
    <p class='ocr_par' dir='ltr' id='par_1_69' title="bbox 2118 3445 3696 3520">
     <span class='ocr_line' id='line_1_69' title="bbox 2118 3445 3696 3520; baseline -0.003 -17"><span class='ocrx_word' id='word_1_568' title='bbox 2118 3449 2268 3520; x_wconf 84' lang='lat'>(112)</span> <span class='ocrx_word' id='word_1_569' title='bbox 2304 3452 2499 3507; x_wconf 85' lang='lat' dir='ltr'><em>Cantor</em></span> <span class='ocrx_word' id='word_1_570' title='bbox 2527 3449 2864 3519; x_wconf 86' lang='lat' dir='ltr'><em>antiphonam</em></span> <span class='ocrx_word' id='word_1_571' title='bbox 2884 3467 2900 3500; x_wconf 89' lang='lat'><strong><em>:</em></strong></span> <span class='ocrx_word' id='word_1_572' title='bbox 2942 3449 3085 3502; x_wconf 91' lang='lat' dir='ltr'><strong>Ecce</strong></span> <span class='ocrx_word' id='word_1_573' title='bbox 3122 3446 3396 3515; x_wconf 87' lang='lat' dir='ltr'><strong>completa</strong></span> <span class='ocrx_word' id='word_1_574' title='bbox 3425 3449 3575 3511; x_wconf 90' lang='lat' dir='ltr'><strong>sunt,</strong></span> <span class='ocrx_word' id='word_1_575' title='bbox 3605 3445 3696 3499; x_wconf 88' lang='lat' dir='ltr'><em>in-</em></span> 
     </span>
    </p>
   </div>
   <div class='ocr_carea' id='block_1_70' title="bbox 2043 3532 3695 3609">
    <p class='ocr_par' dir='ltr' id='par_1_70' title="bbox 2043 3532 3695 3609">
     <span class='ocr_line' id='line_1_70' title="bbox 2043 3532 3695 3609; baseline -0.004 -16"><span class='ocrx_word' id='word_1_576' title='bbox 2043 3539 2223 3609; x_wconf 86' lang='lat' dir='ltr'><em>cipiat.</em></span> <span class='ocrx_word' id='word_1_577' title='bbox 2269 3538 2616 3593; x_wconf 89' lang='lat' dir='ltr'><strong>Ordinarium</strong></span> <span class='ocrx_word' id='word_1_578' title='bbox 2665 3538 3071 3603; x_wconf 81' lang='lat' dir='ltr'><strong>Rotomagense</strong></span> <span class='ocrx_word' id='word_1_579' title='bbox 3131 3547 3236 3587; x_wconf 90' lang='lat' dir='ltr'><strong>ms.</strong></span> <span class='ocrx_word' id='word_1_580' title='bbox 3302 3532 3695 3589; x_wconf 84' lang='lat' dir='ltr'><strong>Benedicamus</strong></span> 
     </span>
    </p>
   </div>
   <div class='ocr_carea' id='block_1_71' title="bbox 2043 3619 3691 3694">
    <p class='ocr_par' dir='ltr' id='par_1_71' title="bbox 2043 3619 3691 3694">
     <span class='ocr_line' id='line_1_71' title="bbox 2043 3619 3691 3694; baseline -0.003 -14"><span class='ocrx_word' id='word_1_581' title='bbox 2043 3630 2280 3681; x_wconf 87' lang='lat' dir='ltr'><em>cantetur</em></span> <span class='ocrx_word' id='word_1_582' title='bbox 2346 3639 2379 3679; x_wconf 89' lang='lat' dir='ltr'><strong>a</strong></span> <span class='ocrx_word' id='word_1_583' title='bbox 2436 3622 2757 3694; x_wconf 83' lang='lat' dir='ltr'><em>pastoribus,</em></span> <span class='ocrx_word' id='word_1_584' title='bbox 2816 3621 3053 3676; x_wconf 76' lang='lat' dir='ltr'><strong>Verbum</strong></span> <span class='ocrx_word' id='word_1_585' title='bbox 3110 3619 3288 3674; x_wconf 84' lang='lat' dir='ltr'><strong>Patris</strong></span> <span class='ocrx_word' id='word_1_586' title='bbox 3331 3619 3540 3685; x_wconf 86' lang='lat' dir='ltr'><strong>hodie;</strong></span> <span class='ocrx_word' id='word_1_587' title='bbox 3592 3633 3691 3689; x_wconf 86' lang='lat' dir='ltr'><strong>quo</strong></span> 
     </span>
    </p>
   </div>
   <div class='ocr_carea' id='block_1_72' title="bbox 2041 3706 3689 3786">
    <p class='ocr_par' dir='ltr' id='par_1_72' title="bbox 2041 3706 3689 3786">
     <span class='ocr_line' id='line_1_72' title="bbox 2041 3706 3689 3786; baseline -0.004 -18"><span class='ocrx_word' id='word_1_588' title='bbox 2041 3714 2188 3786; x_wconf 86' lang='lat' dir='ltr'><em>ﬁnito</em></span> <span class='ocrx_word' id='word_1_589' title='bbox 2248 3717 2492 3785; x_wconf 88' lang='lat' dir='ltr'><em>pastores</em></span> <span class='ocrx_word' id='word_1_590' title='bbox 2527 3716 2733 3769; x_wconf 90' lang='lat' dir='ltr'><em>cantent</em></span> <span class='ocrx_word' id='word_1_591' title='bbox 2798 3710 2934 3767; x_wconf 88' lang='lat' dir='ltr'><em>hanc</em></span> <span class='ocrx_word' id='word_1_592' title='bbox 2983 3708 3321 3780; x_wconf 87' lang='lat' dir='ltr'><em>antiphonam</em></span> <span class='ocrx_word' id='word_1_593' title='bbox 3362 3708 3419 3762; x_wconf 89' lang='lat' dir='ltr'><strong>in</strong></span> <span class='ocrx_word' id='word_1_594' title='bbox 3438 3706 3645 3778; x_wconf 88' lang='lat' dir='ltr'><em>pulpito</em></span> <span class='ocrx_word' id='word_1_595' title='bbox 3672 3727 3689 3761; x_wconf 87' lang='lat'><strong>.-</strong></span> 
     </span>
    </p>
   </div>
   <div class='ocr_carea' id='block_1_73' title="bbox 2044 3796 3695 3873">
    <p class='ocr_par' dir='ltr' id='par_1_73' title="bbox 2044 3796 3695 3873">
     <span class='ocr_line' id='line_1_73' title="bbox 2044 3796 3695 3873; baseline -0.004 -13"><span class='ocrx_word' id='word_1_596' title='bbox 2044 3805 2185 3861; x_wconf 87' lang='lat' dir='ltr'><strong>Ecce</strong></span> <span class='ocrx_word' id='word_1_597' title='bbox 2249 3802 2560 3873; x_wconf 86' lang='lat' dir='ltr'><strong>completa;</strong></span> <span class='ocrx_word' id='word_1_598' title='bbox 2620 3800 3041 3872; x_wconf 86' lang='lat' dir='ltr'><em>archiepiscopus</em></span> <span class='ocrx_word' id='word_1_599' title='bbox 3093 3797 3174 3856; x_wconf 86' lang='lat' dir='ltr'><strong>vel</strong></span> <span class='ocrx_word' id='word_1_600' title='bbox 3226 3797 3477 3855; x_wconf 86' lang='lat' dir='ltr'><em>sacerdos</em></span> <span class='ocrx_word' id='word_1_601' title='bbox 3552 3796 3695 3854; x_wconf 87' lang='lat' dir='ltr'><em>dicat</em></span> 
     </span>
    </p>
   </div>
   <div class='ocr_carea' id='block_1_74' title="bbox 2042 3887 3690 3962">
    <p class='ocr_par' dir='ltr' id='par_1_74' title="bbox 2042 3887 3690 3962">
     <span class='ocr_line' id='line_1_74' title="bbox 2042 3887 3690 3962; baseline -0.002 -13"><span class='ocrx_word' id='word_1_602' title='bbox 2042 3908 2282 3949; x_wconf 84' lang='lat' dir='ltr'><em>versum:</em></span> <span class='ocrx_word' id='word_1_603' title='bbox 2316 3894 2446 3948; x_wconf 87' lang='lat' dir='ltr'><strong>Post</strong></span> <span class='ocrx_word' id='word_1_604' title='bbox 2471 3896 2707 3962; x_wconf 89' lang='lat' dir='ltr'><strong>partum.</strong></span> <span class='ocrx_word' id='word_1_605' title='bbox 2742 3890 2927 3948; x_wconf 88' lang='lat' dir='ltr'><em>Oratio</em></span> <span class='ocrx_word' id='word_1_606' title='bbox 2952 3912 2968 3944; x_wconf 90' lang='lat'><strong><em>:</em></strong></span> <span class='ocrx_word' id='word_1_607' title='bbox 2999 3890 3145 3947; x_wconf 85' lang='lat' dir='ltr'><strong>Deus</strong></span> <span class='ocrx_word' id='word_1_608' title='bbox 3172 3890 3268 3958; x_wconf 88' lang='lat' dir='ltr'><strong>qui</strong></span> <span class='ocrx_word' id='word_1_609' title='bbox 3314 3887 3531 3945; x_wconf 86' lang='lat' dir='ltr'><strong>salutis.</strong></span> <span class='ocrx_word' id='word_1_610' title='bbox 3582 3889 3690 3945; x_wconf 82' lang='lat' dir='ltr'><strong>Be-</strong></span> 
     </span>
    </p>
   </div>
   <div class='ocr_carea' id='block_1_75' title="bbox 2046 3976 3689 4052">
    <p class='ocr_par' dir='ltr' id='par_1_75' title="bbox 2046 3976 3689 4052">
     <span class='ocr_line' id='line_1_75' title="bbox 2046 3976 3689 4052; baseline -0.004 -13"><span class='ocrx_word' id='word_1_611' title='bbox 2046 3984 2385 4048; x_wconf 90' lang='lat' dir='ltr'><strong>uedicamus,</strong></span> <span class='ocrx_word' id='word_1_612' title='bbox 2415 3987 2521 4037; x_wconf 90' lang='lat' dir='ltr'><em>tres</em></span> <span class='ocrx_word' id='word_1_613' title='bbox 2534 3979 2706 4052; x_wconf 89' lang='lat' dir='ltr'><em>pueri.</em></span> <span class='ocrx_word' id='word_1_614' title='bbox 2739 3981 2869 4036; x_wconf 63' lang='lat' dir='ltr'><strong>Hinc</strong></span> <span class='ocrx_word' id='word_1_615' title='bbox 2898 3978 3114 4035; x_wconf 89' lang='lat' dir='ltr'><strong>sublata</strong></span> <span class='ocrx_word' id='word_1_616' title='bbox 3164 3983 3295 4034; x_wconf 89' lang='lat' dir='ltr'><strong>sunt</strong></span> <span class='ocrx_word' id='word_1_617' title='bbox 3340 3978 3396 4034; x_wconf 92' lang='lat' dir='ltr'><strong>in</strong></span> <span class='ocrx_word' id='word_1_618' title='bbox 3444 3976 3689 4034; x_wconf 85' lang='lat' dir='ltr'><strong>Ecclesia</strong></span> 
     </span>
    </p>
   </div>
   <div class='ocr_carea' id='block_1_76' title="bbox 2044 4071 2455 4142">
    <p class='ocr_par' dir='ltr' id='par_1_76' title="bbox 2044 4071 2455 4142">
     <span class='ocr_line' id='line_1_76' title="bbox 2044 4071 2455 4142; baseline -0.012 -12"><span class='ocrx_word' id='word_1_619' title='bbox 2044 4071 2455 4142; x_wconf 75' lang='lat' dir='ltr'><strong>Rotomagensi.</strong></span> 
     </span>
    </p>
   </div>
   <div class='ocr_carea' id='block_1_77' title="bbox 2118 4155 3690 4231">
    <p class='ocr_par' dir='ltr' id='par_1_77' title="bbox 2118 4155 3690 4231">
     <span class='ocr_line' id='line_1_77' title="bbox 2118 4155 3690 4231; baseline -0.003 -16"><span class='ocrx_word' id='word_1_620' title='bbox 2118 4160 2263 4231; x_wconf 74' lang='lat'>(116)</span> <span class='ocrx_word' id='word_1_621' title='bbox 2292 4160 2579 4230; x_wconf 88' lang='lat' dir='ltr'><em>Incipiente</em></span> <span class='ocrx_word' id='word_1_622' title='bbox 2607 4156 2832 4215; x_wconf 87' lang='lat' dir='ltr'><em>diluculo</em></span> <span class='ocrx_word' id='word_1_623' title='bbox 2883 4155 3055 4213; x_wconf 87' lang='lat' dir='ltr'><em>altera</em></span> <span class='ocrx_word' id='word_1_624' title='bbox 3100 4158 3264 4212; x_wconf 88' lang='lat' dir='ltr'><em>missa</em></span> <span class='ocrx_word' id='word_1_625' title='bbox 3310 4157 3491 4213; x_wconf 89' lang='lat' dir='ltr'><em>eodem</em></span> <span class='ocrx_word' id='word_1_626' title='bbox 3537 4155 3690 4212; x_wconf 91' lang='lat' dir='ltr'><em>modo</em></span> 
     </span>
    </p>
   </div>
   <div class='ocr_carea' id='block_1_78' title="bbox 2045 4245 3690 4316">
    <p class='ocr_par' dir='ltr' id='par_1_78' title="bbox 2045 4245 3690 4316">
     <span class='ocr_line' id='line_1_78' title="bbox 2045 4245 3690 4316; baseline -0.004 -11"><span class='ocrx_word' id='word_1_627' title='bbox 2045 4249 2347 4306; x_wconf 87' lang='lat' dir='ltr'><em>celebretur.</em></span> <span class='ocrx_word' id='word_1_628' title='bbox 2384 4251 2540 4304; x_wconf 91' lang='lat' dir='ltr'><strong>Nunc</strong></span> <span class='ocrx_word' id='word_1_629' title='bbox 2569 4262 2699 4304; x_wconf 85' lang='lat' dir='ltr'><strong>vero</strong></span> <span class='ocrx_word' id='word_1_630' title='bbox 2731 4261 2881 4303; x_wconf 89' lang='lat' dir='ltr'><strong>more</strong></span> <span class='ocrx_word' id='word_1_631' title='bbox 2930 4246 3139 4316; x_wconf 91' lang='lat' dir='ltr'><strong>duplici</strong></span> <span class='ocrx_word' id='word_1_632' title='bbox 3178 4245 3492 4301; x_wconf 89' lang='lat' dir='ltr'><strong>celebratur</strong></span> <span class='ocrx_word' id='word_1_633' title='bbox 3515 4246 3572 4301; x_wconf 90' lang='lat' dir='ltr'><strong>in</strong></span> <span class='ocrx_word' id='word_1_634' title='bbox 3604 4259 3690 4301; x_wconf 83' lang='lat' dir='ltr'><strong>ec-</strong></span> 
     </span>
    </p>
   </div>
   <div class='ocr_carea' id='block_1_79' title="bbox 394 4326 3687 4410">
    <p class='ocr_par' dir='ltr' id='par_1_79' title="bbox 394 4326 3687 4410">
     <span class='ocr_line' id='line_1_79' title="bbox 394 4326 3687 4410; baseline -0.001 -19"><span class='ocrx_word' id='word_1_635' title='bbox 394 4339 520 4410; x_wconf 67' lang='grc'>(111)</span> <span class='ocrx_word' id='word_1_636' title='bbox 551 4340 740 4410; x_wconf 79' lang='lat' dir='ltr'><em>Major</em></span> <span class='ocrx_word' id='word_1_637' title='bbox 766 4339 1019 4396; x_wconf 76' lang='lat' dir='ltr'><em>Ecclesia:</em></span> <span class='ocrx_word' id='word_1_638' title='bbox 1045 4341 1295 4397; x_wconf 88' lang='lat' dir='ltr'><em>sacerdos</em></span> <span class='ocrx_word' id='word_1_639' title='bbox 1323 4340 1608 4396; x_wconf 89' lang='lat' dir='ltr'><em>dalmatica</em></span> <span class='ocrx_word' id='word_1_640' title='bbox 1655 4341 1863 4397; x_wconf 88' lang='lat' dir='ltr'><em>indutus</em></span> <span class='ocrx_word' id='word_1_641' title='bbox 1910 4326 2025 4396; x_wconf 81' lang='lat' dir='ltr'><em>etD</em></span> <span class='ocrx_word' id='word_1_642' title='bbox 2044 4340 2213 4397; x_wconf 89' lang='lat' dir='ltr'><strong>clesia</strong></span> <span class='ocrx_word' id='word_1_643' title='bbox 2241 4338 2565 4404; x_wconf 86' lang='lat' dir='ltr'><strong>cathedrali,</strong></span> <span class='ocrx_word' id='word_1_644' title='bbox 2597 4352 2743 4407; x_wconf 64' lang='lat' dir='ltr'><strong>quae,</strong></span> <span class='ocrx_word' id='word_1_645' title='bbox 2775 4336 3054 4392; x_wconf 88' lang='lat' dir='ltr'><strong>Laudibus</strong></span> <span class='ocrx_word' id='word_1_646' title='bbox 3081 4335 3342 4404; x_wconf 86' lang='lat' dir='ltr'><strong>peractis,</strong></span> <span class='ocrx_word' id='word_1_647' title='bbox 3384 4334 3461 4389; x_wconf 84' lang='lat' dir='ltr'><strong>ibi</strong></span> <span class='ocrx_word' id='word_1_648' title='bbox 3504 4335 3687 4389; x_wconf 84' lang='lat' dir='ltr'><strong>statim</strong></span> 
     </span>
    </p>
   </div>
   <div class='ocr_carea' id='block_1_80' title="bbox 326 4428 1963 4499">
    <p class='ocr_par' dir='ltr' id='par_1_80' title="bbox 326 4428 1963 4499">
     <span class='ocr_line' id='line_1_80' title="bbox 326 4428 1963 4499; baseline 0.001 -15"><span class='ocrx_word' id='word_1_649' title='bbox 326 4428 510 4484; x_wconf 81' lang='lat' dir='ltr'><em>casula.</em></span> <span class='ocrx_word' id='word_1_650' title='bbox 535 4431 619 4485; x_wconf 89' lang='lat' dir='ltr'><strong>Eo</strong></span> <span class='ocrx_word' id='word_1_651' title='bbox 649 4429 738 4484; x_wconf 93' lang='lat' dir='ltr'><strong>die</strong></span> <span class='ocrx_word' id='word_1_652' title='bbox 768 4430 913 4485; x_wconf 90' lang='lat' dir='ltr'><strong>sicut</strong></span> <span class='ocrx_word' id='word_1_653' title='bbox 941 4429 997 4484; x_wconf 90' lang='lat' dir='ltr'><strong>in</strong></span> <span class='ocrx_word' id='word_1_654' title='bbox 1025 4429 1352 4499; x_wconf 88' lang='lat' dir='ltr'><strong>Epiphania,</strong></span> <span class='ocrx_word' id='word_1_655' title='bbox 1380 4443 1491 4485; x_wconf 89' lang='lat' dir='ltr'><strong>non</strong></span> <span class='ocrx_word' id='word_1_656' title='bbox 1521 4430 1830 4495; x_wconf 88' lang='lat' dir='ltr'><strong>dalmatica,</strong></span> <span class='ocrx_word' id='word_1_657' title='bbox 1864 4430 1963 4485; x_wconf 89' lang='lat' dir='ltr'><strong>sed</strong></span> 
     </span>
    </p>
   </div>
   <div class='ocr_carea' id='block_1_81' title="bbox 328 4517 1964 4586">
    <p class='ocr_par' dir='ltr' id='par_1_81' title="bbox 328 4517 1964 4586">
     <span class='ocr_line' id='line_1_81' title="bbox 328 4517 1964 4586; baseline 0.002 -17"><span class='ocrx_word' id='word_1_658' title='bbox 328 4517 493 4572; x_wconf 85' lang='lat' dir='ltr'><strong>casula</strong></span> <span class='ocrx_word' id='word_1_659' title='bbox 523 4524 738 4573; x_wconf 85' lang='lat' dir='ltr'><strong>tantum</strong></span> <span class='ocrx_word' id='word_1_660' title='bbox 769 4518 1020 4574; x_wconf 88' lang='lat' dir='ltr'><strong>induitur</strong></span> <span class='ocrx_word' id='word_1_661' title='bbox 1055 4517 1338 4586; x_wconf 87' lang='lat' dir='ltr'><strong>sacerdos,</strong></span> <span class='ocrx_word' id='word_1_662' title='bbox 1394 4518 1690 4574; x_wconf 86' lang='lat' dir='ltr'><strong>comitante</strong></span> <span class='ocrx_word' id='word_1_663' title='bbox 1738 4518 1964 4574; x_wconf 88' lang='lat' dir='ltr'><strong>subdia-</strong></span> 
     </span>
    </p>
   </div>
   <div class='ocr_carea' id='block_1_82' title="bbox 329 4606 1963 4678">
    <p class='ocr_par' dir='ltr' id='par_1_82' title="bbox 329 4606 1963 4678">
     <span class='ocr_line' id='line_1_82' title="bbox 329 4606 1963 4678; baseline 0.002 -18"><span class='ocrx_word' id='word_1_664' title='bbox 329 4619 479 4673; x_wconf 89' lang='lat' dir='ltr'><strong>cono,</strong></span> <span class='ocrx_word' id='word_1_665' title='bbox 500 4615 561 4664; x_wconf 90' lang='lat' dir='ltr'><strong>ut</strong></span> <span class='ocrx_word' id='word_1_666' title='bbox 580 4614 742 4664; x_wconf 89' lang='lat' dir='ltr'><strong>notat</strong></span> <span class='ocrx_word' id='word_1_667' title='bbox 760 4606 1104 4663; x_wconf 88' lang='lat' dir='ltr'><strong>Ordinarium</strong></span> <span class='ocrx_word' id='word_1_668' title='bbox 1128 4608 1416 4678; x_wconf 80' lang='lat' dir='ltr'><strong>Rotomag.</strong></span> <span class='ocrx_word' id='word_1_669' title='bbox 1443 4621 1569 4674; x_wconf 89' lang='lat' dir='ltr'><strong>ms.,</strong></span> <span class='ocrx_word' id='word_1_670' title='bbox 1593 4623 1648 4678; x_wconf 92' lang='lat' dir='ltr'><strong>p.</strong></span> <span class='ocrx_word' id='word_1_671' title='bbox 1680 4608 1760 4664; x_wconf 88' lang='lat'><strong>17:</strong></span> <span class='ocrx_word' id='word_1_672' title='bbox 1783 4609 1963 4664; x_wconf 88' lang='lat' dir='ltr'><em>Finita</em></span> 
     </span>
    </p>
   </div>
   <div class='ocr_carea' id='block_1_83' title="bbox 324 4696 1965 4767">
    <p class='ocr_par' dir='ltr' id='par_1_83' title="bbox 324 4696 1965 4767">
     <span class='ocr_line' id='line_1_83' title="bbox 324 4696 1965 4767; baseline 0.002 -18"><span class='ocrx_word' id='word_1_673' title='bbox 324 4708 471 4763; x_wconf 84' lang='lat' dir='ltr'><em>prosa</em></span> <span class='ocrx_word' id='word_1_674' title='bbox 498 4697 717 4767; x_wconf 84' lang='lat' dir='ltr'><em>quidam</em></span> <span class='ocrx_word' id='word_1_675' title='bbox 753 4696 1003 4751; x_wconf 87' lang='lat' dir='ltr'><em>sacerdos</em></span> <span class='ocrx_word' id='word_1_676' title='bbox 1049 4698 1322 4751; x_wconf 87' lang='lat' dir='ltr'><em>revcstitus</em></span> <span class='ocrx_word' id='word_1_677' title='bbox 1367 4696 1602 4753; x_wconf 88' lang='lat' dir='ltr'><em>omnibus</em></span> <span class='ocrx_word' id='word_1_678' title='bbox 1654 4697 1965 4754; x_wconf 87' lang='lat' dir='ltr'><em>indumentis</em></span> 
     </span>
    </p>
   </div>
   <div class='ocr_carea' id='block_1_84' title="bbox 327 4783 1961 4856">
    <p class='ocr_par' dir='ltr' id='par_1_84' title="bbox 327 4783 1961 4856">
     <span class='ocr_line' id='line_1_84' title="bbox 327 4783 1961 4856; baseline 0.004 -21"><span class='ocrx_word' id='word_1_679' title='bbox 327 4783 751 4846; x_wconf 80' lang='lat' dir='ltr'><em>sacerdotalibus,</em></span> <span class='ocrx_word' id='word_1_680' title='bbox 783 4799 899 4839; x_wconf 90' lang='lat' dir='ltr'><em>cum</em></span> <span class='ocrx_word' id='word_1_681' title='bbox 936 4786 1050 4856; x_wconf 89' lang='lat' dir='ltr'><em>ipso</em></span> <span class='ocrx_word' id='word_1_682' title='bbox 1087 4784 1437 4841; x_wconf 87' lang='lat' dir='ltr'><em>subdiaconus</em></span> <span class='ocrx_word' id='word_1_683' title='bbox 1466 4785 1641 4841; x_wconf 90' lang='lat' dir='ltr'><em>tunica</em></span> <span class='ocrx_word' id='word_1_684' title='bbox 1669 4787 1961 4853; x_wconf 88' lang='lat' dir='ltr'><em>revestitus,</em></span> 
     </span>
    </p>
   </div>
   <div class='ocr_carea' id='block_1_85' title="bbox 329 4872 1959 4946">
    <p class='ocr_par' dir='ltr' id='par_1_85' title="bbox 329 4872 1959 4946">
     <span class='ocr_line' id='line_1_85' title="bbox 329 4872 1959 4946; baseline 0.004 -22"><span class='ocrx_word' id='word_1_685' title='bbox 329 4878 482 4929; x_wconf 82' lang='lat' dir='ltr'><em>cantet</em></span> <span class='ocrx_word' id='word_1_686' title='bbox 537 4880 662 4932; x_wconf 89' lang='lat' dir='ltr'><em>ante</em></span> <span class='ocrx_word' id='word_1_687' title='bbox 715 4872 887 4929; x_wconf 89' lang='lat' dir='ltr'><em>altare</em></span> <span class='ocrx_word' id='word_1_688' title='bbox 932 4873 1306 4943; x_wconf 88' lang='lat' dir='ltr'><em>Evangelium:</em></span> <span class='ocrx_word' id='word_1_689' title='bbox 1359 4875 1522 4931; x_wconf 90' lang='lat' dir='ltr'><strong>Liber</strong></span> <span class='ocrx_word' id='word_1_690' title='bbox 1567 4876 1959 4946; x_wconf 78' lang='lat' dir='ltr'><strong>generationis.</strong></span> 
     </span>
    </p>
   </div>
   <div class='ocr_carea' id='block_1_86' title="bbox 332 4960 1965 5035">
    <p class='ocr_par' dir='ltr' id='par_1_86' title="bbox 332 4960 1965 5035">
     <span class='ocr_line' id='line_1_86' title="bbox 332 4960 1965 5035; baseline 0.004 -22"><span class='ocrx_word' id='word_1_691' title='bbox 332 4960 487 5016; x_wconf 83' lang='lat' dir='ltr'><em>Finito</em></span> <span class='ocrx_word' id='word_1_692' title='bbox 542 4960 836 5030; x_wconf 81' lang='lat' dir='ltr'><em>Evangelia</em></span> <span class='ocrx_word' id='word_1_693' title='bbox 893 4961 1133 5017; x_wconf 86' lang='lat' dir='ltr'><em>dominus</em></span> <span class='ocrx_word' id='word_1_694' title='bbox 1180 4962 1624 5035; x_wconf 81' lang='lat' dir='ltr'><em>archiepiscopus,</em></span> <span class='ocrx_word' id='word_1_695' title='bbox 1675 4969 1765 5020; x_wconf 89' lang='lat' dir='ltr'><strong>aut</strong></span> <span class='ocrx_word' id='word_1_696' title='bbox 1812 4964 1965 5021; x_wconf 88' lang='lat' dir='ltr'><em>deca-</em></span> 
     </span>
    </p>
   </div>
   <div class='ocr_carea' id='block_1_87' title="bbox 330 5048 1963 5124">
    <p class='ocr_par' dir='ltr' id='par_1_87' title="bbox 330 5048 1963 5124">
     <span class='ocr_line' id='line_1_87' title="bbox 330 5048 1963 5124; baseline 0.004 -22"><span class='ocrx_word' id='word_1_697' title='bbox 330 5061 433 5114; x_wconf 65' lang='grc' dir='ltr'><strong>κη,</strong></span> <span class='ocrx_word' id='word_1_698' title='bbox 470 5048 548 5104; x_wconf 85' lang='lat' dir='ltr'><em>vel</em></span> <span class='ocrx_word' id='word_1_699' title='bbox 576 5049 715 5105; x_wconf 88' lang='lat' dir='ltr'><em>alius</em></span> <span class='ocrx_word' id='word_1_700' title='bbox 754 5049 818 5105; x_wconf 86' lang='lat' dir='ltr'><strong>de</strong></span> <span class='ocrx_word' id='word_1_701' title='bbox 842 5049 1124 5119; x_wconf 72' lang='lat' dir='ltr'><em>majoribus</em></span> <span class='ocrx_word' id='word_1_702' title='bbox 1152 5051 1218 5106; x_wconf 90' lang='lat' dir='ltr'><strong>de</strong></span> <span class='ocrx_word' id='word_1_703' title='bbox 1255 5051 1472 5108; x_wconf 71' lang='lat' dir='ltr'><em>dextero</em></span> <span class='ocrx_word' id='word_1_704' title='bbox 1512 5051 1690 5119; x_wconf 89' lang='lat' dir='ltr'><em>choro,</em></span> <span class='ocrx_word' id='word_1_705' title='bbox 1744 5054 1963 5124; x_wconf 86' lang='lat' dir='ltr'><em>incipiat</em></span> 
     </span>
    </p>
   </div>
   <div class='ocr_carea' id='block_1_88' title="bbox 335 5137 1961 5198">
    <p class='ocr_par' dir='ltr' id='par_1_88' title="bbox 335 5137 1961 5198">
     <span class='ocr_line' id='line_1_88' title="bbox 335 5137 1961 5198; baseline 0.005 -8"><span class='ocrx_word' id='word_1_706' title='bbox 335 5142 441 5191; x_wconf 86' lang='lat' dir='ltr'><em>ante</em></span> <span class='ocrx_word' id='word_1_707' title='bbox 468 5137 638 5193; x_wconf 89' lang='lat' dir='ltr'><em>altare</em></span> <span class='ocrx_word' id='word_1_708' title='bbox 685 5153 800 5193; x_wconf 87' lang='lat' dir='ltr'><em>cum</em></span> <span class='ocrx_word' id='word_1_709' title='bbox 845 5137 1176 5194; x_wconf 87' lang='lat' dir='ltr'><em>candelabris</em></span> <span class='ocrx_word' id='word_1_710' title='bbox 1220 5144 1269 5195; x_wconf 88' lang='lat' dir='ltr'><strong>et</strong></span> <span class='ocrx_word' id='word_1_711' title='bbox 1320 5140 1581 5197; x_wconf 85' lang='lat' dir='ltr'><em>thuribulo</em></span> <span class='ocrx_word' id='word_1_712' title='bbox 1603 5163 1619 5196; x_wconf 90' lang='lat'><strong><em>:</em></strong></span> <span class='ocrx_word' id='word_1_713' title='bbox 1669 5143 1741 5198; x_wconf 90' lang='lat' dir='ltr'><strong>Te</strong></span> <span class='ocrx_word' id='word_1_714' title='bbox 1772 5144 1961 5198; x_wconf 89' lang='lat' dir='ltr'><strong>Deum.</strong></span> 
     </span>
    </p>
   </div>
   <div class='ocr_carea' id='block_1_89' title="bbox 395 5225 1965 5298">
    <p class='ocr_par' dir='ltr' id='par_1_89' title="bbox 395 5225 1965 5298">
     <span class='ocr_line' id='line_1_89' title="bbox 395 5225 1965 5298; baseline 0.006 -21"><span class='ocrx_word' id='word_1_715' title='bbox 395 5225 527 5293; x_wconf 85' lang='lat'>(112)</span> <span class='ocrx_word' id='word_1_716' title='bbox 578 5226 760 5283; x_wconf 84' lang='lat' dir='ltr'><em>Clerus</em></span> <span class='ocrx_word' id='word_1_717' title='bbox 816 5230 865 5281; x_wconf 90' lang='lat' dir='ltr'><strong>et</strong></span> <span class='ocrx_word' id='word_1_718' title='bbox 913 5226 1141 5298; x_wconf 86' lang='lat' dir='ltr'><em>populus</em></span> <span class='ocrx_word' id='word_1_719' title='bbox 1200 5226 1454 5284; x_wconf 82' lang='lat' dir='ltr'><em>lavatum-</em></span> <span class='ocrx_word' id='word_1_720' title='bbox 1493 5235 1668 5286; x_wconf 70' lang='lat' dir='ltr'><em>exeat.</em></span> <span class='ocrx_word' id='word_1_721' title='bbox 1728 5232 1804 5286; x_wconf 90' lang='lat' dir='ltr'><strong>De</strong></span> <span class='ocrx_word' id='word_1_722' title='bbox 1863 5232 1965 5288; x_wconf 87' lang='lat' dir='ltr'><strong>ista</strong></span> 
     </span>
    </p>
   </div>
   <div class='ocr_carea' id='block_1_90' title="bbox 338 5311 1966 5384">
    <p class='ocr_par' dir='ltr' id='par_1_90' title="bbox 338 5311 1966 5384">
     <span class='ocr_line' id='line_1_90' title="bbox 338 5311 1966 5384; baseline 0.006 -18"><span class='ocrx_word' id='word_1_723' title='bbox 338 5311 530 5369; x_wconf 89' lang='lat' dir='ltr'><strong>lotione</strong></span> <span class='ocrx_word' id='word_1_724' title='bbox 561 5314 697 5369; x_wconf 91' lang='lat' dir='ltr'><strong>nihil</strong></span> <span class='ocrx_word' id='word_1_725' title='bbox 730 5315 948 5384; x_wconf 90' lang='lat' dir='ltr'><strong>reperio</strong></span> <span class='ocrx_word' id='word_1_726' title='bbox 980 5316 1036 5369; x_wconf 91' lang='lat' dir='ltr'><strong>in</strong></span> <span class='ocrx_word' id='word_1_727' title='bbox 1066 5315 1358 5371; x_wconf 89' lang='lat' dir='ltr'><strong>Ordinario</strong></span> <span class='ocrx_word' id='word_1_728' title='bbox 1386 5326 1440 5372; x_wconf 90' lang='lat' dir='ltr'><strong>et</strong></span> <span class='ocrx_word' id='word_1_729' title='bbox 1470 5318 1524 5372; x_wconf 90' lang='lat' dir='ltr'><strong>in</strong></span> <span class='ocrx_word' id='word_1_730' title='bbox 1556 5318 1712 5375; x_wconf 85' lang='lat' dir='ltr'><strong>libris</strong></span> <span class='ocrx_word' id='word_1_731' title='bbox 1758 5319 1966 5376; x_wconf 83' lang='lat' dir='ltr'><strong>ofﬁcia-</strong></span> 
     </span>
    </p>
   </div>
   <div class='ocr_carea' id='block_1_91' title="bbox 336 5398 1963 5474">
    <p class='ocr_par' dir='ltr' id='par_1_91' title="bbox 336 5398 1963 5474">
     <span class='ocr_line' id='line_1_91' title="bbox 336 5398 1963 5474; baseline 0.007 -20"><span class='ocrx_word' id='word_1_732' title='bbox 336 5398 468 5457; x_wconf 87' lang='lat' dir='ltr'><strong>libus</strong></span> <span class='ocrx_word' id='word_1_733' title='bbox 525 5417 627 5459; x_wconf 87' lang='lat' dir='ltr'><strong>ms.</strong></span> <span class='ocrx_word' id='word_1_734' title='bbox 695 5403 764 5460; x_wconf 89' lang='lat' dir='ltr'><strong>ad</strong></span> <span class='ocrx_word' id='word_1_735' title='bbox 831 5418 989 5461; x_wconf 90' lang='lat' dir='ltr'><strong>usum</strong></span> <span class='ocrx_word' id='word_1_736' title='bbox 1045 5405 1464 5474; x_wconf 73' lang='lat' dir='ltr'><strong>Rotomagensis</strong></span> <span class='ocrx_word' id='word_1_737' title='bbox 1518 5408 1800 5473; x_wconf 62' lang='lat' dir='ltr'><strong>Ecclesiae,</strong></span> <span class='ocrx_word' id='word_1_738' title='bbox 1863 5424 1963 5465; x_wconf 90' lang='lat' dir='ltr'><strong>nec</strong></span> 
     </span>
    </p>
   </div>
   <div class='ocr_carea' id='block_1_92' title="bbox 338 5490 1964 5562">
    <p class='ocr_par' dir='ltr' id='par_1_92' title="bbox 338 5490 1964 5562">
     <span class='ocr_line' id='line_1_92' title="bbox 338 5490 1964 5562; baseline 0.007 -19"><span class='ocrx_word' id='word_1_739' title='bbox 338 5490 470 5559; x_wconf 86' lang='lat' dir='ltr'><strong>apud</strong></span> <span class='ocrx_word' id='word_1_740' title='bbox 523 5491 831 5549; x_wconf 82' lang='lat' dir='ltr'><strong>ofﬁciorum</strong></span> <span class='ocrx_word' id='word_1_741' title='bbox 888 5492 1199 5549; x_wconf 87' lang='lat' dir='ltr'><strong>divinorum</strong></span> <span class='ocrx_word' id='word_1_742' title='bbox 1256 5493 1609 5562; x_wconf 90' lang='lat' dir='ltr'><strong>interpretes.</strong></span> <span class='ocrx_word' id='word_1_743' title='bbox 1672 5498 1771 5553; x_wconf 85' lang='lat' dir='ltr'><strong>Hic</strong></span> <span class='ocrx_word' id='word_1_744' title='bbox 1822 5496 1964 5554; x_wconf 88' lang='lat' dir='ltr'><strong>forte</strong></span> 
     </span>
    </p>
   </div>
   <div class='ocr_carea' id='block_1_93' title="bbox 2044 4422 3687 4497">
    <p class='ocr_par' dir='ltr' id='par_1_93' title="bbox 2044 4422 3687 4497">
     <span class='ocr_line' id='line_1_93' title="bbox 2044 4422 3687 4497; baseline -0.007 -10"><span class='ocrx_word' id='word_1_745' title='bbox 2044 4431 2390 4495; x_wconf 89' lang='lat' dir='ltr'><strong>decantatur,</strong></span> <span class='ocrx_word' id='word_1_746' title='bbox 2430 4429 2488 4485; x_wconf 94' lang='lat' dir='ltr'><strong>in</strong></span> <span class='ocrx_word' id='word_1_747' title='bbox 2535 4425 2946 4497; x_wconf 88' lang='lat' dir='ltr'><strong>parochialibus</strong></span> <span class='ocrx_word' id='word_1_748' title='bbox 2990 4437 3121 4481; x_wconf 90' lang='lat' dir='ltr'><strong>vero</strong></span> <span class='ocrx_word' id='word_1_749' title='bbox 3169 4422 3424 4480; x_wconf 88' lang='lat' dir='ltr'><strong>ecclesiis</strong></span> <span class='ocrx_word' id='word_1_750' title='bbox 3470 4422 3687 4477; x_wconf 90' lang='lat' dir='ltr'><strong>oriente</strong></span> 
     </span>
    </p>
   </div>
   <div class='ocr_carea' id='block_1_94' title="bbox 2044 4520 3691 4679">
    <p class='ocr_par' dir='ltr' id='par_1_94' title="bbox 2044 4520 3691 4679">
     <span class='ocr_line' id='line_1_94' title="bbox 2044 4520 3691 4679; baseline -0.003 -19"><span class='ocrx_word' id='word_1_751' title='bbox 2044 4520 2282 4679; x_wconf 46' lang='lat'><strong>80151.17)</strong></span> <span class='ocrx_word' id='word_1_752' title='bbox 2329 4608 2401 4663; x_wconf 90' lang='lat' dir='ltr'><em>In</em></span> <span class='ocrx_word' id='word_1_753' title='bbox 2455 4606 2696 4676; x_wconf 84' lang='lat' dir='ltr'><em>Vesperis</em></span> <span class='ocrx_word' id='word_1_754' title='bbox 2748 4604 3003 4675; x_wconf 79' lang='lat' dir='ltr'><em>hymnus:</em></span> <span class='ocrx_word' id='word_1_755' title='bbox 3055 4604 3100 4658; x_wconf 76' lang='grc' dir='ltr'><strong>Α</strong></span> <span class='ocrx_word' id='word_1_756' title='bbox 3141 4600 3278 4657; x_wconf 89' lang='lat' dir='ltr'><strong>solis</strong></span> <span class='ocrx_word' id='word_1_757' title='bbox 3306 4603 3482 4657; x_wconf 89' lang='lat' dir='ltr'><strong>ortus.</strong></span> <span class='ocrx_word' id='word_1_758' title='bbox 3512 4597 3691 4655; x_wconf 82' lang='lat' dir='ltr'><strong>Hodie</strong></span> 
     </span>
    </p>
   </div>
   <div class='ocr_carea' id='block_1_95' title="bbox 2045 4686 3692 4764">
    <p class='ocr_par' dir='ltr' id='par_1_95' title="bbox 2045 4686 3692 4764">
     <span class='ocr_line' id='line_1_95' title="bbox 2045 4686 3692 4764; baseline -0.007 -9"><span class='ocrx_word' id='word_1_759' title='bbox 2045 4698 2262 4755; x_wconf 85' lang='lat' dir='ltr'><strong>canitur</strong></span> <span class='ocrx_word' id='word_1_760' title='bbox 2308 4696 2367 4751; x_wconf 89' lang='lat' dir='ltr'><strong>in</strong></span> <span class='ocrx_word' id='word_1_761' title='bbox 2415 4694 2609 4764; x_wconf 87' lang='lat' dir='ltr'><strong>primis</strong></span> <span class='ocrx_word' id='word_1_762' title='bbox 2656 4692 2909 4763; x_wconf 88' lang='lat' dir='ltr'><strong>Vesperis</strong></span> <span class='ocrx_word' id='word_1_763' title='bbox 2957 4691 3226 4760; x_wconf 79' lang='lat' dir='ltr'><strong>hymnus:</strong></span> <span class='ocrx_word' id='word_1_764' title='bbox 3289 4688 3429 4754; x_wconf 85' lang='lat' dir='ltr'><em>Veni,</em></span> <span class='ocrx_word' id='word_1_765' title='bbox 3477 4686 3692 4744; x_wconf 57' lang='lat' dir='ltr'><em>Redenv</em></span> 
     </span>
    </p>
   </div>
   <div class='ocr_carea' id='block_1_96' title="bbox 2040 4777 3686 4859">
    <p class='ocr_par' dir='ltr' id='par_1_96' title="bbox 2040 4777 3686 4859">
     <span class='ocr_line' id='line_1_96' title="bbox 2040 4777 3686 4859; baseline -0.005 -16"><span class='ocrx_word' id='word_1_766' title='bbox 2040 4793 2182 4859; x_wconf 88' lang='lat' dir='ltr'><em>ptor,</em></span> <span class='ocrx_word' id='word_1_767' title='bbox 2214 4792 2275 4841; x_wconf 90' lang='lat' dir='ltr'><strong>ut</strong></span> <span class='ocrx_word' id='word_1_768' title='bbox 2302 4785 2539 4841; x_wconf 88' lang='lat' dir='ltr'><strong>habetur</strong></span> <span class='ocrx_word' id='word_1_769' title='bbox 2565 4783 2622 4839; x_wconf 93' lang='lat' dir='ltr'><strong>in</strong></span> <span class='ocrx_word' id='word_1_770' title='bbox 2651 4781 2942 4839; x_wconf 90' lang='lat' dir='ltr'><strong>Ordinario</strong></span> <span class='ocrx_word' id='word_1_771' title='bbox 2972 4779 3193 4835; x_wconf 82' lang='lat' dir='ltr'><strong>Rotom.</strong></span> <span class='ocrx_word' id='word_1_772' title='bbox 3235 4792 3336 4834; x_wconf 92' lang='lat' dir='ltr'><strong>ms.</strong></span> <span class='ocrx_word' id='word_1_773' title='bbox 3369 4785 3424 4834; x_wconf 90' lang='lat' dir='ltr'><strong>et</strong></span> <span class='ocrx_word' id='word_1_774' title='bbox 3452 4777 3510 4833; x_wconf 93' lang='lat' dir='ltr'><strong>in</strong></span> <span class='ocrx_word' id='word_1_775' title='bbox 3538 4783 3686 4835; x_wconf 88' lang='lat' dir='ltr'><strong>vetu-</strong></span> 
     </span>
    </p>
   </div>
   <div class='ocr_carea' id='block_1_97' title="bbox 2044 4870 2885 4932">
    <p class='ocr_par' dir='ltr' id='par_1_97' title="bbox 2044 4870 2885 4932">
     <span class='ocr_line' id='line_1_97' title="bbox 2044 4870 2885 4932; baseline -0.011 0"><span class='ocrx_word' id='word_1_776' title='bbox 2044 4876 2145 4932; x_wconf 87' lang='lat' dir='ltr'><strong>stis</strong></span> <span class='ocrx_word' id='word_1_777' title='bbox 2182 4874 2474 4932; x_wconf 83' lang='lat' dir='ltr'><strong>Breviariis</strong></span> <span class='ocrx_word' id='word_1_778' title='bbox 2502 4877 2558 4928; x_wconf 90' lang='lat' dir='ltr'><strong>et</strong></span> <span class='ocrx_word' id='word_1_779' title='bbox 2587 4870 2885 4927; x_wconf 87' lang='lat' dir='ltr'><strong>Psalteriis.</strong></span> 
     </span>
    </p>
   </div>
   <div class='ocr_carea' id='block_1_98' title="bbox 2118 4954 3688 5033">
    <p class='ocr_par' dir='ltr' id='par_1_98' title="bbox 2118 4954 3688 5033">
     <span class='ocr_line' id='line_1_98' title="bbox 2118 4954 3688 5033; baseline -0.003 -18"><span class='ocrx_word' id='word_1_780' title='bbox 2118 4963 2258 5033; x_wconf 88' lang='grc'>(118)</span> <span class='ocrx_word' id='word_1_781' title='bbox 2316 4962 2567 5018; x_wconf 86' lang='lat' dir='ltr'><em>Diaconis</em></span> <span class='ocrx_word' id='word_1_782' title='bbox 2630 4954 2991 5014; x_wconf 79' lang='lat' dir='ltr'><em>diaconatibus</em></span> <span class='ocrx_word' id='word_1_783' title='bbox 3035 4955 3261 5012; x_wconf 86' lang='lat' dir='ltr'><em>vestibus</em></span> <span class='ocrx_word' id='word_1_784' title='bbox 3309 4956 3497 5013; x_wconf 83' lang='lat' dir='ltr'><em>induti.</em></span> <span class='ocrx_word' id='word_1_785' title='bbox 3530 4957 3688 5011; x_wconf 85' lang='lat' dir='ltr'><strong>ltuuc</strong></span> 
     </span>
    </p>
   </div>
   <div class='ocr_carea' id='block_1_99' title="bbox 2042 5043 3687 5116">
    <p class='ocr_par' dir='ltr' id='par_1_99' title="bbox 2042 5043 3687 5116">
     <span class='ocr_line' id='line_1_99' title="bbox 2042 5043 3687 5116; baseline -0.006 -9"><span class='ocrx_word' id='word_1_786' title='bbox 2042 5050 2403 5107; x_wconf 88' lang='lat' dir='ltr'><strong>diaconorum</strong></span> <span class='ocrx_word' id='word_1_787' title='bbox 2445 5054 2500 5104; x_wconf 91' lang='lat' dir='ltr'><strong>et</strong></span> <span class='ocrx_word' id='word_1_788' title='bbox 2544 5049 2840 5116; x_wconf 83' lang='lat' dir='ltr'><strong>sequentes</strong></span> <span class='ocrx_word' id='word_1_789' title='bbox 2890 5043 3333 5115; x_wconf 87' lang='lat' dir='ltr'><strong>presbyterorum</strong></span> <span class='ocrx_word' id='word_1_790' title='bbox 3381 5052 3436 5098; x_wconf 91' lang='lat' dir='ltr'><strong>et</strong></span> <span class='ocrx_word' id='word_1_791' title='bbox 3481 5054 3687 5111; x_wconf 89' lang='lat' dir='ltr'><strong>puero-</strong></span> 
     </span>
    </p>
   </div>
   <div class='ocr_carea' id='block_1_100' title="bbox 2048 5131 3693 5203">
    <p class='ocr_par' dir='ltr' id='par_1_100' title="bbox 2048 5131 3693 5203">
     <span class='ocr_line' id='line_1_100' title="bbox 2048 5131 3693 5203; baseline -0.007 -7"><span class='ocrx_word' id='word_1_792' title='bbox 2048 5154 2165 5196; x_wconf 90' lang='lat' dir='ltr'><strong>rum</strong></span> <span class='ocrx_word' id='word_1_793' title='bbox 2196 5140 2334 5195; x_wconf 89' lang='lat' dir='ltr'><strong>ritus</strong></span> <span class='ocrx_word' id='word_1_794' title='bbox 2360 5138 2536 5193; x_wconf 77' lang='lat' dir='ltr'><strong>iusius</strong></span> <span class='ocrx_word' id='word_1_795' title='bbox 2562 5133 2802 5203; x_wconf 82' lang='lat' dir='ltr'><strong>explicat</strong></span> <span class='ocrx_word' id='word_1_796' title='bbox 2827 5131 3175 5189; x_wconf 89' lang='lat' dir='ltr'><strong>Ordinarium</strong></span> <span class='ocrx_word' id='word_1_797' title='bbox 3204 5131 3456 5190; x_wconf 68' lang='lat' dir='ltr'><strong>ecclesiae</strong></span> <span class='ocrx_word' id='word_1_798' title='bbox 3486 5137 3693 5186; x_wconf 86' lang='lat' dir='ltr'><strong>metro-</strong></span> 
     </span>
    </p>
   </div>
   <div class='ocr_carea' id='block_1_101' title="bbox 2046 5219 3689 5300">
    <p class='ocr_par' dir='ltr' id='par_1_101' title="bbox 2046 5219 3689 5300">
     <span class='ocr_line' id='line_1_101' title="bbox 2046 5219 3689 5300; baseline -0.006 -15"><span class='ocrx_word' id='word_1_799' title='bbox 2046 5229 2327 5300; x_wconf 68' lang='lat' dir='ltr'><strong>politanae,</strong></span> <span class='ocrx_word' id='word_1_800' title='bbox 2356 5226 2451 5282; x_wconf 90' lang='lat' dir='ltr'><strong>ubi</strong></span> <span class='ocrx_word' id='word_1_801' title='bbox 2480 5225 2626 5279; x_wconf 89' lang='lat' dir='ltr'><strong>inter</strong></span> <span class='ocrx_word' id='word_1_802' title='bbox 2654 5227 2855 5278; x_wconf 69' lang='lat' dir='ltr'><strong>caetera</strong></span> <span class='ocrx_word' id='word_1_803' title='bbox 2883 5221 2939 5276; x_wconf 90' lang='lat' dir='ltr'><strong>in</strong></span> <span class='ocrx_word' id='word_1_804' title='bbox 2966 5220 3107 5279; x_wconf 90' lang='lat' dir='ltr'><strong>festo</strong></span> <span class='ocrx_word' id='word_1_805' title='bbox 3136 5223 3192 5276; x_wconf 93' lang='lat' dir='ltr'><strong>S.</strong></span> <span class='ocrx_word' id='word_1_806' title='bbox 3242 5219 3506 5288; x_wconf 89' lang='lat' dir='ltr'><strong>Stephani</strong></span> <span class='ocrx_word' id='word_1_807' title='bbox 3551 5234 3689 5289; x_wconf 72' lang='lat' dir='ltr'><strong>prte-</strong></span> 
     </span>
    </p>
   </div>
   <div class='ocr_carea' id='block_1_102' title="bbox 2045 5309 3690 5382">
    <p class='ocr_par' dir='ltr' id='par_1_102' title="bbox 2045 5309 3690 5382">
     <span class='ocr_line' id='line_1_102' title="bbox 2045 5309 3690 5382; baseline -0.004 -9"><span class='ocrx_word' id='word_1_808' title='bbox 2045 5318 2327 5381; x_wconf 86' lang='lat' dir='ltr'><strong>scribitur,</strong></span> <span class='ocrx_word' id='word_1_809' title='bbox 2370 5321 2428 5369; x_wconf 91' lang='lat' dir='ltr'><strong>ut</strong></span> <span class='ocrx_word' id='word_1_810' title='bbox 2466 5315 2523 5369; x_wconf 89' lang='lat' dir='ltr'><strong>in</strong></span> <span class='ocrx_word' id='word_1_811' title='bbox 2561 5311 2913 5382; x_wconf 89' lang='lat' dir='ltr'><strong>processione</strong></span> <span class='ocrx_word' id='word_1_812' title='bbox 2964 5311 3039 5382; x_wconf 93' lang='lat' dir='ltr'><strong>(si</strong></span> <span class='ocrx_word' id='word_1_813' title='bbox 3076 5309 3271 5365; x_wconf 75' lang='lat' dir='ltr'><strong>festum</strong></span> <span class='ocrx_word' id='word_1_814' title='bbox 3312 5309 3370 5363; x_wconf 94' lang='lat' dir='ltr'><strong>in</strong></span> <span class='ocrx_word' id='word_1_815' title='bbox 3407 5309 3690 5367; x_wconf 81' lang='lat' dir='ltr'><strong>Dominica</strong></span> 
     </span>
    </p>
   </div>
   <div class='ocr_carea' id='block_1_103' title="bbox 2048 5396 3693 5475">
    <p class='ocr_par' dir='ltr' id='par_1_103' title="bbox 2048 5396 3693 5475">
     <span class='ocr_line' id='line_1_103' title="bbox 2048 5396 3693 5475; baseline -0.007 -11"><span class='ocrx_word' id='word_1_816' title='bbox 2048 5404 2311 5475; x_wconf 86' lang='lat' dir='ltr'><strong>evenerit)</strong></span> <span class='ocrx_word' id='word_1_817' title='bbox 2360 5402 2569 5459; x_wconf 87' lang='lat' dir='ltr'><em>diaconi</em></span> <span class='ocrx_word' id='word_1_818' title='bbox 2612 5401 2666 5456; x_wconf 90' lang='lat' dir='ltr'><strong>in</strong></span> <span class='ocrx_word' id='word_1_819' title='bbox 2703 5401 2883 5473; x_wconf 87' lang='lat' dir='ltr'><em>cappis</em></span> <span class='ocrx_word' id='word_1_820' title='bbox 2930 5398 3113 5454; x_wconf 88' lang='lat' dir='ltr'><em>sericis</em></span> <span class='ocrx_word' id='word_1_821' title='bbox 3157 5396 3261 5455; x_wconf 82' lang='lat' dir='ltr'><em>sint</em></span> <span class='ocrx_word' id='word_1_822' title='bbox 3315 5398 3371 5451; x_wconf 87' lang='lat' dir='ltr'><strong>in</strong></span> <span class='ocrx_word' id='word_1_823' title='bbox 3431 5399 3693 5469; x_wconf 79' lang='lat' dir='ltr'><em>superiori</em></span> 
     </span>
    </p>
   </div>
   <div class='ocr_carea' id='block_1_104' title="bbox 2040 5486 3693 5570">
    <p class='ocr_par' dir='ltr' id='par_1_104' title="bbox 2040 5486 3693 5570">
     <span class='ocr_line' id='line_1_104' title="bbox 2040 5486 3693 5570; baseline -0.008 -17"><span class='ocrx_word' id='word_1_824' title='bbox 2040 5501 2197 5570; x_wconf 87' lang='lat' dir='ltr'><em>parte</em></span> <span class='ocrx_word' id='word_1_825' title='bbox 2224 5491 2575 5566; x_wconf 85' lang='lat' dir='ltr'><em>processionis</em></span> <span class='ocrx_word' id='word_1_826' title='bbox 2621 5505 2801 5549; x_wconf 89' lang='lat' dir='ltr'><em>versus</em></span> <span class='ocrx_word' id='word_1_827' title='bbox 2834 5493 3044 5561; x_wconf 89' lang='lat' dir='ltr'><em>portam</em></span> <span class='ocrx_word' id='word_1_828' title='bbox 3090 5486 3153 5543; x_wconf 90' lang='lat' dir='ltr'><strong>S.</strong></span> <span class='ocrx_word' id='word_1_829' title='bbox 3204 5486 3445 5556; x_wconf 85' lang='lat' dir='ltr'><em>Romani,</em></span> <span class='ocrx_word' id='word_1_830' title='bbox 3494 5492 3544 5545; x_wconf 81' lang='lat' dir='ltr'><strong>et</strong></span> <span class='ocrx_word' id='word_1_831' title='bbox 3590 5500 3693 5540; x_wconf 82' lang='lat' dir='ltr'><em>om-</em></span> 
     </span>
    </p>
   </div>
  </div>
