4156 6196
452 198 525 252 87

1560 200 1849 256 JOANNES
1885 201 2300 259 ABCHIEPISC.
2341 203 2676 260 ROTOMAG.

3746 207 3822 261 88

445 356 540 398 nes
574 333 679 405 ||9
710 340 805 398 alii
839 342 942 398 sint
988 343 1169 415 cappis
1207 343 1318 398 suis
1362 342 1527 412 nigris
1572 356 1750 398 versus
1794 340 2050 414 pulpitum
2070 327 2394 403 :Aeosdem
2458 346 2598 404 ritus
2653 346 3090 419 processionales
3146 346 3413 406 describit
3466 348 3820 408 Ordinarium

445 436 496 488 et
524 432 602 487 ita
630 431 726 503 ﬁat
749 447 784 487 a
808 432 1169 488 sacerdotibus
1205 436 1255 487 et
1285 433 1467 504 pueris
1501 432 1556 486 in
1589 431 1674 486 die
1700 431 1761 487 S.
1794 432 2015 488 Joannis
2045 438 2095 489 et

445 519 556 579 SS.
585 521 963 577 Innocentium.
998 522 1132 576 Item
1162 526 1223 576 ut
1252 521 1323 576 ad
1380 522 1591 576 missam
1655 534 1831 575 omnes
1885 521 2096 577 diaconi

444 608 502 664 in
530 609 711 680 cappis
739 608 795 663 in
831 608 1000 664 medio
1033 608 1178 664 chori
1214 608 1424 663 chorum
1460 612 1685 676 regant;
1735 614 1797 664 ut
1844 608 2097 665 diaconus

444 694 587 767 legat
615 695 888 768 epistolam
910 718 926 751 :
975 696 1285 767 Stephanus
1322 696 1539 765 plenus,
1580 700 1630 750 et
1658 696 1713 750 in
1751 694 1863 752 loco
1888 696 1975 752 ubi
2006 697 2094 753 di-

449 784 619 841 citur:
650 785 911 861 Clamavit
939 799 1073 842 voce
1104 798 1295 855 magna
1326 785 1540 851 dicens,
1590 783 1694 840 duo
1733 784 1942 842 diaconi
1971 802 2097 842 can-

449 878 555 951 tent
579 887 830 945 prosam:
863 876 978 929 Stat
1006 878 1067 930 ut
1092 886 1265 943 agnus
1294 872 1441 928 inter
1470 873 1651 943 lupos.
1688 875 1815 929 Tres
1843 873 2092 931 diaconi:

451 960 724 1019 Sederunt
779 961 1075 1031 principes.
1127 956 1166 1016 γι
1213 960 1420 1032 Adjuva
1468 975 1577 1028 me,
1633 962 1699 1016 Ut
1746 977 1921 1019 omnes
1983 964 2098 1020 dia-

451 1051 569 1107 coni
598 1055 843 1107 cantent:
879 1049 1131 1106 Alleluia.
1163 1053 1204 1115 1t
1253 1050 1394 1107 Ecce
1434 1049 1596 1106 video
1643 1052 1839 1119 calos,
1887 1053 1945 1108 in
1990 1069 2097 1109 me-

452 1138 539 1194 dio
569 1138 713 1194 chori
766 1138 819 1192 in
848 1136 1054 1193 modum
1081 1151 1312 1208 corona,
1346 1144 1493 1204 etc.;
1544 1137 1783 1210 denique
1840 1150 1901 1197 ut
1948 1141 2094 1198 lecto

450 1225 741 1297 Evangelia
809 1226 1134 1295 pronuntiet
1203 1226 1417 1297 quidam
1471 1225 1723 1283 diaconus
1782 1228 1837 1283 in
1895 1234 2090 1285 cantu:

447 1314 622 1370 Credo
653 1314 709 1370 in
740 1328 909 1370 unum
938 1316 1107 1369 Deum
1137 1315 1234 1369 Pu.

515 1403 740 1460 Diaconi
759 1403 1050 1474 procedant
1078 1418 1193 1457 cum
1221 1403 1404 1459 cereis.
1438 1404 1661 1461 Scilicet
1697 1405 1765 1461 ad
1813 1405 1984 1463 altare
2033 1409 2088 1464 S.

441 1492 727 1563 Stephani,
768 1496 828 1546 ut
864 1491 1099 1547 habetur
1127 1492 1182 1547 in
1204 1492 1494 1550 Ordinario
1533 1496 1926 1567 Rotomagensi
1958 1510 2086 1564 ms.,

443 1596 501 1653 p.
550 1580 659 1637 20:
718 1580 909 1637 Finitis
960 1581 1217 1652 Vesperis,
1267 1597 1446 1637 omnes
1501 1583 1710 1640 diaconi
1756 1584 1989 1641 ecclesia
2033 1587 2088 1641 in

2177 434 2579 506 Rotomagense
2613 451 2716 493 ms.

2247 523 2397 596 (120)
2444 527 2570 582 Cum
2624 526 2910 599 antiphona
2956 531 3012 582 et
3064 525 3248 582 Gloria
3310 526 3502 595 Patri,
3567 531 3821 585 memoria

2177 614 2504 670 Nativitatis.
2528 615 2587 670 In
2618 613 2863 670 Ecclesia
2891 616 3280 687 Rotomagensi
3330 616 3391 672 ﬂt
3421 618 3683 689 memoria
3714 619 3821 673 Na-

2177 703 2406 759 tivitatis
2434 717 2557 759 cum
2604 704 2926 774 antiphona,
2977 719 3137 761 versu
3187 711 3244 761 et
3279 706 3551 772 oratione,
3599 706 3818 764 sublato

2177 804 2337 846 versu
2368 790 2551 847 Gloria
2579 793 2746 848 Patri.

2253 878 2405 951 (121)
2437 880 2693 952 Deinceps
2748 881 3150 953 procedentibus
3205 882 3583 940 sacerdotibus.
3630 885 3821 956 Magna

2177 970 2232 1024 8.
2302 970 2528 1026 Joannis
2592 971 2896 1042 antiquitus
2958 971 3105 1042 apud
3161 977 3437 1029 nostrates
3466 972 3821 1043 presbyteros

2176 1059 2494 1115 veneratio:
2555 1060 2714 1129 cujus
2767 1059 2933 1115 varia
2999 1060 3242 1116 rationes
3292 1060 3405 1131 peti
3463 1068 3692 1131 possunt
3751 1077 3820 1119 ex
3934 1085 3951 1097 -

2174 1147 2340 1202 variis
2397 1149 2515 1217 ejus
2572 1149 2971 1219 praerogativis,
3048 1163 3173 1220 qua
3237 1148 3566 1206 sacerdotali
3634 1150 3817 1207 ordini

2175 1235 2469 1292 admodum
2498 1238 2852 1293 conveniunt.
2893 1237 3001 1294 Sed
3047 1237 3169 1293 haec
3210 1238 3552 1309 potissimum
3582 1239 3812 1307 arridet,

2175 1325 2324 1396 quod
2356 1324 2509 1381 solus
2538 1325 2684 1381 inter
2711 1325 2994 1396 apostolos
3029 1327 3268 1383 senioris
3314 1340 3514 1383 nomen
3562 1327 3819 1398 epistolis

2174 1415 2289 1470 suis
2319 1414 2635 1485 praﬁxerit.
2667 1416 2744 1471 De
2792 1415 2957 1471 missa
2987 1414 3292 1472 matutinali
3340 1417 3397 1472 in
3446 1416 3729 1474 nativitate
3758 1419 3817 1473 8.

2167 1504 2396 1559 Joannis
2422 1505 2680 1574 Baptista
2710 1505 2834 1560 vide
2871 1503 3201 1560 Amalarium
3249 1507 3323 1561 De
3372 1504 3576 1561 ofﬁciis
3625 1506 3815 1563 eccle-

2173 1593 2432 1661 siasticis,
2464 1593 2561 1648 lib.
2596 1609 2678 1660 III,
2711 1607 2833 1664 cap.
2866 1592 2955 1647 38.
2989 1594 3085 1649 Pu.

442 1668 757 1742 superliciis,
790 1674 1016 1726 tenentes
1045 1684 1222 1726 cereos
1260 1668 1504 1728 ardentes
1528 1674 1586 1728 in
1612 1675 1852 1730 manibus
1878 1676 2087 1733 ueniant
2106 1665 2155 1723 Β
2247 1683 2375 1738 Hac
2404 1689 2585 1738 autem
2615 1682 2780 1738 missa
2810 1682 3105 1751 peculiaris
3126 1688 3244 1739 erat
3272 1687 3328 1739 et
3355 1685 3580 1742 omnino
3599 1686 3818 1743 diversa

438 1770 540 1829 per
587 1756 798 1813 chorum
849 1773 965 1813 cum
1015 1758 1349 1828 processione
1394 1759 1503 1816 bini
1552 1765 1602 1817 et
1639 1761 1746 1818 bini
1799 1779 1962 1835 usque
2020 1765 2090 1820 ad
2170 1770 2239 1825 ab
2287 1785 2352 1827 ea
2399 1785 2522 1840 qua:
2569 1776 2695 1843 post
2741 1772 2958 1827 tertiam
3017 1772 3347 1840 celebratur,
3398 1779 3460 1829 ut
3500 1788 3568 1830 ex
3612 1776 3816 1832 Missali

444 1844 617 1902 altare
662 1847 726 1903 S.
767 1846 1041 1918 Stephani,
1082 1848 1343 1904 cantando
1397 1853 1782 1922 responsorium
1823 1871 1841 1907 :
1892 1854 2089 1909 Sancte
2173 1858 2467 1915 Parisiensi
2505 1873 2606 1916 ms.
2637 1858 2746 1915 300
2774 1859 2999 1916 circiter
3026 1873 3295 1917 annorum
3345 1860 3565 1932 planum
3609 1870 3713 1931 est,
3760 1872 3817 1921 et

443 1933 542 1989 Dei
589 1934 852 2005 pretiose.
914 1938 1038 1991 Tres
1084 1935 1292 1992 diaconi
1335 1941 1542 1994 cantent
1578 1953 1820 1996 uersum:
1862 1942 1931 1997 Ut
1967 1945 2085 1998 tuo.
2170 1961 2237 2003 ex
2274 1948 2446 2004 veteri
2475 1948 2767 2005 Ordinario
2796 1962 2899 2004 ms.
2932 1949 3325 2006 cauonicorum
3372 1950 3704 2022 regularium
3754 1953 3813 2009 S.

444 2023 559 2091 Quo
596 2025 745 2093 ﬁnito
783 2025 1065 2097 incipiatur
1111 2025 1393 2097 antiphona
1433 2048 1449 2081 :
1499 2029 1697 2085 Beatus
1755 2029 2084 2100 Stephanus,
2167 2037 2339 2096 Laudi
2370 2039 2806 2110 Rotomagensis.

441 2111 627 2168 levita.
661 2115 788 2169 Tres
816 2113 1025 2169 diaconi
1052 2120 1091 2179 ψ
1137 2113 1340 2182 Gloria,
1390 2119 1497 2172 etc.
1549 2118 1768 2173 Oratio:
1819 2120 2086 2191 Omnipo-
2243 2128 2394 2199 (122)
2448 2128 2765 2184 Sacerdotes
2827 2132 3040 2184 utantur
3102 2126 3316 2185 casulis.
3368 2129 3637 2196 Quantum
3690 2130 3814 2189 istae

442 2206 565 2289 tens
596 2203 931 2273 sempiterne
952 2204 1114 2259 Deus.
1147 2206 1213 2259 In
1239 2204 1435 2275 reditu,
1464 2211 1573 2263 ant.
1598 2208 1862 2264 Nesciens
1890 2217 2083 2279 mater,
2169 2216 2370 2273 casulae
2399 2230 2431 2272 a
2460 2217 2666 2273 nostris
2703 2216 2990 2273 diﬂ'erreut
3038 2216 3225 2289 colligi
3273 2224 3457 2288 potest
3487 2233 3550 2275 ex
3583 2219 3812 2278 Rabano

435 2288 520 2380 uel
544 2292 931 2380 responsorium
960 2292 1026 2348 de
1053 2292 1119 2348 S.
1148 2293 1331 2350 Maria
1359 2294 1431 2349 ad
1454 2294 1726 2366 placitum,
1778 2303 1827 2353 et
1871 2298 2088 2369 ﬁniatur
2168 2305 2207 2361 Ι.
2240 2322 2279 2374 1,
2310 2307 2385 2361 De
2415 2306 2651 2361 iustitut.
2691 2305 2903 2374 cleric.,
2936 2320 2986 2362 c.
3016 2305 3108 2373 21,
3141 2288 3216 2362 De
3264 2307 3470 2364 casula.
3521 2309 3811 2380 Septimum

432 2378 491 2467 in
536 2379 715 2435 choro.
766 2382 881 2435 Duo
930 2380 1140 2436 diaconi
1185 2386 1391 2437 cantent
1438 2385 1475 2445 ιι
1527 2385 1654 2441 Post
1700 2391 1916 2456 partum
1941 2429 1957 2455 ,
2004 2386 2086 2442 uel
2167 2394 2384 2466 (inquit)
2431 2393 2761 2451 sacerdotale
2803 2395 3155 2451 indumentum
3201 2400 3277 2452 est
3297 2440 3316 2465 ,
3375 2396 3513 2467 quod
3574 2378 3811 2453 casulam

433 2466 716 2556 Speciosa.
775 2470 1024 2525 Oremus.
1073 2470 1218 2524 Deus
1263 2470 1359 2539 qui
1416 2470 1629 2527 salutis.
1687 2474 2084 2532 Benedicamus
2164 2489 2350 2539 uocant
2372 2505 2389 2538 :
2420 2484 2563 2539 dicta
2617 2488 2694 2539 est
2749 2488 2921 2540 autem
2950 2499 3050 2556 per
3086 2466 3474 2541 diminutionem
3503 2502 3539 2542 a
3566 2502 3714 2554 casa,
3746 2502 3807 2542 eo

435 2556 508 2646 ad
519 2554 800 2646 placitum.
859 2559 1035 2646 Hujus
1071 2558 1457 2646 iprocessionis
1512 2574 1644 2617 usus
1696 2561 1945 2619 sublatus
2000 2571 2084 2620 est
2164 2574 2301 2645 quod
2330 2578 2490 2629 totum
2517 2572 2769 2628 hominem
2795 2554 2974 2643 legat—.-
3006 2574 3177 2630 Graci
3201 2574 3469 2646 planctum
3515 2576 3802 2632 nominant.

431 2642 490 2699 in
517 2645 907 2715 Rotomagensi
956 2645 1238 2716 Ecclesia;
1290 2661 1409 2703 eam
1456 2654 1638 2705 tamen
1685 2651 1767 2707 sic
1817 2652 2084 2710 describit
2161 2642 2259 2719 Cui
2290 2668 2559 2719 consonat
2585 2665 2804 2719 Gemma
2836 2642 3057 2730 animae,
3108 2642 3409 2734 Deiantiq.
3469 2665 3581 2720 ritu
3627 2666 3803 2733 miss.,

433 2731 847 2823 Processionale
877 2735 1174 2805 Bajocense
1221 2749 1366 2792 anno
1417 2735 1553 2790 16°24
1590 2738 1836 2796 editum:
1888 2743 2083 2798 Finitis
2162 2753 2201 2809 ι,
2234 2768 2273 2818 ι,
2306 2766 2358 2807 ο,
2389 2751 2516 2806 207.
2547 2753 2623 2806 De
2652 2750 2856 2807 casula,
2889 2751 3099 2807 assuta;
3120 2731 3422 2823 antiquitus
3441 2759 3597 2809 erant
3615 2731 3806 2810 ι-οιιιη.

431 2818 625 2911 ultimis
665 2823 901 2911 Vesperis
928 2823 1032 2911 diei
1059 2824 1209 2878 istius
1239 2823 1473 2896 (scilicet
1500 2828 1809 2885 Nativitatis
1834 2831 2077 2903 Domini)
2163 2842 2269 2909 de,
2303 2846 2359 2897 et
2377 2840 2577 2896 limbus
2604 2854 2791 2896 earum
2819 2854 2988 2911 super
3013 2841 3238 2898 brachia
3252 2818 3608 2899 errabundus
3626 2849 3806 2901 totum

429 2908 559 2980 petit
599 2910 867 2980 processio
909 2910 1081 2980 fontes
1124 2926 1219 2982 per
1262 2913 1581 2983 superiorem
1635 2916 1831 2970 exitum
1894 2917 2079 2986 chori;

2188 2943 2366 3000 :orpus
2430 2929 2773 2986 circumibat.
2848 2908 3172 2999 Hujusmodi
3230 2929 3353 2986 duae
3420 2932 3477 2987 in
3555 2933 3806 2988 sacristia

432 2995 782 3051 subdiaconus
834 3004 1005 3053 autem
1065 3000 1247 3070 festive
1308 3001 1519 3056 indutus
1581 3001 1849 3060 brachium
1912 3010 2081 3064 sancti

2188 2995 2415 3076 ecclesia
2444 3018 2776 3075 cathedralis
2804 2995 3224 3091 Rotomagcnsis
3260 3026 3608 3077 asservantur
3654 3036 3808 3077 casu-

436 3082 690 3178 διερὴαηὶ
753 3099 868 3139 cum
930 3085 1150 3178 Sindotw
1192 3088 1413 3156 seriem,
1463 3095 1512 3144 οε
1558 3105 1622 3146 σα
1675 3092 1858 3162 rubea,
1917 3095 2082 3166 defer!
2163 3107 2251 3173 la,
2290 3107 2359 3163 de
2388 3106 2615 3163 materia
2643 3107 2866 3177 quidem
2910 3082 3155 3177 plicabili
3205 3106 3288 3178 (ut
3331 3109 3541 3166 indicat
3588 3110 3803 3166 Rituale

435 3176 781 3268 σᾳπιαξξινίιυέ
806 3175 1188 3268 νεξεροηξονὶιινη
1211 3192 1488 3268 sequens:
1520 3180 1754 3249 Lapides
1796 3186 2079 3254 torrentis.
2163 3194 2583 3267 Rotomagense)
2623 3175 2851 3266 quarum
2882 3175 3055 3251 altera
3113 3175 3222 3257 I2l
3269 3212 3394 3268 quae
3441 3206 3525 3254 est
3574 3198 3802 3256 violacei

435 3264 544 3357 etc.
576 3261 709 3357 Heg
753 3263 1061 3357 {omnia
1110 3264 1331 3357 ecclesia
1379 3267 1671 3357 cathedrah'
1716 3268 2076 3330 observantur.
2161 3284 2367 3341 coloris
2394 3261 2578 3341 sum
2596 3261 2882 3341 celebrans
2928 3286 2985 3340 in
3033 3261 3509 3344 Sabbato'sancto
3556 3289 3799 3357 Pascha,

432 3350 603 3405 Prosa
625 3369 642 3403 :
672 3349 854 3407 Calos
886 3351 1044 3420 vidit,
1076 3358 1183 3409 etc.
1233 3354 1433 3410 Deinde
1477 3356 1656 3429 incipit
1702 3361 2079 3420 archichorista

2188 3381 2217 3430 ει
2240 3374 2423 3445 vigilia
2443 3376 2816 3442 Pentecostes,
2849 3373 2977 3430 dum
3008 3374 3266 3446 leguntur
3294 3377 3601 3447 prophetiae
3627 3400 3642 3447 ;
3673 3349 3808 3435 alte;

433 3437 774 3509 antip’wnam
836 3446 1167 3511 sequentem
1241 3442 1503 3513 lnfunde.
1554 3453 1706 3515 em;
1754 3453 2078 3522 Postmodum
2160 3477 2274 3519 ram
2295 3437 2461 3519 vvero
2519 3462 2730 3519 coloris
2787 3437 2899 3518 albi
2946 3437 3127 3519 induit
3171 3437 3431 3521 sacerdos
3485 3437 3806 3525 cantaturus

424 3528 764 3600 progreditur
828 3532 1097 3602 processio
1161 3533 1216 3588 in
1280 3537 1456 3591 navim
1513 3538 1765 3608 ecclesia,
1814 3544 2075 3599 cantando

2188 3552 2533 3624 :enealogiam
2564 3552 2619 3606 in
2649 3550 2806 3607 festis
2832 3551 3040 3608 Natalis
3087 3552 3304 3609 Domini
3353 3559 3410 3610 et
3454 3555 3800 3626 Epiphaniae,

428 3618 817 3713 ςεψρηεονὶιιηι
849 3641 866 3675 -'
917 3620 1070 3713 Felix
1100 3636 1383 3713 namque.
1433 3641 1547 3682 cum
1592 3643 1745 3685 υενεα
1794 3637 1849 3687 ει
1894 3632 2076 3688 Gloria
2159 3618 2217 3698 ut
2274 3618 2601 3699 veneranda:
2649 3642 2813 3713 hujus
2860 3641 3205 3713 antiquitatis
3233 3658 3364 3699 usus
3415 3647 3641 3702 omnino
3689 3618 3801 3705 non

428 3706 599 3804 Patri,
649 3713 705 3762 et
743 3722 909 3808 prosa
933 3730 960 3808 τ’
998 3711 1281 3808 Inviolata.
1317 3715 1396 3808 .In
1443 3715 1617 3808 reditu
1683 3719 1725 3787 ἢ
1782 3721 2077 3808 Descendit
2157 3733 2438 3802 depereat.
2491 3706 2796 3802 Eapropter
2841 3706 3055 3788 Rituale
3102 3733 3502 3804 Rotomagense
3548 3738 3803 3808 praecipit

429 3793 735 3850 sineuersu.
765 3796 826 3850 In
857 3796 1051 3853 eodem
1081 3800 1480 3856 Processionali
1530 3804 1813 3873 Bajocensi
1860 3808 2075 3865 haben-

2188 3827 2216 3876 ll
2243 3835 2517 3876 sacrarum
2551 3820 2765 3876 uestium
2792 3834 2858 3876 ca
2886 3821 3057 3892 forma
3092 3825 3344 3884 seruetur,
3388 3837 3543 3894 quam
3586 3827 3802 3882 Patrum

434 3885 527 3936 tur
554 3883 940 3950 processiones
968 3885 1147 3942 tribus
1172 3889 1532 3957 sequentibus
1560 3890 1756 3948 diebus
1802 3903 1928 3964 post
1977 3899 2077 3953 Ve-

2188 3911 2428 3978 ustitutio,
2478 3914 2528 3964 et
2575 3883 2897 3964 cathedralis
2937 3907 3168 3964 ecclesia
3216 3883 3513 3968 ueneranda
3554 3917 3801 3985 prascri-

431 3981 624 4038 speras
678 3976 733 4025 et
788 3972 1044 4030 Tertiam.
1104 3975 1166 4030 In
1222 3977 1393 4031 veteri
1439 3992 1569 4034 vero
1615 3980 1926 4051 Ordinario,
1976 3999 2075 4042 seu

2189 4002 2227 4056 it
2265 3972 2567 4070 antiquitas,
2606 3996 2841 4054 uidelicet
2867 4002 2923 4053 ut
2951 3997 3146 4054 casula
3176 4015 3269 4055 seu
3309 4000 3538 4073 planeta
3554 3972 3638 4059 ⁸ἱη
3683 4010 3798 4061 tan-

430 4056 928 4158 geremonialims.
966 4063 1371 4158 cauonicorum
1418 4066 1749 4158 regularium
1796 4072 1851 4128 8.
1903 4074 2074 4131 Laudi
2156 4093 2261 4144 tam
2453 4056 2575 4142 inde
2619 4085 3009 4158 amplitudinem
3064 4056 3536 4157 extendantursut

429 4145 853 4254 Dotomagensis
881 4149 1095 4206 ordinis
1123 4153 1179 4208 S.
1211 4154 1519 4223 Augustini,
1562 4163 1688 4227 post
1729 4161 1992 4231 Vesperas
2020 4171 2076 4220 et
2156 4183 2267 4234 ιοια
2293 4177 2481 4233 saltem
2509 4145 2790 4246 ablegant,-
2821 4176 3039 4248 ideoque
3075 4192 3146 4232 ea
3191 4145 3461 4236 commoda

699 4328 722 4341 ν
896 4331 908 4341 ⁸
953 4329 984 4341 Η
1028 4329 1039 4340 _
1157 4336 1166 4341 _
1424 4331 1438 4341 _
1518 4335 1544 4341 γ’
1882 4338 1895 4341 _
2092 4319 2140 4341 ἢ
2157 4266 2430 4322 materiam
2454 4266 2604 4337 ﬁant,
2627 4234 2691 4321 ut
2717 4234 2875 4336 facile
2897 4234 2996 4338 per
3016 4265 3250 4337 ﬁmbrias

498 4324 641 4397 (119)
689 4328 771 4427 In.
1111 4336 1200 4427 ιιι-
1225 4331 1544 4427 pracedenti
1611 4343 1760 4393 nocte
1799 4338 2073 4410 pulsentur

2188 4319 2834 4427 immaturam.
2867 4319 2923 4426 ρ’.
2956 4319 2995 4423 έ,
3016 4319 3151 4427 3...;
3333 4319 3345 4322 ⁷
3362 4319 3797 4420 magna;

426 4429 734 4520 totum
757 4407 772 4477 ι
796 4408 1147 4520 sensum
1167 4421 1223 4475 s.
1245 4421 1507 4520 suam
1693 4407 1847 4520 mue
1866 4428 2073 4500 opus
2155 4407 3798 4515 unumanama4;.{.321aestimasti};

425 4502 773 4608 (ξθιρῢξξιξιπς
804 4505 1176 4608 imitamini“!
1219 4523 1250 4565 ³
1302 4511 1520 4608 allows
1566 4516 1820 4608 camilli?
1860 4520 2076 4577 canitur
2156 4502 2448 4604 provident
2476 4533 2805 4590 hodiernum
2834 4502 2991 4589 usum
3040 4546 3150 4589 non
3200 4502 3435 4605 tenere,

425 4593 523 4662 qui
571 4591 803 4695 shown!
850 4602 1049 4695 rerum
1096 4596 1167 4695 ig
1202 4603 1504 4695 mammis
1533 4609 1599 4695 et,
1634 4606 1930 4665 Laudibus.
1982 4611 2076 4667 Se-
2155 4591 2546 4680 ecclesiasticis
2601 4622 2815 4695 legibus
2870 4623 3275 4694 obtemperare,
3332 4591 3794 4685 “ualeat;

426 4685 661 4751 quentes
689 4687 1019 4744 ceremoniaz
1046 4687 1263 4745 scilicet
1296 4690 1351 4744 in
1381 4689 1536 4747 festis
1580 4693 1636 4749 S.
1685 4696 1969 4767 Stephani,
2012 4702 2068 4758 S.
2152 4712 2380 4769 formam
2419 4726 2483 4769 ea
2513 4685 2798 4768 reducere.

424 4770 655 4876 Joannis
679 4776 1046 4876 evangelistae,
1088 4783 1145 4876 et
1189 4784 1504 4835 sanctorum
1552 4783 1931 4844 Innocentium
1980 4804 2074 4860 pe-
2224 4800 2368 4873 (123)
2410 4801 2697 4873 Incipiente
2742 4793 2915 4871 ofﬁcio
2952 4799 3225 4870 infantum.
3272 4802 3330 4859 Id
3360 4809 3445 4860 est
3473 4817 3791 4876 puerorum.

427 4858 576 4963 uitus
604 4860 1096 4963 abolevere-bon
1123 4867 1484 4963 incongruum
1516 4875 1697 4963 tamen
1736 4875 1898 4933 nobis
1924 4858 2070 4936 vide-
2152 4858 2241 4947 Sic
2278 4858 2736 4961 Carthaginenses
2772 4858 3019 4945 lectores
3048 4858 3311 4947 infantuli
3338 4858 3793 4963 aptantur;

426 4949 752 5051 ξυιξξίξξθξτθ
782 4966 907 5051 (ἔμω
952 4953 1010 5008 in
1053 4956 1495 5051 0Pd§03?50_m3-
1534 4959 1820 5051 habent“?
1862 4966 1919 5023 in
1968 4969 2070 5027 hac
2150 4982 2426 5037 Vitensem
2451 4949 2548 5035 lib.
2579 4994 2638 5046 ιι,
2673 4977 2812 5033 etin
2841 4979 3229 5051 Martyrologio
3258 4980 3326 5036 ad
3358 4949 3417 5037 tu
3464 4949 3791 5041 ldusvlulii:

425 5037 742 5145 Ῐέξψίίῗίθῖ
968 5057 1110 5142 Tum“
1157 5044 1322 5145 ιθθίίθ,
1358 5044 1559 5145 lfg‘tui'
1621 5065 1797 5145 om?“
1861 5056 2070 5115 άίαεοηῖ
2151 5071 2226 5125 De
2264 5069 2447 5126 ofﬁcio
2485 5037 2774 5134 infantum,
2806 5066 2955 5137 quod
2981 5037 3193 5124 diutius
3221 5070 3277 5125 in
3326 5037 3791 5145 Ecclesiaﬁvi-gwuit.

418 5135 643 5198 pergant
671 5130 742 5231 ad
770 5130 1088 5231 vestiarium,
1139 5150 1240 5206 qua
1287 5137 1436 5208 ﬁnita
1475 5146 1666 5196 exeant
1711 5142 1778 5197 de
1822 5147 2068 5204 vestiario

2191 5159 2309 5215 Iura
2345 5156 2692 5214 Ordinarium
2739 5130 2842 5211 hac
2876 5155 2987 5224 die,
3033 5157 3184 5230 (Ρη.)
3236 5159 3386 5229 quod
3433 5167 3560 5230 post
3607 5130 3794 5219 οδε-»θεέ

421 5230 537 5319 Olim
565 5219 731 5319 ςενείξ
762 5217 1354 5319 ανάεῖξῑίὺυεραηίαηάο
1378 5227 1796 5302 ιῆοωεηγνιιηι
1825 5235 2063 5307 Gemma.
2147 5217 2395 5304 vationes
2441 5259 2509 5301 ex
2556 5243 2748 5301 eodem
2795 5217 3087 5303 Ordinario
3135 5217 3523 5319 liotomagensi
3563 5217 3667 5307 ms.
3693 5217 3794 5309 de-

423 5310 473 5361 et
504 5309 625 5395 ante
653 5305 824 5363 altare
851 5308 922 5364 ad
966 5312 1179 5369 modum
1219 5329 1425 5371 corona
1466 5332 1581 5374 cum
1624 5334 1777 5375 uersu
1822 5326 1872 5377 et
1902 5305 2067 5395 prosa
2148 5336 2461 5393 scribimus.

424 5410 460 5451 a
505 5392 669 5449 tribus
709 5394 1013 5455 diaeonibus
1052 5401 1271 5472 ﬁniatur
1290 5424 1307 5458 :
1337 5418 1437 5474 quo
1477 5406 1621 5477 ﬁnito
1667 5392 1949 5481 incipiatur
1993 5415 2066 5471 Te

2224 5424 2361 5497 (124)
2394 5427 2460 5480 In
2493 5423 2625 5495 festo
2663 5424 2727 5481 S.
2748 5422 2998 5481 Silvestri
3023 5425 3059 5480 6
3088 5426 3276 5497 prima
3303 5425 3548 5484 lectiones
3576 5430 3642 5486 de
3668 5448 3791 5490 san-

430 5484 621 5551 Deum,
652 5488 785 5553 etc.,
806 5492 868 5544 ut
895 5503 1081 5559 supra.
1114 5491 1175 5545 In
1204 5489 1347 5546 festo
1377 5493 1433 5548 S.
1463 5494 1690 5554 Joannis
1717 5501 2064 5571 evangelista

2145 5524 2248 5580 cto,
2297 5519 2403 5571 tres
2446 5512 2641 5569 ultima
2684 5513 2750 5568 de
2793 5513 3103 5571 Natiuitate.
3135 5513 3284 5571 Idem
3316 5516 3550 5574 habetur
3576 5520 3633 5576 in
3664 5523 3790 5580 Bre-
