4156 6196
315 312 377 369 89
1324 311 1522 368 NOTAE
1556 311 1644 367 AD
1685 311 1935 368 LIBRUM
1972 313 2060 368 DE
2103 312 2315 369 OFFIC.
2358 310 2626 368 ECCLES.

3592 314 3664 370 90

310 438 480 495 viariis
526 439 812 510 Rotomag.
853 451 884 494 a
927 435 1055 492 1491
1118 442 1174 494 et
1237 436 1391 504 1578,
1437 435 1639 506 quibus
1698 436 2149 498 Ordina-Amam
2203 436 2535 509 antiphonam
2591 436 2797 492 dicitur.
2849 437 2908 492 In
2949 436 3224 495 Breviario
3256 440 3659 498 Dominicano-

309 529 435 585 rium
489 527 891 599 Rotomagense
939 542 1039 584 ms.
1108 527 1407 584 concordat
1467 525 1535 580 de
1601 524 1933 582 lectionibus

307 616 499 687 pariter
543 622 598 671 et
652 616 854 682 missis,
887 623 943 672 et
995 616 1340 673 Ordinarium
1388 627 1490 668 ms.
1540 612 1931 669 canonicorum

306 704 623 776 regularium
653 707 709 761 8.
745 704 911 761 Laudi
941 703 1378 776 Rotomagensis.
1412 703 1567 759 Nunc
1595 708 1709 757 tres
1740 702 1931 783 prima:

306 793 560 849 lectiones
597 793 666 849 de
703 793 947 863 Epistola
977 793 1044 849 ad
1077 794 1372 857 Romanos,
1413 796 1528 846 tres
1565 789 1795 846 secundi
1836 804 1934 847 no-

305 882 473 938 cturni
503 882 573 937 de
600 882 722 938 Vita
751 882 926 938 sancti
965 882 1230 947 Silvestri,
1263 887 1318 936 et
1340 885 1452 935 tres
1494 879 1643 934 tertii
1674 880 1931 936 nocturni

304 969 366 1026 de
407 971 751 1041 expositione
780 971 836 1026 in
867 971 1214 1041 Evangelium
1259 991 1271 1025 :
1324 970 1444 1026 Sint
1495 966 1682 1033 lumbi;
1716 982 1771 1025 et
1811 969 1929 1025 vice

303 1073 446 1115 versa
483 1061 648 1116 missa
702 1061 1037 1117 matutinalis
1084 1061 1153 1116 de
1199 1061 1516 1128 Nativitate,
1561 1064 1738 1132 major
1774 1060 1842 1115 de
1872 1063 1927 1116 S.

302 1148 551 1205 Silvestro
580 1150 911 1206 celebratur.

368 1236 515 1309 (125)
560 1240 827 1294 Lectiones
863 1244 968 1295 tres
1006 1255 1119 1295 cum
1158 1239 1322 1296 tribus
1356 1241 1724 1313 responsoriis.
1755 1239 1931 1296 Hodie

297 1340 481 1385 novem
514 1329 568 1384 in
602 1329 879 1385 Breviario
899 1331 1287 1401 Rotomagensi
1328 1330 1597 1388 lectiones
1632 1344 1756 1387 cum
1803 1329 1930 1385 toti-

296 1418 411 1474 dem
441 1418 813 1488 responsoriis
842 1417 1117 1489 leguntur.
1716 1444 1722 1450 -

368 1505 514 1577 (126)
578 1508 703 1563 Cum
758 1506 1023 1563 Laudibus
1080 1512 1130 1563 et
1180 1509 1469 1579 sequentia.
1521 1509 1818 1580 Sequentia
1877 1516 1933 1565 et

295 1595 501 1651 Laudes
529 1609 596 1652 ex
626 1595 728 1651 hac
764 1596 928 1651 missa
966 1603 1095 1653 sunt
1122 1597 1339 1655 ablatae.

365 1683 521 1755 (127)
565 1685 749 1741 Sancti
793 1686 1014 1741 Joannis
1065 1691 1262 1741 octava:
1324 1692 1380 1743 ut
1432 1690 1617 1758 festum
1682 1686 1925 1761 apostoli,

2012 539 2131 581 rum
2173 540 2186 576 :
2228 527 2294 582 In
2354 526 2503 581 tertio
2557 530 2807 581 nocturno
2854 527 3141 598 antiphona
3182 548 3198 581 :
3232 527 3423 584 Venite
3461 530 3660 587 adore-

2012 626 2153 678 mus,
2194 620 2301 669 etc.
2326 613 2566 669 Psalmus
2600 613 2730 685 ipse.
2754 614 2820 670 Et
2856 615 2913 670 in
2951 614 3245 671 Ordinario
3275 629 3377 672 ms.
3420 620 3661 674 canoni-

2014 715 2203 758 corum
2257 704 2311 758 S.
2370 703 2540 759 Laudi
2595 704 3058 775 Rotomagensis:
3099 706 3164 760 In
3207 705 3361 761 tertio
3408 711 3659 764 nocturno

2013 789 2295 861 antiphona
2358 812 2374 845 :
2424 792 2634 858 Venite,
2687 791 2921 864 psalmus
2975 794 3108 864 ipse,
3162 792 3351 850 stando
3392 794 3660 866 psallatur

2012 880 2168 933 totus.

2088 966 2246 1038 (132)
2287 968 2550 1024 Sacerdos
2580 969 2949 1027 dalnaaticatus
2978 976 3027 1027 et
3065 970 3331 1029 casulatus
3376 972 3659 1045 procedat.

2012 1056 2100 1112 Sic
2121 1056 2322 1127 legitur
2353 1049 2483 1119 I23
2517 1060 2572 1114 in
2602 1060 2885 1118 ordinario
2911 1062 3300 1133 Rotomagensi
3333 1077 3432 1118 ms.
3456 1077 3512 1134 p.
3551 1062 3659 1118 33:

2012 1146 2186 1201 Finito
2225 1161 2361 1201 nono
2399 1149 2730 1219 responsorio
2758 1150 3009 1206 sacerdos
3052 1152 3323 1207 revestitus
3350 1152 3656 1207 sacerdota-

2012 1234 2147 1291 libus
2200 1234 2423 1291 vestibus
2473 1240 2645 1293 cantet
2697 1237 2796 1293 hoc
2837 1238 3181 1309 Evangelium
3231 1245 3352 1297 ante
3390 1240 3580 1309 altare,
3614 1244 3663 1296 et

2011 1325 2361 1382 subdiaconus
2398 1341 2511 1382 cum
2548 1341 2632 1392 eo,
2670 1327 2806 1383 sicut
2842 1332 3055 1384 notatur
3110 1330 3166 1384 in
3210 1331 3500 1387 Nativitate
3556 1332 3636 1387 Do

2012 1416 2187 1471 mini:
2214 1417 2434 1472 Factum
2484 1421 2568 1471 est
2632 1429 2756 1472 cum
2804 1416 3194 1487 baptizaretur.
3253 1420 3426 1475 Finito
3485 1422 3664 1476 Evan-

2012 1503 2146 1575 gelia
2185 1505 2403 1577 incipiat
2450 1504 2894 1578 archiepiscopus,
2943 1504 3026 1560 vel
3078 1506 3329 1562 sacerdos
3378 1507 3664 1563 hebdoma-

2012 1594 2195 1650 darius
2233 1597 2354 1650 ante
2389 1592 2561 1650 altare
2590 1609 2704 1650 cum
2734 1592 3066 1651 candelabris
3110 1601 3159 1651 et
3207 1594 3465 1651 thuribulo
3512 1595 3653 1668 psal.

2012 1684 2086 1739 Te
2116 1685 2307 1740 Deum.

292 1773 443 1829 Nunc
471 1779 533 1828 ut
560 1772 757 1830 festum
788 1774 1122 1830 Dominicale
1153 1774 1435 1843 recolitur,
1476 1777 1620 1833 sicut
1638 1782 1694 1833 et
1722 1766 1993 1833 octava
2089 1771 2247 1844 (133)
2281 1772 2461 1830 δίειιω
2497 1774 2721 1845 Offide
2757 1774 2993 1846 incipiat
3024 1775 3128 1829 Ρθι·
3155 1771 3395 1830 οῖῧοίιιῐη
3417 1773 3663 1847 intellige

291 1862 465 1918 sancti
495 1861 755 1932 Stephani
786 1868 842 1918 et
870 1866 1184 1919 sanctorum
1209 1866 1608 1922 Innocentium.

361 1950 507 2022 (128)
585 1951 711 2006 Dies
790 1952 1196 2008 circumcisionis
1281 1952 1567 2011 celebretur
1628 1960 1684 2011 ut
1746 1956 1935 2027 festum

287 2038 349 2094 S.
378 2040 621 2096 Joannis.
674 2040 820 2096 More
871 2032 1006 2102 122
1037 2041 1273 2112 triplicis
1318 2041 1355 2097 2
1391 2044 1584 2100 classis
1620 2043 1933 2101 celebratur

286 2126 341 2182 in
399 2127 648 2183 Ecclesia
696 2128 1104 2201 Rotomagensi.
1138 2131 1218 2187 Ad
1267 2133 1540 2203 Vesperas
1591 2132 1701 2189 duo
1741 2133 1934 2204 cappis

287 2214 464 2271 induti
517 2216 744 2273 chorum
788 2223 1005 2290 regunt,
1055 2221 1467 2291 responsorium
1515 2236 1547 2278 a
1603 2228 1844 2294 quatuor
1872 2223 1927 2279 in

281 2304 473 2375 cappis
512 2305 856 2374 decantatur,
904 2313 961 2364 et
998 2307 1107 2364 duo
1147 2309 1217 2365 de
1266 2310 1567 2380 majoribus
1614 2311 1933 2368 thuritlcant

281 2391 478 2450 altare.
521 2394 784 2451 Similiter
839 2395 910 2451 ad
964 2398 1284 2455 Matutinum
1322 2407 1562 2470 quatuor
1626 2402 1683 2457 in
1740 2402 1934 2473 cappis

279 2479 664 2537 invitatorium
703 2488 909 2539 canunt
940 2490 995 2540 et
1022 2498 1229 2542 nonum
1265 2490 1698 2558 responsorium;
1740 2496 1796 2546 et
1835 2505 1934 2560 per

281 2570 604 2625 Nocturnas
657 2576 712 2626 et
761 2572 973 2627 Laudes
1017 2573 1245 2631 chorum
1311 2584 1527 2646 regunt.
1568 2578 1649 2632 Ad
1714 2580 1934 2635 missam

280 2663 486 2714 cantor
515 2659 573 2712 in
613 2672 786 2729 cappa
823 2659 1039 2716 intonat
1076 2662 1382 2731 introitum,
1433 2664 1542 2720 duo
1599 2667 1817 2735 cappati
1864 2667 1935 2722 de

285 2746 538 2802 secunda
595 2747 727 2803 sede
786 2748 1068 2819 graduale,
1127 2756 1366 2821 quatuor
1429 2752 1498 2808 de
1556 2753 1750 2823 majori
1805 2754 1937 2811 sede

285 2837 481 2907 cappis
542 2836 720 2892 induti
767 2836 999 2893 Alleluia
1036 2853 1159 2895 cum
1204 2855 1366 2896 versu
1408 2842 1721 2899 succinunt.
1763 2845 1822 2899 In
1853 2858 1941 2901 se-

285 2924 483 2979 cundis
526 2925 784 2995 Vesperis
802 2925 986 2981 omnia
1015 2932 1074 2981 ut
1103 2927 1159 2982 in
1198 2928 1409 2998 primis,
1440 2929 1538 2985 sed
1578 2930 1647 2986 ab
1677 2943 1788 2988 uno
1818 2937 1940 2988 tan-

282 3019 395 3068 tum
432 3013 758 3070 celebrante
787 3013 959 3070 altare
998 3015 1362 3073 thurilicatur.

2014 1862 2407 1933 spectaculum,
2448 1877 2545 1919 seu
2584 1868 2665 1929 (ut
2699 1862 2983 1933 vocabant)
3026 1863 3368 1934 mysterium,
3410 1876 3520 1933 quo
3560 1877 3661 1934 ap-

2015 1950 2306 2022 paritionis
2366 1951 2542 2008 stellae
2600 1958 2655 2008 et
2718 1951 3061 2008 adorationis
3117 1965 3393 2023 magorum
3432 1951 3664 2008 historia

2014 2042 2222 2112 populo
2262 2041 2641 2098 exhibebatur.
2692 2042 2898 2098 Eodem
2954 2054 3119 2097 sensu
3158 2040 3541 2111 accipiendum
3581 2046 3665 2097 est

2014 2128 2255 2186 officium
2284 2130 2546 2201 sepulcri,
2570 2130 2638 2187 de
2669 2145 2778 2201 quo
2818 2129 3049 2186 inferius
3087 2130 3143 2185 in
3183 2129 3379 2186 ordine
3417 2129 3663 2185 Pascha.

2014 2220 2145 2275 Haec
2201 2224 2257 2275 et
2321 2219 2427 2275 alia
2479 2220 2795 2290 sequiorum
2873 2225 3181 2289 temporum
3238 2219 3480 2286 inventa,
3540 2233 3664 2289 quae

2014 2306 2225 2363 diutius
2287 2308 2432 2378 apud
2489 2310 2726 2379 majores
2782 2316 3006 2364 nostros
3063 2322 3444 2378 perseverasse
3499 2307 3665 2363 docet

2013 2393 2382 2462 Ordiuarium,
2423 2396 2743 2467 castigatior
2780 2401 2913 2452 aetas
2945 2397 3070 2466 jure
3110 2403 3302 2467 postea
3357 2394 3661 2466 abrogavit,

2014 2496 2084 2538 ne
2122 2483 2265 2539 sacri
2303 2484 2443 2541 ritus
2489 2486 2546 2541 in
2599 2485 2759 2542 ludos
2794 2485 3049 2541 scenicos
3087 2490 3143 2540 et
3179 2484 3416 2556 ineptias
3453 2484 3663 2540 deﬂue-

2016 2578 2159 2626 rent.
2202 2574 2297 2629 Pu.

2088 2659 2149 2713 In
2185 2662 2474 2719 Ordinario
2548 2662 2939 2735 Rotomagensi
2993 2675 3094 2718 ms.
3146 2666 3375 2718 vocatur
3438 2660 3666 2732 ofﬁcium

2020 2751 2173 2807 trium
2202 2765 2415 2820 regum;
2447 2758 2575 2821 post
2612 2753 2848 2808 Tertiam
2896 2751 3026 2808 olim
3065 2751 3183 2807 fieri
3222 2750 3476 2816 solitum;
3528 2748 3663 2805 illud

2020 2839 2402 2909 subjungimus
2441 2838 2625 2894 ofﬁcio
2664 2837 2950 2894 infantum.

2092 2927 2233 2999 (134)
2273 2926 2482 2998 Absque
2517 2928 2590 2983 Te
2628 2928 2797 2983 Deum
2826 2926 3113 2982 laudamus
3149 2930 3204 2982 et
3230 2925 3413 2981 Gloria
3458 2924 3517 2980 in
3565 2938 3667 2981 ex-

2021 3016 2204 3073 celsis.
2274 3016 2449 3073 Hodie
2515 3016 2777 3072 dicuntur
2820 3016 2876 3071 in
2941 3014 3167 3071 dioecesi
3223 3014 3663 3085 Rotomagensis,

353 3102 511 3173 (129)
566 3104 693 3159 Dies
746 3103 1057 3175 Epiphania
1108 3110 1166 3160 ut
1203 3105 1315 3160 dies
1360 3105 1670 3164 Nativitatis
1713 3093 2163 3165 celebre-Csicut
2200 3104 2317 3161 fieri
2358 3104 2500 3160 solet
2536 3105 2681 3160 intra
2711 3110 2949 3161 octavas.

277 3194 376 3244 tur.
408 3193 664 3261 Excepto
695 3191 846 3262 quod
886 3192 942 3247 in
979 3193 1213 3263 septima
1251 3199 1459 3251 tantum
1488 3196 1729 3253 lectione
1759 3197 1933 3254 altare

276 3277 656 3336 thuritlcatur.

347 3365 511 3440 (130)
556 3367 768 3439 Absque
822 3368 1142 3426 inuitatorio.
1210 3370 1358 3428 Idem
1415 3371 1581 3430 docet
1644 3374 1928 3444 Alcuinus,

279 3452 372 3510 lib.
424 3458 504 3513 De
552 3458 666 3513 div.
727 3456 897 3526 oftlc.,
944 3458 1033 3514 tit.
1080 3460 1157 3515 De
1214 3460 1521 3531 Epiphania
1562 3483 1575 3518 :
1610 3465 1674 3518 In
1710 3462 1811 3519 hac
1848 3464 1934 3519 die

280 3544 506 3617 (inquit)
550 3561 713 3601 unum
748 3547 1028 3603 omittimus
1063 3562 1133 3602 ea:
1158 3547 1239 3603 his
1263 3564 1377 3620 quis
1405 3550 1460 3605 in
1495 3551 1789 3607 Natiuitate
1826 3555 1930 3607 Do-

276 3633 400 3686 mini
466 3634 811 3701 celebramus,
854 3635 952 3691 hoc
1012 3640 1087 3691 est
1151 3636 1525 3694 invitatorium.
1595 3639 1743 3695 Idem
1803 3654 1927 3695 cum

277 3719 517 3778 Alcuino
555 3723 861 3779 Amalarius
879 3723 977 3779 lib.
1002 3739 1055 3779 tv
1075 3725 1150 3779 De
1189 3724 1402 3780 Eccles.
1434 3726 1733 3794 observat.,
1756 3742 1806 3782 c.
1839 3725 1931 3793 33,

280 3814 335 3862 et
364 3808 519 3866 libro
567 3813 644 3867 De
693 3811 890 3868 ordine
937 3812 1250 3881 antipbon.,
1284 3826 1334 3869 c.
1386 3812 1476 3870 2|.
1510 3814 1644 3869 Item
1682 3814 1937 3871 Microlo—

2090 3193 2245 3266 (135)
2282 3193 2666 3249 Introeuntibus
2694 3193 2905 3249 chorum
2959 3197 3145 3249 cantor
3197 3197 3308 3249 ant.
3357 3197 3449 3248 aut
3501 3190 3544 3260 ἢ
3587 3191 3667 3247 in-

2014 3284 2175 3357 cipiat
2212 3283 2277 3338 de
2311 3289 2492 3339 sancto
2535 3283 2681 3352 cujus
2727 3288 2803 3338 est
2833 3281 3074 3338 ecclesia.
3109 3283 3206 3337 His
3241 3281 3541 3337 Dominicis
3576 3294 3668 3335 va-

2015 3373 2269 3429 cantibus
2324 3372 2393 3428 ad
2440 3372 2727 3429 introitum
2779 3371 2937 3429 chori
2993 3371 3198 3427 dicitur
3236 3386 3271 3426 ιι
3313 3374 3382 3426 Te
3426 3368 3663 3434 laudant,

2013 3461 2098 3518 vel
2138 3461 2507 3533 Confirmatum
2544 3466 2642 3527 est,
2681 3466 2776 3515 aut
2814 3460 3069 3517 Nesciens
3112 3463 3302 3525 mater,
3334 3464 3395 3513 ut
3443 3462 3668 3512 notatur

2014 3551 2072 3606 in
2118 3548 2414 3605 Ordinario
2453 3562 2580 3611 ms.,
2619 3547 2703 3603 vel
2755 3548 2918 3602 etiam
2968 3546 3037 3600 de
3085 3550 3278 3600 sancto
3308 3552 3566 3612 patrono,
3607 3550 3668 3598 ut

2014 3638 2251 3693 habetur
2300 3636 2357 3690 in
2415 3633 2817 3690 Processionali
2878 3631 3291 3702 Rotomagensi,
3323 3637 3417 3685 aut
3482 3630 3667 3698 aliqua

2015 3725 2317 3795 antipbona
2356 3722 2424 3780 de
2464 3723 2623 3779 beata
2659 3722 2871 3794 virgine
2911 3722 3096 3778 Maria.

2089 3812 2234 3885 (136)
2279 3811 2465 3883 Vigilia
2495 3826 2615 3868 vero
2649 3812 2976 3885 Epiphanius.
3003 3812 3154 3866 Hanc
3193 3808 3262 3865 de
3290 3807 3491 3880 vigiliae
3520 3806 3669 3862 illius

280 3911 401 3967 Elis,
446 3916 500 3956 c.
532 3899 610 3953 40
642 3916 654 3951 :
687 3903 753 3956 In
788 3901 1087 3973 Epiphania
1127 3902 1197 3957 ad
1227 3904 1529 3960 Nocturnus
1554 3904 1716 3974 juxta
1747 3907 1936 3960 Roma-
2010 3903 2223 3973 jejunio
2275 3902 2505 3959 Joannis
2546 3902 2875 3958 sententiam
2914 3901 3045 3958 olim
3084 3898 3229 3971 apud
3259 3912 3362 3956 nos
3398 3897 3664 3965 tenuisse,

279 4000 397 4042 num
462 3989 719 4046 Ordinem
780 3990 1136 4046 invitatoriam
1196 3992 1488 4060 reticemus,
1547 3998 1604 4048 ut
1659 4009 1693 4049 a
1749 3992 1935 4050 dolosa
2015 4007 2279 4065 processu
2318 4006 2447 4049 vero
2486 3993 2751 4063 temporis
2782 3992 3098 4063 religiosum
3128 4003 3337 4046 morem
3375 3989 3572 4055 abusu,
3596 4000 3666 4043 an

162 4072 167 4075 ’
282 4073 596 4134 invitatione
660 4078 887 4134 Herodis
939 4079 1304 4152 discrepemus.
1375 4083 1451 4137 Eo
1516 4081 1607 4138 die
1681 4083 1936 4140 invitato-
2014 4082 2377 4155 indulgentia,
2418 4082 2739 4149 exolevisse,
2789 4082 2875 4138 vel
2934 4080 3064 4138 inde
3113 4085 3349 4148 constat,
3382 4078 3531 4150 quod
3571 4091 3664 4134 ea-

281 4162 415 4221 rium
451 4180 567 4223 non
622 4166 824 4238 legitur
866 4166 1012 4236 apud
1049 4169 1349 4224 Honorium
1389 4170 1547 4226 Gem.
1581 4171 1797 4239 animae,
1831 4186 1934 4229 nec
2015 4172 2141 4229 dem
2186 4172 2303 4229 fere
2342 4173 2524 4244 legere
2564 4173 2638 4228 sit
2683 4173 2739 4228 in
2794 4171 3107 4236 Ordinario,
3149 4183 3273 4225 cum
3311 4169 3549 4240 quodam
3586 4174 3670 4224 ta-

280 4253 418 4322 apud
468 4255 788 4321 Belethum,
828 4254 926 4310 lib.
985 4256 1060 4311 De
1103 4256 1214 4314 div.
1246 4256 1393 4314 ofﬁc.
1425 4273 1475 4315 c.
1524 4257 1616 4324 37,
1656 4273 1759 4315 nec
1788 4259 1931 4330 apud
2015 4275 2139 4318 men
2195 4266 2627 4332 temperamento
2668 4281 2681 4317 :
2734 4263 2822 4326 [In
2874 4261 3126 4326 crastino,
3184 4256 3369 4327 vigilia
3435 4257 3669 4329 Epipha-

278 4339 634 4408 Durandum;
668 4343 813 4399 libro
851 4342 995 4398 enim
1026 4350 1204 4412 sexto,
1250 4360 1300 4401 c.
1358 4344 1443 4412 16,
1491 4347 1567 4402 De
1613 4344 1753 4403 festo
1802 4348 1997 4421 Epi—_
2020 4351 2123 4406 nite
2160 4366 2315 4421 quam
2340 4349 2520 4420 plebes
2548 4350 2751 4405 diverse
2779 4347 2973 4413 colunt,
3006 4346 3159 4402 alteri
3203 4345 3481 4418 prandent,
3513 4343 3667 4399 alteri

278 4428 495 4498 pbaniae
545 4434 629 4489 ait
670 4452 684 4488 :
727 4432 1091 4488 Inritatorium
1126 4434 1284 4489 etiam
1327 4449 1433 4490 non
1478 4435 1669 4491 dicitur
1718 4414 1939 4508 propter
1955 4414 2275 4509 I)jejunant,
2328 4414 2479 4493 nobis
2532 4444 2704 4494 autem
2749 4434 3039 4507 jejunando
3070 4414 3245 4490 colere
3273 4446 3555 4501 congruum
3590 4430 3668 4485 vi-

278 4528 503 4588 quatuor
538 4523 800 4579 rationes.
856 4522 925 4576 Et
969 4522 1025 4576 in
1076 4523 1351 4579 Breviario
1407 4525 1934 4583 Dominicanorum':

278 4608 341 4661 In
392 4611 706 4684 Epiphania
762 4609 835 4666 ad
876 4611 1190 4667 Matutinum
1250 4626 1356 4667 non
1415 4612 1623 4669 dicatur
1693 4615 1940 4671 invitato-

278 4695 408 4753 riam
442 4714 621 4772 neque
656 4700 892 4771 hymnus.
937 4705 1072 4759 Item
1119 4701 1175 4756 in
1219 4700 1510 4757 Ordiuario
1560 4715 1662 4757 ms.
1713 4704 1939 4759 canoni-

279 4796 465 4843 corum
510 4803 635 4859 reg.
686 4789 742 4843 S.
783 4791 952 4847 Laudi
999 4790 1420 4861 Rotomagensis
1455 4810 1468 4846 :
1510 4790 1595 4846 Ad
1621 4793 1938 4848 Matutinum

276 4872 639 4932 invitatoriam
701 4881 755 4932 et
815 4879 1033 4951 hymnus
1092 4894 1197 4934 non
1269 4879 1527 4934 dicuntur.
1595 4880 1749 4935 Nunc
1805 4894 1936 4938 vero

279 4960 663 5023 invitatoriam
724 4966 949 5036 dicitur,
999 4968 1148 5038 quod
1187 4982 1218 5023 a
1253 4966 1363 5022 200
1407 4967 1633 5024 circiter
1681 4968 1841 5025 annis
1879 4971 1936 5026 in

276 5050 523 5111 Ecclesia
566 5057 961 5128 Rotomagensi
991 5058 1303 5114 institutum
1339 5056 1543 5128 legitur
1588 5071 1657 5113 ex
1702 5057 1936 5114 Ordina-

276 5137 354 5197 rio
382 5157 488 5199 ms.
523 5145 840 5215 Bigotiano,
871 5161 928 5217 p.
958 5146 1049 5203 33.

341 5228 486 5304 (131)
534 5235 664 5291 Non
702 5235 907 5290 omnino
946 5236 1214 5302 omittitur,
1246 5235 1335 5306 qui
1378 5235 1436 5290 in
1472 5234 1657 5291 ordine
1692 5234 1935 5307 psalmo-

275 5329 383 5372 rum
426 5322 706 5376 recitetur.
766 5324 1045 5380 Consonat
1099 5323 1247 5393 quod
1288 5322 1470 5393 legere
1509 5330 1594 5379 est
1632 5324 1777 5394 apud
1830 5326 1935 5380 Du-

276 5407 506 5465 randum
559 5409 689 5467 loco
727 5425 895 5482 supra
944 5414 1115 5468 citato
1157 5431 1170 5467 :
1213 5412 1357 5467 Licet
1391 5426 1514 5481 ergo
1555 5413 1656 5468 hac
1699 5413 1785 5468 die
1830 5429 1934 5469 non

276 5491 483 5552 dicatur
520 5498 902 5567 invitatoriam,
943 5506 1116 5556 tamen
1133 5497 1367 5571 psalmus
1404 5500 1752 5568 invitatorius,
1791 5500 1936 5557 scili-

276 5587 351 5639 cet
381 5606 399 5639 :
442 5586 649 5643 Venite
689 5589 1043 5656 exsultemus,
1074 5590 1130 5645 in
1176 5589 1328 5644 tertio
1372 5591 1622 5644 nactum
1659 5590 1731 5645 ad
1774 5591 1933 5662 septi-

2021 4527 2191 4582 detur.
2252 4528 2389 4594 Quia
2435 4528 2569 4581 enim
2621 4529 2767 4582 tanta
2814 4524 3116 4581 solemnitas
3177 4520 3327 4577 nobis
3379 4520 3566 4575 eminet
3613 4518 3668 4573 in

2019 4631 2122 4687 qua
2184 4630 2242 4670 se
2288 4620 2398 4671 tota
2428 4615 2679 4671 Trinitas
2723 4615 2912 4671 mundo
2947 4609 3433 4686 prcemanifestavit,
3465 4610 3668 4679 oportet

2018 4720 2113 4760 nos
2142 4710 2262 4760 ante
2305 4704 2579 4776 puriﬁcari
2617 4723 2635 4759 :
2667 4709 2685 4770 ]
2723 4704 2818 4759 sed
2855 4701 3097 4759 Ecclesia
3124 4697 3520 4767 Rotomuensis
3556 4709 3662 4751 non

2007 4792 2212 4864 jejunat
2235 4799 2451 4865 propter
2472 4793 2848 4849 solemnitatem
2884 4787 3193 4848 Nativitatis
3231 4786 3460 4842 Domini.
3492 4786 3590 4842 Pu.

2088 4882 2236 4955 (137)
2257 4886 2323 4940 In
2342 4883 2524 4955 quibus
2546 4898 2646 4955 per
2664 4882 2862 4953 aliquot
2879 4880 2990 4935 dies
2999 4877 3319 4948 jejunamus.
3342 4878 3481 4933 Hinc
3500 4891 3668 4948 appa-

2017 4977 2103 5029 ret
2139 4972 2196 5028 in
2217 4972 2460 5029 Ecclesia
2482 4969 2868 5042 Rotomagensi
2898 4967 3029 5023 olim
3044 4967 3311 5037 jejunium
3334 4982 3435 5038 per
3455 4966 3667 5035 aliquot

2017 5060 2138 5117 dies
2174 5068 2300 5118 ante
2361 5054 2498 5123 I24
2545 5060 2981 5131 purificationem
3035 5057 3090 5113 in
3147 5071 3250 5112 usu
3305 5055 3473 5112 fuisse
3524 5054 3668 5124 posi-

2014 5155 2160 5219 tum;
2219 5150 2378 5221 cujus
2414 5151 2517 5207 etsi
2572 5148 2859 5217 vestigium
2899 5144 3094 5203 nullibi
3132 5144 3278 5216 apud
3315 5143 3661 5213 expositores

2014 5238 2324 5295 divinorum
2373 5237 2677 5295 oftlciorum
2736 5234 3285 5305 deprehenderimus,
3327 5245 3430 5286 nec
3472 5231 3529 5286 in
3566 5234 3665 5287 0r-

2014 5328 2244 5384 dinariis
2277 5328 2481 5383 nostris
2545 5332 2600 5381 et
2655 5322 2983 5381 ofﬂeialibus
3046 5323 3204 5378 libris
3259 5333 3416 5388 mss.,
3458 5320 3666 5392 legitur

2014 5423 2196 5473 tamen
2251 5418 2306 5471 in
2352 5413 2551 5471 Missali
2610 5414 2903 5470 Parisiensi
2960 5426 3063 5468 ms.
3119 5407 3228 5463 300
3283 5422 3576 5479 annorum,
3610 5414 3667 5465 et

2013 5504 2071 5561 in
2099 5504 2270 5561 veteri
2314 5502 2591 5560 Breviario
2630 5503 2844 5559 ordinis
2881 5496 3364 5558 Fontebraldensis
3404 5513 3419 5553 :
3472 5496 3665 5567 Vigilia

2014 5593 2435 5666 Puriﬁcationis;
2466 5592 2615 5664 quod
2655 5593 2722 5650 ad
2756 5592 3026 5664 jejunium
3056 5587 3302 5659 proxime
3322 5586 3558 5644 accedit.
