4156 6196
496 264 557 319 ⁹¹
1613 282 1907 337 JOANNES
1942 278 2357 334 ARCHIEPISC.
2402 279 2734 334 noronac.

3789 276 3863 329 92

571 390 726 461 (148)
767 394 853 450 Ad
889 410 1005 451 eam
1040 397 1209 456 clerus
1245 408 1294 458 et
1332 403 1549 474 populus
1585 409 1822 475 pergant.
1859 402 2032 459 llodie
2061 402 2517 472 adArespuitur,
2558 400 2690 457 licet
2724 401 2782 456 in
2828 400 3228 458 Processionali
3258 400 3649 471 Rotomagensi
3698 406 3861 456 note-

493 477 655 535 aliam
685 483 973 540 ecclesiam
1012 501 1120 545 non
1153 493 1331 563 pergit
1369 493 1568 559 clerus,
1600 493 1696 548 sed
1735 494 1790 548 in
1831 502 1981 548 motu
2009 505 2134 560 pro-

494 569 762 627 cessionis
799 575 1016 632 canitur
1043 577 1163 635 hac
1191 582 1492 651 antipbona
1521 601 1535 636 :
1568 584 1698 649 Ave,
1736 582 1917 650 gratia
1951 579 2130 652 plena.

570 656 722 729 (139)
771 661 959 718 Versus
1010 672 1258 736 sequatur
1293 684 1325 723 a
1377 669 1575 724 duobus
1615 668 1819 725 clericis
1873 675 2132 727 cantatus.

494 747 649 805 Nunc
686 765 717 806 a
755 760 993 822 quatuor
1031 757 1086 813 in
1136 759 1346 835 pulpito
1396 760 1639 827 canitur;
1672 760 1822 831 quod
1860 761 1919 816 in
1964 761 2138 817 omni-

493 838 596 894 bus
631 837 786 896 festis
823 843 1134 912 triplicibus
1162 848 1502 903 observatur.

566 927 708 999 (140)
753 933 1084 990 Prmcedente
1120 935 1355 992 Sabbato
1394 936 1466 992 ad
1513 940 1767 1009 Vesperas
1811 939 1914 994 uici
1963 939 2140 1011 hymni

491 1022 727 1075 cantetur
759 1024 1027 1094 sequentia
1066 1046 1083 1078 :
1114 1026 1405 1082 Cantemus
1441 1028 1628 1083 cuncti
1670 1027 1965 1084 melodum.
2008 1031 2138 1099 Ejus

493 1100 617 1163 loco
654 1107 712 1163 in
749 1111 999 1168 Sabbatis
1029 1112 1233 1170 dicitur
1270 1115 1507 1187 hymnus
1548 1137 1561 1171 :
1604 1118 1650 1173 0
1685 1114 1799 1185 ιω,
1830 1116 1986 1174 beata
2026 1121 2141 1174 Tri-

489 1192 647 1262 nitas,
688 1198 745 1254 in
776 1201 1050 1270 Vesperis,
1082 1217 1258 1274 usque
1305 1204 1374 1260 ad
1431 1206 1727 1261 Sabbatum
1773 1214 1900 1263 ante
1957 1209 2138 1265 Domi-

490 1285 666 1342 nicam
705 1288 931 1357 primam
980 1291 1440 1363 Quadragesimaa,
1487 1294 1635 1364 quod
1675 1296 1840 1353 etiam
1888 1299 2140 1366 praescri'

489 1373 569 1430 bit
606 1375 953 1434 Ordinarium
993 1381 1283 1453 Rotomag.
1318 1396 1442 1449 ms.,
1476 1397 1529 1453 p.
1562 1382 1652 1437 46.

561 1460 711 1535 (141)
766 1466 1130 1523 Invitatorium
1177 1468 1570 1527 alleluiaticum.
1613 1473 1986 1529 Invitatorium
2016 1475 2135 1531 sine

484 1548 713 1606 Alleluia
778 1554 1014 1622 canitur,
1064 1564 1243 1612 cessat
1290 1558 1434 1614 enim
1492 1560 1547 1615 in
1605 1562 1860 1632 Vesperis
1913 1563 2135 1619 Sabbati

485 1641 877 1709 praecedentis.

2221 496 2327 557 tur,
2370 497 2425 546 et
2462 490 2519 546 in
2567 490 2856 546 Ordinario
2896 504 3020 555 ms.,
3054 504 3107 559 p.
3158 490 3248 556 47,
3298 490 3355 545 in
3398 490 3543 545 hunc
3582 488 3802 544 modum
3847 508 3860 543 :

2216 580 2466 650 Sequitur
2524 580 2788 650 processio
2844 580 2883 647 ιῆ
2943 579 3045 635 Ubi
3101 586 3185 634 est
3246 579 3402 641 Abel,
3442 593 3556 633 cum
3610 592 3761 632 versu
3814 582 3864 632 et

2216 683 2474 736 regressu.
2518 669 2582 723 In
2617 669 2860 723 statione.
2912 669 3073 734 Ecce,
3124 667 3451 732 charissimi,
3485 666 3625 723 dies.
3679 667 3863 720 Versus

2218 759 2271 813 in
2314 756 2516 829 pulpito
2557 776 2573 812 :
2614 758 2753 813 Ecce
2803 764 2976 812 mater
3023 763 3229 813 nostra.
3274 759 3341 813 Ut
3368 756 3620 812 videatis.
3666 754 3753 811 Ad
3790 756 3865 811 in—

2218 847 2428 902 troitum
2473 846 2618 901 chori
2682 846 2720 914 11)
2781 845 2949 916 Igitur
3001 843 3232 915 perfecti
3277 851 3426 910 sunt,
3468 859 3581 899 cum
3626 858 3777 899 versu
3813 850 3862 900 et

2216 950 2460 1005 regressu
2499 934 2572 1006 (in
2609 932 2912 991 cathedrali
2951 933 3139 989 linitur
3180 933 3236 989 in
3288 933 3408 989 navi
3447 932 3719 999 ecclesiae,
3760 947 3862 990 nec

2218 1025 2387 1080 intrat
2424 1024 2479 1080 in
2518 1022 2747 1078 chorum
2785 1020 3017 1093 clerus).
3049 1022 3244 1089 Quibus
3287 1022 3447 1093 ﬁnitis
3484 1022 3732 1077 Dominus
3777 1036 3863 1077 ar-

2219 1113 2572 1184 chiepiswpus
2634 1111 2799 1181 faciat
2861 1126 3147 1165 sermonem
3201 1111 3272 1165 ad
3331 1108 3601 1183 populum,
3641 1115 3689 1165 et
3743 1116 3861 1180 post

2221 1207 2456 1258 cantetur
2498 1202 2693 1257 Tertia.

2292 1290 2437 1362 (1-18)
2469 1291 2706 1358 Quatuor
2741 1289 2853 1344 dies
2890 1306 2925 1346 a
2969 1290 3168 1345 sanctis
3205 1287 3451 1345 Patribus
3495 1292 3615 1344 sunt
3671 1285 3859 1342 additi.

2220 1381 2289 1435 Ut
2327 1386 2597 1435 testantur
2643 1378 2966 1443 Amalarius,
3010 1378 3048 1433 l.
3109 1394 3129 1433 1
3166 1379 3241 1434 De
3289 1376 3601 1434 ecclesiast.
3642 1374 3860 1441 officiis,

2219 1484 2270 1525 c.
2318 1469 2375 1535 7,
2423 1470 2497 1525 De
2528 1469 2764 1539 jejunio,
2795 1474 2852 1524 et
2885 1467 3048 1523 Guill.
3088 1466 3377 1523 Durandus
3431 1466 3650 1522 Ration.
3690 1464 3859 1521 divin.

2218 1557 2389 1624 01110.,
2427 1558 2465 1613 Ι.
2499 1573 2575 1623 v1,
2616 1574 2667 1612 c.
2699 1556 2787 1611 28.

2293 1645 2440 1717 (149)
2502 1647 2766 1715 Legantar
2816 1659 3085 1700 sermones
3139 1646 3375 1699 Patrum.
3431 1644 3538 1699 Seu
3598 1642 3859 1709 homiliae,

556 1729 703 1802 (142)
768 1735 834 1788 In
890 1737 1068 1805 prium
1127 1743 1375 1794 nocturno
1447 1740 1760 1811 heptath
1820 1744 2121 1815 incipiatur.
2145 1728 2298 1791 Bvel
2338 1735 2713 1806 expositiones
2749 1737 2967 1790 Patrum
3008 1734 3062 1789 in
3102 1732 3391 1804 Evangelia
3436 1747 3559 1803 quae
3609 1732 3865 1802 leguntur

483 1817 829 1876 Ordinarium
859 1836 961 1878 ms.
1001 1826 1263 1882 Ecclesiae
1302 1830 1721 1900 Rotomagensis
1762 1852 1774 1887 :
1808 1833 1874 1887 In
1900 1834 2132 1904 Septua-

483 1908 681 1976 gesima
736 1909 1018 1982 incipiatur
1064 1912 1196 1970 liber
1250 1918 1485 1985 Genesis,
1525 1924 1574 1974 et
1613 1918 1818 1989 legatur
1864 1926 1970 1977 tam
2022 1924 2134 1993 ipse

483 2010 641 2067 quam
668 2001 844 2054 cteteri
872 1999 993 2057 libri
1022 2001 1216 2073 legales
1254 2020 1414 2077 usque
1451 2007 1522 2062 ad
1553 2009 1853 2079 passionem
1886 2011 2131 2077 Domini;

481 2082 678 2140 scilicet
716 2084 847 2143 liber
881 2091 1081 2158 Exodi,
1122 2091 1253 2149 liber
1282 2095 1516 2160 Levitici,
1557 2095 1687 2152 liber
1723 2099 1962 2167 Numeri,
2003 2098 2135 2155 liber

484 2173 888 2246 Deuteronomii,
946 2177 1079 2236 liber
1122 2184 1300 2249 Josue,
1341 2182 1471 2238 liber
1505 2184 1766 2255 Iudicum,
1806 2185 1939 2241 liber
1974 2189 2130 2256 Ruth,

476 2277 577 2333 per
628 2263 1005 2324 hebdomadam
1041 2276 1154 2326 tres
1192 2270 1435 2329 lectiones
1466 2295 1483 2327 :
1512 2274 1567 2329 in
1611 2275 1836 2331 secundo
1883 2281 2133 2333 nocturno

482 2353 589 2406 tres
635 2350 881 2409 lectiones
925 2356 990 2411 de
1025 2372 1291 2427 sermone;
1332 2360 1387 2416 in
1423 2362 1575 2417 tertio
1621 2367 1873 2418 nocturno
1920 2369 2027 2419 tres
2064 2364 2135 2419 le-

481 2440 681 2496 ctiones
732 2443 797 2498 de
851 2446 1286 2517 expositionibus.
1346 2450 1679 2507 Breviarium
1731 2453 2133 2522 Rotomagense

481 2541 573 2582 an.
619 2527 774 2597 1491,
798 2546 853 2601 p.
895 2547 919 2586 Ι
960 2548 972 2582 :
1012 2537 1056 2589 A
1094 2536 1354 2607 principio
1386 2538 1800 2608 Septuagesimae
1854 2556 2017 2612 usque
2060 2542 2132 2598 ad

476 2617 775 2688 passionem
812 2621 1029 2677 Domini
1077 2622 1268 2694 legitur
1323 2625 1388 2681 de
1426 2625 1575 2681 libris
1612 2628 1803 2698 Moysi.
1834 2630 2013 2697 Iosue,
2043 2633 2132 2687 Ja-

482 2704 672 2771 dicum,
713 2712 765 2764 et
801 2708 955 2777 Ruth,
990 2726 1089 2781 per
1127 2713 1294 2781 ferias
1340 2718 1446 2770 tres
1472 2714 1734 2771 lectiones.
1778 2718 1836 2772 ln
1865 2718 2130 2774 Rotoma-

480 2795 636 2864 gensi
658 2794 885 2853 dioecesi
918 2813 1063 2855 nunc
1093 2801 1295 2871 legitur
1324 2803 1394 2859 de
1424 2803 1567 2859 libro
1603 2806 1830 2861 Genesis
1858 2821 2033 2876 usque
2059 2808 2130 2865 ad

479 2883 735 2953 Cineres;
796 2901 899 2958 per
954 2896 1123 2946 totam
1187 2892 1665 2964 Quadragesimam
1721 2894 1980 2966 leguntur
2043 2910 2133 2952 ex-

482 2974 788 3042 positiones
831 2978 1052 3034 Patrum
1105 2978 1163 3033 in
1219 2980 1508 3051 Evangelia
1542 2995 1554 3030 :
1588 2982 1644 3037 in
1675 2982 1974 3038 Dominicis
2000 2996 2131 3040 vero

2220 1839 2319 1894 per
2356 1822 2521 1879 ferias
2549 1822 3010 1894 Quadragesimaa.

2294 1910 2442 1984 (150)
2480 1912 2686 1967 Laudes
2733 1916 3053 1967 mortuorum
3098 1916 3296 1967 tantum
3333 1909 3671 1966 celebrentur.
3713 1908 3862 1966 Idem

2216 2003 2398 2073 legere
2436 2009 2521 2059 est
2559 2002 2704 2073 apud
2744 1999 3033 2057 Radulfum
3086 2002 3458 2072 Tungreusem
3501 2000 3644 2056 libro
3673 2002 3748 2056 De
3778 2014 3865 2056 ca-

2216 2106 2423 2148 nonum
2453 2091 2819 2157 observantia,
2863 2089 3133 2161 proposit.
3174 2089 3246 2143 2O
3285 2110 3299 2145 :
3342 2089 3614 2147 Generalis
3644 2090 3864 2160 (inquit)

2208 2179 2438 2252 plurium
2474 2195 2598 2236 usus
2642 2184 2739 2245 est,
2769 2186 2824 2236 ut
2884 2181 3119 2251 Vespera
3157 2182 3205 2234 et
3241 2179 3434 2249 uigilia:
3487 2166 3730 2253 dicantur
3780 2178 3865 2235 die

2209 2269 2548 2342 praecedenti,
2589 2274 2639 2324 et
2694 2269 2901 2325 Laudes
2970 2269 3055 2324 die
3105 2270 3342 2340 sequenti
3388 2273 3509 2340 post
3545 2260 3859 2324 Matutinus.

2215 2359 2320 2415 Sed
2380 2365 2506 2429 post
2568 2364 2899 2414 nocturnum
2949 2371 3048 2428 pro
3101 2356 3396 2424 defunctis,
3446 2357 3706 2414 dicuntur
3762 2370 3863 2427 pro

2216 2446 2413 2502 iisdem
2460 2446 2676 2502 Laudes
2722 2446 2779 2501 in
2818 2446 3053 2502 ecclesia
3099 2445 3403 2503 cathedrali
3448 2451 3576 2501 ante
3614 2445 3863 2515 Comple-

2215 2536 2437 2593 torium.

2291 2623 2449 2696 (151)
2494 2625 2708 2693 Septem
2723 2622 2915 2694 psalmi
2936 2637 3050 2677 cum
3088 2621 3298 2678 litania.
3331 2624 3450 2678 Non
3481 2621 3742 2679 dicuntur
3761 2624 3862 2679 hac

2214 2714 2305 2770 die
2361 2721 2486 2783 post
2532 2712 2746 2769 Laudes
2793 2719 3001 2782 septem
3054 2711 3247 2781 psalmi
3294 2711 3727 2781 pmnitentiales,
3766 2714 3861 2769 sed

2215 2808 2341 2872 post
2369 2804 2577 2858 Nonam
2616 2802 2735 2856 sine
2765 2801 2974 2857 litania.
3005 2801 3065 2855 In
3095 2800 3515 2872 Quadragesima
3553 2814 3682 2856 vero
3723 2815 3862 2870 qua-

2212 2891 2348 2947 libet
2398 2889 2534 2947 feria
2586 2899 2779 2960 quarta
2817 2890 3078 2945 dicuntur
3136 2880 3267 2951 126
3316 2888 3628 2959 quindecim
3668 2887 3864 2959 psalmi

2211 2979 2503 3049 graduales
2542 2979 2817 3035 Laudibus
2855 2978 3112 3049 peractis,
3153 2976 3289 3033 feria
3326 2985 3480 3034 sexta
3519 2976 3711 3047 psalmi
3743 2992 3866 3049 pm-

481 3060 684 3131 legitur
712 3063 768 3117 in
809 3064 987 3132 primo
1026 3071 1299 3122 nocturno
1330 3068 1399 3122 de
1427 3069 1571 3124 libro
1608 3071 1835 3126 Genesis
1873 3078 1929 3127 et
1957 3071 2026 3128 de
2056 3058 2530 3128 li-Cnitentiales
2584 3075 2795 3138 septem
2860 3081 2984 3124 cum
3036 3067 3225 3123 litania
3281 3073 3336 3122 et
3384 3067 3661 3138 precibus,
3710 3066 3865 3122 dum-

481 3149 585 3205 bro
620 3150 813 3207 Exodi.

559 3237 710 3308 (143)
755 3241 1031 3298 Matutine
1066 3241 1250 3299 laudes
1286 3259 1402 3300 cum
1438 3244 1774 3302 alleluiaticis
1812 3249 2129 3320 antiphouis.

485 3328 659 3384 Hodie
690 3343 722 3384 a
752 3330 1006 3400 Vesperis
1050 3333 1272 3389 Sabbati
1315 3341 1444 3391 ante
1491 3336 1957 3408 Septuagesimum
2003 3354 2134 3396 can-

483 3423 598 3473 tato
629 3417 822 3475 ultimo
858 3420 1235 3478 Benedicamus
1271 3423 1516 3492 Domino,
1538 3432 1596 3481 et
1632 3427 1741 3483 Deo
1771 3428 1979 3496 gratias
2006 3443 2131 3485 cum

478 3507 686 3578 duplici
723 3506 953 3566 Alleluia
1019 3514 1074 3567 in
1140 3526 1489 3584 quocumque
1556 3513 1740 3573 ofﬁcio
1808 3532 1982 3589 usque
2048 3520 2116 3575 ad

484 3596 687 3653 Pascha
723 3596 954 3655 Alleluia
983 3599 1306 3666 dimittitur;
1354 3604 1423 3657 Te
1460 3603 1646 3672 Deum,
1698 3603 1884 3661 Gloria
1940 3606 1995 3662 in
2038 3623 2134 3663 ea:-

482 3685 653 3754 celsis,
706 3696 760 3743 et
815 3691 896 3744 Ite
942 3690 1103 3746 missa
1149 3696 1225 3747 est
1264 3704 1376 3748 non
1415 3691 1696 3761 dicuntur,
1748 3695 1854 3753 nisi
1892 3695 1950 3752 in
1980 3696 2136 3754 festis

484 3790 584 3845 per
647 3777 1145 3847 Quadragesimam.
1195 3781 1342 3836 Idem
1407 3784 1721 3851 praescribit
1784 3784 2132 3845 Ordinarlum

484 3877 586 3919 ms.

586 3943 719 4013 125
755 3951 901 4023 (144)
926 3956 994 4009 In
1010 3953 1304 4011 Matutinis.
1327 3956 1551 4014 Scilicet
1570 3958 1847 4015 Laudibus
1875 3976 1887 4010 :
1922 3962 2135 4018 Laudes

485 4040 631 4096 enim
661 4041 978 4098 Matutinum
1023 4043 1379 4111 vocabantur,
1421 4052 1481 4100 ut
1525 4046 1701 4116 liquet
1737 4061 1803 4102 ex
1850 4063 2132 4108 sacrorum

485 4130 687 4187 rituum
745 4132 1182 4202 expositoribus;
1223 4146 1326 4191 nos
1371 4148 1502 4191 vero
1556 4137 1867 4193 Nocturnas
1903 4144 1960 4195 et
1996 4142 2134 4198 Lau-

486 4217 586 4275 des
614 4218 743 4291 quia
790 4221 1104 4290 conjunctaa
1150 4219 1373 4279 fuerunt
1403 4237 1512 4279 uno
1551 4224 1773 4282 nomine
1811 4227 2132 4288 Matutinum

482 4320 759 4365 vocamus.

2212 3160 2378 3216 modo
2409 3159 2647 3216 officium
2677 3161 2758 3215 sic
2787 3158 2857 3215 de
2885 3158 3041 3214 feria.
3710 3226 3719 3235 ι

2285 3247 2438 3318 (152)
2508 3249 2684 3303 Prima
2745 3252 2864 3318 post
2917 3246 3045 3302 solis
3110 3252 3279 3302 ortum
3334 3253 3601 3303 cantetur.
3663 3240 3863 3303 Horam

2214 3336 2423 3393 indicat
2461 3337 2694 3407 hymnus
2735 3352 2747 3386 :
2788 3337 2909 3393 Jam
2955 3334 3086 3391 lucis
3129 3340 3243 3391 orto
3280 3335 3474 3402 sidere,
3498 3343 3642 3403 etc.,
3673 3337 3769 3392 sed
3808 3337 3863 3391 in

2215 3426 2451 3483 ecclesia
2516 3425 2819 3481 cathedrali
2879 3425 3017 3481 hora
3063 3430 3255 3480 octava
3298 3424 3558 3481 Matutina
3614 3440 3736 3483 cum
3782 3425 3867 3482 di-

2215 3516 2384 3573 midia
2421 3515 2656 3571 canitur.

2291 3605 2437 3678 (153)
2481 3606 2654 3662 Scala
2700 3603 2843 3660 dicta
2876 3618 3099 3676 parvum
3136 3602 3463 3659 interuallum
3506 3603 3620 3672 ﬁat.
3665 3603 3867 3659 Diebus

2211 3694 2407 3769 jejunii
2459 3700 2514 3749 et
2550 3692 2991 3764 Quadragesimte
3022 3691 3231 3748 nullum
3269 3692 3330 3747 fit
3358 3690 3724 3757 intervallum,
3765 3691 3860 3748 sed

2215 3784 2399 3841 statim
2439 3783 2645 3839 dicitur
2690 3783 2865 3848 Nona,
2911 3796 3035 3852 quae
3073 3794 3173 3837 sua
3210 3781 3346 3836 hora
3383 3780 3618 3837 dicenda
3655 3786 3738 3836 est
3778 3782 3867 3847 (ut

2216 3879 2370 3928 notat
2392 3874 2634 3928 Joannes
2660 3870 3067 3935 Abi-incensis).
3098 3870 3229 3938 Qum
3265 3877 3449 3926 autem
3478 3870 3552 3925 sit
3588 3869 3722 3925 hora
3753 3883 3863 3938 qua

2214 3962 2369 4017 Nona
2406 3960 2640 4016 dicenda
2670 3961 2761 4025 sit,
2802 3960 2890 4015 vix
2932 3959 3076 4016 ullus
3110 3960 3456 4029 antiquarius
3485 3959 3703 4029 ignorat
3735 3978 3748 4012 :
3780 3965 3866 4013 est

2215 4050 2359 4106 enim
2391 4049 2554 4105 tertia
2585 4048 2961 4119 pomeridiana
2995 4063 3006 4100 :
3042 4049 3159 4119 ipsa
3193 4048 3329 4104 hora
3368 4048 3573 4103 dicitur
3610 4048 3764 4103 Nona
3804 4047 3859 4102 in

2215 4139 2450 4196 ecclesia
2487 4139 2810 4204 cathedrali,
2849 4139 2946 4195 sed
2986 4139 3183 4196 diebus
3213 4138 3410 4207 jejunii
3441 4146 3678 4208 quatuor
3708 4137 3861 4193 boris

2213 4230 2565 4299 anticipatur,
2603 4229 2818 4285 scilicet
2856 4243 2962 4285 una
3019 4227 3471 4285 antemeridiana.
3520 4227 3578 4281 1n
3617 4225 3867 4295 Quadra-

2214 4317 2419 4388 gesima
2457 4317 2674 4388 expleta
2703 4319 2857 4374 Nona
2895 4332 3020 4387 quae
3060 4318 3222 4373 tertia
3262 4325 3386 4386 post
3417 4315 3699 4371 meridiem
3732 4315 3866 4371 hora

559 4397 710 4469 (145)
747 4401 893 4466 Post,
952 4400 1347 4458 Benedicamus
1401 4417 1517 4460 cum
1569 4402 1824 4462 Alleluia.
1892 4407 1951 4463 111
2015 4391 2561 4479 ipsaDcantabatur,
2604 4413 2796 4476 postea
2844 4407 3028 4474 missa,
3061 4414 3117 4462 et
3165 4408 3418 4474 Vespera:
3469 4404 3862 4474 psallebantur,

481 4486 711 4542 Joannis
746 4493 908 4543 aetate
956 4494 1266 4545 correctum
1312 4488 1415 4546 fuit
1451 4492 1520 4547 ab
1549 4491 1857 4551 Alexandro
1886 4496 1931 4551 Il
1972 4511 2130 4567 papa.

484 4573 581 4643 qui
616 4572 845 4630 Alleluia
874 4576 931 4632 in
979 4577 1217 4646 Sabbato
1266 4579 1335 4635 ad
1378 4582 1667 4651 Vesperam
1709 4585 1875 4653 jussit
1930 4586 2132 4643 dimitti

482 4668 609 4756 ante
646 4664 1130 4756 Septuagesimam,
1162 4674 1222 4724 ut
1258 4669 1423 4725 docet
1460 4670 1789 4744 Micrologus
1824 4676 1899 4730 De
1926 4676 2127 4734 eccles.

484 4752 783 4821 observat.,
796 4752 945 4827 “cap.
973 4755 1064 4813 47.
1108 4758 1203 4814 Pn.

559 4841 718 4913 (146)
759 4844 1106 4917 Septuaginta
1127 4848 1263 4903 enim
1281 4848 1412 4903 dies.
1446 4849 1521 4903 De
1544 4849 1771 4920 mystica
1791 4851 1892 4909 hac
1913 4853 2124 4910 dierum

482 4931 882 5005 signiﬁcatione
921 4935 1043 4992 vide
1092 4935 1403 5004 Alcuinum,
1453 4938 1596 4994 libro
1636 4940 1710 4995 De
1764 4939 1965 4997 divinis
2000 4942 2127 5000 offi-

481 5023 603 5091 ciis,
650 5024 877 5094 ejusque
917 5032 973 5079 et
1018 5026 1199 5083 Caroli
1229 5028 1406 5100 Magni
1444 5028 1733 5099 epistolas;
1776 5031 2125 5100 Amalarium,

480 5110 579 5170 lib.
629 5127 669 5177 1,
719 5126 841 5182 cap.
890 5110 939 5178 1,
987 5110 1042 5178 2,
1092 5112 1127 5167 3
1181 5121 1237 5170 et
1289 5115 1363 5180 4;
1415 5116 1697 5172 Rabanum
1745 5118 2009 5186 Maurum,
2048 5122 2126 5176 De

485 5200 723 5256 institut.
773 5199 934 5265 cler.,
974 5197 1073 5256 lib.
1108 5214 1172 5267 u,
1223 5217 1343 5275 cap.
1383 5203 1481 5271 34;
1517 5208 1797 5277 Hngonem
1838 5205 1906 5262 de
1942 5210 1998 5265 8.
2040 5210 2129 5265 Vi-

485 5296 659 5346 ctore.
718 5290 794 5345 De
858 5290 1085 5359 special.
1129 5291 1279 5348 miss.
1337 5294 1634 5361 observat.,
1694 5295 1790 5351 lib.
1859 5311 1942 5362 111,
2002 5313 2125 5369 cap.

493 5375 575 5431 16.
618 5378 704 5433 Pr.

562 5463 682 5537 (147
721 5467 847 5536 Ipsa
877 5465 961 5523 die
995 5470 1051 5524 in
1076 5470 1429 5541 processione.
1476 5472 1619 5528 Ecce
1667 5472 1976 5529 clarissimi.
2011 5475 2128 5531 Hoc

488 5554 897 5623 responsorium
936 5557 994 5613 in
1033 5557 1284 5627 pluribus
1311 5558 1575 5616 Eeclesiis
1619 5562 1692 5619 ob
1730 5561 2129 5632 longitudinem

2219 4497 2421 4567 quibus
2457 4496 2691 4565 expletis
2736 4496 2919 4552 clerus
2974 4502 3030 4550 et
3086 4495 3322 4564 populus
3376 4493 3444 4549 ad
3484 4491 3862 4556 refectionem,

2212 4600 2440 4656 eamque
2480 4586 2717 4649 unicam,
2745 4585 3066 4655 pergebant,
3110 4590 3169 4639 ut
3207 4590 3478 4638 testantur
3513 4584 3570 4637 8.
3609 4581 3861 4646 Basilius,

2210 4681 2347 4731 orat.
2396 4673 2444 4741 1,
2484 4675 2559 4729 De
2589 4674 2832 4743 jejunio;
2880 4674 2934 4728 S.
2992 4673 3232 4727 Joannes
3268 4670 3713 4742 Cbrysostomus,
3756 4669 3857 4726 bo.

2211 4763 2325 4819 mil.
2399 4761 2463 4816 10
2509 4762 2566 4817 in
2630 4761 2912 4827 Genesim;
2952 4760 3006 4814 8.
3062 4758 3419 4828 Augustinus,
3470 4771 3636 4813 serm.
3682 4757 3753 4811 156
3789 4757 3863 4814 de

2209 4859 2401 4924 temp.;
2458 4854 2513 4908 S.
2576 4850 2914 4914 Ambrosius,
2990 4862 3156 4905 serm.
3226 4847 3325 4916 33;
3401 4850 3456 4903 S.
3517 4847 3856 4911 Bernardus,

2209 4957 2375 4998 serm.
2430 4939 2466 4995 3
2518 4941 2574 4995 in
2629 4936 3092 5007 Quadragesima;
3161 4937 3493 5008 Micrologus
3562 4938 3637 4992 De
3690 4937 3860 4993 rebus

2210 5030 2618 5092 ecclesiasticis,
2672 5041 2723 5083 c.
2777 5026 2869 5093 49,
2910 5033 2966 5082 et
3012 5027 3307 5083 concilium
3340 5028 3745 5096 Rotomagense
3784 5028 3853 5082 Α.

2209 5122 2269 5176 C.
2308 5119 2461 5185 1072,
2496 5116 2827 5187 praesidente
2855 5117 3064 5172 Joanne
3095 5119 3162 5185 11,
3194 5129 3405 5172 canone
3435 5114 3506 5169 20
3535 5115 3687 5172 idem.
3712 5130 3862 5185 prte-

2210 5209 2345 5279 cipit
2377 5228 2389 5263 :
2420 5208 2629 5263 Statum
2684 5210 2760 5261 est
2814 5210 2869 5262 ut
2919 5205 3090 5262 nullus
3135 5207 3190 5261 in
3245 5204 3662 5273 Quadragesima
3704 5219 3864 5275 pran-

2209 5297 2329 5354 deat
2358 5299 2634 5365 antequam
2670 5292 2801 5349 hora
2850 5310 2987 5351 nona
3028 5298 3248 5367 peracta
3292 5292 3587 5363 vespertina
3622 5292 3862 5362 incipiat,

2208 5401 2313 5442 non
2339 5385 2474 5439 enim
2492 5383 2699 5453 jejunat
2729 5384 2816 5454 qui
2851 5391 2972 5441 ante
3020 5383 3320 5440 manducet.
3371 5382 3488 5437 Hoc
3538 5381 3606 5437 de
3648 5381 3864 5450 jejunio

2210 5475 2491 5532 decretum
2558 5473 2970 5544 religiosissime
3025 5477 3243 5530 servant
3320 5468 3575 5527 monachi
3632 5470 3865 5528 Benedi-

2211 5562 2346 5621 ctini
2418 5562 2654 5620 abbatim
2720 5564 2776 5619 S.
2835 5562 3093 5633 Cyranni,
3152 5559 3313 5616 unica
3371 5557 3674 5617 refectione
3731 5572 3865 5623 con-
