4156 6196
351 251 422 302 93
1387 253 1580 306 NUT/E
1618 253 1704 306 AD
1745 252 1991 306 LIBRUM
2033 253 2117 306 DE
2153 255 2365 307 OFFIC.
2410 253 2679 308 ECCLES.
3659 244 3728 297 94

350 377 486 432 tenti
541 376 612 431 ab
669 376 1009 433 Exaltatione
1049 379 1104 432 8.
1147 379 1337 432 Crucis
1384 391 1556 445 usque
1588 376 1656 430 ad
1686 375 2298 446 Quadrage—Amajores
2326 393 2439 432 cum
2482 383 2676 448 septem
2699 373 2915 446 psalmis
2962 380 3010 430 et
3041 373 3368 429 orationibus
3387 372 3728 444 supradictis,

350 465 540 520 simam
573 466 707 520 hora
749 479 911 530 nona,
944 466 1158 521 scilicet
1209 465 1370 520 tertia
1419 472 1542 534 post
1588 462 1909 531 meridiem;
1943 466 1999 519 in

349 553 771 623 Quadragesima
828 568 957 608 vero
1025 560 1148 624 post
1212 555 1497 623 Vesperas,
1576 552 1789 606 scilicet
1846 561 1999 608 sexta

350 643 686 712 vespertina.
757 657 760 660 '

421 730 575 800 (154)
615 732 731 798 Qua
773 732 923 802 ﬁnita
965 734 1199 802 Vespera:
1245 736 1560 786 mortuorum
1587 730 1854 796 dicantur,
1886 737 1993 784 etc.

344 821 435 875 Sic
474 834 696 890 quoque
735 820 1082 876 Ordinarium
1131 822 1530 891 Rotomagense
1578 834 1677 874 ms.
1732 822 1794 874 l-n
1840 835 1998 887 agen-

347 911 429 964 dis
457 915 778 965 mortuorum
833 909 908 964 ita
953 910 1047 979 ﬁat
1097 909 1318 978 singulis
1365 909 1546 964 diebus
1577 931 1592 963 :
1620 911 1756 964 Ante
1815 911 1998 979 Vespe-

346 1014 436 1054 ras
465 999 673 1054 dicatur
702 1019 718 1052 :
752 998 1008 1066 Placebo,
1060 999 1290 1069 exceptis
1336 997 1586 1056 Sabbatis
1634 1003 1682 1053 et
1729 999 1875 1068 festis
1903 999 1996 1052 tri-

338 1086 582 1158 plicibus.
653 1089 803 1144 Hanc
878 1089 1332 1144 consuetudinem
1402 1102 1620 1158 semper
1693 1089 1996 1143 retinuerat

345 1175 578 1231 ecclesia
607 1175 941 1231 cathedralis
987 1177 1404 1247 Rotomagensis
1452 1190 1626 1245 usque
1676 1175 1745 1230 ad
1791 1189 1993 1232 annum

345 1264 706 1332 praeteritum,
739 1277 848 1334 quo
897 1265 1164 1334 Vesperas
1219 1265 1330 1321 diei
1379 1264 1692 1335 anteposuit
1740 1265 1994 1334 Vesperis

341 1350 747 1418 defunctorum,
783 1367 908 1422 qua:
956 1353 1262 1409 immutatio
1304 1352 1447 1408 facta
1495 1359 1578 1408 est
1609 1365 1708 1421 pro
1757 1353 1992 1422 quadra-

341 1441 589 1512 gesimali
636 1448 845 1498 tantum
893 1448 1142 1511 tempore
1201 1447 1427 1512 propter
1479 1440 1815 1496 nimietatem
1873 1440 1993 1497 ofﬂ-

343 1530 574 1584 ciorum.

415 1616 566 1687 (155)
646 1616 832 1686 Vigilia
878 1622 1199 1673 mortuorum
1255 1623 1466 1687 agatur.
1529 1617 1628 1672 Hic
1686 1618 1988 1674 concordat

2081 471 2128 519 et
2155 467 2224 520 ad
2254 469 2358 521 Per
2388 466 2670 521 Dominum
2708 469 2923 532 surgant
2963 477 3157 517 omnes.

2152 554 2296 618 (159)
2356 557 2575 619 Dicatur
2626 568 2722 624 pro
2783 552 3010 623 peccatis
3079 551 3131 605 in
3189 549 3468 606 Matutinis
3523 570 3538 602 :
3599 550 3729 604 Vivo

2082 655 2204 712 ego,
2238 651 2346 698 etc.
2387 646 2517 698 Ilaec
2561 634 2698 704 128
2739 641 2952 696 sublata
3013 646 3142 694 sunt
3201 639 3257 693 in
3317 636 3561 692 Ecclesia
3626 637 3732 692 Ro-

2081 733 2402 801 tomagensi,
2465 741 2570 786 tam
2640 733 2694 786 in
2760 730 3035 786 Laudibus
3101 727 3388 784 matutinis
3453 739 3618 796 quam
3671 726 3728 780 in

2081 820 2357 888 Vesperis.

2154 907 2312 978 (160)
2354 910 2418 963 In
2457 910 2695 980 Vesperis
2737 907 2985 976 Sabbati,
3019 912 3151 972 etc.,
3181 910 3478 960 sanctorum
3525 902 3732 972 agenda

2079 1003 2155 1051 est
2200 999 2472 1052 memoria.
2539 997 2697 1052 Nulla
2763 996 2890 1053 olim
2951 1004 3197 1066 tempore
3266 991 3727 1064 quadragesima“

2077 1083 2363 1151 festivitas,
2408 1086 2506 1141 sed
2555 1086 2610 1140 in
2672 1087 2924 1156 Vesperis
2961 1085 3182 1140 Sabbati
3223 1090 3278 1140 et
3314 1083 3598 1138 Dominica
3637 1079 3727 1135 die

2074 1182 2389 1230 sanctorum
2447 1174 2711 1246 agebatur
2766 1175 3029 1229 memoria
3067 1187 3303 1244 quorum
3350 1171 3489 1228 festa
3543 1170 3729 1226 eveni-

2075 1273 2198 1332 rent
2237 1266 2292 1320 in
2339 1265 2704 1331 hebdomada,
2745 1265 2888 1319 sicut
2943 1270 3213 1319 statuerat
3251 1263 3547 1319 concilium
3584 1263 3722 1318 Lao-

2073 1353 2349 1418 dicenum,
2389 1370 2439 1408 c.
2471 1353 2542 1405 49
2571 1373 2581 1407 :
2609 1355 2732 1408 Non
2769 1357 2966 1422 oportet
3017 1351 3070 1404 in
3109 1351 3524 1419 Quadragesima
3569 1354 3723 1404 nata-

2070 1441 2185 1498 !itia
2241 1447 2525 1513 martyrum
2571 1441 2854 1503 celebrare,
2902 1440 2996 1494 sed
3038 1454 3215 1494 eorum
3269 1440 3325 1493 in
3369 1438 3607 1496 Sabbato
3673 1444 3721 1492 et

2069 1532 2341 1586 Dominica
2369 1537 2566 1587 tantum
2595 1531 2894 1587 memoriam
2920 1529 3054 1602 fieri.

2147 1619 2304 1692 (161)
2370 1621 2655 1691 Incipiente
2702 1620 2942 1691 episcopo
2995 1616 3332 1688 antiphonam
3391 1637 3406 1670 :
3461 1617 3720 1671 Immute-

342 1707 690 1763 Ordinarium
745 1720 874 1773 ms.,
931 1708 988 1762 in
1047 1721 1158 1776 quo
1215 1707 1295 1763 sic
1358 1706 1560 1778 legitur
1604 1721 1661 1777 p.
1717 1706 1833 1763 53:
1866 1707 2218 1764 Posthur.
2261 1711 2390 1765 Eam
2429 1716 2622 1765 cantor
2659 1709 2824 1764 hodie
2873 1707 3095 1763 inchoat
3151 1719 3313 1776 quam
3352 1704 3556 1759 chorus
3594 1716 3721 1774 pro-

343 1794 619 1865 prandium
646 1795 880 1867 sequitur
909 1795 1087 1864 uigilia
1117 1802 1455 1851 mortuorum.

429 1875 566 1944 127
611 1883 768 1955 (156)
837 1885 1012 1940 Lectio
1069 1883 1363 1940 collationis
1426 1885 1688 1940 recitetur.
1755 1884 1989 1941 Collatio

341 1971 444 2026 ista
519 1987 619 2041 per
691 1979 859 2028 totam
931 1974 1408 2044 Quadragesimam
1474 1973 1809 2029 recitabatur
1862 1982 1988 2030 ante

339 2061 788 2130 Completorium,
836 2069 896 2118 ut
944 2063 1147 2133 legitur
1195 2064 1249 2118 in
1278 2062 1566 2118 Ordinario
1599 2077 1722 2129 ms.,
1758 2077 1880 2133 pag.
1917 2063 1990 2116 53

338 2157 395 2206 et
431 2149 521 2204 56.
554 2153 619 2205 In
645 2150 726 2205 his
755 2156 981 2222 quatuor
1017 2151 1198 2206 diebus
1233 2151 1473 2222 (scilicet
1510 2165 1540 2205 a
1580 2152 1758 2221 capite
1790 2152 1987 2222 jejunii

338 2254 514 2308 usque
551 2239 618 2294 ad
660 2240 996 2295 Dominicam
1035 2239 1055 2293 1
1100 2241 1555 2311 Quadragesimze)
1587 2240 1736 2296 lectio
1786 2241 1990 2310 legatur

338 2333 462 2382 ante
499 2327 918 2400 Completorium.
951 2331 1028 2384 De
1079 2328 1289 2397 dialogo
1338 2330 1598 2399 Gregorii,
1638 2338 1746 2386 etc.
1795 2331 1890 2387 Sic
1915 2336 1990 2386 te-

336 2431 468 2471 neas
516 2432 677 2488 usque
725 2417 795 2471 ad
846 2420 1058 2473 Coenam
1113 2419 1340 2473 Domini.
1399 2420 1532 2474 Item
1581 2418 1718 2475 feria
1761 2419 1796 2473 2
1840 2422 1990 2488 Qua-

334 2504 687 2575 dragesimae,
719 2510 839 2560 ante
879 2505 1276 2576 Completorium
1313 2522 1471 2577 usque
1505 2507 1575 2562 ad
1630 2511 1820 2562 Ramos
1870 2509 1990 2580 pal-

332 2608 544 2649 marum
590 2592 830 2662 legantur
875 2594 1226 2664 expositiones
1265 2609 1363 2665 per
1388 2596 1550 2665 ferias
1570 2617 1588 2660 ,-
1623 2603 1678 2650 et
1715 2597 1771 2650 in
1802 2599 1988 2652 Domi-

333 2683 480 2738 nicis
505 2681 949 2752 Quadragesimae
987 2702 997 2736 :
1031 2681 1237 2751 legatur
1283 2681 1434 2738 lectio
1473 2683 1538 2738 de
1583 2683 1792 2738 residuo
1821 2700 1996 2755 capo-

331 2771 538 2825 sitionis
566 2769 797 2839 ejusdem
825 2769 949 2825 diei.
993 2772 1124 2825 Haec
1162 2770 1464 2840 spiritualis
1494 2770 1714 2827 collatio
1756 2773 1811 2826 in
1842 2773 1992 2828 clero

336 2865 395 2914 et
425 2857 628 2927 populo
668 2865 860 2927 postea
889 2858 946 2912 in
977 2858 1323 2927 corporalem
1355 2857 1706 2914 collationem
1737 2859 1852 2916 sive
1882 2875 1991 2916 coa-

337 2946 520 3002 nnlam
577 2952 936 3002 transmutata
983 2953 1086 3013 est,
1129 2945 1198 3001 de
1241 2960 1349 3016 qua
1404 2946 1526 3002 vide
1583 2948 1989 3015 Francolinum,

336 3034 412 3088 De
447 3038 690 3102 tempore
720 3033 978 3090 horarum
1009 3034 1417 3101 canonicarum,
1451 3048 1500 3090 c.
1531 3032 1622 3100 38,
1656 3049 1712 3090 n.
1760 3034 1842 3090 10.

411 3120 559 3191 (157)
622 3125 687 3178 In
735 3122 967 3177 omnibus
1013 3120 1260 3178 horarum
1300 3123 1541 3194 precibus
1586 3139 1788 3196 semper
1824 3125 1990 3182 Mise-

338 3225 461 3266 rere
508 3213 616 3268 mei
672 3212 1016 3268 Deus.1dem
1065 3219 1242 3269 exstat
1297 3214 1352 3268 in
1401 3214 1691 3270 Breviariis
1744 3219 1806 3270 A.
1857 3215 1984 3269 1491

336 3308 392 3355 et
445 3299 596 3367 1578,
639 3302 696 3356 in
727 3301 1006 3357 Psalteriis
1025 3305 1089 3357 A.
1138 3301 1272 3356 1507
1308 3309 1365 3358 et
1407 3301 1580 3369 1586;
1612 3303 1814 3373 quibus
1857 3306 1988 3360 asti-

342 3389 560 3457 pulatur
599 3391 907 3456 Durandus,
958 3390 1176 3446 Ration.
1226 3391 1395 3447 divin.
1429 3391 1600 3459 ofﬂe.,
1650 3392 1686 3447 l.
1719 3409 1794 3459 VI,
1827 3409 1876 3449 c.
1916 3394 1989 3448 32

341 3479 415 3534 De
474 3479 753 3535 Dominica
804 3478 823 3531 1
876 3479 1316 3550 Quadragesimie
1351 3501 1362 3534 :
1397 3482 1510 3537 Hoc
1551 3487 1778 3553 tempore
1797 3483 1988 3538 dicitur

340 3566 653 3635 regulariter
698 3569 855 3622 octies
903 3568 956 3621 in
1001 3569 1268 3622 canonicis
1314 3569 1460 3624 horis
1507 3569 1741 3640 psalmus
1770 3570 1858 3625 ille
1881 3585 1988 3641 pa:-

335 3655 641 3721 nitentialis,
671 3657 927 3712 Miserere
987 3657 1118 3721 mei,
1178 3658 1340 3712 Deus.
1393 3659 1453 3712 1n
1504 3657 1749 3713 Ecclesia
1803 3665 1986 3713 autem

340 3746 729 3813 Hotomagensi
776 3745 869 3800 ille
916 3745 1156 3814 psalmus
1201 3745 1404 3800 dicitur
1449 3751 1658 3802 tantum
1705 3747 1761 3802 in
1789 3749 1986 3817 Vespe-

339 3833 417 3886 ris
464 3830 720 3887 feriarum
770 3832 1068 3898 Adventus.
1099 3833 1558 3904 Quadragesimze,
1611 3842 1665 3888 et
1720 3837 1786 3890 ιν
1833 3837 1988 3890 Tem-

341 3935 558 3992 porum,
591 3935 693 3976 nec
721 3922 981 3977 dicuntur
1012 3923 1203 3992 psalmi
1239 3923 1352 3978 illic
1373 3924 1633 3994 assignati
1671 3939 1770 3994 per
1799 3926 1982 3993 horas,

337 4009 436 4065 sed
473 4010 624 4066 dicto
663 4011 904 4081 capitulo
961 4011 1224 4067 dicuntur
1277 4027 1468 4080 preces
1518 4020 1577 4068 ut
1613 4014 1669 4068 in
1710 4015 1984 4070 Breviario

338 4100 748 4170 Rotomagensi,
790 4090 990 4168 quibus
1033 4101 1210 4156 oratio
1248 4100 1359 4156 diei
1407 4116 1529 4157 cum
1567 4116 1727 4157 versu
1767 4102 1987 4157 Benedi-

340 4203 519 4242 camus
548 4188 769 4243 Domino
808 4189 866 4243 in
896 4187 1000 4243 ﬁne
1039 4189 1413 4259 subjungitur.

414 4274 562 4346 (158)
624 4277 791 4331 Unum
857 4276 1164 4348 psalterium
1227 4276 1546 4349 psalmorum
1616 4278 1978 4348 subjungatur.

2071 1799 2343 1868 sequitur.

2146 1885 2290 1956 (162)
2329 1887 2562 1943 Cinerem
2609 1902 2722 1940 cum
2772 1900 2911 1957 aqua
2967 1882 3236 1940 benedicta
3303 1880 3516 1938 tribuat.
3572 1880 3721 1937 Idem

2071 1975 2380 2045 praescribit
2417 1982 2573 2031 vetus
2625 1973 2971 2031 Ordinarium
3025 1987 3126 2028 ms.
3187 1971 3578 2027 canonicorum
3637 1985 3720 2025 re-

2069 2063 2338 2133 gularium
2369 2063 2544 2119 sancti
2585 2062 2753 2118 Laudi
2794 2061 3234 2131 Rotomagensis,
3268 2059 3324 2114 in
3354 2057 3488 2114 feria
3526 2065 3722 2128 quarta

2069 2153 2348 2208 Cinerum.
2387 2154 2507 2208 Non
2563 2151 2873 2223 aspergitur
2929 2149 3093 2206 hodie
3142 2162 3283 2218 aqua
3331 2147 3624 2204 benedicta
3661 2147 3720 2204 in

2070 2242 2315 2297 cinerum
2383 2242 2754 2310 impositione.
2807 2241 3033 2296 Cineres
3089 2237 3366 2294 benedicti
3409 2239 3464 2292 in
3502 2236 3719 2308 signum

2072 2332 2411 2401 paenitentiae
2469 2331 2847 2401 imponuntur,
2889 2329 3019 2399 quia
3057 2329 3187 2384 olim
3234 2328 3290 2382 in
3330 2327 3516 2382 cinere
3555 2333 3611 2382 et
3648 2325 3722 2382 ci-

2071 2420 2198 2476 licio
2248 2421 2571 2490 paenitentia
2626 2420 2892 2490 agebatur
2954 2417 3049 2489 (de
3107 2416 3308 2488 quibus
3365 2413 3722 2471 instruendus

2071 2515 2155 2563 est
2175 2524 2206 2563 a
2222 2509 2536 2578 pastoribus
2547 2508 2808 2579 populus)
2827 2509 2880 2562 in
2904 2509 3061 2575 cujus
3081 2504 3454 2560 testimonium
3478 2503 3721 2559 Ecclesia

2072 2597 2174 2652 hac
2233 2597 2322 2652 die
2372 2599 2522 2653 canit
2569 2598 2924 2668 antiphonam
2978 2616 2990 2650 :
3043 2599 3378 2652 Immutemur
3433 2592 3612 2648 habitu
3666 2594 3720 2648 in

2074 2686 2246 2739 cinere
2303 2692 2350 2741 et
2407 2686 2616 2752 cilicio,-
2677 2694 2733 2742 et
2805 2687 2859 2740 in
2926 2684 3249 2749 cathedrali,
3330 2685 3720 2753 Rotomagensi

2074 2773 2307 2829 ecclesia
2336 2775 2392 2828 in
2432 2776 2701 2844 ejectione
2743 2775 2961 2844 publice
3005 2775 3389 2844 paenitentiam
3419 2788 3449 2828 a
3487 2772 3722 2827 diacono

2073 2862 2258 2918 hastili
2314 2877 2615 2933 appensum
2656 2869 2908 2933 portatur
2945 2863 3207 2929 cilicium,
3243 2863 3398 2932 juxta
3441 2861 3575 2916 illud
3624 2861 3723 2915 Du-

2072 2951 2230 3005 randi
2283 2952 2526 3016 Ration.,
2577 2950 2672 3007 lib.
2716 2965 2810 3018 vu,
2870 2965 2991 3021 cap.
3042 2950 3114 3004 35
3164 2969 3177 3005 :
3228 2950 3370 3006 Cinis
3407 2954 3455 3004 et
3503 2945 3726 3004 cilicium

2010 3038 2226 3097 Carma
2262 3043 2381 3094 sunt
2420 3040 2795 3110 paenitentiam.
2847 3041 2921 3096 De
2981 3037 3302 3109 expulsione
3343 3037 3725 3109 poenitentium

2071 3127 2341 3183 videndus
2403 3142 2585 3184 sermo
2635 3129 2890 3200 egregius
2951 3129 3133 3185 Ivonis
3188 3126 3543 3184 Carnotcnsis
3608 3127 3724 3196 epi-

2070 3216 2248 3284 scopi,
2305 3217 2380 3271 De
2445 3216 2626 3286 capite
2679 3216 2900 3287 jejunii,
2958 3217 3102 3272 inter
3152 3216 3327 3286 ipsius
3391 3230 3559 3286 opera
3609 3216 3720 3285 jam

2072 3306 2276 3360 editus.

2143 3392 2293 3465 (163)
2336 3397 2471 3449 Ante
2515 3395 2922 3464 processionem.
2972 3395 3103 3460 Qua:
3160 3391 3404 3462 expulsis
3452 3392 3724 3461 paeniten-

2068 3482 2217 3536 tibus
2279 3483 2338 3536 Iit
2391 3481 2460 3536 ad
2499 3482 2668 3536 altare
2709 3484 2764 3536 S.
2805 3482 3068 3550 Stephani
3118 3482 3174 3534 in
3224 3480 3415 3536 eadem
3464 3481 3719 3547 ecclesia,

2069 3569 2344 3624 cantando
2383 3571 2835 3637 responsorium;
2878 3583 3000 3624 cum
3053 3574 3233 3623 autem
3282 3569 3563 3634 processio
3602 3582 3723 3635 per-

2067 3658 2279 3712 venerit
2335 3657 2403 3711 ad
2463 3656 2727 3725 capellam
2775 3658 2830 3712 S.
2890 3656 3173 3726 Stephani,
3234 3654 3489 3710 omnibus
3553 3668 3723 3724 genu-

2069 3746 2226 3802 ﬂexis
2272 3744 2430 3816 (olim
2479 3745 2640 3800 etiam
2693 3747 3002 3816 prostratis,
3046 3753 3105 3801 ut
3162 3760 3229 3801 ex
3266 3745 3435 3799 veteri
3466 3745 3722 3800 Ceremo-

2068 3836 2199 3890 niali
2259 3849 2359 3889 ms.
2409 3838 2642 3904 constat)
2683 3835 2946 3891 dicuntur
2976 3849 3170 3906 preces
3213 3841 3271 3891 et
3318 3834 3620 3900 orationes,
3662 3839 3723 3890 ut

2067 3925 2123 3980 in
2156 3923 2292 3980 feria
2336 3923 2580 3980 secunda
2614 3926 2980 3996 Rogationum
3016 3941 3030 3979 :
3063 3924 3266 3995 quibus
3304 3923 3474 3978 ﬁnitis
3513 3924 3718 3980 litanias

2067 4014 2262 4069 breves
2295 4014 2504 4084 integre
2553 4029 2583 4068 a
2633 4014 2849 4069 duobus
2887 4013 2956 4069 de
2995 4013 3237 4069 secunda
3285 4012 3417 4068 sede
3470 4019 3724 4069 cantatur

2067 4103 2238 4159 choro
2270 4102 2665 4173 respondente,
2706 4104 2802 4173 qui
2841 4103 2979 4158 ordo
3009 4103 3043 4154 4
3082 4110 3136 4158 et
3173 4102 3210 4156 6
3247 4101 3400 4158 feriis
3438 4117 3610 4172 usque
3649 4103 3715 4158 ad

2065 4191 2256 4246 feriam
2331 4200 2538 4247 sextam
2622 4193 2677 4246 in
2747 4207 3037 4261 parasceve
3114 4192 3388 4247 exclusive
3449 4200 3716 4248 servatur.

2067 4290 2260 4351 quarta
2298 4280 2434 4336 feria
2483 4281 2550 4336 ad
2604 4281 2776 4336 altare
2825 4282 2879 4337 8.
2922 4281 3205 4349 Stephani,
3238 4287 3391 4336 sexta
3429 4281 3496 4334 ad
3547 4281 3717 4334 altare

336 4366 438 4420 Hic
475 4364 766 4434 quemdam
820 4365 1153 4434 psalmorum
1202 4380 1486 4421 numerum
1542 4366 1810 4438 intellige,
1872 4368 2122 4425 nonDS.
2163 4370 2410 4426 Joannis.

333 4456 609 4524 integrum
666 4454 1003 4524 psalterium,
1060 4456 1207 4524 quod
1266 4456 1472 4511 indicat
1526 4455 1792 4512 Radulfus
1843 4459 1988 4512 Tun-

331 4544 548 4613 grensis
605 4543 748 4598 libro
796 4545 870 4598 De
923 4557 1193 4600 canonum
1234 4545 1476 4610 observ.,
1529 4558 1754 4614 pr0pos.
1795 4544 1886 4610 21,
1930 4547 1986 4601 in

334 4631 482 4687 hunc
513 4631 733 4686 modum
771 4651 784 4686 :
826 4631 895 4687 Et
951 4633 1074 4702 quia
1121 4636 1308 4687 sancta
1355 4632 1772 4702 Quadragesima
1817 4636 1989 4690 sancti

341 4731 531 4785 Patres
586 4727 857 4785 voluerunt
925 4730 1151 4799 oﬂicium
1211 4729 1461 4786 Ecclesiae
1499 4746 1611 4785 cum
1675 4729 1796 4786 aliis
1841 4731 1988 4787 bonis

338 4816 586 4890 operibus
635 4817 925 4872 omnimodo
970 4820 1315 4887 augmentari,
1375 4820 1492 4874 ideo
1557 4819 1611 4873 in
1662 4827 1989 4890 augmentum

333 4907 497 4961 divini
562 4905 729 4962 cultus
806 4905 1034 4974 ejusdem
1128 4909 1391 4978 temporis,
1479 4907 1659 4963 diebus
1715 4909 1987 4979 ferialibus

337 4995 770 5064 Quadragesimz
816 4999 865 5049 et
910 5011 1089 5050 novem
1127 4994 1428 5052 lectionibus
1468 4997 1793 5066 vacantibus,
1845 4998 1985 5054 dicta

330 5087 506 5154 prima
537 5084 723 5153 legitur
745 5083 1054 5155 psalterium
1083 5083 1180 5139 hoc
1228 5087 1398 5142 modo.
1432 5089 1657 5160 Recepta
1703 5103 1819 5142 cum
1857 5102 1987 5159 pro-

335 5173 592 5227 stratione
620 5172 790 5238 uenia,
811 5171 990 5242 incipit
1025 5172 1276 5227 sacerdos
1308 5195 1323 5226 :
1356 5176 1499 5229 Deus
1528 5175 1583 5229 in
1613 5176 1982 5245 adjutorium;

337 5261 564 5323 Gloria;
605 5261 746 5315 Laus
793 5261 932 5328 tibi;
990 5261 1178 5316 deinde
1232 5263 1460 5332 quotidie
1520 5263 1757 5334 teguntur
1811 5266 1986 5320 decem

333 5347 530 5419 psalmi
559 5349 624 5404 de
650 5347 904 5421 psalterio
951 5349 1077 5417 bini,
1110 5354 1158 5404 et
1195 5349 1301 5403 bini
1329 5350 1422 5404 sub
1462 5368 1562 5407 uno
1593 5354 1812 5420 Gloria;
1869 5360 1984 5426 post

337 5438 595 5506 ultimum,
662 5441 802 5494 Laus
861 5440 996 5503 tibi;
1056 5453 1256 5504 uersus,
1290 5440 1497 5505 Intret;
1558 5443 1744 5500 deinde
1793 5443 1981 5500 litania

332 5531 446 5582 tota
478 5547 496 5579 :
528 5542 633 5597 qua
686 5527 827 5583 dicta
883 5527 1117 5584 omnibus
1170 5528 1453 5598 prostratis
1508 5529 1748 5587 dicuntur
1800 5547 1982 5603 preces

2147 4457 2303 4530 (164)
2371 4458 2678 4513 Pamitentes
2742 4457 3035 4526 ejiciantur.
3099 4457 3227 4512 Ilzec
3269 4453 3574 4519 Durandus,
3623 4454 3724 4508 Ra-

2071 4548 2234 4614 tion.,
2287 4548 2360 4602 lib
2415 4563 2488 4614 v1,
2536 4563 2589 4602 c.
2643 4548 2711 4601 28
2755 4567 2766 4602 :
2817 4548 3129 4604 Pcenitentes
3195 4560 3416 4615 namque
3473 4549 3593 4597 tunc
3655 4541 3724 4596 ab

2068 4636 2311 4693 Ecclesia
2358 4651 2471 4691 cum
2533 4637 2864 4707 processione
2917 4642 2967 4692 et
3025 4649 3179 4690 cruce
3226 4632 3520 4702 ejiciuntur,
3571 4637 3619 4686 et
3668 4631 3723 4686 in

2070 4725 2154 4781 die
2201 4727 2370 4781 Caenis
2409 4724 2461 4779 in
2499 4725 2682 4780 eadem
2737 4725 3075 4796 recipiuntur.
3119 4724 3192 4776 De
3224 4712 3494 4790 ejectione
3534 4727 3716 4776 autem

2070 4815 2288 4884 publice
2318 4814 2700 4884 paenitentiam
2731 4821 2785 4868 et
2816 4809 3221 4868 convocatione
3252 4809 3308 4864 in
3355 4803 3368 4870 I
3395 4801 3497 4871 29
3539 4809 3725 4866 Eccle-

2067 4904 2148 4958 sia
2186 4905 2593 4975 Rotomagensi,
2643 4903 2765 4958 vide
2814 4900 2948 4971 quid
2993 4898 3317 4969 praescribat
3371 4901 3720 4956 Ordinarium

2068 5006 2170 5046 ms.
2203 4998 2328 5060 post
2356 5001 2573 5047 nostras
2603 4989 3035 5046 observationes.

2144 5080 2300 5150 (165)
2355 5082 2548 5151 Hymni
2591 5081 2647 5134 in
2705 5077 2986 5150 Vesperis:
3027 5079 3118 5133 Ex
3153 5093 3299 5133 more
3344 5076 3482 5132 docti
3528 5075 3708 5145 mysti-

2067 5186 2148 5236 co,
2192 5179 2298 5225 etc.
2341 5170 2508 5225 Iidem
2569 5168 2753 5239 hymni
2801 5168 3072 5222 habentur
3120 5169 3175 5222 in
3217 5166 3507 5222 Breviariis
3551 5166 3714 5220 Roto-

2067 5275 2233 5330 mag.,
2284 5273 2371 5314 an.
2430 5258 2584 5322 1491,
2638 5256 2793 5324 1578,
2825 5264 2880 5312 et
2919 5256 2973 5311 in
3015 5255 3294 5311 Psalteriis
3331 5267 3420 5307 an.
3479 5251 3613 5306 1507
3662 5259 3718 5308 et

2072 5351 2242 5415 1586;
2303 5347 2399 5403 sed
2461 5345 2709 5416 quotidie
2757 5347 2811 5401 in
2865 5346 3118 5416 Vesperis
3175 5357 3348 5411 usque
3405 5340 3472 5398 ad
3515 5341 3723 5412 primas

2064 5442 2332 5509 VeSperas
2369 5435 2672 5491 Dominica:
2715 5435 3013 5501 Passionis,
3069 5431 3314 5500 exceptis
3360 5429 3704 5494 festis,'dici-

2064 5537 2154 5585 tur
2190 5528 2424 5598 hymnus
2455 5546 2466 5579 :
2495 5523 2656 5590 Audi,
2687 5523 2904 5594 benigne
2962 5522 3220 5586 conditor,
3254 5527 3308 5575 et
3364 5519 3432 5575 ad
3488 5519 3714 5576 Matuti-
