  <div class='ocr_page' id='page_1' title='image "/cluster/home/n/w/nwhite01/storage/ocr_20150623/147/hvd.32044073505281/053.png"; bbox 0 0 4156 6196; ppageno 0'>
   <div class='ocr_carea' id='block_1_1' title="bbox 460 314 532 369">
    <p class='ocr_par' dir='ltr' id='par_1_1' title="bbox 460 314 532 369">
     <span class='ocr_line' id='line_1_1' title="bbox 460 314 532 369; baseline 0 0"><span class='ocrx_word' id='word_1_1' title='bbox 460 314 532 369; x_wconf 78' lang='grc'>95</span> 
     </span>
    </p>
   </div>
   <div class='ocr_carea' id='block_1_2' title="bbox 1559 313 2681 395">
    <p class='ocr_par' dir='ltr' id='par_1_2' title="bbox 1559 313 2681 395">
     <span class='ocr_line' id='line_1_2' title="bbox 1559 313 2681 395; baseline 0 -26"><span class='ocrx_word' id='word_1_2' title='bbox 1559 314 1853 395; x_wconf 50' lang='grc' dir='ltr'><strong>ῘΟΑΝΝΕΞ</strong></span> <span class='ocrx_word' id='word_1_3' title='bbox 1886 313 2306 369; x_wconf 82' lang='lat' dir='ltr'><strong>ARCHIEPISC.</strong></span> <span class='ocrx_word' id='word_1_4' title='bbox 2347 313 2681 370; x_wconf 78' lang='lat' dir='ltr'><strong>ROTOMAG.</strong></span> 
     </span>
    </p>
   </div>
   <div class='ocr_carea' id='block_1_3' title="bbox 3751 314 3824 368">
    <p class='ocr_par' dir='ltr' id='par_1_3' title="bbox 3751 314 3824 368">
     <span class='ocr_line' id='line_1_3' title="bbox 3751 314 3824 368; baseline 0 0"><span class='ocrx_word' id='word_1_5' title='bbox 3751 314 3824 368; x_wconf 84' lang='lat'><strong>96</strong></span> 
     </span>
    </p>
   </div>
   <div class='ocr_carea' id='block_1_4' title="bbox 458 435 3827 511">
    <p class='ocr_par' dir='ltr' id='par_1_4' title="bbox 458 435 3827 511">
     <span class='ocr_line' id='line_1_4' title="bbox 458 435 3827 511; baseline 0 -18"><span class='ocrx_word' id='word_1_6' title='bbox 458 450 589 494; x_wconf 87' lang='lat' dir='ltr'><strong>num</strong></span> <span class='ocrx_word' id='word_1_7' title='bbox 625 435 862 508; x_wconf 79' lang='lat' dir='ltr'><strong>hymnus</strong></span> <span class='ocrx_word' id='word_1_8' title='bbox 913 456 927 492; x_wconf 90' lang='lat'><strong>:</strong></span> <span class='ocrx_word' id='word_1_9' title='bbox 978 437 1071 492; x_wconf 77' lang='lat' dir='ltr'><strong>Ea:</strong></span> <span class='ocrx_word' id='word_1_10' title='bbox 1123 450 1266 492; x_wconf 90' lang='lat' dir='ltr'><strong>more</strong></span> <span class='ocrx_word' id='word_1_11' title='bbox 1312 436 1488 504; x_wconf 84' lang='lat' dir='ltr'><strong>docti;</strong></span> <span class='ocrx_word' id='word_1_12' title='bbox 1539 436 1605 493; x_wconf 91' lang='lat' dir='ltr'><strong>ad</strong></span> <span class='ocrx_word' id='word_1_13' title='bbox 1659 437 1870 493; x_wconf 87' lang='lat' dir='ltr'><strong>Laudes</strong></span> <span class='ocrx_word' id='word_1_14' title='bbox 1916 451 2046 494; x_wconf 87' lang='lat' dir='ltr'><strong>vero</strong></span> <span class='ocrx_word' id='word_1_15' title='bbox 2079 435 2434 506; x_wconf 80' lang='lat' dir='ltr'><strong>:APlacebo,</strong></span> <span class='ocrx_word' id='word_1_16' title='bbox 2479 437 2573 494; x_wconf 91' lang='lat' dir='ltr'><strong>sed</strong></span> <span class='ocrx_word' id='word_1_17' title='bbox 2614 438 2801 510; x_wconf 80' lang='lat' dir='ltr'><strong>festive</strong></span> <span class='ocrx_word' id='word_1_18' title='bbox 2850 435 3088 511; x_wconf 86' lang='lat' dir='ltr'><strong>pulsetur</strong></span> <span class='ocrx_word' id='word_1_19' title='bbox 3131 438 3265 493; x_wconf 85' lang='lat' dir='ltr'><strong>sicut</strong></span> <span class='ocrx_word' id='word_1_20' title='bbox 3316 438 3373 494; x_wconf 91' lang='lat' dir='ltr'><strong>in</strong></span> <span class='ocrx_word' id='word_1_21' title='bbox 3429 438 3706 494; x_wconf 88' lang='lat' dir='ltr'><strong>Dominica</strong></span> <span class='ocrx_word' id='word_1_22' title='bbox 3762 438 3827 495; x_wconf 85' lang='lat' dir='ltr'><strong>ob</strong></span> 
     </span>
    </p>
   </div>
   <div class='ocr_carea' id='block_1_5' title="bbox 455 522 1177 595">
    <p class='ocr_par' dir='ltr' id='par_1_5' title="bbox 455 522 1177 595">
     <span class='ocr_line' id='line_1_5' title="bbox 455 522 1177 595; baseline -0.004 -12"><span class='ocrx_word' id='word_1_23' title='bbox 455 527 577 583; x_wconf 89' lang='lat' dir='ltr'><strong>Jam</strong></span> <span class='ocrx_word' id='word_1_24' title='bbox 607 526 813 583; x_wconf 84' lang='lat' dir='ltr'><strong>Christe</strong></span> <span class='ocrx_word' id='word_1_25' title='bbox 839 522 921 581; x_wconf 90' lang='lat' dir='ltr'><strong>sol</strong></span> <span class='ocrx_word' id='word_1_26' title='bbox 935 525 1177 595; x_wconf 73' lang='lat' dir='ltr'><strong>justitite.</strong></span> 
     </span>
    </p>
   </div>
   <div class='ocr_carea' id='block_1_6' title="bbox 534 612 2103 687">
    <p class='ocr_par' dir='ltr' id='par_1_6' title="bbox 534 612 2103 687">
     <span class='ocr_line' id='line_1_6' title="bbox 534 612 2103 687; baseline 0.001 -20"><span class='ocrx_word' id='word_1_27' title='bbox 534 614 693 687; x_wconf 88' lang='lat'><strong>(166)</strong></span> <span class='ocrx_word' id='word_1_28' title='bbox 762 616 866 670; x_wconf 91' lang='lat' dir='ltr'><strong>Per</strong></span> <span class='ocrx_word' id='word_1_29' title='bbox 921 615 1261 684; x_wconf 76' lang='lat' dir='ltr'><strong>adiectionem</strong></span> <span class='ocrx_word' id='word_1_30' title='bbox 1323 616 1474 669; x_wconf 88' lang='lat' dir='ltr'><strong>unius</strong></span> <span class='ocrx_word' id='word_1_31' title='bbox 1540 612 1775 670; x_wconf 77' lang='lat' dir='ltr'><strong>lectionis</strong></span> <span class='ocrx_word' id='word_1_32' title='bbox 1847 619 1897 671; x_wconf 88' lang='lat' dir='ltr'><strong>et</strong></span> <span class='ocrx_word' id='word_1_33' title='bbox 1951 616 2103 671; x_wconf 86' lang='lat' dir='ltr'><strong>unius</strong></span> 
     </span>
    </p>
   </div>
   <div class='ocr_carea' id='block_1_7' title="bbox 457 703 2099 779">
    <p class='ocr_par' dir='ltr' id='par_1_7' title="bbox 457 703 2099 779">
     <span class='ocr_line' id='line_1_7' title="bbox 457 703 2099 779; baseline 0.001 -20"><span class='ocrx_word' id='word_1_34' title='bbox 457 704 796 775; x_wconf 86' lang='lat' dir='ltr'><strong>responsorii.</strong></span> <span class='ocrx_word' id='word_1_35' title='bbox 856 704 961 759; x_wconf 88' lang='lat' dir='ltr'><strong>Per</strong></span> <span class='ocrx_word' id='word_1_36' title='bbox 1022 704 1429 779; x_wconf 83' lang='lat' dir='ltr'><strong>responsorium</strong></span> <span class='ocrx_word' id='word_1_37' title='bbox 1486 703 1764 775; x_wconf 77' lang='lat' dir='ltr'><strong>intelligas</strong></span> <span class='ocrx_word' id='word_1_38' title='bbox 1815 704 2099 775; x_wconf 85' lang='lat' dir='ltr'><strong>graduale,</strong></span> 
     </span>
    </p>
   </div>
   <div class='ocr_carea' id='block_1_8' title="bbox 459 791 2105 863">
    <p class='ocr_par' dir='ltr' id='par_1_8' title="bbox 459 791 2105 863">
     <span class='ocr_line' id='line_1_8' title="bbox 459 791 2105 863; baseline 0 -14"><span class='ocrx_word' id='word_1_39' title='bbox 459 798 523 849; x_wconf 89' lang='lat' dir='ltr'><strong>ut</strong></span> <span class='ocrx_word' id='word_1_40' title='bbox 554 794 668 863; x_wconf 85' lang='lat' dir='ltr'><strong>jam</strong></span> <span class='ocrx_word' id='word_1_41' title='bbox 706 792 966 859; x_wconf 82' lang='lat' dir='ltr'><strong>diximus.</strong></span> <span class='ocrx_word' id='word_1_42' title='bbox 1005 791 1153 848; x_wconf 88' lang='lat' dir='ltr'><strong>Idem</strong></span> <span class='ocrx_word' id='word_1_43' title='bbox 1191 791 1322 862; x_wconf 85' lang='lat' dir='ltr'><strong>legit</strong></span> <span class='ocrx_word' id='word_1_44' title='bbox 1367 791 1688 860; x_wconf 86' lang='lat' dir='ltr'><strong>Amalarius,</strong></span> <span class='ocrx_word' id='word_1_45' title='bbox 1730 793 1767 849; x_wconf 91' lang='lat' dir='ltr'><strong>l.</strong></span> <span class='ocrx_word' id='word_1_46' title='bbox 1812 810 1850 859; x_wconf 83' lang='lat'><strong>1,</strong></span> <span class='ocrx_word' id='word_1_47' title='bbox 1892 795 1966 849; x_wconf 93' lang='lat' dir='ltr'><strong>De</strong></span> <span class='ocrx_word' id='word_1_48' title='bbox 2006 807 2105 849; x_wconf 84' lang='lat' dir='ltr'><strong>ec-</strong></span> 
     </span>
    </p>
   </div>
   <div class='ocr_carea' id='block_1_9' title="bbox 458 880 2102 951">
    <p class='ocr_par' dir='ltr' id='par_1_9' title="bbox 458 880 2102 951">
     <span class='ocr_line' id='line_1_9' title="bbox 458 880 2102 951; baseline 0.001 -13"><span class='ocrx_word' id='word_1_49' title='bbox 458 881 593 938; x_wconf 88' lang='lat' dir='ltr'><strong>cles.</strong></span> <span class='ocrx_word' id='word_1_50' title='bbox 626 880 796 951; x_wconf 85' lang='lat' dir='ltr'><strong>ofﬁc.,</strong></span> <span class='ocrx_word' id='word_1_51' title='bbox 829 898 878 938; x_wconf 92' lang='lat' dir='ltr'><strong>c.</strong></span> <span class='ocrx_word' id='word_1_52' title='bbox 911 882 966 950; x_wconf 91' lang='lat'><strong>8,</strong></span> <span class='ocrx_word' id='word_1_53' title='bbox 998 882 1073 938; x_wconf 92' lang='lat' dir='ltr'><strong>De</strong></span> <span class='ocrx_word' id='word_1_54' title='bbox 1102 880 1341 937; x_wconf 88' lang='lat' dir='ltr'><strong>secunda</strong></span> <span class='ocrx_word' id='word_1_55' title='bbox 1388 880 1651 936; x_wconf 76' lang='lat' dir='ltr'><strong>varietate</strong></span> <span class='ocrx_word' id='word_1_56' title='bbox 1679 881 1713 934; x_wconf 90' lang='lat'>4</span> <span class='ocrx_word' id='word_1_57' title='bbox 1744 882 2102 939; x_wconf 70' lang='lat' dir='ltr'><strong>hebdomadze</strong></span> 
     </span>
    </p>
   </div>
   <div class='ocr_carea' id='block_1_10' title="bbox 458 969 2104 1041">
    <p class='ocr_par' dir='ltr' id='par_1_10' title="bbox 458 969 2104 1041">
     <span class='ocr_line' id='line_1_10' title="bbox 458 969 2104 1041; baseline 0.001 -17"><span class='ocrx_word' id='word_1_58' title='bbox 458 969 891 1041; x_wconf 70' lang='lat' dir='ltr'><strong>quadragesimae</strong></span> <span class='ocrx_word' id='word_1_59' title='bbox 950 990 963 1025; x_wconf 91' lang='lat'>:</span> <span class='ocrx_word' id='word_1_60' title='bbox 1022 972 1088 1024; x_wconf 88' lang='lat' dir='ltr'><strong>In</strong></span> <span class='ocrx_word' id='word_1_61' title='bbox 1135 972 1324 1039; x_wconf 88' lang='lat' dir='ltr'><strong>quarta</strong></span> <span class='ocrx_word' id='word_1_62' title='bbox 1370 969 1508 1041; x_wconf 81' lang='lat' dir='ltr'><strong>feria</strong></span> <span class='ocrx_word' id='word_1_63' title='bbox 1554 973 1756 1039; x_wconf 74' lang='lat' dir='ltr'><strong>quarta:</strong></span> <span class='ocrx_word' id='word_1_64' title='bbox 1798 971 2104 1041; x_wconf 73' lang='lat' dir='ltr'><strong>septimana:</strong></span> 
     </span>
    </p>
   </div>
   <div class='ocr_carea' id='block_1_11' title="bbox 458 1057 2103 1131">
    <p class='ocr_par' dir='ltr' id='par_1_11' title="bbox 458 1057 2103 1131">
     <span class='ocr_line' id='line_1_11' title="bbox 458 1057 2103 1131; baseline -0.002 -11"><span class='ocrx_word' id='word_1_65' title='bbox 458 1065 688 1120; x_wconf 82' lang='lat' dir='ltr'><strong>varietas</strong></span> <span class='ocrx_word' id='word_1_66' title='bbox 733 1066 809 1116; x_wconf 87' lang='lat' dir='ltr'><strong>est</strong></span> <span class='ocrx_word' id='word_1_67' title='bbox 849 1074 949 1131; x_wconf 86' lang='lat' dir='ltr'><strong>per</strong></span> <span class='ocrx_word' id='word_1_68' title='bbox 993 1058 1333 1127; x_wconf 84' lang='lat' dir='ltr'><strong>adjectionem</strong></span> <span class='ocrx_word' id='word_1_69' title='bbox 1386 1060 1540 1113; x_wconf 89' lang='lat' dir='ltr'><strong>unius</strong></span> <span class='ocrx_word' id='word_1_70' title='bbox 1586 1057 1822 1114; x_wconf 81' lang='lat' dir='ltr'><strong>lectionis</strong></span> <span class='ocrx_word' id='word_1_71' title='bbox 1867 1065 1917 1116; x_wconf 89' lang='lat' dir='ltr'><strong>et</strong></span> <span class='ocrx_word' id='word_1_72' title='bbox 1951 1062 2103 1117; x_wconf 87' lang='lat' dir='ltr'><strong>unius</strong></span> 
     </span>
    </p>
   </div>
   <div class='ocr_carea' id='block_1_12' title="bbox 457 1146 2103 1224">
    <p class='ocr_par' dir='ltr' id='par_1_12' title="bbox 457 1146 2103 1224">
     <span class='ocr_line' id='line_1_12' title="bbox 457 1146 2103 1224; baseline -0.002 -16"><span class='ocrx_word' id='word_1_73' title='bbox 457 1150 795 1224; x_wconf 84' lang='lat' dir='ltr'><strong>responsorii.</strong></span> <span class='ocrx_word' id='word_1_74' title='bbox 871 1146 1073 1203; x_wconf 84' lang='lat' dir='ltr'><strong>Eadem</strong></span> <span class='ocrx_word' id='word_1_75' title='bbox 1128 1147 1213 1202; x_wconf 89' lang='lat' dir='ltr'><strong>die</strong></span> <span class='ocrx_word' id='word_1_76' title='bbox 1285 1147 1459 1217; x_wconf 83' lang='lat' dir='ltr'><strong>agitur</strong></span> <span class='ocrx_word' id='word_1_77' title='bbox 1528 1148 1831 1203; x_wconf 87' lang='lat' dir='ltr'><strong>scrutinium</strong></span> <span class='ocrx_word' id='word_1_78' title='bbox 1898 1151 2103 1205; x_wconf 85' lang='lat' dir='ltr'><strong>tertium</strong></span> 
     </span>
    </p>
   </div>
   <div class='ocr_carea' id='block_1_13' title="bbox 459 1237 2103 1314">
    <p class='ocr_par' dir='ltr' id='par_1_13' title="bbox 459 1237 2103 1314">
     <span class='ocr_line' id='line_1_13' title="bbox 459 1237 2103 1314; baseline -0.002 -16"><span class='ocrx_word' id='word_1_79' title='bbox 459 1242 597 1314; x_wconf 87' lang='lat' dir='ltr'><strong>quod</strong></span> <span class='ocrx_word' id='word_1_80' title='bbox 641 1239 922 1295; x_wconf 67' lang='lat' dir='ltr'><strong>maximum</strong></span> <span class='ocrx_word' id='word_1_81' title='bbox 967 1242 1045 1293; x_wconf 84' lang='lat' dir='ltr'><strong>est</strong></span> <span class='ocrx_word' id='word_1_82' title='bbox 1090 1237 1227 1293; x_wconf 90' lang='lat' dir='ltr'><strong>inter</strong></span> <span class='ocrx_word' id='word_1_83' title='bbox 1269 1242 1463 1307; x_wconf 81' lang='lat' dir='ltr'><strong>septem</strong></span> <span class='ocrx_word' id='word_1_84' title='bbox 1497 1238 1865 1295; x_wconf 85' lang='lat' dir='ltr'><strong>scrutinia.....</strong></span> <span class='ocrx_word' id='word_1_85' title='bbox 1900 1239 2103 1295; x_wconf 86' lang='lat' dir='ltr'><strong>Eadem</strong></span> 
     </span>
    </p>
   </div>
   <div class='ocr_carea' id='block_1_14' title="bbox 458 1326 2103 1399">
    <p class='ocr_par' dir='ltr' id='par_1_14' title="bbox 458 1326 2103 1399">
     <span class='ocr_line' id='line_1_14' title="bbox 458 1326 2103 1399; baseline -0.001 -12"><span class='ocrx_word' id='word_1_86' title='bbox 458 1330 544 1386; x_wconf 88' lang='lat' dir='ltr'><strong>die</strong></span> <span class='ocrx_word' id='word_1_87' title='bbox 568 1331 891 1385; x_wconf 87' lang='lat' dir='ltr'><strong>instruuntur</strong></span> <span class='ocrx_word' id='word_1_88' title='bbox 918 1327 984 1382; x_wconf 91' lang='lat' dir='ltr'><strong>de</strong></span> <span class='ocrx_word' id='word_1_89' title='bbox 1012 1326 1313 1385; x_wconf 68' lang='lat' dir='ltr'><strong>auctoribus</strong></span> <span class='ocrx_word' id='word_1_90' title='bbox 1357 1330 1406 1383; x_wconf 85' lang='lat' dir='ltr'><strong>et</strong></span> <span class='ocrx_word' id='word_1_91' title='bbox 1450 1327 1613 1383; x_wconf 85' lang='lat' dir='ltr'><strong>initiis</strong></span> <span class='ocrx_word' id='word_1_92' title='bbox 1657 1332 1881 1399; x_wconf 83' lang='lat' dir='ltr'><strong>quatuor</strong></span> <span class='ocrx_word' id='word_1_93' title='bbox 1925 1331 2103 1385; x_wconf 87' lang='lat' dir='ltr'><strong>Evan-</strong></span> 
     </span>
    </p>
   </div>
   <div class='ocr_carea' id='block_1_15' title="bbox 455 1416 723 1489">
    <p class='ocr_par' dir='ltr' id='par_1_15' title="bbox 455 1416 723 1489">
     <span class='ocr_line' id='line_1_15' title="bbox 455 1416 723 1489; baseline 0 -16"><span class='ocrx_word' id='word_1_94' title='bbox 455 1416 723 1489; x_wconf 88' lang='lat' dir='ltr'><strong>geliorum.</strong></span> 
     </span>
    </p>
   </div>
   <div class='ocr_carea' id='block_1_16' title="bbox 524 1505 2099 1578">
    <p class='ocr_par' dir='ltr' id='par_1_16' title="bbox 524 1505 2099 1578">
     <span class='ocr_line' id='line_1_16' title="bbox 524 1505 2099 1578; baseline 0.001 -18"><span class='ocrx_word' id='word_1_95' title='bbox 524 1506 679 1578; x_wconf 87' lang='lat'><strong>(167)</strong></span> <span class='ocrx_word' id='word_1_96' title='bbox 721 1506 967 1562; x_wconf 78' lang='lat' dir='ltr'><strong>Traditur</strong></span> <span class='ocrx_word' id='word_1_97' title='bbox 1020 1506 1097 1561; x_wconf 89' lang='lat' dir='ltr'><strong>eis</strong></span> <span class='ocrx_word' id='word_1_98' title='bbox 1135 1506 1304 1562; x_wconf 84' lang='lat' dir='ltr'><strong>oratio</strong></span> <span class='ocrx_word' id='word_1_99' title='bbox 1360 1506 1637 1561; x_wconf 88' lang='lat' dir='ltr'><strong>Dominica</strong></span> <span class='ocrx_word' id='word_1_100' title='bbox 1692 1510 1741 1562; x_wconf 92' lang='lat' dir='ltr'><strong>et</strong></span> <span class='ocrx_word' id='word_1_101' title='bbox 1793 1505 2099 1578; x_wconf 80' lang='lat' dir='ltr'><strong>symbolum,</strong></span> 
     </span>
    </p>
   </div>
   <div class='ocr_carea' id='block_1_17' title="bbox 455 1593 2103 1667">
    <p class='ocr_par' dir='ltr' id='par_1_17' title="bbox 455 1593 2103 1667">
     <span class='ocr_line' id='line_1_17' title="bbox 455 1593 2103 1667; baseline -0.001 -15"><span class='ocrx_word' id='word_1_102' title='bbox 455 1596 611 1667; x_wconf 90' lang='lat' dir='ltr'><strong>quod,</strong></span> <span class='ocrx_word' id='word_1_103' title='bbox 645 1600 752 1652; x_wconf 85' lang='lat' dir='ltr'><strong>etc.</strong></span> <span class='ocrx_word' id='word_1_104' title='bbox 800 1593 1104 1651; x_wconf 85' lang='lat' dir='ltr'><strong>Amalarius</strong></span> <span class='ocrx_word' id='word_1_105' title='bbox 1145 1594 1352 1651; x_wconf 92' lang='lat' dir='ltr'><strong>ibidem</strong></span> <span class='ocrx_word' id='word_1_106' title='bbox 1388 1616 1400 1651; x_wconf 88' lang='lat'>:</span> <span class='ocrx_word' id='word_1_107' title='bbox 1434 1595 1638 1651; x_wconf 88' lang='lat' dir='ltr'><strong>Eadem</strong></span> <span class='ocrx_word' id='word_1_108' title='bbox 1684 1595 1770 1650; x_wconf 88' lang='lat' dir='ltr'><strong>die</strong></span> <span class='ocrx_word' id='word_1_109' title='bbox 1814 1596 2103 1667; x_wconf 87' lang='lat' dir='ltr'><strong>percipiunt</strong></span> 
     </span>
    </p>
   </div>
   <div class='ocr_carea' id='block_1_18' title="bbox 456 1682 2104 1755">
    <p class='ocr_par' dir='ltr' id='par_1_18' title="bbox 456 1682 2104 1755">
     <span class='ocr_line' id='line_1_18' title="bbox 456 1682 2104 1755; baseline -0.001 -14"><span class='ocrx_word' id='word_1_110' title='bbox 456 1685 745 1741; x_wconf 89' lang='lat' dir='ltr'><strong>orationem</strong></span> <span class='ocrx_word' id='word_1_111' title='bbox 798 1683 1122 1739; x_wconf 86' lang='lat' dir='ltr'><strong>Dominicam</strong></span> <span class='ocrx_word' id='word_1_112' title='bbox 1190 1689 1240 1740; x_wconf 90' lang='lat' dir='ltr'><strong>et</strong></span> <span class='ocrx_word' id='word_1_113' title='bbox 1302 1682 1591 1755; x_wconf 81' lang='lat' dir='ltr'><strong>symbolum</strong></span> <span class='ocrx_word' id='word_1_114' title='bbox 1659 1684 1730 1739; x_wconf 87' lang='lat' dir='ltr'><strong>ad</strong></span> <span class='ocrx_word' id='word_1_115' title='bbox 1783 1685 2104 1740; x_wconf 88' lang='lat' dir='ltr'><strong>reddendum</strong></span> 
     </span>
    </p>
   </div>
   <div class='ocr_carea' id='block_1_19' title="bbox 2182 527 3830 598">
    <p class='ocr_par' dir='ltr' id='par_1_19' title="bbox 2182 527 3830 598">
     <span class='ocr_line' id='line_1_19' title="bbox 2182 527 3830 598; baseline 0 -15"><span class='ocrx_word' id='word_1_116' title='bbox 2182 528 2523 583; x_wconf 86' lang='lat' dir='ltr'><strong>reverentiam</strong></span> <span class='ocrx_word' id='word_1_117' title='bbox 2588 527 2873 583; x_wconf 75' lang='lat' dir='ltr'><strong>Dominiew</strong></span> <span class='ocrx_word' id='word_1_118' title='bbox 2935 528 3125 596; x_wconf 66' lang='lat' dir='ltr'><strong>Canae,</strong></span> <span class='ocrx_word' id='word_1_119' title='bbox 3174 531 3223 582; x_wconf 90' lang='lat' dir='ltr'><strong>et</strong></span> <span class='ocrx_word' id='word_1_120' title='bbox 3269 527 3450 598; x_wconf 82' lang='lat' dir='ltr'><strong>festive</strong></span> <span class='ocrx_word' id='word_1_121' title='bbox 3497 532 3739 583; x_wconf 78' lang='lat' dir='ltr'><strong>cantetur</strong></span> <span class='ocrx_word' id='word_1_122' title='bbox 3778 532 3830 584; x_wconf 88' lang='lat' dir='ltr'><strong>et</strong></span> 
     </span>
    </p>
   </div>
   <div class='ocr_carea' id='block_1_20' title="bbox 2184 615 3827 688">
    <p class='ocr_par' dir='ltr' id='par_1_20' title="bbox 2184 615 3827 688">
     <span class='ocr_line' id='line_1_20' title="bbox 2184 615 3827 688; baseline 0.001 -18"><span class='ocrx_word' id='word_1_123' title='bbox 2184 615 2478 687; x_wconf 71' lang='lat' dir='ltr'><strong>antiphonw</strong></span> <span class='ocrx_word' id='word_1_124' title='bbox 2520 630 2678 688; x_wconf 84' lang='lat' dir='ltr'><strong>super</strong></span> <span class='ocrx_word' id='word_1_125' title='bbox 2716 615 2951 688; x_wconf 82' lang='lat' dir='ltr'><strong>psalmos</strong></span> <span class='ocrx_word' id='word_1_126' title='bbox 2987 630 3101 670; x_wconf 89' lang='lat' dir='ltr'><strong>cum</strong></span> <span class='ocrx_word' id='word_1_127' title='bbox 3147 630 3334 670; x_wconf 90' lang='lat' dir='ltr'><strong>neuma</strong></span> <span class='ocrx_word' id='word_1_128' title='bbox 3370 615 3641 687; x_wconf 78' lang='lat' dir='ltr'><strong>ﬁniantur.</strong></span> <span class='ocrx_word' id='word_1_129' title='bbox 3701 618 3827 672; x_wconf 82' lang='lat' dir='ltr'><strong>Ant.</strong></span> 
     </span>
    </p>
   </div>
   <div class='ocr_carea' id='block_1_21' title="bbox 2185 702 3829 773">
    <p class='ocr_par' dir='ltr' id='par_1_21' title="bbox 2185 702 3829 773">
     <span class='ocr_line' id='line_1_21' title="bbox 2185 702 3829 773; baseline 0.002 -15"><span class='ocrx_word' id='word_1_130' title='bbox 2185 704 2381 759; x_wconf 88' lang='lat' dir='ltr'><strong>Beatus</strong></span> <span class='ocrx_word' id='word_1_131' title='bbox 2435 704 2536 759; x_wconf 91' lang='lat' dir='ltr'><strong>vir.</strong></span> <span class='ocrx_word' id='word_1_132' title='bbox 2587 702 2733 759; x_wconf 91' lang='lat' dir='ltr'><strong>Psal.</strong></span> <span class='ocrx_word' id='word_1_133' title='bbox 2780 704 2897 759; x_wconf 89' lang='lat' dir='ltr'><strong>Nisi</strong></span> <span class='ocrx_word' id='word_1_134' title='bbox 2951 704 3213 760; x_wconf 85' lang='lat' dir='ltr'><strong>Dominus</strong></span> <span class='ocrx_word' id='word_1_135' title='bbox 3261 703 3635 771; x_wconf 77' lang='lat' dir='ltr'><strong>aediﬁcaverit,</strong></span> <span class='ocrx_word' id='word_1_136' title='bbox 3696 710 3829 773; x_wconf 91' lang='lat' dir='ltr'><strong>etc.,</strong></span> 
     </span>
    </p>
   </div>
   <div class='ocr_carea' id='block_1_22' title="bbox 2174 791 3832 864">
    <p class='ocr_par' dir='ltr' id='par_1_22' title="bbox 2174 791 3832 864">
     <span class='ocr_line' id='line_1_22' title="bbox 2174 791 3832 864; baseline 0.001 -17"><span class='ocrx_word' id='word_1_137' title='bbox 2174 791 2463 859; x_wconf 81' lang='lat' dir='ltr'><strong>secundum</strong></span> <span class='ocrx_word' id='word_1_138' title='bbox 2499 791 2751 859; x_wconf 87' lang='lat' dir='ltr'><strong>ordinem,</strong></span> <span class='ocrx_word' id='word_1_139' title='bbox 2783 797 2833 848; x_wconf 90' lang='lat' dir='ltr'><strong>et</strong></span> <span class='ocrx_word' id='word_1_140' title='bbox 2878 792 2979 847; x_wconf 89' lang='lat' dir='ltr'><strong>duo</strong></span> <span class='ocrx_word' id='word_1_141' title='bbox 3028 791 3092 847; x_wconf 89' lang='lat' dir='ltr'><strong>de</strong></span> <span class='ocrx_word' id='word_1_142' title='bbox 3128 792 3359 847; x_wconf 88' lang='lat' dir='ltr'><strong>secunda</strong></span> <span class='ocrx_word' id='word_1_143' title='bbox 3388 792 3514 849; x_wconf 87' lang='lat' dir='ltr'><strong>sede</strong></span> <span class='ocrx_word' id='word_1_144' title='bbox 3550 793 3605 849; x_wconf 90' lang='lat' dir='ltr'><strong>in</strong></span> <span class='ocrx_word' id='word_1_145' title='bbox 3652 794 3832 864; x_wconf 87' lang='lat' dir='ltr'><strong>cappis</strong></span> 
     </span>
    </p>
   </div>
   <div class='ocr_carea' id='block_1_23' title="bbox 2184 880 3829 950">
    <p class='ocr_par' dir='ltr' id='par_1_23' title="bbox 2184 880 3829 950">
     <span class='ocr_line' id='line_1_23' title="bbox 2184 880 3829 950; baseline 0.001 -15"><span class='ocrx_word' id='word_1_146' title='bbox 2184 880 2347 949; x_wconf 84' lang='lat' dir='ltr'><strong>nigris</strong></span> <span class='ocrx_word' id='word_1_147' title='bbox 2410 880 2475 935; x_wconf 90' lang='lat' dir='ltr'><strong>de</strong></span> <span class='ocrx_word' id='word_1_148' title='bbox 2537 880 2704 936; x_wconf 90' lang='lat' dir='ltr'><strong>serico</strong></span> <span class='ocrx_word' id='word_1_149' title='bbox 2768 885 2954 950; x_wconf 90' lang='lat' dir='ltr'><strong>regant</strong></span> <span class='ocrx_word' id='word_1_150' title='bbox 3022 880 3269 947; x_wconf 84' lang='lat' dir='ltr'><strong>chorum,-</strong></span> <span class='ocrx_word' id='word_1_151' title='bbox 3328 883 3495 946; x_wconf 88' lang='lat' dir='ltr'><strong>(nune</strong></span> <span class='ocrx_word' id='word_1_152' title='bbox 3550 887 3732 937; x_wconf 91' lang='lat' dir='ltr'><strong>autem</strong></span> <span class='ocrx_word' id='word_1_153' title='bbox 3773 882 3829 937; x_wconf 90' lang='lat' dir='ltr'><strong>in</strong></span> 
     </span>
    </p>
   </div>
   <div class='ocr_carea' id='block_1_24' title="bbox 2185 968 3835 1041">
    <p class='ocr_par' dir='ltr' id='par_1_24' title="bbox 2185 968 3835 1041">
     <span class='ocr_line' id='line_1_24' title="bbox 2185 968 3835 1041; baseline 0 -16"><span class='ocrx_word' id='word_1_154' title='bbox 2185 968 2375 1039; x_wconf 90' lang='lat' dir='ltr'><strong>cappis</strong></span> <span class='ocrx_word' id='word_1_155' title='bbox 2428 968 2659 1026; x_wconf 90' lang='lat' dir='ltr'><strong>violacei</strong></span> <span class='ocrx_word' id='word_1_156' title='bbox 2696 969 2920 1040; x_wconf 88' lang='lat' dir='ltr'><strong>coloris)</strong></span> <span class='ocrx_word' id='word_1_157' title='bbox 2986 970 3096 1025; x_wconf 92' lang='lat' dir='ltr'><strong>duo</strong></span> <span class='ocrx_word' id='word_1_158' title='bbox 3134 969 3203 1025; x_wconf 91' lang='lat' dir='ltr'><strong>de</strong></span> <span class='ocrx_word' id='word_1_159' title='bbox 3242 970 3436 1039; x_wconf 86' lang='lat' dir='ltr'><strong>majori</strong></span> <span class='ocrx_word' id='word_1_160' title='bbox 3458 969 3588 1025; x_wconf 90' lang='lat' dir='ltr'><strong>sede</strong></span> <span class='ocrx_word' id='word_1_161' title='bbox 3619 971 3673 1025; x_wconf 90' lang='lat' dir='ltr'><strong>in</strong></span> <span class='ocrx_word' id='word_1_162' title='bbox 3705 984 3835 1041; x_wconf 82' lang='lat' dir='ltr'><strong>cap-</strong></span> 
     </span>
    </p>
   </div>
   <div class='ocr_carea' id='block_1_25' title="bbox 2185 1057 3832 1130">
    <p class='ocr_par' dir='ltr' id='par_1_25' title="bbox 2185 1057 3832 1130">
     <span class='ocr_line' id='line_1_25' title="bbox 2185 1057 3832 1130; baseline 0.002 -18"><span class='ocrx_word' id='word_1_163' title='bbox 2185 1057 2289 1128; x_wconf 89' lang='lat' dir='ltr'><strong>pis.</strong></span> <span class='ocrx_word' id='word_1_164' title='bbox 2357 1071 2392 1113; x_wconf 77' lang='grc' dir='ltr'><strong>ιι</strong></span> <span class='ocrx_word' id='word_1_165' title='bbox 2456 1058 2935 1125; x_wconf 85' lang='lat' dir='ltr'><strong>Circumdederunt,</strong></span> <span class='ocrx_word' id='word_1_166' title='bbox 3017 1064 3072 1114; x_wconf 91' lang='lat' dir='ltr'><strong>et</strong></span> <span class='ocrx_word' id='word_1_167' title='bbox 3137 1057 3205 1113; x_wconf 94' lang='lat' dir='ltr'><strong>ad</strong></span> <span class='ocrx_word' id='word_1_168' title='bbox 3287 1058 3596 1130; x_wconf 78' lang='lat' dir='ltr'><strong>Magni/icui</strong></span> <span class='ocrx_word' id='word_1_169' title='bbox 3659 1057 3832 1116; x_wconf 84' lang='lat' dir='ltr'><strong>altare</strong></span> 
     </span>
    </p>
   </div>
   <div class='ocr_carea' id='block_1_26' title="bbox 2184 1146 3831 1203">
    <p class='ocr_par' dir='ltr' id='par_1_26' title="bbox 2184 1146 3831 1203">
     <span class='ocr_line' id='line_1_26' title="bbox 2184 1146 3831 1203; baseline 0.001 -2"><span class='ocrx_word' id='word_1_170' title='bbox 2184 1151 2239 1201; x_wconf 89' lang='lat' dir='ltr'><strong>et</strong></span> <span class='ocrx_word' id='word_1_171' title='bbox 2285 1146 2488 1203; x_wconf 86' lang='lat' dir='ltr'><strong>chorus</strong></span> <span class='ocrx_word' id='word_1_172' title='bbox 2541 1146 2942 1203; x_wconf 88' lang='lat' dir='ltr'><strong>thuriﬁcantur.</strong></span> <span class='ocrx_word' id='word_1_173' title='bbox 2993 1146 3367 1202; x_wconf 82' lang='lat' dir='ltr'><strong>Bcnedicamus</strong></span> <span class='ocrx_word' id='word_1_174' title='bbox 3402 1146 3472 1202; x_wconf 91' lang='lat' dir='ltr'><strong>ab</strong></span> <span class='ocrx_word' id='word_1_175' title='bbox 3518 1160 3629 1203; x_wconf 91' lang='lat' dir='ltr'><strong>uno</strong></span> <span class='ocrx_word' id='word_1_176' title='bbox 3684 1153 3745 1203; x_wconf 91' lang='lat' dir='ltr'><strong>ut</strong></span> <span class='ocrx_word' id='word_1_177' title='bbox 3775 1147 3831 1203; x_wconf 92' lang='lat' dir='ltr'><strong>in</strong></span> 
     </span>
    </p>
   </div>
   <div class='ocr_carea' id='block_1_27' title="bbox 2182 1234 3835 1306">
    <p class='ocr_par' dir='ltr' id='par_1_27' title="bbox 2182 1234 3835 1306">
     <span class='ocr_line' id='line_1_27' title="bbox 2182 1234 3835 1306; baseline 0.001 -16"><span class='ocrx_word' id='word_1_178' title='bbox 2182 1234 2636 1306; x_wconf 80' lang='lat' dir='ltr'><strong>semiduplieibus</strong></span> <span class='ocrx_word' id='word_1_179' title='bbox 2696 1235 2931 1291; x_wconf 90' lang='lat' dir='ltr'><strong>canitur.</strong></span> <span class='ocrx_word' id='word_1_180' title='bbox 2999 1236 3134 1291; x_wconf 84' lang='lat' dir='ltr'><strong>Item</strong></span> <span class='ocrx_word' id='word_1_181' title='bbox 3187 1235 3243 1291; x_wconf 91' lang='lat' dir='ltr'><strong>in</strong></span> <span class='ocrx_word' id='word_1_182' title='bbox 3312 1235 3485 1291; x_wconf 85' lang='lat' dir='ltr'><strong>veteri</strong></span> <span class='ocrx_word' id='word_1_183' title='bbox 3541 1235 3685 1293; x_wconf 90' lang='lat' dir='ltr'><strong>libro</strong></span> <span class='ocrx_word' id='word_1_184' title='bbox 3751 1235 3835 1293; x_wconf 84' lang='lat' dir='ltr'><strong>of-</strong></span> 
     </span>
    </p>
   </div>
   <div class='ocr_carea' id='block_1_28' title="bbox 2184 1322 3828 1395">
    <p class='ocr_par' dir='ltr' id='par_1_28' title="bbox 2184 1322 3828 1395">
     <span class='ocr_line' id='line_1_28' title="bbox 2184 1322 3828 1395; baseline 0.001 -16"><span class='ocrx_word' id='word_1_185' title='bbox 2184 1322 2348 1379; x_wconf 90' lang='lat' dir='ltr'><strong>ﬁciali</strong></span> <span class='ocrx_word' id='word_1_186' title='bbox 2393 1338 2494 1380; x_wconf 92' lang='lat' dir='ltr'><strong>ms.</strong></span> <span class='ocrx_word' id='word_1_187' title='bbox 2535 1324 2603 1380; x_wconf 90' lang='lat' dir='ltr'><strong>ad</strong></span> <span class='ocrx_word' id='word_1_188' title='bbox 2643 1337 2799 1379; x_wconf 90' lang='lat' dir='ltr'><strong>usum</strong></span> <span class='ocrx_word' id='word_1_189' title='bbox 2845 1323 3109 1380; x_wconf 67' lang='lat' dir='ltr'><strong>Ecclesia:</strong></span> <span class='ocrx_word' id='word_1_190' title='bbox 3138 1324 3559 1394; x_wconf 81' lang='lat' dir='ltr'><strong>Rotomagensis</strong></span> <span class='ocrx_word' id='word_1_191' title='bbox 3589 1323 3828 1395; x_wconf 84' lang='lat' dir='ltr'><strong>legitur:</strong></span> 
     </span>
    </p>
   </div>
   <div class='ocr_carea' id='block_1_29' title="bbox 2183 1411 3835 1485">
    <p class='ocr_par' dir='ltr' id='par_1_29' title="bbox 2183 1411 3835 1485">
     <span class='ocr_line' id='line_1_29' title="bbox 2183 1411 3835 1485; baseline 0.001 -18"><span class='ocrx_word' id='word_1_192' title='bbox 2183 1412 2250 1467; x_wconf 89' lang='lat' dir='ltr'><strong>In</strong></span> <span class='ocrx_word' id='word_1_193' title='bbox 2313 1412 2551 1484; x_wconf 87' lang='lat' dir='ltr'><strong>Vesperis</strong></span> <span class='ocrx_word' id='word_1_194' title='bbox 2599 1427 2774 1468; x_wconf 90' lang='lat' dir='ltr'><strong>omnes</strong></span> <span class='ocrx_word' id='word_1_195' title='bbox 2819 1426 3088 1485; x_wconf 69' lang='lat' dir='ltr'><strong>campanis</strong></span> <span class='ocrx_word' id='word_1_196' title='bbox 3133 1417 3189 1467; x_wconf 87' lang='lat' dir='ltr'><strong>ut</strong></span> <span class='ocrx_word' id='word_1_197' title='bbox 3220 1412 3277 1466; x_wconf 89' lang='lat' dir='ltr'><strong>in</strong></span> <span class='ocrx_word' id='word_1_198' title='bbox 3308 1426 3489 1467; x_wconf 88' lang='lat' dir='ltr'><strong>novem</strong></span> <span class='ocrx_word' id='word_1_199' title='bbox 3532 1411 3835 1470; x_wconf 81' lang='lat' dir='ltr'><strong>lectionibus</strong></span> 
     </span>
    </p>
   </div>
   <div class='ocr_carea' id='block_1_30' title="bbox 2178 1499 3836 1572">
    <p class='ocr_par' dir='ltr' id='par_1_30' title="bbox 2178 1499 3836 1572">
     <span class='ocr_line' id='line_1_30' title="bbox 2178 1499 3836 1572; baseline 0.002 -17"><span class='ocrx_word' id='word_1_200' title='bbox 2178 1499 2450 1572; x_wconf 85' lang='lat' dir='ltr'><strong>pulsentur</strong></span> <span class='ocrx_word' id='word_1_201' title='bbox 2515 1500 2579 1557; x_wconf 85' lang='lat' dir='ltr'><strong>ob</strong></span> <span class='ocrx_word' id='word_1_202' title='bbox 2644 1500 2989 1556; x_wconf 85' lang='lat' dir='ltr'><strong>reverentiam</strong></span> <span class='ocrx_word' id='word_1_203' title='bbox 3074 1500 3359 1556; x_wconf 66' lang='lat' dir='ltr'><strong>Dominicis</strong></span> <span class='ocrx_word' id='word_1_204' title='bbox 3430 1502 3617 1557; x_wconf 72' lang='lat' dir='ltr'><strong>Utente.</strong></span> <span class='ocrx_word' id='word_1_205' title='bbox 3686 1501 3836 1558; x_wconf 90' lang='lat' dir='ltr'><strong>Idem</strong></span> 
     </span>
    </p>
   </div>
   <div class='ocr_carea' id='block_1_31' title="bbox 2184 1589 3830 1661">
    <p class='ocr_par' dir='ltr' id='par_1_31' title="bbox 2184 1589 3830 1661">
     <span class='ocr_line' id='line_1_31' title="bbox 2184 1589 3830 1661; baseline 0 -16"><span class='ocrx_word' id='word_1_206' title='bbox 2184 1589 2495 1661; x_wconf 68' lang='lat' dir='ltr'><strong>praescribit</strong></span> <span class='ocrx_word' id='word_1_207' title='bbox 2543 1589 2893 1646; x_wconf 88' lang='lat' dir='ltr'><strong>Ordinarium</strong></span> <span class='ocrx_word' id='word_1_208' title='bbox 2950 1603 3052 1645; x_wconf 92' lang='lat' dir='ltr'><strong>ms.</strong></span> <span class='ocrx_word' id='word_1_209' title='bbox 3102 1589 3492 1645; x_wconf 85' lang='lat' dir='ltr'><strong>canonicorum</strong></span> <span class='ocrx_word' id='word_1_210' title='bbox 3550 1590 3606 1645; x_wconf 91' lang='lat' dir='ltr'><strong>S.</strong></span> <span class='ocrx_word' id='word_1_211' title='bbox 3658 1589 3830 1646; x_wconf 89' lang='lat' dir='ltr'><strong>Laudi</strong></span> 
     </span>
    </p>
   </div>
   <div class='ocr_carea' id='block_1_32' title="bbox 2184 1679 2622 1750">
    <p class='ocr_par' dir='ltr' id='par_1_32' title="bbox 2184 1679 2622 1750">
     <span class='ocr_line' id='line_1_32' title="bbox 2184 1679 2622 1750; baseline -0.002 -16"><span class='ocrx_word' id='word_1_212' title='bbox 2184 1679 2622 1750; x_wconf 84' lang='lat' dir='ltr'><strong>Rotomagensis.</strong></span> 
     </span>
    </p>
   </div>
   <div class='ocr_carea' id='block_1_33' title="bbox 454 1765 3832 1840">
    <p class='ocr_par' dir='ltr' id='par_1_33' title="bbox 454 1765 3832 1840">
     <span class='ocr_line' id='line_1_33' title="bbox 454 1765 3832 1840; baseline -0.001 -11"><span class='ocrx_word' id='word_1_213' title='bbox 454 1774 511 1829; x_wconf 90' lang='lat' dir='ltr'><strong>in</strong></span> <span class='ocrx_word' id='word_1_214' title='bbox 554 1772 791 1830; x_wconf 85' lang='lat' dir='ltr'><strong>Sabbato</strong></span> <span class='ocrx_word' id='word_1_215' title='bbox 862 1777 1043 1828; x_wconf 89' lang='lat' dir='ltr'><strong>sancto</strong></span> <span class='ocrx_word' id='word_1_216' title='bbox 1128 1772 1364 1829; x_wconf 82' lang='lat' dir='ltr'><strong>Pasclue.</strong></span> <span class='ocrx_word' id='word_1_217' title='bbox 1446 1773 1595 1829; x_wconf 89' lang='lat' dir='ltr'><strong>Idem</strong></span> <span class='ocrx_word' id='word_1_218' title='bbox 1678 1772 1862 1840; x_wconf 86' lang='lat' dir='ltr'><strong>docet,</strong></span> <span class='ocrx_word' id='word_1_219' title='bbox 1936 1773 2163 1830; x_wconf 88' lang='lat' dir='ltr'><strong>Guill.B</strong></span> <span class='ocrx_word' id='word_1_220' title='bbox 2254 1767 2398 1840; x_wconf 90' lang='lat'><strong>(173)</strong></span> <span class='ocrx_word' id='word_1_221' title='bbox 2439 1768 2628 1824; x_wconf 89' lang='lat' dir='ltr'><strong>Omnes</strong></span> <span class='ocrx_word' id='word_1_222' title='bbox 2662 1766 2818 1823; x_wconf 90' lang='lat' dir='ltr'><strong>simul</strong></span> <span class='ocrx_word' id='word_1_223' title='bbox 2850 1766 3140 1839; x_wconf 84' lang='lat' dir='ltr'><strong>pulsentur.</strong></span> <span class='ocrx_word' id='word_1_224' title='bbox 3198 1766 3362 1823; x_wconf 89' lang='lat' dir='ltr'><strong>Liber</strong></span> <span class='ocrx_word' id='word_1_225' title='bbox 3406 1765 3658 1823; x_wconf 90' lang='lat' dir='ltr'><strong>ofﬁcialis</strong></span> <span class='ocrx_word' id='word_1_226' title='bbox 3712 1768 3832 1825; x_wconf 83' lang='lat' dir='ltr'><strong>Ro-</strong></span> 
     </span>
    </p>
   </div>
   <div class='ocr_carea' id='block_1_34' title="bbox 455 1861 2101 1932">
    <p class='ocr_par' dir='ltr' id='par_1_34' title="bbox 455 1861 2101 1932">
     <span class='ocr_line' id='line_1_34' title="bbox 455 1861 2101 1932; baseline 0.001 -15"><span class='ocrx_word' id='word_1_227' title='bbox 455 1862 762 1927; x_wconf 90' lang='lat' dir='ltr'><strong>Durandus,</strong></span> <span class='ocrx_word' id='word_1_228' title='bbox 802 1862 1046 1930; x_wconf 89' lang='lat' dir='ltr'><strong>Ration.,</strong></span> <span class='ocrx_word' id='word_1_229' title='bbox 1108 1862 1279 1918; x_wconf 90' lang='lat' dir='ltr'><strong>divin.</strong></span> <span class='ocrx_word' id='word_1_230' title='bbox 1348 1861 1519 1931; x_wconf 91' lang='lat' dir='ltr'><strong>ofﬁc.,</strong></span> <span class='ocrx_word' id='word_1_231' title='bbox 1578 1862 1616 1918; x_wconf 93' lang='lat' dir='ltr'><strong>l.</strong></span> <span class='ocrx_word' id='word_1_232' title='bbox 1658 1877 1732 1929; x_wconf 96' lang='grc' dir='ltr'><strong>γι,</strong></span> <span class='ocrx_word' id='word_1_233' title='bbox 1775 1877 1827 1918; x_wconf 91' lang='lat' dir='ltr'><strong>c.</strong></span> <span class='ocrx_word' id='word_1_234' title='bbox 1874 1862 1967 1932; x_wconf 81' lang='lat'><strong>46,</strong></span> <span class='ocrx_word' id='word_1_235' title='bbox 2025 1864 2101 1919; x_wconf 90' lang='lat' dir='ltr'><strong>De</strong></span> 
     </span>
    </p>
   </div>
   <div class='ocr_carea' id='block_1_35' title="bbox 455 1949 1460 2023">
    <p class='ocr_par' dir='ltr' id='par_1_35' title="bbox 455 1949 1460 2023">
     <span class='ocr_line' id='line_1_35' title="bbox 455 1949 1460 2023; baseline 0.003 -17"><span class='ocrx_word' id='word_1_236' title='bbox 455 1956 649 2023; x_wconf 84' lang='lat' dir='ltr'><strong>quarta</strong></span> <span class='ocrx_word' id='word_1_237' title='bbox 675 1949 811 2008; x_wconf 90' lang='lat' dir='ltr'><strong>feria</strong></span> <span class='ocrx_word' id='word_1_238' title='bbox 840 1959 1048 2022; x_wconf 72' lang='lat' dir='ltr'><strong>quarta:</strong></span> <span class='ocrx_word' id='word_1_239' title='bbox 1080 1952 1460 2010; x_wconf 68' lang='lat' dir='ltr'><strong>hebdomadas.</strong></span> 
     </span>
    </p>
   </div>
   <div class='ocr_carea' id='block_1_36' title="bbox 531 2039 2104 2113">
    <p class='ocr_par' dir='ltr' id='par_1_36' title="bbox 531 2039 2104 2113">
     <span class='ocr_line' id='line_1_36' title="bbox 531 2039 2104 2113; baseline 0.001 -19"><span class='ocrx_word' id='word_1_240' title='bbox 531 2039 688 2112; x_wconf 90' lang='grc'><strong>(168)</strong></span> <span class='ocrx_word' id='word_1_241' title='bbox 750 2043 815 2096; x_wconf 93' lang='lat' dir='ltr'><strong>In</strong></span> <span class='ocrx_word' id='word_1_242' title='bbox 883 2039 1120 2098; x_wconf 83' lang='lat' dir='ltr'><strong>Sabbato</strong></span> <span class='ocrx_word' id='word_1_243' title='bbox 1180 2040 1318 2112; x_wconf 87' lang='lat' dir='ltr'><strong>quod</strong></span> <span class='ocrx_word' id='word_1_244' title='bbox 1367 2039 1580 2112; x_wconf 87' lang='lat' dir='ltr'><strong>palmas</strong></span> <span class='ocrx_word' id='word_1_245' title='bbox 1637 2040 1892 2112; x_wconf 65' lang='lat' dir='ltr'><strong>praecedit</strong></span> <span class='ocrx_word' id='word_1_246' title='bbox 1941 2040 2104 2113; x_wconf 88' lang='lat' dir='ltr'><strong>pedes</strong></span> 
     </span>
    </p>
   </div>
   <div class='ocr_carea' id='block_1_37' title="bbox 449 2128 2101 2201">
    <p class='ocr_par' dir='ltr' id='par_1_37' title="bbox 449 2128 2101 2201">
     <span class='ocr_line' id='line_1_37' title="bbox 449 2128 2101 2201; baseline 0 -16"><span class='ocrx_word' id='word_1_247' title='bbox 449 2143 738 2201; x_wconf 87' lang='lat' dir='ltr'><strong>pauperum</strong></span> <span class='ocrx_word' id='word_1_248' title='bbox 784 2128 965 2185; x_wconf 85' lang='lat' dir='ltr'><strong>lavare</strong></span> <span class='ocrx_word' id='word_1_249' title='bbox 1011 2129 1393 2185; x_wconf 83' lang='lat' dir='ltr'><strong>ecclesiasticus</strong></span> <span class='ocrx_word' id='word_1_250' title='bbox 1438 2129 1581 2185; x_wconf 88' lang='lat' dir='ltr'><strong>Ordo</strong></span> <span class='ocrx_word' id='word_1_251' title='bbox 1632 2129 1901 2201; x_wconf 74' lang='lat' dir='ltr'><strong>prtecepit.</strong></span> <span class='ocrx_word' id='word_1_252' title='bbox 1962 2130 2101 2185; x_wconf 82' lang='lat' dir='ltr'><strong>Hinc</strong></span> 
     </span>
    </p>
   </div>
   <div class='ocr_carea' id='block_1_38' title="bbox 453 2218 2100 2288">
    <p class='ocr_par' dir='ltr' id='par_1_38' title="bbox 453 2218 2100 2288">
     <span class='ocr_line' id='line_1_38' title="bbox 453 2218 2100 2288; baseline -0.001 -13"><span class='ocrx_word' id='word_1_253' title='bbox 453 2219 511 2275; x_wconf 89' lang='lat' dir='ltr'><strong>in</strong></span> <span class='ocrx_word' id='word_1_254' title='bbox 559 2220 993 2276; x_wconf 88' lang='lat' dir='ltr'><strong>Sacramentario</strong></span> <span class='ocrx_word' id='word_1_255' title='bbox 1059 2226 1115 2275; x_wconf 89' lang='lat' dir='ltr'><strong>et</strong></span> <span class='ocrx_word' id='word_1_256' title='bbox 1167 2219 1567 2288; x_wconf 82' lang='lat' dir='ltr'><strong>Antiphonario</strong></span> <span class='ocrx_word' id='word_1_257' title='bbox 1632 2224 1787 2275; x_wconf 90' lang='lat' dir='ltr'><strong>vetus</strong></span> <span class='ocrx_word' id='word_1_258' title='bbox 1842 2218 1953 2274; x_wconf 92' lang='lat' dir='ltr'><strong>diei</strong></span> <span class='ocrx_word' id='word_1_259' title='bbox 2008 2218 2100 2273; x_wconf 90' lang='lat' dir='ltr'><strong>in-</strong></span> 
     </span>
    </p>
   </div>
   <div class='ocr_carea' id='block_1_39' title="bbox 452 2306 2102 2379">
    <p class='ocr_par' dir='ltr' id='par_1_39' title="bbox 452 2306 2102 2379">
     <span class='ocr_line' id='line_1_39' title="bbox 452 2306 2102 2379; baseline -0.001 -16"><span class='ocrx_word' id='word_1_260' title='bbox 452 2307 683 2379; x_wconf 87' lang='lat' dir='ltr'><strong>scriptio</strong></span> <span class='ocrx_word' id='word_1_261' title='bbox 743 2328 757 2364; x_wconf 91' lang='lat'><strong>:</strong></span> <span class='ocrx_word' id='word_1_262' title='bbox 819 2307 1057 2365; x_wconf 87' lang='lat' dir='ltr'><strong>Sabbato</strong></span> <span class='ocrx_word' id='word_1_263' title='bbox 1106 2312 1278 2376; x_wconf 86' lang='lat' dir='ltr'><strong>vacat,</strong></span> <span class='ocrx_word' id='word_1_264' title='bbox 1330 2307 1566 2363; x_wconf 87' lang='lat' dir='ltr'><strong>dominus</strong></span> <span class='ocrx_word' id='word_1_265' title='bbox 1620 2323 1761 2379; x_wconf 89' lang='lat' dir='ltr'><strong>papa</strong></span> <span class='ocrx_word' id='word_1_266' title='bbox 1821 2306 2102 2378; x_wconf 84' lang='lat' dir='ltr'><strong>eleemosy-</strong></span> 
     </span>
    </p>
   </div>
   <div class='ocr_carea' id='block_1_40' title="bbox 450 2394 2096 2464">
    <p class='ocr_par' dir='ltr' id='par_1_40' title="bbox 450 2394 2096 2464">
     <span class='ocr_line' id='line_1_40' title="bbox 450 2394 2096 2464; baseline -0.003 -11"><span class='ocrx_word' id='word_1_267' title='bbox 450 2412 575 2453; x_wconf 91' lang='lat' dir='ltr'><strong>nam</strong></span> <span class='ocrx_word' id='word_1_268' title='bbox 602 2397 714 2453; x_wconf 88' lang='lat' dir='ltr'><strong>dat.</strong></span> <span class='ocrx_word' id='word_1_269' title='bbox 764 2398 878 2464; x_wconf 88' lang='lat' dir='ltr'><strong>Qua</strong></span> <span class='ocrx_word' id='word_1_270' title='bbox 925 2397 995 2452; x_wconf 93' lang='lat' dir='ltr'><strong>de</strong></span> <span class='ocrx_word' id='word_1_271' title='bbox 1043 2411 1103 2453; x_wconf 91' lang='lat' dir='ltr'><strong>re</strong></span> <span class='ocrx_word' id='word_1_272' title='bbox 1145 2396 1372 2452; x_wconf 88' lang='lat' dir='ltr'><strong>consule</strong></span> <span class='ocrx_word' id='word_1_273' title='bbox 1417 2395 1767 2463; x_wconf 82' lang='lat' dir='ltr'><strong>Amalarium,</strong></span> <span class='ocrx_word' id='word_1_274' title='bbox 1799 2395 1837 2452; x_wconf 92' lang='lat' dir='ltr'><strong>l.</strong></span> <span class='ocrx_word' id='word_1_275' title='bbox 1879 2411 1918 2463; x_wconf 90' lang='grc' dir='ltr'><strong>ι,</strong></span> <span class='ocrx_word' id='word_1_276' title='bbox 1950 2409 2001 2451; x_wconf 91' lang='lat' dir='ltr'><strong>c.</strong></span> <span class='ocrx_word' id='word_1_277' title='bbox 2040 2394 2096 2463; x_wconf 89' lang='lat'><strong>9,</strong></span> 
     </span>
    </p>
   </div>
   <div class='ocr_carea' id='block_1_41' title="bbox 450 2482 2096 2556">
    <p class='ocr_par' dir='ltr' id='par_1_41' title="bbox 450 2482 2096 2556">
     <span class='ocr_line' id='line_1_41' title="bbox 450 2482 2096 2556; baseline -0.001 -14"><span class='ocrx_word' id='word_1_278' title='bbox 450 2490 507 2542; x_wconf 92' lang='lat' dir='ltr'><strong>et</strong></span> <span class='ocrx_word' id='word_1_279' title='bbox 533 2487 836 2556; x_wconf 83' lang='lat' dir='ltr'><strong>Rupertum</strong></span> <span class='ocrx_word' id='word_1_280' title='bbox 872 2485 1125 2541; x_wconf 84' lang='lat' dir='ltr'><strong>abbatem</strong></span> <span class='ocrx_word' id='word_1_281' title='bbox 1154 2486 1509 2553; x_wconf 88' lang='lat' dir='ltr'><strong>Tuitiensem,</strong></span> <span class='ocrx_word' id='word_1_282' title='bbox 1541 2486 1615 2541; x_wconf 89' lang='lat' dir='ltr'><strong>De</strong></span> <span class='ocrx_word' id='word_1_283' title='bbox 1645 2484 1757 2540; x_wconf 92' lang='lat' dir='ltr'><strong>div.</strong></span> <span class='ocrx_word' id='word_1_284' title='bbox 1792 2482 1939 2540; x_wconf 92' lang='lat' dir='ltr'><strong>ofﬁc.</strong></span> <span class='ocrx_word' id='word_1_285' title='bbox 1973 2484 2011 2541; x_wconf 95' lang='lat' dir='ltr'><strong>l.</strong></span> <span class='ocrx_word' id='word_1_286' title='bbox 2042 2498 2096 2552; x_wconf 86' lang='grc' dir='ltr'><strong>γ,</strong></span> 
     </span>
    </p>
   </div>
   <div class='ocr_carea' id='block_1_42' title="bbox 453 2573 738 2631">
    <p class='ocr_par' dir='ltr' id='par_1_42' title="bbox 453 2573 738 2631">
     <span class='ocr_line' id='line_1_42' title="bbox 453 2573 738 2631; baseline -0.007 0"><span class='ocrx_word' id='word_1_287' title='bbox 453 2588 504 2631; x_wconf 88' lang='lat' dir='ltr'><strong>c.</strong></span> <span class='ocrx_word' id='word_1_288' title='bbox 544 2573 600 2629; x_wconf 87' lang='grc'><strong>6.</strong></span> <span class='ocrx_word' id='word_1_289' title='bbox 642 2576 738 2629; x_wconf 83' lang='lat' dir='ltr'><strong>Pu.</strong></span> 
     </span>
    </p>
   </div>
   <div class='ocr_carea' id='block_1_43' title="bbox 524 2661 2095 2731">
    <p class='ocr_par' dir='ltr' id='par_1_43' title="bbox 524 2661 2095 2731">
     <span class='ocr_line' id='line_1_43' title="bbox 524 2661 2095 2731; baseline 0.002 -14"><span class='ocrx_word' id='word_1_290' title='bbox 524 2661 621 2717; x_wconf 87' lang='lat' dir='ltr'><strong>His</strong></span> <span class='ocrx_word' id='word_1_291' title='bbox 684 2661 985 2718; x_wconf 84' lang='lat' dir='ltr'><strong>subscribit</strong></span> <span class='ocrx_word' id='word_1_292' title='bbox 1057 2662 1365 2731; x_wconf 89' lang='lat' dir='ltr'><strong>Durandus,</strong></span> <span class='ocrx_word' id='word_1_293' title='bbox 1424 2663 1643 2719; x_wconf 82' lang='lat' dir='ltr'><strong>Ration.</strong></span> <span class='ocrx_word' id='word_1_294' title='bbox 1694 2662 1865 2719; x_wconf 87' lang='lat' dir='ltr'><strong>divin.</strong></span> <span class='ocrx_word' id='word_1_295' title='bbox 1924 2661 2095 2731; x_wconf 91' lang='lat' dir='ltr'><strong>ofﬁc.,</strong></span> 
     </span>
    </p>
   </div>
   <div class='ocr_carea' id='block_1_44' title="bbox 447 2749 2097 2822">
    <p class='ocr_par' dir='ltr' id='par_1_44' title="bbox 447 2749 2097 2822">
     <span class='ocr_line' id='line_1_44' title="bbox 447 2749 2097 2822; baseline 0.001 -16"><span class='ocrx_word' id='word_1_296' title='bbox 447 2750 487 2806; x_wconf 92' lang='lat' dir='ltr'><strong>l.</strong></span> <span class='ocrx_word' id='word_1_297' title='bbox 536 2765 608 2817; x_wconf 89' lang='grc' dir='ltr'><strong>γι,</strong></span> <span class='ocrx_word' id='word_1_298' title='bbox 659 2766 705 2806; x_wconf 94' lang='lat' dir='ltr'><strong>c.</strong></span> <span class='ocrx_word' id='word_1_299' title='bbox 747 2749 838 2820; x_wconf 88' lang='lat'><strong>66,</strong></span> <span class='ocrx_word' id='word_1_300' title='bbox 878 2752 953 2807; x_wconf 93' lang='lat' dir='ltr'><strong>De</strong></span> <span class='ocrx_word' id='word_1_301' title='bbox 1000 2751 1236 2808; x_wconf 91' lang='lat' dir='ltr'><strong>Sabbato</strong></span> <span class='ocrx_word' id='word_1_302' title='bbox 1254 2757 1407 2822; x_wconf 67' lang='lat' dir='ltr'><strong>Vante</strong></span> <span class='ocrx_word' id='word_1_303' title='bbox 1456 2751 1666 2808; x_wconf 88' lang='lat' dir='ltr'><strong>Palmas</strong></span> <span class='ocrx_word' id='word_1_304' title='bbox 1698 2770 1712 2809; x_wconf 91' lang='lat'><strong>:</strong></span> <span class='ocrx_word' id='word_1_305' title='bbox 1747 2755 1811 2807; x_wconf 88' lang='lat' dir='ltr'><strong>In</strong></span> <span class='ocrx_word' id='word_1_306' title='bbox 1838 2752 1936 2808; x_wconf 86' lang='lat' dir='ltr'><strong>hoc</strong></span> <span class='ocrx_word' id='word_1_307' title='bbox 1963 2753 2097 2807; x_wconf 90' lang='lat' dir='ltr'><strong>enim</strong></span> 
     </span>
    </p>
   </div>
   <div class='ocr_carea' id='block_1_45' title="bbox 446 2838 2096 2913">
    <p class='ocr_par' dir='ltr' id='par_1_45' title="bbox 446 2838 2096 2913">
     <span class='ocr_line' id='line_1_45' title="bbox 446 2838 2096 2913; baseline 0 -17"><span class='ocrx_word' id='word_1_308' title='bbox 446 2838 683 2897; x_wconf 86' lang='lat' dir='ltr'><strong>Sabbato</strong></span> <span class='ocrx_word' id='word_1_309' title='bbox 725 2840 991 2896; x_wconf 85' lang='lat' dir='ltr'><strong>intendere</strong></span> <span class='ocrx_word' id='word_1_310' title='bbox 1046 2841 1307 2897; x_wconf 86' lang='lat' dir='ltr'><strong>consuevit</strong></span> <span class='ocrx_word' id='word_1_311' title='bbox 1362 2840 1601 2897; x_wconf 88' lang='lat' dir='ltr'><strong>dominus</strong></span> <span class='ocrx_word' id='word_1_312' title='bbox 1645 2857 1791 2913; x_wconf 88' lang='lat' dir='ltr'><strong>papa</strong></span> <span class='ocrx_word' id='word_1_313' title='bbox 1840 2842 2096 2913; x_wconf 75' lang='lat' dir='ltr'><strong>pauperi-</strong></span> 
     </span>
    </p>
   </div>
   <div class='ocr_carea' id='block_1_46' title="bbox 447 2928 2097 3003">
    <p class='ocr_par' dir='ltr' id='par_1_46' title="bbox 447 2928 2097 3003">
     <span class='ocr_line' id='line_1_46' title="bbox 447 2928 2097 3003; baseline -0.001 -18"><span class='ocrx_word' id='word_1_314' title='bbox 447 2928 542 2985; x_wconf 84' lang='lat' dir='ltr'><strong>bus</strong></span> <span class='ocrx_word' id='word_1_315' title='bbox 597 2929 789 2986; x_wconf 82' lang='lat' dir='ltr'><strong>Christi</strong></span> <span class='ocrx_word' id='word_1_316' title='bbox 833 2929 1012 2985; x_wconf 89' lang='lat' dir='ltr'><strong>dando</strong></span> <span class='ocrx_word' id='word_1_317' title='bbox 1067 2930 1467 3003; x_wconf 82' lang='lat' dir='ltr'><strong>eleemosynam,</strong></span> <span class='ocrx_word' id='word_1_318' title='bbox 1512 2936 1561 2986; x_wconf 89' lang='lat' dir='ltr'><strong>et</strong></span> <span class='ocrx_word' id='word_1_319' title='bbox 1606 2931 1910 2986; x_wconf 88' lang='lat' dir='ltr'><strong>mandatum</strong></span> <span class='ocrx_word' id='word_1_320' title='bbox 1964 2930 2097 2985; x_wconf 88' lang='lat' dir='ltr'><strong>cele-</strong></span> 
     </span>
    </p>
   </div>
   <div class='ocr_carea' id='block_1_47' title="bbox 449 3014 1737 3086">
    <p class='ocr_par' dir='ltr' id='par_1_47' title="bbox 449 3014 1737 3086">
     <span class='ocr_line' id='line_1_47' title="bbox 449 3014 1737 3086; baseline 0.004 -15"><span class='ocrx_word' id='word_1_321' title='bbox 449 3014 672 3072; x_wconf 86' lang='lat' dir='ltr'><strong>brando.</strong></span> <span class='ocrx_word' id='word_1_322' title='bbox 702 3018 838 3073; x_wconf 89' lang='lat' dir='ltr'><strong>Item</strong></span> <span class='ocrx_word' id='word_1_323' title='bbox 865 3020 1084 3074; x_wconf 87' lang='lat' dir='ltr'><strong>Gemma</strong></span> <span class='ocrx_word' id='word_1_324' title='bbox 1124 3020 1342 3086; x_wconf 67' lang='lat' dir='ltr'><strong>animae,</strong></span> <span class='ocrx_word' id='word_1_325' title='bbox 1373 3019 1412 3075; x_wconf 92' lang='lat' dir='ltr'><strong>l.</strong></span> <span class='ocrx_word' id='word_1_326' title='bbox 1446 3034 1530 3086; x_wconf 90' lang='lat' dir='ltr'><strong>III,</strong></span> <span class='ocrx_word' id='word_1_327' title='bbox 1562 3033 1614 3076; x_wconf 92' lang='lat' dir='ltr'><strong>c.</strong></span> <span class='ocrx_word' id='word_1_328' title='bbox 1650 3017 1737 3076; x_wconf 88' lang='grc'><strong>71.</strong></span> 
     </span>
    </p>
   </div>
   <div class='ocr_carea' id='block_1_48' title="bbox 2184 1855 3834 1927">
    <p class='ocr_par' dir='ltr' id='par_1_48' title="bbox 2184 1855 3834 1927">
     <span class='ocr_line' id='line_1_48' title="bbox 2184 1855 3834 1927; baseline 0.001 -16"><span class='ocrx_word' id='word_1_329' title='bbox 2184 1856 2522 1926; x_wconf 88' lang='lat' dir='ltr'><strong>tomagensis</strong></span> <span class='ocrx_word' id='word_1_330' title='bbox 2557 1870 2659 1911; x_wconf 91' lang='lat' dir='ltr'><strong>ms.</strong></span> <span class='ocrx_word' id='word_1_331' title='bbox 2698 1871 2765 1913; x_wconf 86' lang='lat' dir='ltr'><strong>ex</strong></span> <span class='ocrx_word' id='word_1_332' title='bbox 2803 1855 3140 1911; x_wconf 88' lang='lat' dir='ltr'><strong>bibliotheca</strong></span> <span class='ocrx_word' id='word_1_333' title='bbox 3188 1855 3510 1926; x_wconf 85' lang='lat' dir='ltr'><strong>Bigotiana:</strong></span> <span class='ocrx_word' id='word_1_334' title='bbox 3559 1857 3625 1911; x_wconf 87' lang='lat' dir='ltr'><strong>In</strong></span> <span class='ocrx_word' id='word_1_335' title='bbox 3653 1857 3834 1927; x_wconf 88' lang='lat' dir='ltr'><strong>quinta</strong></span> 
     </span>
    </p>
   </div>
   <div class='ocr_carea' id='block_1_49' title="bbox 2181 1943 3834 2017">
    <p class='ocr_par' dir='ltr' id='par_1_49' title="bbox 2181 1943 3834 2017">
     <span class='ocr_line' id='line_1_49' title="bbox 2181 1943 3834 2017; baseline 0.001 -17"><span class='ocrx_word' id='word_1_336' title='bbox 2181 1945 2340 2016; x_wconf 81' lang='lat' dir='ltr'><strong>feria,</strong></span> <span class='ocrx_word' id='word_1_337' title='bbox 2390 1945 2447 2000; x_wconf 91' lang='lat' dir='ltr'><strong>in</strong></span> <span class='ocrx_word' id='word_1_338' title='bbox 2492 1949 2741 2001; x_wconf 90' lang='lat' dir='ltr'><strong>nocturno</strong></span> <span class='ocrx_word' id='word_1_339' title='bbox 2788 1945 3036 2015; x_wconf 86' lang='lat' dir='ltr'><strong>primitus</strong></span> <span class='ocrx_word' id='word_1_340' title='bbox 3088 1959 3357 2017; x_wconf 76' lang='lat' dir='ltr'><strong>campana:</strong></span> <span class='ocrx_word' id='word_1_341' title='bbox 3391 1943 3680 2014; x_wconf 86' lang='lat' dir='ltr'><strong>sigillatim,</strong></span> <span class='ocrx_word' id='word_1_342' title='bbox 3714 1951 3834 2017; x_wconf 89' lang='lat' dir='ltr'><strong>post</strong></span> 
     </span>
    </p>
   </div>
   <div class='ocr_carea' id='block_1_50' title="bbox 2182 2031 3468 2104">
    <p class='ocr_par' dir='ltr' id='par_1_50' title="bbox 2182 2031 3468 2104">
     <span class='ocr_line' id='line_1_50' title="bbox 2182 2031 3468 2104; baseline 0.002 -17"><span class='ocrx_word' id='word_1_343' title='bbox 2182 2048 2357 2088; x_wconf 90' lang='lat' dir='ltr'><strong>omnes</strong></span> <span class='ocrx_word' id='word_1_344' title='bbox 2386 2032 2542 2089; x_wconf 86' lang='lat' dir='ltr'><strong>simul</strong></span> <span class='ocrx_word' id='word_1_345' title='bbox 2572 2031 2863 2104; x_wconf 73' lang='lat' dir='ltr'><strong>pulsentur.</strong></span> <span class='ocrx_word' id='word_1_346' title='bbox 2906 2032 3055 2088; x_wconf 92' lang='lat' dir='ltr'><strong>Idem</strong></span> <span class='ocrx_word' id='word_1_347' title='bbox 3094 2032 3242 2103; x_wconf 88' lang='lat' dir='ltr'><strong>quod</strong></span> <span class='ocrx_word' id='word_1_348' title='bbox 3282 2046 3468 2103; x_wconf 90' lang='lat' dir='ltr'><strong>supra.</strong></span> 
     </span>
    </p>
   </div>
   <div class='ocr_carea' id='block_1_51' title="bbox 2255 2120 3831 2194">
    <p class='ocr_par' dir='ltr' id='par_1_51' title="bbox 2255 2120 3831 2194">
     <span class='ocr_line' id='line_1_51' title="bbox 2255 2120 3831 2194; baseline 0.003 -19"><span class='ocrx_word' id='word_1_349' title='bbox 2255 2120 2401 2193; x_wconf 83' lang='lat' dir='ltr'><strong>(I75)</strong></span> <span class='ocrx_word' id='word_1_350' title='bbox 2457 2125 2522 2178; x_wconf 88' lang='lat' dir='ltr'><strong>In</strong></span> <span class='ocrx_word' id='word_1_351' title='bbox 2584 2122 2734 2178; x_wconf 85' lang='lat' dir='ltr'><strong>tertio</strong></span> <span class='ocrx_word' id='word_1_352' title='bbox 2799 2121 3076 2192; x_wconf 84' lang='lat' dir='ltr'><strong>Evangelii</strong></span> <span class='ocrx_word' id='word_1_353' title='bbox 3129 2123 3407 2194; x_wconf 70' lang='lat' dir='ltr'><strong>expositio.</strong></span> <span class='ocrx_word' id='word_1_354' title='bbox 3460 2123 3581 2179; x_wconf 90' lang='lat' dir='ltr'><strong>Non</strong></span> <span class='ocrx_word' id='word_1_355' title='bbox 3628 2122 3831 2194; x_wconf 80' lang='lat' dir='ltr'><strong>legitur</strong></span> 
     </span>
    </p>
   </div>
   <div class='ocr_carea' id='block_1_52' title="bbox 2181 2210 3828 2283">
    <p class='ocr_par' dir='ltr' id='par_1_52' title="bbox 2181 2210 3828 2283">
     <span class='ocr_line' id='line_1_52' title="bbox 2181 2210 3828 2283; baseline 0.001 -16"><span class='ocrx_word' id='word_1_356' title='bbox 2181 2211 2250 2267; x_wconf 91' lang='lat' dir='ltr'><strong>de</strong></span> <span class='ocrx_word' id='word_1_357' title='bbox 2298 2212 2642 2282; x_wconf 80' lang='lat' dir='ltr'><strong>expositione</strong></span> <span class='ocrx_word' id='word_1_358' title='bbox 2680 2210 2978 2283; x_wconf 82' lang='lat' dir='ltr'><strong>Evangelii,</strong></span> <span class='ocrx_word' id='word_1_359' title='bbox 3018 2211 3117 2268; x_wconf 90' lang='lat' dir='ltr'><strong>sed</strong></span> <span class='ocrx_word' id='word_1_360' title='bbox 3156 2212 3225 2269; x_wconf 92' lang='lat' dir='ltr'><strong>de</strong></span> <span class='ocrx_word' id='word_1_361' title='bbox 3265 2211 3509 2283; x_wconf 89' lang='lat' dir='ltr'><strong>Epistola</strong></span> <span class='ocrx_word' id='word_1_362' title='bbox 3538 2214 3561 2269; x_wconf 90' lang='grc'><strong>1</strong></span> <span class='ocrx_word' id='word_1_363' title='bbox 3590 2214 3650 2268; x_wconf 88' lang='grc' dir='ltr'><strong>Β.</strong></span> <span class='ocrx_word' id='word_1_364' title='bbox 3675 2212 3828 2269; x_wconf 86' lang='lat' dir='ltr'><strong>Pauli</strong></span> 
     </span>
    </p>
   </div>
   <div class='ocr_carea' id='block_1_53' title="bbox 2186 2298 2758 2367">
    <p class='ocr_par' dir='ltr' id='par_1_53' title="bbox 2186 2298 2758 2367">
     <span class='ocr_line' id='line_1_53' title="bbox 2186 2298 2758 2367; baseline -0.002 -12"><span class='ocrx_word' id='word_1_365' title='bbox 2186 2298 2255 2355; x_wconf 89' lang='lat' dir='ltr'><strong>ad</strong></span> <span class='ocrx_word' id='word_1_366' title='bbox 2293 2300 2567 2367; x_wconf 89' lang='lat' dir='ltr'><strong>Corinth.,</strong></span> <span class='ocrx_word' id='word_1_367' title='bbox 2599 2315 2651 2358; x_wconf 92' lang='lat' dir='ltr'><strong>c.</strong></span> <span class='ocrx_word' id='word_1_368' title='bbox 2682 2314 2758 2355; x_wconf 76' lang='grc' dir='ltr'>ιιι.</span> 
     </span>
    </p>
   </div>
   <div class='ocr_carea' id='block_1_54' title="bbox 2253 2387 3828 2461">
    <p class='ocr_par' dir='ltr' id='par_1_54' title="bbox 2253 2387 3828 2461">
     <span class='ocr_line' id='line_1_54' title="bbox 2253 2387 3828 2461; baseline 0.003 -20"><span class='ocrx_word' id='word_1_369' title='bbox 2253 2387 2396 2461; x_wconf 86' lang='grc'>(175)</span> <span class='ocrx_word' id='word_1_370' title='bbox 2455 2389 2583 2456; x_wconf 80' lang='lat' dir='ltr'><strong>Qua:</strong></span> <span class='ocrx_word' id='word_1_371' title='bbox 2644 2387 2762 2444; x_wconf 88' lang='lat' dir='ltr'><strong>sola</strong></span> <span class='ocrx_word' id='word_1_372' title='bbox 2825 2388 3075 2445; x_wconf 88' lang='lat' dir='ltr'><strong>remansit</strong></span> <span class='ocrx_word' id='word_1_373' title='bbox 3155 2387 3379 2445; x_wconf 87' lang='lat' dir='ltr'><strong>candela</strong></span> <span class='ocrx_word' id='word_1_374' title='bbox 3443 2390 3828 2459; x_wconf 68' lang='lat' dir='ltr'><strong>exstinguatur.</strong></span> 
     </span>
    </p>
   </div>
   <div class='ocr_carea' id='block_1_55' title="bbox 2180 2476 3830 2548">
    <p class='ocr_par' dir='ltr' id='par_1_55' title="bbox 2180 2476 3830 2548">
     <span class='ocr_line' id='line_1_55' title="bbox 2180 2476 3830 2548; baseline 0.001 -15"><span class='ocrx_word' id='word_1_375' title='bbox 2180 2478 2262 2533; x_wconf 88' lang='lat' dir='ltr'><strong>Ita</strong></span> <span class='ocrx_word' id='word_1_376' title='bbox 2305 2476 2653 2534; x_wconf 88' lang='lat' dir='ltr'><strong>Ordinarium</strong></span> <span class='ocrx_word' id='word_1_377' title='bbox 2710 2491 2835 2545; x_wconf 92' lang='lat' dir='ltr'><strong>ms.,</strong></span> <span class='ocrx_word' id='word_1_378' title='bbox 2912 2491 2968 2548; x_wconf 91' lang='lat' dir='ltr'><strong>p.</strong></span> <span class='ocrx_word' id='word_1_379' title='bbox 3035 2476 3126 2535; x_wconf 82' lang='lat'><strong>7&#39;5.</strong></span> <span class='ocrx_word' id='word_1_380' title='bbox 3193 2476 3433 2535; x_wconf 82' lang='lat' dir='ltr'><strong>Psalmus</strong></span> <span class='ocrx_word' id='word_1_381' title='bbox 3499 2478 3830 2535; x_wconf 87' lang='lat' dir='ltr'><strong>Benedictus</strong></span> 
     </span>
    </p>
   </div>
   <div class='ocr_carea' id='block_1_56' title="bbox 2176 2566 3831 2638">
    <p class='ocr_par' dir='ltr' id='par_1_56' title="bbox 2176 2566 3831 2638">
     <span class='ocr_line' id='line_1_56' title="bbox 2176 2566 3831 2638; baseline 0.002 -17"><span class='ocrx_word' id='word_1_382' title='bbox 2176 2566 2361 2637; x_wconf 75' lang='lat' dir='ltr'><strong>festive</strong></span> <span class='ocrx_word' id='word_1_383' title='bbox 2431 2570 2687 2635; x_wconf 87' lang='lat' dir='ltr'><strong>cantetur,</strong></span> <span class='ocrx_word' id='word_1_384' title='bbox 2745 2571 2795 2623; x_wconf 91' lang='lat' dir='ltr'><strong>et</strong></span> <span class='ocrx_word' id='word_1_385' title='bbox 2865 2566 3091 2623; x_wconf 89' lang='lat' dir='ltr'><strong>candela</strong></span> <span class='ocrx_word' id='word_1_386' title='bbox 3155 2581 3271 2638; x_wconf 74' lang='lat' dir='ltr'><strong>qua:</strong></span> <span class='ocrx_word' id='word_1_387' title='bbox 3327 2566 3444 2623; x_wconf 89' lang='lat' dir='ltr'><strong>sola</strong></span> <span class='ocrx_word' id='word_1_388' title='bbox 3506 2573 3831 2624; x_wconf 87' lang='lat' dir='ltr'><strong>remanserat</strong></span> 
     </span>
    </p>
   </div>
   <div class='ocr_carea' id='block_1_57' title="bbox 2180 2654 3824 2729">
    <p class='ocr_par' dir='ltr' id='par_1_57' title="bbox 2180 2654 3824 2729">
     <span class='ocr_line' id='line_1_57' title="bbox 2180 2654 3824 2729; baseline 0 -19"><span class='ocrx_word' id='word_1_389' title='bbox 2180 2656 2566 2725; x_wconf 75' lang='lat' dir='ltr'><strong>exstinguatur.</strong></span> <span class='ocrx_word' id='word_1_390' title='bbox 2605 2655 2754 2712; x_wconf 88' lang='lat' dir='ltr'><strong>Idem</strong></span> <span class='ocrx_word' id='word_1_391' title='bbox 2785 2656 2949 2712; x_wconf 89' lang='lat' dir='ltr'><strong>Liber</strong></span> <span class='ocrx_word' id='word_1_392' title='bbox 2978 2654 3229 2713; x_wconf 90' lang='lat' dir='ltr'><strong>ofﬁcialis</strong></span> <span class='ocrx_word' id='word_1_393' title='bbox 3264 2657 3687 2729; x_wconf 85' lang='lat' dir='ltr'><strong>Rotomagensis</strong></span> <span class='ocrx_word' id='word_1_394' title='bbox 3723 2671 3824 2713; x_wconf 90' lang='lat' dir='ltr'><strong>ms.</strong></span> 
     </span>
    </p>
   </div>
   <div class='ocr_carea' id='block_1_58' title="bbox 2179 2744 3829 2815">
    <p class='ocr_par' dir='ltr' id='par_1_58' title="bbox 2179 2744 3829 2815">
     <span class='ocr_line' id='line_1_58' title="bbox 2179 2744 3829 2815; baseline 0.001 -15"><span class='ocrx_word' id='word_1_395' title='bbox 2179 2749 2235 2800; x_wconf 91' lang='lat' dir='ltr'><strong>et</strong></span> <span class='ocrx_word' id='word_1_396' title='bbox 2263 2744 2419 2801; x_wconf 88' lang='lat' dir='ltr'><strong>addit</strong></span> <span class='ocrx_word' id='word_1_397' title='bbox 2450 2764 2464 2800; x_wconf 91' lang='lat'><strong>:</strong></span> <span class='ocrx_word' id='word_1_398' title='bbox 2505 2746 2597 2800; x_wconf 71' lang='lat' dir='ltr'><strong>Ex</strong></span> <span class='ocrx_word' id='word_1_399' title='bbox 2628 2760 2728 2815; x_wconf 84' lang='lat' dir='ltr'><strong>quo</strong></span> <span class='ocrx_word' id='word_1_400' title='bbox 2756 2759 2878 2800; x_wconf 89' lang='lat' dir='ltr'><strong>vero</strong></span> <span class='ocrx_word' id='word_1_401' title='bbox 2915 2744 3097 2800; x_wconf 85' lang='lat' dir='ltr'><strong>ultima</strong></span> <span class='ocrx_word' id='word_1_402' title='bbox 3145 2744 3366 2801; x_wconf 86' lang='lat' dir='ltr'><strong>candela</strong></span> <span class='ocrx_word' id='word_1_403' title='bbox 3398 2746 3468 2801; x_wconf 86' lang='lat' dir='ltr'><strong>ad</strong></span> <span class='ocrx_word' id='word_1_404' title='bbox 3497 2746 3829 2803; x_wconf 88' lang='lat' dir='ltr'><strong>Benedictus</strong></span> 
     </span>
    </p>
   </div>
   <div class='ocr_carea' id='block_1_59' title="bbox 2178 2831 3826 2906">
    <p class='ocr_par' dir='ltr' id='par_1_59' title="bbox 2178 2831 3826 2906">
     <span class='ocr_line' id='line_1_59' title="bbox 2178 2831 3826 2906; baseline 0.001 -18"><span class='ocrx_word' id='word_1_405' title='bbox 2178 2834 2545 2902; x_wconf 67' lang='lat' dir='ltr'><strong>exstinguitur,</strong></span> <span class='ocrx_word' id='word_1_406' title='bbox 2578 2831 2749 2888; x_wconf 89' lang='lat' dir='ltr'><strong>lumen</strong></span> <span class='ocrx_word' id='word_1_407' title='bbox 2788 2833 2845 2888; x_wconf 88' lang='lat' dir='ltr'><strong>in</strong></span> <span class='ocrx_word' id='word_1_408' title='bbox 2880 2832 3102 2888; x_wconf 84' lang='lat' dir='ltr'><strong>ecclesia</strong></span> <span class='ocrx_word' id='word_1_409' title='bbox 3141 2848 3303 2905; x_wconf 88' lang='lat' dir='ltr'><strong>usque</strong></span> <span class='ocrx_word' id='word_1_410' title='bbox 3341 2840 3463 2906; x_wconf 87' lang='lat' dir='ltr'><strong>post</strong></span> <span class='ocrx_word' id='word_1_411' title='bbox 3504 2835 3639 2905; x_wconf 80' lang='lat' dir='ltr'><strong>ignis</strong></span> <span class='ocrx_word' id='word_1_412' title='bbox 3668 2834 3826 2889; x_wconf 86' lang='lat' dir='ltr'><strong>bene-</strong></span> 
     </span>
    </p>
   </div>
   <div class='ocr_carea' id='block_1_60' title="bbox 2177 2920 3830 2979">
    <p class='ocr_par' dir='ltr' id='par_1_60' title="bbox 2177 2920 3830 2979">
     <span class='ocr_line' id='line_1_60' title="bbox 2177 2920 3830 2979; baseline 0.002 -3"><span class='ocrx_word' id='word_1_413' title='bbox 2177 2920 2454 2978; x_wconf 84' lang='lat' dir='ltr'><strong>dictionem</strong></span> <span class='ocrx_word' id='word_1_414' title='bbox 2488 2936 2593 2977; x_wconf 87' lang='lat' dir='ltr'><strong>non</strong></span> <span class='ocrx_word' id='word_1_415' title='bbox 2646 2922 2985 2978; x_wconf 84' lang='lat' dir='ltr'><strong>accendatur.</strong></span> <span class='ocrx_word' id='word_1_416' title='bbox 3026 2922 3123 2978; x_wconf 85' lang='lat' dir='ltr'><strong>His</strong></span> <span class='ocrx_word' id='word_1_417' title='bbox 3162 2928 3341 2979; x_wconf 85' lang='lat' dir='ltr'><strong>tamen</strong></span> <span class='ocrx_word' id='word_1_418' title='bbox 3388 2922 3583 2979; x_wconf 90' lang='lat' dir='ltr'><strong>diebus</strong></span> <span class='ocrx_word' id='word_1_419' title='bbox 3629 2923 3688 2979; x_wconf 89' lang='lat' dir='ltr'><strong>in</strong></span> <span class='ocrx_word' id='word_1_420' title='bbox 3730 2923 3830 2979; x_wconf 86' lang='lat' dir='ltr'><strong>Ec-</strong></span> 
     </span>
    </p>
   </div>
   <div class='ocr_carea' id='block_1_61' title="bbox 2176 3009 3825 3084">
    <p class='ocr_par' dir='ltr' id='par_1_61' title="bbox 2176 3009 3825 3084">
     <span class='ocr_line' id='line_1_61' title="bbox 2176 3009 3825 3084; baseline 0.003 -19"><span class='ocrx_word' id='word_1_421' title='bbox 2176 3009 2344 3065; x_wconf 88' lang='lat' dir='ltr'><strong>clesia</strong></span> <span class='ocrx_word' id='word_1_422' title='bbox 2379 3011 2769 3081; x_wconf 83' lang='lat' dir='ltr'><strong>Rotomagensi</strong></span> <span class='ocrx_word' id='word_1_423' title='bbox 2807 3012 2863 3067; x_wconf 91' lang='lat' dir='ltr'><strong>in</strong></span> <span class='ocrx_word' id='word_1_424' title='bbox 2913 3025 3041 3068; x_wconf 87' lang='lat' dir='ltr'><strong>arca</strong></span> <span class='ocrx_word' id='word_1_425' title='bbox 3070 3021 3380 3068; x_wconf 84' lang='lat' dir='ltr'><strong>reservatur</strong></span> <span class='ocrx_word' id='word_1_426' title='bbox 3407 3019 3469 3069; x_wconf 92' lang='lat' dir='ltr'><strong>ut</strong></span> <span class='ocrx_word' id='word_1_427' title='bbox 3509 3017 3702 3084; x_wconf 85' lang='lat' dir='ltr'><strong>postea</strong></span> <span class='ocrx_word' id='word_1_428' title='bbox 3739 3027 3825 3070; x_wconf 86' lang='lat' dir='ltr'><strong>re-</strong></span> 
     </span>
    </p>
   </div>
   <div class='ocr_carea' id='block_1_62' title="bbox 524 3092 3826 3178">
    <p class='ocr_par' dir='ltr' id='par_1_62' title="bbox 524 3092 3826 3178">
     <span class='ocr_line' id='line_1_62' title="bbox 524 3092 3826 3178; baseline 0.002 -25"><span class='ocrx_word' id='word_1_429' title='bbox 524 3103 682 3175; x_wconf 85' lang='lat'>(169)</span> <span class='ocrx_word' id='word_1_430' title='bbox 726 3107 849 3161; x_wconf 73' lang='lat' dir='ltr'><strong>Post</strong></span> <span class='ocrx_word' id='word_1_431' title='bbox 908 3108 1154 3173; x_wconf 71' lang='lat' dir='ltr'><strong>Tertiam,</strong></span> <span class='ocrx_word' id='word_1_432' title='bbox 1204 3106 1381 3163; x_wconf 60' lang='lat' dir='ltr'><strong>cla—io:</strong></span> <span class='ocrx_word' id='word_1_433' title='bbox 1428 3121 1542 3162; x_wconf 75' lang='lat' dir='ltr'><strong>cum</strong></span> <span class='ocrx_word' id='word_1_434' title='bbox 1584 3109 1751 3163; x_wconf 62' lang='lat' dir='ltr'><strong>ramis</strong></span> <span class='ocrx_word' id='word_1_435' title='bbox 1792 3098 2403 3178; x_wconf 74' lang='lat' dir='ltr'><strong>palmarumcveletur.</strong></span> <span class='ocrx_word' id='word_1_436' title='bbox 2435 3100 2893 3171; x_wconf 88' lang='lat' dir='ltr'><strong>quemadmodum</strong></span> <span class='ocrx_word' id='word_1_437' title='bbox 2953 3092 3067 3162; x_wconf 90' lang='grc'><strong>131</strong></span> <span class='ocrx_word' id='word_1_438' title='bbox 3119 3102 3263 3173; x_wconf 90' lang='lat' dir='ltr'><strong>apud</strong></span> <span class='ocrx_word' id='word_1_439' title='bbox 3293 3103 3605 3160; x_wconf 91' lang='lat' dir='ltr'><strong>Durandum</strong></span> <span class='ocrx_word' id='word_1_440' title='bbox 3626 3103 3826 3175; x_wconf 89' lang='lat' dir='ltr'><strong>legitur</strong></span> 
     </span>
    </p>
   </div>
   <div class='ocr_carea' id='block_1_63' title="bbox 451 3190 2091 3265">
    <p class='ocr_par' dir='ltr' id='par_1_63' title="bbox 451 3190 2091 3265">
     <span class='ocr_line' id='line_1_63' title="bbox 451 3190 2091 3265; baseline 0.002 -18"><span class='ocrx_word' id='word_1_441' title='bbox 451 3190 524 3247; x_wconf 88' lang='lat' dir='ltr'><strong>ad</strong></span> <span class='ocrx_word' id='word_1_442' title='bbox 558 3194 944 3263; x_wconf 85' lang='lat' dir='ltr'><strong>processionem</strong></span> <span class='ocrx_word' id='word_1_443' title='bbox 997 3198 1243 3265; x_wconf 87' lang='lat' dir='ltr'><strong>pergant.</strong></span> <span class='ocrx_word' id='word_1_444' title='bbox 1302 3194 1403 3250; x_wconf 87' lang='lat' dir='ltr'><strong>Hic</strong></span> <span class='ocrx_word' id='word_1_445' title='bbox 1460 3194 1629 3250; x_wconf 88' lang='lat' dir='ltr'><strong>altum</strong></span> <span class='ocrx_word' id='word_1_446' title='bbox 1686 3195 1966 3251; x_wconf 89' lang='lat' dir='ltr'><strong>silentium</strong></span> <span class='ocrx_word' id='word_1_447' title='bbox 2021 3195 2091 3251; x_wconf 91' lang='lat' dir='ltr'><strong>de</strong></span> 
     </span>
    </p>
   </div>
   <div class='ocr_carea' id='block_1_64' title="bbox 451 3281 2091 3354">
    <p class='ocr_par' dir='ltr' id='par_1_64' title="bbox 451 3281 2091 3354">
     <span class='ocr_line' id='line_1_64' title="bbox 451 3281 2091 3354; baseline 0.002 -19"><span class='ocrx_word' id='word_1_448' title='bbox 451 3281 804 3351; x_wconf 88' lang='lat' dir='ltr'><strong>processione</strong></span> <span class='ocrx_word' id='word_1_449' title='bbox 859 3281 928 3337; x_wconf 92' lang='lat' dir='ltr'><strong>ad</strong></span> <span class='ocrx_word' id='word_1_450' title='bbox 985 3283 1041 3338; x_wconf 94' lang='grc'><strong>8.</strong></span> <span class='ocrx_word' id='word_1_451' title='bbox 1103 3282 1441 3350; x_wconf 86' lang='lat' dir='ltr'><strong>Gildardum,</strong></span> <span class='ocrx_word' id='word_1_452' title='bbox 1483 3282 1539 3338; x_wconf 90' lang='lat' dir='ltr'><strong>in</strong></span> <span class='ocrx_word' id='word_1_453' title='bbox 1596 3297 1705 3354; x_wconf 85' lang='lat' dir='ltr'><strong>qua</strong></span> <span class='ocrx_word' id='word_1_454' title='bbox 1760 3282 2006 3340; x_wconf 83' lang='lat' dir='ltr'><strong>defertur</strong></span> <span class='ocrx_word' id='word_1_455' title='bbox 2060 3297 2091 3339; x_wconf 92' lang='lat' dir='ltr'><strong>a</strong></span> 
     </span>
    </p>
   </div>
   <div class='ocr_carea' id='block_1_65' title="bbox 451 3368 2093 3441">
    <p class='ocr_par' dir='ltr' id='par_1_65' title="bbox 451 3368 2093 3441">
     <span class='ocr_line' id='line_1_65' title="bbox 451 3368 2093 3441; baseline 0.002 -16"><span class='ocrx_word' id='word_1_456' title='bbox 451 3368 669 3425; x_wconf 90' lang='lat' dir='ltr'><strong>duobus</strong></span> <span class='ocrx_word' id='word_1_457' title='bbox 732 3370 1067 3441; x_wconf 86' lang='lat' dir='ltr'><strong>presbyteris</strong></span> <span class='ocrx_word' id='word_1_458' title='bbox 1122 3384 1326 3441; x_wconf 91' lang='lat' dir='ltr'><strong>corpus</strong></span> <span class='ocrx_word' id='word_1_459' title='bbox 1380 3370 1582 3428; x_wconf 88' lang='lat' dir='ltr'><strong>Christi</strong></span> <span class='ocrx_word' id='word_1_460' title='bbox 1638 3372 1694 3427; x_wconf 92' lang='lat' dir='ltr'><strong>in</strong></span> <span class='ocrx_word' id='word_1_461' title='bbox 1750 3370 1954 3429; x_wconf 86' lang='lat' dir='ltr'><strong>feretro</strong></span> <span class='ocrx_word' id='word_1_462' title='bbox 2012 3387 2093 3428; x_wconf 83' lang='lat' dir='ltr'><strong>re-</strong></span> 
     </span>
    </p>
   </div>
   <div class='ocr_carea' id='block_1_66' title="bbox 450 3459 2094 3533">
    <p class='ocr_par' dir='ltr' id='par_1_66' title="bbox 450 3459 2094 3533">
     <span class='ocr_line' id='line_1_66' title="bbox 450 3459 2094 3533; baseline 0.001 -19"><span class='ocrx_word' id='word_1_463' title='bbox 450 3459 731 3515; x_wconf 90' lang='lat' dir='ltr'><strong>conditum</strong></span> <span class='ocrx_word' id='word_1_464' title='bbox 775 3479 787 3515; x_wconf 91' lang='lat'>:</span> <span class='ocrx_word' id='word_1_465' title='bbox 829 3461 988 3530; x_wconf 87' lang='lat' dir='ltr'><strong>cujus</strong></span> <span class='ocrx_word' id='word_1_466' title='bbox 1044 3459 1409 3517; x_wconf 87' lang='lat' dir='ltr'><strong>institutionis</strong></span> <span class='ocrx_word' id='word_1_467' title='bbox 1473 3461 1603 3517; x_wconf 89' lang='lat' dir='ltr'><strong>licet</strong></span> <span class='ocrx_word' id='word_1_468' title='bbox 1658 3461 1822 3517; x_wconf 86' lang='lat' dir='ltr'><strong>ﬁxum</strong></span> <span class='ocrx_word' id='word_1_469' title='bbox 1879 3468 2094 3533; x_wconf 88' lang='lat' dir='ltr'><strong>tempus</strong></span> 
     </span>
    </p>
   </div>
   <div class='ocr_carea' id='block_1_67' title="bbox 449 3549 2095 3622">
    <p class='ocr_par' dir='ltr' id='par_1_67' title="bbox 449 3549 2095 3622">
     <span class='ocr_line' id='line_1_67' title="bbox 449 3549 2095 3622; baseline 0.003 -19"><span class='ocrx_word' id='word_1_470' title='bbox 449 3549 615 3604; x_wconf 86' lang='lat' dir='ltr'><strong>statui</strong></span> <span class='ocrx_word' id='word_1_471' title='bbox 654 3562 765 3605; x_wconf 90' lang='lat' dir='ltr'><strong>non</strong></span> <span class='ocrx_word' id='word_1_472' title='bbox 804 3550 998 3619; x_wconf 92' lang='lat' dir='ltr'><strong>possit,</strong></span> <span class='ocrx_word' id='word_1_473' title='bbox 1037 3550 1231 3606; x_wconf 88' lang='lat' dir='ltr'><strong>saltem</strong></span> <span class='ocrx_word' id='word_1_474' title='bbox 1287 3549 1489 3622; x_wconf 81' lang='lat' dir='ltr'><strong>legitur</strong></span> <span class='ocrx_word' id='word_1_475' title='bbox 1534 3550 1680 3608; x_wconf 90' lang='lat' dir='ltr'><strong>idem</strong></span> <span class='ocrx_word' id='word_1_476' title='bbox 1718 3551 1859 3608; x_wconf 89' lang='lat' dir='ltr'><strong>ritus</strong></span> <span class='ocrx_word' id='word_1_477' title='bbox 1896 3552 1952 3607; x_wconf 92' lang='lat' dir='ltr'><strong>in</strong></span> <span class='ocrx_word' id='word_1_478' title='bbox 1993 3553 2095 3608; x_wconf 88' lang='lat' dir='ltr'><strong>De-</strong></span> 
     </span>
    </p>
   </div>
   <div class='ocr_carea' id='block_1_68' title="bbox 448 3638 2095 3709">
    <p class='ocr_par' dir='ltr' id='par_1_68' title="bbox 448 3638 2095 3709">
     <span class='ocr_line' id='line_1_68' title="bbox 448 3638 2095 3709; baseline 0.002 -15"><span class='ocrx_word' id='word_1_479' title='bbox 448 3638 616 3695; x_wconf 90' lang='lat' dir='ltr'><strong>cretis</strong></span> <span class='ocrx_word' id='word_1_480' title='bbox 651 3639 711 3695; x_wconf 90' lang='lat' dir='ltr'><strong>B.</strong></span> <span class='ocrx_word' id='word_1_481' title='bbox 753 3638 1037 3696; x_wconf 86' lang='lat' dir='ltr'><strong>Lanfranci</strong></span> <span class='ocrx_word' id='word_1_482' title='bbox 1066 3639 1344 3708; x_wconf 90' lang='lat' dir='ltr'><strong>0rdinar.,</strong></span> <span class='ocrx_word' id='word_1_483' title='bbox 1367 3654 1417 3696; x_wconf 91' lang='lat' dir='ltr'><strong>c.</strong></span> <span class='ocrx_word' id='word_1_484' title='bbox 1464 3639 1514 3707; x_wconf 92' lang='lat'><strong>1,</strong></span> <span class='ocrx_word' id='word_1_485' title='bbox 1550 3645 1687 3697; x_wconf 88' lang='lat' dir='ltr'><strong>sect.</strong></span> <span class='ocrx_word' id='word_1_486' title='bbox 1727 3640 1784 3709; x_wconf 85' lang='lat'><strong>4,</strong></span> <span class='ocrx_word' id='word_1_487' title='bbox 1825 3645 1881 3697; x_wconf 90' lang='lat' dir='ltr'><strong>et</strong></span> <span class='ocrx_word' id='word_1_488' title='bbox 1918 3641 1973 3697; x_wconf 90' lang='lat' dir='ltr'><strong>in</strong></span> <span class='ocrx_word' id='word_1_489' title='bbox 2003 3655 2095 3698; x_wconf 56' lang='lat' dir='ltr'><strong>ve-</strong></span> 
     </span>
    </p>
   </div>
   <div class='ocr_carea' id='block_1_69' title="bbox 448 3728 2095 3788">
    <p class='ocr_par' dir='ltr' id='par_1_69' title="bbox 448 3728 2095 3788">
     <span class='ocr_line' id='line_1_69' title="bbox 448 3728 2095 3788; baseline 0.002 -4"><span class='ocrx_word' id='word_1_490' title='bbox 448 3728 552 3784; x_wconf 90' lang='lat' dir='ltr'><strong>teri</strong></span> <span class='ocrx_word' id='word_1_491' title='bbox 590 3728 876 3785; x_wconf 89' lang='lat' dir='ltr'><strong>Ordinario</strong></span> <span class='ocrx_word' id='word_1_492' title='bbox 931 3743 1033 3785; x_wconf 93' lang='lat' dir='ltr'><strong>ms.</strong></span> <span class='ocrx_word' id='word_1_493' title='bbox 1093 3730 1484 3786; x_wconf 89' lang='lat' dir='ltr'><strong>canonicorum</strong></span> <span class='ocrx_word' id='word_1_494' title='bbox 1535 3732 1590 3786; x_wconf 93' lang='grc'><strong>8.</strong></span> <span class='ocrx_word' id='word_1_495' title='bbox 1633 3730 1804 3787; x_wconf 89' lang='lat' dir='ltr'><strong>Laudi</strong></span> <span class='ocrx_word' id='word_1_496' title='bbox 1841 3732 2095 3788; x_wconf 85' lang='lat' dir='ltr'><strong>Rotoma-</strong></span> 
     </span>
    </p>
   </div>
   <div class='ocr_carea' id='block_1_70' title="bbox 448 3817 2096 3887">
    <p class='ocr_par' dir='ltr' id='par_1_70' title="bbox 448 3817 2096 3887">
     <span class='ocr_line' id='line_1_70' title="bbox 448 3817 2096 3887; baseline 0.003 -17"><span class='ocrx_word' id='word_1_497' title='bbox 448 3817 651 3887; x_wconf 88' lang='lat' dir='ltr'><strong>gensis.</strong></span> <span class='ocrx_word' id='word_1_498' title='bbox 694 3817 869 3885; x_wconf 85' lang='lat' dir='ltr'><strong>Hujus</strong></span> <span class='ocrx_word' id='word_1_499' title='bbox 904 3817 1277 3886; x_wconf 89' lang='lat' dir='ltr'><strong>processionis</strong></span> <span class='ocrx_word' id='word_1_500' title='bbox 1315 3818 1477 3873; x_wconf 90' lang='lat' dir='ltr'><strong>ritum</strong></span> <span class='ocrx_word' id='word_1_501' title='bbox 1519 3823 1644 3887; x_wconf 85' lang='lat' dir='ltr'><strong>post</strong></span> <span class='ocrx_word' id='word_1_502' title='bbox 1681 3819 2096 3875; x_wconf 88' lang='lat' dir='ltr'><strong>observationes</strong></span> 
     </span>
    </p>
   </div>
   <div class='ocr_carea' id='block_1_71' title="bbox 449 3902 1825 3975">
    <p class='ocr_par' dir='ltr' id='par_1_71' title="bbox 449 3902 1825 3975">
     <span class='ocr_line' id='line_1_71' title="bbox 449 3902 1825 3975; baseline 0.003 -18"><span class='ocrx_word' id='word_1_503' title='bbox 449 3917 517 3958; x_wconf 81' lang='lat' dir='ltr'><strong>ex</strong></span> <span class='ocrx_word' id='word_1_504' title='bbox 553 3902 834 3958; x_wconf 90' lang='lat' dir='ltr'><strong>ordinario</strong></span> <span class='ocrx_word' id='word_1_505' title='bbox 872 3905 1261 3975; x_wconf 85' lang='lat' dir='ltr'><strong>Rotomagensi</strong></span> <span class='ocrx_word' id='word_1_506' title='bbox 1300 3919 1400 3961; x_wconf 92' lang='lat' dir='ltr'><strong>ms.</strong></span> <span class='ocrx_word' id='word_1_507' title='bbox 1442 3905 1825 3963; x_wconf 89' lang='lat' dir='ltr'><strong>describimus.</strong></span> 
     </span>
    </p>
   </div>
   <div class='ocr_carea' id='block_1_72' title="bbox 525 3982 2096 4062">
    <p class='ocr_par' dir='ltr' id='par_1_72' title="bbox 525 3982 2096 4062">
     <span class='ocr_line' id='line_1_72' title="bbox 525 3982 2096 4062; baseline 0.004 -19"><span class='ocrx_word' id='word_1_508' title='bbox 525 3982 665 4052; x_wconf 88' lang='lat' dir='ltr'><strong>l30</strong></span> <span class='ocrx_word' id='word_1_509' title='bbox 707 3990 865 4062; x_wconf 92' lang='grc'>(170)</span> <span class='ocrx_word' id='word_1_510' title='bbox 923 3994 1175 4048; x_wconf 89' lang='lat' dir='ltr'><strong>Dominus</strong></span> <span class='ocrx_word' id='word_1_511' title='bbox 1228 3992 1491 4049; x_wconf 86' lang='lat' dir='ltr'><strong>vobiscum</strong></span> <span class='ocrx_word' id='word_1_512' title='bbox 1551 3994 1777 4051; x_wconf 89' lang='lat' dir='ltr'><strong>dicatur.</strong></span> <span class='ocrx_word' id='word_1_513' title='bbox 1825 3996 1907 4051; x_wconf 88' lang='lat' dir='ltr'><strong>Ita</strong></span> <span class='ocrx_word' id='word_1_514' title='bbox 1944 3995 2096 4052; x_wconf 91' lang='lat' dir='ltr'><strong>ordi-</strong></span> 
     </span>
    </p>
   </div>
   <div class='ocr_carea' id='block_1_73' title="bbox 449 4079 2090 4154">
    <p class='ocr_par' dir='ltr' id='par_1_73' title="bbox 449 4079 2090 4154">
     <span class='ocr_line' id='line_1_73' title="bbox 449 4079 2090 4154; baseline 0.004 -20"><span class='ocrx_word' id='word_1_515' title='bbox 449 4079 602 4135; x_wconf 88' lang='lat' dir='ltr'><strong>naria</strong></span> <span class='ocrx_word' id='word_1_516' title='bbox 638 4093 792 4147; x_wconf 90' lang='lat' dir='ltr'><strong>mss.,</strong></span> <span class='ocrx_word' id='word_1_517' title='bbox 834 4079 961 4137; x_wconf 89' lang='lat' dir='ltr'><strong>libri</strong></span> <span class='ocrx_word' id='word_1_518' title='bbox 999 4080 1264 4137; x_wconf 89' lang='lat' dir='ltr'><strong>ofﬁciales</strong></span> <span class='ocrx_word' id='word_1_519' title='bbox 1300 4095 1431 4137; x_wconf 90' lang='lat' dir='ltr'><strong>mss.</strong></span> <span class='ocrx_word' id='word_1_520' title='bbox 1463 4087 1519 4137; x_wconf 92' lang='lat' dir='ltr'><strong>et</strong></span> <span class='ocrx_word' id='word_1_521' title='bbox 1547 4083 1782 4139; x_wconf 83' lang='lat' dir='ltr'><strong>Missalia</strong></span> <span class='ocrx_word' id='word_1_522' title='bbox 1803 4084 2054 4154; x_wconf 65' lang='lat' dir='ltr'><strong>quaedam</strong></span> <span class='ocrx_word' id='word_1_523' title='bbox 2075 4127 2090 4151; x_wconf 93' lang='lat'><strong>,</strong></span> 
     </span>
    </p>
   </div>
   <div class='ocr_carea' id='block_1_74' title="bbox 443 4168 2095 4240">
    <p class='ocr_par' dir='ltr' id='par_1_74' title="bbox 443 4168 2095 4240">
     <span class='ocr_line' id='line_1_74' title="bbox 443 4168 2095 4240; baseline 0.004 -17"><span class='ocrx_word' id='word_1_524' title='bbox 443 4168 555 4238; x_wconf 84' lang='lat' dir='ltr'><strong>jam</strong></span> <span class='ocrx_word' id='word_1_525' title='bbox 588 4183 722 4227; x_wconf 90' lang='lat' dir='ltr'><strong>vero</strong></span> <span class='ocrx_word' id='word_1_526' title='bbox 773 4170 921 4226; x_wconf 91' lang='lat' dir='ltr'><strong>nulla</strong></span> <span class='ocrx_word' id='word_1_527' title='bbox 960 4170 1050 4226; x_wconf 91' lang='lat' dir='ltr'><strong>die</strong></span> <span class='ocrx_word' id='word_1_528' title='bbox 1106 4170 1174 4227; x_wconf 89' lang='lat' dir='ltr'><strong>ad</strong></span> <span class='ocrx_word' id='word_1_529' title='bbox 1226 4171 1535 4240; x_wconf 77' lang='lat' dir='ltr'><strong>passionem</strong></span> <span class='ocrx_word' id='word_1_530' title='bbox 1586 4171 1792 4228; x_wconf 90' lang='lat' dir='ltr'><strong>dicitur</strong></span> <span class='ocrx_word' id='word_1_531' title='bbox 1844 4173 2095 4229; x_wconf 81' lang='lat' dir='ltr'><strong>Dominus</strong></span> 
     </span>
    </p>
   </div>
   <div class='ocr_carea' id='block_1_75' title="bbox 447 4257 727 4317">
    <p class='ocr_par' dir='ltr' id='par_1_75' title="bbox 447 4257 727 4317">
     <span class='ocr_line' id='line_1_75' title="bbox 447 4257 727 4317; baseline 0 -3"><span class='ocrx_word' id='word_1_532' title='bbox 447 4257 727 4317; x_wconf 81' lang='lat' dir='ltr'><strong>vobiscum.</strong></span> 
     </span>
    </p>
   </div>
   <div class='ocr_carea' id='block_1_76' title="bbox 524 4347 2093 4422">
    <p class='ocr_par' dir='ltr' id='par_1_76' title="bbox 524 4347 2093 4422">
     <span class='ocr_line' id='line_1_76' title="bbox 524 4347 2093 4422; baseline 0.004 -21"><span class='ocrx_word' id='word_1_533' title='bbox 524 4347 682 4422; x_wconf 86' lang='grc'>(171)</span> <span class='ocrx_word' id='word_1_534' title='bbox 740 4348 955 4405; x_wconf 80' lang='lat' dir='ltr'><strong>Cortina</strong></span> <span class='ocrx_word' id='word_1_535' title='bbox 1010 4352 1131 4404; x_wconf 84' lang='lat' dir='ltr'><strong>ante</strong></span> <span class='ocrx_word' id='word_1_536' title='bbox 1176 4347 1346 4406; x_wconf 87' lang='lat' dir='ltr'><strong>altare</strong></span> <span class='ocrx_word' id='word_1_537' title='bbox 1400 4348 1709 4421; x_wconf 83' lang='lat' dir='ltr'><strong>deponatur.</strong></span> <span class='ocrx_word' id='word_1_538' title='bbox 1757 4350 1906 4407; x_wconf 90' lang='lat' dir='ltr'><strong>Idem</strong></span> <span class='ocrx_word' id='word_1_539' title='bbox 1954 4366 2093 4422; x_wconf 70' lang='lat' dir='ltr'><strong>prte-</strong></span> 
     </span>
    </p>
   </div>
   <div class='ocr_carea' id='block_1_77' title="bbox 2173 3187 3822 3264">
    <p class='ocr_par' dir='ltr' id='par_1_77' title="bbox 2173 3187 3822 3264">
     <span class='ocr_line' id='line_1_77' title="bbox 2173 3187 3822 3264; baseline 0.004 -22"><span class='ocrx_word' id='word_1_540' title='bbox 2173 3188 2391 3244; x_wconf 81' lang='lat' dir='ltr'><strong>Ration.</strong></span> <span class='ocrx_word' id='word_1_541' title='bbox 2446 3188 2557 3245; x_wconf 92' lang='lat' dir='ltr'><strong>div.</strong></span> <span class='ocrx_word' id='word_1_542' title='bbox 2599 3187 2749 3245; x_wconf 87' lang='lat' dir='ltr'><strong>ofﬁc.</strong></span> <span class='ocrx_word' id='word_1_543' title='bbox 2809 3189 2847 3246; x_wconf 93' lang='lat' dir='ltr'><strong>l.</strong></span> <span class='ocrx_word' id='word_1_544' title='bbox 2896 3203 2971 3257; x_wconf 87' lang='grc' dir='ltr'><strong>γι,</strong></span> <span class='ocrx_word' id='word_1_545' title='bbox 3012 3204 3065 3246; x_wconf 90' lang='lat' dir='ltr'><strong>c.</strong></span> <span class='ocrx_word' id='word_1_546' title='bbox 3104 3189 3197 3247; x_wconf 89' lang='lat'><strong>72.</strong></span> <span class='ocrx_word' id='word_1_547' title='bbox 3238 3190 3470 3248; x_wconf 75' lang='lat' dir='ltr'><strong>Gaudete</strong></span> <span class='ocrx_word' id='word_1_548' title='bbox 3509 3198 3681 3248; x_wconf 88' lang='lat' dir='ltr'><strong>autem</strong></span> <span class='ocrx_word' id='word_1_549' title='bbox 3710 3207 3822 3264; x_wconf 71' lang='lat' dir='ltr'><strong>quc</strong></span> 
     </span>
    </p>
   </div>
   <div class='ocr_carea' id='block_1_78' title="bbox 2170 3277 3824 3352">
    <p class='ocr_par' dir='ltr' id='par_1_78' title="bbox 2170 3277 3824 3352">
     <span class='ocr_line' id='line_1_78' title="bbox 2170 3277 3824 3352; baseline 0.002 -20"><span class='ocrx_word' id='word_1_550' title='bbox 2170 3277 2227 3333; x_wconf 91' lang='lat' dir='ltr'><strong>in</strong></span> <span class='ocrx_word' id='word_1_551' title='bbox 2262 3278 2431 3333; x_wconf 87' lang='lat' dir='ltr'><strong>medio</strong></span> <span class='ocrx_word' id='word_1_552' title='bbox 2468 3284 2547 3334; x_wconf 86' lang='lat' dir='ltr'><strong>est</strong></span> <span class='ocrx_word' id='word_1_553' title='bbox 2590 3294 2696 3335; x_wconf 92' lang='lat' dir='ltr'><strong>non</strong></span> <span class='ocrx_word' id='word_1_554' title='bbox 2750 3280 3119 3349; x_wconf 66' lang='lat' dir='ltr'><strong>exstinguitur,</strong></span> <span class='ocrx_word' id='word_1_555' title='bbox 3185 3279 3278 3335; x_wconf 88' lang='lat' dir='ltr'><strong>sed</strong></span> <span class='ocrx_word' id='word_1_556' title='bbox 3332 3281 3388 3335; x_wconf 89' lang='lat' dir='ltr'><strong>in</strong></span> <span class='ocrx_word' id='word_1_557' title='bbox 3447 3282 3679 3352; x_wconf 82' lang='lat' dir='ltr'><strong>fenestra</strong></span> <span class='ocrx_word' id='word_1_558' title='bbox 3743 3280 3824 3336; x_wconf 88' lang='lat' dir='ltr'><strong>vel</strong></span> 
     </span>
    </p>
   </div>
   <div class='ocr_carea' id='block_1_79' title="bbox 2174 3367 3824 3441">
    <p class='ocr_par' dir='ltr' id='par_1_79' title="bbox 2174 3367 3824 3441">
     <span class='ocr_line' id='line_1_79' title="bbox 2174 3367 3824 3441; baseline 0.003 -20"><span class='ocrx_word' id='word_1_559' title='bbox 2174 3380 2303 3422; x_wconf 86' lang='lat' dir='ltr'><strong>arca</strong></span> <span class='ocrx_word' id='word_1_560' title='bbox 2359 3382 2582 3423; x_wconf 77' lang='lat' dir='ltr'><strong>accensa</strong></span> <span class='ocrx_word' id='word_1_561' title='bbox 2625 3373 2866 3424; x_wconf 85' lang='lat' dir='ltr'><strong>servatur</strong></span> <span class='ocrx_word' id='word_1_562' title='bbox 2905 3367 3119 3437; x_wconf 85' lang='lat' dir='ltr'><strong>occulte,</strong></span> <span class='ocrx_word' id='word_1_563' title='bbox 3159 3375 3217 3425; x_wconf 88' lang='lat' dir='ltr'><strong>ut</strong></span> <span class='ocrx_word' id='word_1_564' title='bbox 3237 3374 3422 3441; x_wconf 87' lang='lat' dir='ltr'><strong>postea</strong></span> <span class='ocrx_word' id='word_1_565' title='bbox 3470 3370 3743 3439; x_wconf 79' lang='lat' dir='ltr'><strong>reveletur,</strong></span> <span class='ocrx_word' id='word_1_566' title='bbox 3774 3374 3824 3425; x_wconf 85' lang='lat' dir='ltr'><strong>el</strong></span> 
     </span>
    </p>
   </div>
   <div class='ocr_carea' id='block_1_80' title="bbox 2174 3454 3822 3531">
    <p class='ocr_par' dir='ltr' id='par_1_80' title="bbox 2174 3454 3822 3531">
     <span class='ocr_line' id='line_1_80' title="bbox 2174 3454 3822 3531; baseline 0.003 -20"><span class='ocrx_word' id='word_1_567' title='bbox 2174 3454 2447 3512; x_wconf 88' lang='lat' dir='ltr'><strong>ecclesiam</strong></span> <span class='ocrx_word' id='word_1_568' title='bbox 2514 3456 2787 3514; x_wconf 86' lang='lat' dir='ltr'><strong>illuminet.</strong></span> <span class='ocrx_word' id='word_1_569' title='bbox 2840 3458 2900 3513; x_wconf 90' lang='lat' dir='ltr'><strong>In</strong></span> <span class='ocrx_word' id='word_1_570' title='bbox 2965 3457 3252 3514; x_wconf 86' lang='lat' dir='ltr'><strong>breviariis</strong></span> <span class='ocrx_word' id='word_1_571' title='bbox 3333 3472 3464 3516; x_wconf 90' lang='lat' dir='ltr'><strong>vero</strong></span> <span class='ocrx_word' id='word_1_572' title='bbox 3510 3461 3822 3531; x_wconf 83' lang='lat' dir='ltr'><strong>Rotomag.,</strong></span> 
     </span>
    </p>
   </div>
   <div class='ocr_carea' id='block_1_81' title="bbox 2175 3544 3827 3619">
    <p class='ocr_par' dir='ltr' id='par_1_81' title="bbox 2175 3544 3827 3619">
     <span class='ocr_line' id='line_1_81' title="bbox 2175 3544 3827 3619; baseline 0.001 -19"><span class='ocrx_word' id='word_1_573' title='bbox 2175 3558 2265 3601; x_wconf 91' lang='lat' dir='ltr'><strong>an.</strong></span> <span class='ocrx_word' id='word_1_574' title='bbox 2312 3544 2441 3599; x_wconf 84' lang='lat' dir='ltr'><strong>I491</strong></span> <span class='ocrx_word' id='word_1_575' title='bbox 2504 3552 2560 3603; x_wconf 91' lang='lat' dir='ltr'><strong>et</strong></span> <span class='ocrx_word' id='word_1_576' title='bbox 2618 3545 2775 3601; x_wconf 88' lang='grc'><strong>1378.</strong></span> <span class='ocrx_word' id='word_1_577' title='bbox 2824 3548 2894 3603; x_wconf 83' lang='lat' dir='ltr'><strong>Et</strong></span> <span class='ocrx_word' id='word_1_578' title='bbox 2940 3546 3161 3603; x_wconf 86' lang='lat' dir='ltr'><strong>candela</strong></span> <span class='ocrx_word' id='word_1_579' title='bbox 3198 3563 3313 3619; x_wconf 68' lang='lat' dir='ltr'><strong>quae</strong></span> <span class='ocrx_word' id='word_1_580' title='bbox 3349 3553 3672 3605; x_wconf 89' lang='lat' dir='ltr'><strong>remanserat</strong></span> <span class='ocrx_word' id='word_1_581' title='bbox 3708 3548 3827 3604; x_wconf 82' lang='lat' dir='ltr'><strong>abs-</strong></span> 
     </span>
    </p>
   </div>
   <div class='ocr_carea' id='block_1_82' title="bbox 2178 3634 2455 3692">
    <p class='ocr_par' dir='ltr' id='par_1_82' title="bbox 2178 3634 2455 3692">
     <span class='ocr_line' id='line_1_82' title="bbox 2178 3634 2455 3692; baseline 0.007 -3"><span class='ocrx_word' id='word_1_582' title='bbox 2178 3634 2455 3692; x_wconf 87' lang='lat' dir='ltr'><strong>condatur.</strong></span> 
     </span>
    </p>
   </div>
   <div class='ocr_carea' id='block_1_83' title="bbox 2252 3723 3823 3798">
    <p class='ocr_par' dir='ltr' id='par_1_83' title="bbox 2252 3723 3823 3798">
     <span class='ocr_line' id='line_1_83' title="bbox 2252 3723 3823 3798; baseline 0.004 -21"><span class='ocrx_word' id='word_1_583' title='bbox 2252 3723 2411 3796; x_wconf 88' lang='lat'><strong>(176)</strong></span> <span class='ocrx_word' id='word_1_584' title='bbox 2452 3723 2579 3781; x_wconf 85' lang='lat' dir='ltr'><strong>Alta</strong></span> <span class='ocrx_word' id='word_1_585' title='bbox 2622 3740 2748 3781; x_wconf 88' lang='lat' dir='ltr'><strong>voce</strong></span> <span class='ocrx_word' id='word_1_586' title='bbox 2812 3729 3101 3782; x_wconf 89' lang='lat' dir='ltr'><strong>cantentur.</strong></span> <span class='ocrx_word' id='word_1_587' title='bbox 3168 3727 3325 3783; x_wconf 90' lang='lat' dir='ltr'><strong>Nunc</strong></span> <span class='ocrx_word' id='word_1_588' title='bbox 3379 3740 3623 3798; x_wconf 73' lang='lat' dir='ltr'><strong>vesperae</strong></span> <span class='ocrx_word' id='word_1_589' title='bbox 3687 3740 3823 3784; x_wconf 90' lang='lat' dir='ltr'><strong>voce</strong></span> 
     </span>
    </p>
   </div>
   <div class='ocr_carea' id='block_1_84' title="bbox 2178 3813 3821 3885">
    <p class='ocr_par' dir='ltr' id='par_1_84' title="bbox 2178 3813 3821 3885">
     <span class='ocr_line' id='line_1_84' title="bbox 2178 3813 3821 3885; baseline 0.001 -15"><span class='ocrx_word' id='word_1_590' title='bbox 2178 3813 2442 3871; x_wconf 89' lang='lat' dir='ltr'><strong>mediocri</strong></span> <span class='ocrx_word' id='word_1_591' title='bbox 2508 3814 2728 3870; x_wconf 85' lang='lat' dir='ltr'><strong>recitari</strong></span> <span class='ocrx_word' id='word_1_592' title='bbox 2786 3815 2987 3880; x_wconf 91' lang='lat' dir='ltr'><strong>solent,</strong></span> <span class='ocrx_word' id='word_1_593' title='bbox 3047 3827 3116 3870; x_wconf 85' lang='lat' dir='ltr'><strong>ex</strong></span> <span class='ocrx_word' id='word_1_594' title='bbox 3148 3815 3345 3871; x_wconf 87' lang='lat' dir='ltr'><strong>ordine</strong></span> <span class='ocrx_word' id='word_1_595' title='bbox 3396 3815 3569 3872; x_wconf 89' lang='lat' dir='ltr'><strong>divini</strong></span> <span class='ocrx_word' id='word_1_596' title='bbox 3631 3814 3821 3885; x_wconf 89' lang='lat' dir='ltr'><strong>ofﬁcii,</strong></span> 
     </span>
    </p>
   </div>
   <div class='ocr_carea' id='block_1_85' title="bbox 2176 3902 3825 3974">
    <p class='ocr_par' dir='ltr' id='par_1_85' title="bbox 2176 3902 3825 3974">
     <span class='ocr_line' id='line_1_85' title="bbox 2176 3902 3825 3974; baseline 0.002 -17"><span class='ocrx_word' id='word_1_597' title='bbox 2176 3903 2321 3958; x_wconf 89' lang='lat' dir='ltr'><strong>sicut</strong></span> <span class='ocrx_word' id='word_1_598' title='bbox 2362 3902 2514 3959; x_wconf 63' lang='lat' dir='ltr'><strong>horae</strong></span> <span class='ocrx_word' id='word_1_599' title='bbox 2562 3904 2865 3972; x_wconf 72' lang='lat' dir='ltr'><strong>canonicae,</strong></span> <span class='ocrx_word' id='word_1_600' title='bbox 2907 3904 3154 3974; x_wconf 86' lang='lat' dir='ltr'><strong>exceptis</strong></span> <span class='ocrx_word' id='word_1_601' title='bbox 3203 3905 3498 3961; x_wconf 85' lang='lat' dir='ltr'><strong>Nocturnis</strong></span> <span class='ocrx_word' id='word_1_602' title='bbox 3544 3911 3601 3961; x_wconf 90' lang='lat' dir='ltr'><strong>et</strong></span> <span class='ocrx_word' id='word_1_603' title='bbox 3628 3905 3825 3962; x_wconf 86' lang='lat' dir='ltr'><strong>Laudi-</strong></span> 
     </span>
    </p>
   </div>
   <div class='ocr_carea' id='block_1_86' title="bbox 2176 3989 2301 4047">
    <p class='ocr_par' dir='ltr' id='par_1_86' title="bbox 2176 3989 2301 4047">
     <span class='ocr_line' id='line_1_86' title="bbox 2176 3989 2301 4047; baseline -0.016 0"><span class='ocrx_word' id='word_1_604' title='bbox 2176 3989 2301 4047; x_wconf 91' lang='lat' dir='ltr'><strong>bus.</strong></span> 
     </span>
    </p>
   </div>
   <div class='ocr_carea' id='block_1_87' title="bbox 2248 4080 3823 4156">
    <p class='ocr_par' dir='ltr' id='par_1_87' title="bbox 2248 4080 3823 4156">
     <span class='ocr_line' id='line_1_87' title="bbox 2248 4080 3823 4156; baseline 0.006 -23"><span class='ocrx_word' id='word_1_605' title='bbox 2248 4080 2390 4151; x_wconf 88' lang='lat'><strong>(177)</strong></span> <span class='ocrx_word' id='word_1_606' title='bbox 2428 4083 2580 4137; x_wconf 91' lang='lat' dir='ltr'><strong>Dicto</strong></span> <span class='ocrx_word' id='word_1_607' title='bbox 2609 4096 2759 4137; x_wconf 87' lang='lat' dir='ltr'><strong>versu</strong></span> <span class='ocrx_word' id='word_1_608' title='bbox 2795 4081 2863 4137; x_wconf 87' lang='lat' dir='ltr'><strong>ab</strong></span> <span class='ocrx_word' id='word_1_609' title='bbox 2909 4080 3084 4153; x_wconf 83' lang='lat' dir='ltr'><strong>aliqua</strong></span> <span class='ocrx_word' id='word_1_610' title='bbox 3115 4098 3300 4155; x_wconf 89' lang='lat' dir='ltr'><strong>puero.</strong></span> <span class='ocrx_word' id='word_1_611' title='bbox 3351 4086 3553 4141; x_wconf 87' lang='lat' dir='ltr'><strong>Versus</strong></span> <span class='ocrx_word' id='word_1_612' title='bbox 3588 4086 3823 4156; x_wconf 84' lang='lat' dir='ltr'><strong>subjun—</strong></span> 
     </span>
    </p>
   </div>
   <div class='ocr_carea' id='block_1_88' title="bbox 2175 4169 3824 4245">
    <p class='ocr_par' dir='ltr' id='par_1_88' title="bbox 2175 4169 3824 4245">
     <span class='ocr_line' id='line_1_88' title="bbox 2175 4169 3824 4245; baseline 0.004 -20"><span class='ocrx_word' id='word_1_613' title='bbox 2175 4169 2323 4242; x_wconf 87' lang='lat' dir='ltr'><strong>gitur</strong></span> <span class='ocrx_word' id='word_1_614' title='bbox 2359 4184 2390 4225; x_wconf 88' lang='lat' dir='ltr'><strong>a</strong></span> <span class='ocrx_word' id='word_1_615' title='bbox 2428 4170 2619 4237; x_wconf 88' lang='lat' dir='ltr'><strong>choro,</strong></span> <span class='ocrx_word' id='word_1_616' title='bbox 2653 4184 2755 4227; x_wconf 91' lang='lat' dir='ltr'><strong>nec</strong></span> <span class='ocrx_word' id='word_1_617' title='bbox 2789 4171 2992 4227; x_wconf 89' lang='lat' dir='ltr'><strong>dicitur</strong></span> <span class='ocrx_word' id='word_1_618' title='bbox 3031 4186 3062 4226; x_wconf 89' lang='lat' dir='ltr'><strong>a</strong></span> <span class='ocrx_word' id='word_1_619' title='bbox 3093 4186 3264 4242; x_wconf 90' lang='lat' dir='ltr'><strong>puero</strong></span> <span class='ocrx_word' id='word_1_620' title='bbox 3302 4174 3409 4229; x_wconf 91' lang='lat' dir='ltr'><strong>nisi</strong></span> <span class='ocrx_word' id='word_1_621' title='bbox 3449 4182 3575 4245; x_wconf 91' lang='lat' dir='ltr'><strong>post</strong></span> <span class='ocrx_word' id='word_1_622' title='bbox 3612 4175 3824 4231; x_wconf 90' lang='lat' dir='ltr'><strong>Laudes</strong></span> 
     </span>
    </p>
   </div>
   <div class='ocr_carea' id='block_1_89' title="bbox 2178 4258 3822 4334">
    <p class='ocr_par' dir='ltr' id='par_1_89' title="bbox 2178 4258 3822 4334">
     <span class='ocr_line' id='line_1_89' title="bbox 2178 4258 3822 4334; baseline 0.003 -20"><span class='ocrx_word' id='word_1_623' title='bbox 2178 4260 2233 4314; x_wconf 91' lang='lat' dir='ltr'><strong>in</strong></span> <span class='ocrx_word' id='word_1_624' title='bbox 2282 4258 2388 4314; x_wconf 91' lang='lat' dir='ltr'><strong>ﬁne</strong></span> <span class='ocrx_word' id='word_1_625' title='bbox 2433 4264 2737 4329; x_wconf 90' lang='lat' dir='ltr'><strong>troporum.</strong></span> <span class='ocrx_word' id='word_1_626' title='bbox 2804 4261 3239 4330; x_wconf 82' lang='lat' dir='ltr'><strong>Responsorium</strong></span> <span class='ocrx_word' id='word_1_627' title='bbox 3277 4267 3462 4318; x_wconf 90' lang='lat' dir='ltr'><strong>autem</strong></span> <span class='ocrx_word' id='word_1_628' title='bbox 3510 4270 3638 4334; x_wconf 90' lang='lat' dir='ltr'><strong>post</strong></span> <span class='ocrx_word' id='word_1_629' title='bbox 3669 4262 3822 4334; x_wconf 89' lang='lat' dir='ltr'><strong>psal-</strong></span> 
     </span>
    </p>
   </div>
   <div class='ocr_carea' id='block_1_90' title="bbox 2177 4347 3821 4425">
    <p class='ocr_par' dir='ltr' id='par_1_90' title="bbox 2177 4347 3821 4425">
     <span class='ocr_line' id='line_1_90' title="bbox 2177 4347 3821 4425; baseline 0.003 -22"><span class='ocrx_word' id='word_1_630' title='bbox 2177 4361 2317 4417; x_wconf 91' lang='lat' dir='ltr'><strong>mos,</strong></span> <span class='ocrx_word' id='word_1_631' title='bbox 2367 4347 2437 4403; x_wconf 91' lang='lat' dir='ltr'><strong>de</strong></span> <span class='ocrx_word' id='word_1_632' title='bbox 2483 4362 2594 4419; x_wconf 89' lang='lat' dir='ltr'><strong>quo</strong></span> <span class='ocrx_word' id='word_1_633' title='bbox 2635 4348 2780 4419; x_wconf 91' lang='lat' dir='ltr'><strong>apud</strong></span> <span class='ocrx_word' id='word_1_634' title='bbox 2825 4351 3091 4406; x_wconf 87' lang='lat' dir='ltr'><strong>Joannem</strong></span> <span class='ocrx_word' id='word_1_635' title='bbox 3140 4350 3199 4406; x_wconf 92' lang='lat' dir='ltr'><strong>ﬁt</strong></span> <span class='ocrx_word' id='word_1_636' title='bbox 3237 4352 3464 4418; x_wconf 89' lang='lat' dir='ltr'><strong>mentio,</strong></span> <span class='ocrx_word' id='word_1_637' title='bbox 3516 4352 3718 4425; x_wconf 82' lang='lat' dir='ltr'><strong>legitur</strong></span> <span class='ocrx_word' id='word_1_638' title='bbox 3762 4352 3821 4408; x_wconf 92' lang='lat' dir='ltr'><strong>in</strong></span> 
     </span>
    </p>
   </div>
   <div class='ocr_carea' id='block_1_91' title="bbox 444 4436 3819 4511">
    <p class='ocr_par' dir='ltr' id='par_1_91' title="bbox 444 4436 3819 4511">
     <span class='ocr_line' id='line_1_91' title="bbox 444 4436 3819 4511; baseline 0.001 -16"><span class='ocrx_word' id='word_1_639' title='bbox 444 4438 638 4495; x_wconf 87' lang='lat' dir='ltr'><strong>scribit</strong></span> <span class='ocrx_word' id='word_1_640' title='bbox 690 4437 1036 4495; x_wconf 85' lang='lat' dir='ltr'><strong>Ordinarium</strong></span> <span class='ocrx_word' id='word_1_641' title='bbox 1077 4452 1203 4507; x_wconf 92' lang='lat' dir='ltr'><strong>ms.,</strong></span> <span class='ocrx_word' id='word_1_642' title='bbox 1244 4440 1639 4496; x_wconf 88' lang='lat' dir='ltr'><strong>canonicorum</strong></span> <span class='ocrx_word' id='word_1_643' title='bbox 1676 4441 1731 4497; x_wconf 92' lang='lat' dir='ltr'><strong>S.</strong></span> <span class='ocrx_word' id='word_1_644' title='bbox 1773 4440 1945 4498; x_wconf 91' lang='lat' dir='ltr'><strong>Laudi</strong></span> <span class='ocrx_word' id='word_1_645' title='bbox 1982 4436 2462 4500; x_wconf 81' lang='lat' dir='ltr'><strong>Ro—DOrdinario</strong></span> <span class='ocrx_word' id='word_1_646' title='bbox 2536 4452 2638 4495; x_wconf 88' lang='lat' dir='ltr'><strong>ms.</strong></span> <span class='ocrx_word' id='word_1_647' title='bbox 2707 4439 3098 4495; x_wconf 86' lang='lat' dir='ltr'><strong>canonicorum</strong></span> <span class='ocrx_word' id='word_1_648' title='bbox 3163 4439 3495 4511; x_wconf 81' lang='lat' dir='ltr'><strong>regularium</strong></span> <span class='ocrx_word' id='word_1_649' title='bbox 3533 4442 3589 4497; x_wconf 92' lang='lat' dir='ltr'><strong>S.</strong></span> <span class='ocrx_word' id='word_1_650' title='bbox 3648 4440 3819 4497; x_wconf 87' lang='lat' dir='ltr'><strong>Laudi</strong></span> 
     </span>
    </p>
   </div>
   <div class='ocr_carea' id='block_1_92' title="bbox 444 4529 2094 4605">
    <p class='ocr_par' dir='ltr' id='par_1_92' title="bbox 444 4529 2094 4605">
     <span class='ocr_line' id='line_1_92' title="bbox 444 4529 2094 4605; baseline 0.001 -18"><span class='ocrx_word' id='word_1_651' title='bbox 444 4535 642 4601; x_wconf 84' lang='lat' dir='ltr'><strong>tomag.</strong></span> <span class='ocrx_word' id='word_1_652' title='bbox 683 4531 762 4586; x_wconf 88' lang='lat' dir='ltr'><strong>Ita</strong></span> <span class='ocrx_word' id='word_1_653' title='bbox 801 4542 1021 4600; x_wconf 88' lang='lat' dir='ltr'><strong>quoque</strong></span> <span class='ocrx_word' id='word_1_654' title='bbox 1057 4529 1400 4586; x_wconf 91' lang='lat' dir='ltr'><strong>Ordinarium</strong></span> <span class='ocrx_word' id='word_1_655' title='bbox 1438 4545 1564 4598; x_wconf 88' lang='lat' dir='ltr'><strong>ms.,</strong></span> <span class='ocrx_word' id='word_1_656' title='bbox 1587 4545 1644 4602; x_wconf 91' lang='lat' dir='ltr'><strong>p.</strong></span> <span class='ocrx_word' id='word_1_657' title='bbox 1682 4531 1755 4585; x_wconf 76' lang='lat'><strong>74</strong></span> <span class='ocrx_word' id='word_1_658' title='bbox 1796 4551 1809 4588; x_wconf 91' lang='lat'>:</span> <span class='ocrx_word' id='word_1_659' title='bbox 1850 4532 1936 4588; x_wconf 84' lang='lat' dir='ltr'><strong>Ad</strong></span> <span class='ocrx_word' id='word_1_660' title='bbox 1966 4548 2094 4605; x_wconf 90' lang='lat' dir='ltr'><strong>pas-</strong></span> 
     </span>
    </p>
   </div>
   <div class='ocr_carea' id='block_1_93' title="bbox 440 4619 2092 4691">
    <p class='ocr_par' dir='ltr' id='par_1_93' title="bbox 440 4619 2092 4691">
     <span class='ocr_line' id='line_1_93' title="bbox 440 4619 2092 4691; baseline 0.002 -17"><span class='ocrx_word' id='word_1_661' title='bbox 440 4620 638 4675; x_wconf 85' lang='lat' dir='ltr'><strong>sionem</strong></span> <span class='ocrx_word' id='word_1_662' title='bbox 681 4619 890 4675; x_wconf 88' lang='lat' dir='ltr'><strong>Domini</strong></span> <span class='ocrx_word' id='word_1_663' title='bbox 936 4620 1139 4675; x_wconf 86' lang='lat' dir='ltr'><strong>cortina</strong></span> <span class='ocrx_word' id='word_1_664' title='bbox 1178 4619 1414 4691; x_wconf 89' lang='lat' dir='ltr'><strong>pendens</strong></span> <span class='ocrx_word' id='word_1_665' title='bbox 1454 4621 1593 4676; x_wconf 90' lang='lat' dir='ltr'><strong>inter</strong></span> <span class='ocrx_word' id='word_1_666' title='bbox 1656 4620 1868 4677; x_wconf 85' lang='lat' dir='ltr'><strong>chorum</strong></span> <span class='ocrx_word' id='word_1_667' title='bbox 1915 4627 1965 4677; x_wconf 91' lang='lat' dir='ltr'><strong>et</strong></span> <span class='ocrx_word' id='word_1_668' title='bbox 2011 4620 2092 4677; x_wconf 86' lang='lat' dir='ltr'><strong>al-</strong></span> 
     </span>
    </p>
   </div>
   <div class='ocr_carea' id='block_1_94' title="bbox 442 4709 2089 4782">
    <p class='ocr_par' dir='ltr' id='par_1_94' title="bbox 442 4709 2089 4782">
     <span class='ocr_line' id='line_1_94' title="bbox 442 4709 2089 4782; baseline 0.002 -18"><span class='ocrx_word' id='word_1_669' title='bbox 442 4714 557 4764; x_wconf 88' lang='lat' dir='ltr'><strong>tare</strong></span> <span class='ocrx_word' id='word_1_670' title='bbox 608 4723 713 4765; x_wconf 89' lang='lat' dir='ltr'><strong>non</strong></span> <span class='ocrx_word' id='word_1_671' title='bbox 768 4714 1037 4765; x_wconf 85' lang='lat' dir='ltr'><strong>moveatur</strong></span> <span class='ocrx_word' id='word_1_672' title='bbox 1090 4724 1254 4779; x_wconf 86' lang='lat' dir='ltr'><strong>usque</strong></span> <span class='ocrx_word' id='word_1_673' title='bbox 1299 4709 1371 4765; x_wconf 91' lang='lat' dir='ltr'><strong>ad</strong></span> <span class='ocrx_word' id='word_1_674' title='bbox 1437 4730 1454 4765; x_wconf 86' lang='lat'><strong>.-</strong></span> <span class='ocrx_word' id='word_1_675' title='bbox 1521 4711 1588 4765; x_wconf 87' lang='lat' dir='ltr'><strong>Et</strong></span> <span class='ocrx_word' id='word_1_676' title='bbox 1639 4710 1819 4767; x_wconf 91' lang='lat' dir='ltr'><strong>velum</strong></span> <span class='ocrx_word' id='word_1_677' title='bbox 1896 4711 2089 4782; x_wconf 89' lang='lat' dir='ltr'><strong>templi</strong></span> 
     </span>
    </p>
   </div>
   <div class='ocr_carea' id='block_1_95' title="bbox 443 4797 2091 4873">
    <p class='ocr_par' dir='ltr' id='par_1_95' title="bbox 443 4797 2091 4873">
     <span class='ocr_line' id='line_1_95' title="bbox 443 4797 2091 4873; baseline 0.004 -22"><span class='ocrx_word' id='word_1_678' title='bbox 443 4797 670 4853; x_wconf 90' lang='lat' dir='ltr'><strong>scissum</strong></span> <span class='ocrx_word' id='word_1_679' title='bbox 731 4804 833 4867; x_wconf 91' lang='lat' dir='ltr'><strong>est,</strong></span> <span class='ocrx_word' id='word_1_680' title='bbox 897 4804 947 4856; x_wconf 90' lang='lat' dir='ltr'><strong>et</strong></span> <span class='ocrx_word' id='word_1_681' title='bbox 992 4805 1113 4856; x_wconf 89' lang='lat' dir='ltr'><strong>tunc</strong></span> <span class='ocrx_word' id='word_1_682' title='bbox 1158 4798 1399 4855; x_wconf 83' lang='lat' dir='ltr'><strong>trahatur</strong></span> <span class='ocrx_word' id='word_1_683' title='bbox 1453 4798 1520 4854; x_wconf 87' lang='lat' dir='ltr'><strong>ab</strong></span> <span class='ocrx_word' id='word_1_684' title='bbox 1566 4804 1787 4871; x_wconf 88' lang='lat' dir='ltr'><strong>utraque</strong></span> <span class='ocrx_word' id='word_1_685' title='bbox 1835 4805 1993 4873; x_wconf 88' lang='lat' dir='ltr'><strong>parte</strong></span> <span class='ocrx_word' id='word_1_686' title='bbox 2039 4804 2091 4857; x_wconf 88' lang='lat' dir='ltr'><strong>et</strong></span> 
     </span>
    </p>
   </div>
   <div class='ocr_carea' id='block_1_96' title="bbox 437 4884 2081 4961">
    <p class='ocr_par' dir='ltr' id='par_1_96' title="bbox 437 4884 2081 4961">
     <span class='ocr_line' id='line_1_96' title="bbox 437 4884 2081 4961; baseline 0.002 -22"><span class='ocrx_word' id='word_1_687' title='bbox 437 4884 709 4941; x_wconf 87' lang='lat' dir='ltr'><strong>scindatur</strong></span> <span class='ocrx_word' id='word_1_688' title='bbox 768 4902 867 4958; x_wconf 86' lang='lat' dir='ltr'><strong>per</strong></span> <span class='ocrx_word' id='word_1_689' title='bbox 919 4890 1159 4957; x_wconf 86' lang='lat' dir='ltr'><strong>medium,</strong></span> <span class='ocrx_word' id='word_1_690' title='bbox 1207 4893 1258 4945; x_wconf 87' lang='lat' dir='ltr'><strong>et</strong></span> <span class='ocrx_word' id='word_1_691' title='bbox 1322 4887 1545 4961; x_wconf 87' lang='lat' dir='ltr'><strong>amplius</strong></span> <span class='ocrx_word' id='word_1_692' title='bbox 1616 4904 1719 4944; x_wconf 88' lang='lat' dir='ltr'><strong>non</strong></span> <span class='ocrx_word' id='word_1_693' title='bbox 1773 4894 2081 4961; x_wconf 87' lang='lat' dir='ltr'><strong>reponatur.</strong></span> 
     </span>
    </p>
   </div>
   <div class='ocr_carea' id='block_1_97' title="bbox 438 4973 2083 5049">
    <p class='ocr_par' dir='ltr' id='par_1_97' title="bbox 438 4973 2083 5049">
     <span class='ocr_line' id='line_1_97' title="bbox 438 4973 2083 5049; baseline 0.002 -18"><span class='ocrx_word' id='word_1_694' title='bbox 438 4975 568 5031; x_wconf 67' lang='lat' dir='ltr'><strong>Haec</strong></span> <span class='ocrx_word' id='word_1_695' title='bbox 642 4975 698 5030; x_wconf 92' lang='lat' dir='ltr'><strong>in</strong></span> <span class='ocrx_word' id='word_1_696' title='bbox 747 4973 981 5032; x_wconf 88' lang='lat' dir='ltr'><strong>ecclesia</strong></span> <span class='ocrx_word' id='word_1_697' title='bbox 1053 4978 1355 5036; x_wconf 89' lang='lat' dir='ltr'><strong>cathedrali</strong></span> <span class='ocrx_word' id='word_1_698' title='bbox 1430 4977 1819 5049; x_wconf 85' lang='lat' dir='ltr'><strong>Rotomagensi</strong></span> <span class='ocrx_word' id='word_1_699' title='bbox 1892 4979 2083 5034; x_wconf 86' lang='lat' dir='ltr'><strong>obser-</strong></span> 
     </span>
    </p>
   </div>
   <div class='ocr_carea' id='block_1_98' title="bbox 442 5070 657 5122">
    <p class='ocr_par' dir='ltr' id='par_1_98' title="bbox 442 5070 657 5122">
     <span class='ocr_line' id='line_1_98' title="bbox 442 5070 657 5122; baseline -0.005 -1"><span class='ocrx_word' id='word_1_700' title='bbox 442 5070 657 5122; x_wconf 90' lang='lat' dir='ltr'><strong>vantur.</strong></span> 
     </span>
    </p>
   </div>
   <div class='ocr_carea' id='block_1_99' title="bbox 516 5152 2089 5230">
    <p class='ocr_par' dir='ltr' id='par_1_99' title="bbox 516 5152 2089 5230">
     <span class='ocr_line' id='line_1_99' title="bbox 516 5152 2089 5230; baseline 0.004 -24"><span class='ocrx_word' id='word_1_701' title='bbox 516 5152 656 5224; x_wconf 79' lang='lat'><strong>(172)</strong></span> <span class='ocrx_word' id='word_1_702' title='bbox 722 5154 912 5212; x_wconf 83' lang='lat' dir='ltr'><strong>Omnes</strong></span> <span class='ocrx_word' id='word_1_703' title='bbox 954 5152 1227 5225; x_wconf 81' lang='lat' dir='ltr'><strong>pulsentur</strong></span> <span class='ocrx_word' id='word_1_704' title='bbox 1261 5170 1576 5230; x_wconf 57' lang='lat' dir='ltr'><strong>campanam</strong></span> <span class='ocrx_word' id='word_1_705' title='bbox 1610 5157 1670 5211; x_wconf 94' lang='lat' dir='ltr'><strong>In</strong></span> <span class='ocrx_word' id='word_1_706' title='bbox 1726 5155 1960 5212; x_wconf 87' lang='lat' dir='ltr'><strong>ecclesia</strong></span> <span class='ocrx_word' id='word_1_707' title='bbox 1999 5171 2089 5213; x_wconf 89' lang='lat' dir='ltr'><strong>ca-</strong></span> 
     </span>
    </p>
   </div>
   <div class='ocr_carea' id='block_1_100' title="bbox 443 5239 2085 5315">
    <p class='ocr_par' dir='ltr' id='par_1_100' title="bbox 443 5239 2085 5315">
     <span class='ocr_line' id='line_1_100' title="bbox 443 5239 2085 5315; baseline 0.003 -19"><span class='ocrx_word' id='word_1_708' title='bbox 443 5239 679 5298; x_wconf 89' lang='lat' dir='ltr'><strong>thedrali</strong></span> <span class='ocrx_word' id='word_1_709' title='bbox 717 5256 869 5300; x_wconf 88' lang='lat' dir='ltr'><strong>more</strong></span> <span class='ocrx_word' id='word_1_710' title='bbox 906 5241 1273 5312; x_wconf 89' lang='lat' dir='ltr'><strong>semidupliei,</strong></span> <span class='ocrx_word' id='word_1_711' title='bbox 1322 5252 1382 5301; x_wconf 88' lang='lat' dir='ltr'><strong>ut</strong></span> <span class='ocrx_word' id='word_1_712' title='bbox 1428 5246 1486 5301; x_wconf 93' lang='lat' dir='ltr'><strong>in</strong></span> <span class='ocrx_word' id='word_1_713' title='bbox 1529 5244 1784 5301; x_wconf 91' lang='lat' dir='ltr'><strong>Sabbatis</strong></span> <span class='ocrx_word' id='word_1_714' title='bbox 1829 5245 2085 5315; x_wconf 70' lang='lat' dir='ltr'><strong>Vesperae</strong></span> 
     </span>
    </p>
   </div>
   <div class='ocr_carea' id='block_1_101' title="bbox 443 5329 2088 5404">
    <p class='ocr_par' dir='ltr' id='par_1_101' title="bbox 443 5329 2088 5404">
     <span class='ocr_line' id='line_1_101' title="bbox 443 5329 2088 5404; baseline 0.001 -17"><span class='ocrx_word' id='word_1_715' title='bbox 443 5329 812 5400; x_wconf 87' lang='lat' dir='ltr'><strong>celebrantur,</strong></span> <span class='ocrx_word' id='word_1_716' title='bbox 862 5346 965 5388; x_wconf 89' lang='lat' dir='ltr'><strong>nec</strong></span> <span class='ocrx_word' id='word_1_717' title='bbox 1015 5345 1207 5388; x_wconf 89' lang='lat' dir='ltr'><strong>omnes</strong></span> <span class='ocrx_word' id='word_1_718' title='bbox 1244 5347 1523 5404; x_wconf 69' lang='lat' dir='ltr'><strong>campana:</strong></span> <span class='ocrx_word' id='word_1_719' title='bbox 1578 5340 1794 5402; x_wconf 89' lang='lat' dir='ltr'><strong>sonant,</strong></span> <span class='ocrx_word' id='word_1_720' title='bbox 1836 5333 1934 5389; x_wconf 90' lang='lat' dir='ltr'><strong>sed</strong></span> <span class='ocrx_word' id='word_1_721' title='bbox 1973 5339 2088 5389; x_wconf 90' lang='lat' dir='ltr'><strong>tres</strong></span> 
     </span>
    </p>
   </div>
   <div class='ocr_carea' id='block_1_102' title="bbox 443 5420 2083 5494">
    <p class='ocr_par' dir='ltr' id='par_1_102' title="bbox 443 5420 2083 5494">
     <span class='ocr_line' id='line_1_102' title="bbox 443 5420 2083 5494; baseline 0.001 -17"><span class='ocrx_word' id='word_1_722' title='bbox 443 5425 676 5491; x_wconf 86' lang='lat' dir='ltr'><strong>tantum,</strong></span> <span class='ocrx_word' id='word_1_723' title='bbox 716 5431 777 5477; x_wconf 88' lang='lat' dir='ltr'><strong>ut</strong></span> <span class='ocrx_word' id='word_1_724' title='bbox 823 5422 878 5478; x_wconf 92' lang='lat' dir='ltr'><strong>in</strong></span> <span class='ocrx_word' id='word_1_725' title='bbox 926 5420 1265 5489; x_wconf 88' lang='lat' dir='ltr'><strong>Dominicis;</strong></span> <span class='ocrx_word' id='word_1_726' title='bbox 1324 5429 1381 5478; x_wconf 92' lang='lat' dir='ltr'><strong>et</strong></span> <span class='ocrx_word' id='word_1_727' title='bbox 1426 5424 1536 5479; x_wconf 91' lang='lat' dir='ltr'><strong>duo</strong></span> <span class='ocrx_word' id='word_1_728' title='bbox 1584 5423 1801 5494; x_wconf 87' lang='lat' dir='ltr'><strong>cappati</strong></span> <span class='ocrx_word' id='word_1_729' title='bbox 1854 5422 2083 5479; x_wconf 89' lang='lat' dir='ltr'><strong>chorum</strong></span> 
     </span>
    </p>
   </div>
   <div class='ocr_carea' id='block_1_103' title="bbox 442 5509 2087 5582">
    <p class='ocr_par' dir='ltr' id='par_1_103' title="bbox 442 5509 2087 5582">
     <span class='ocr_line' id='line_1_103' title="bbox 442 5509 2087 5582; baseline -0.001 -14"><span class='ocrx_word' id='word_1_730' title='bbox 442 5516 661 5582; x_wconf 87' lang='lat' dir='ltr'><strong>regunt,</strong></span> <span class='ocrx_word' id='word_1_731' title='bbox 718 5510 862 5568; x_wconf 91' lang='lat' dir='ltr'><strong>sicut</strong></span> <span class='ocrx_word' id='word_1_732' title='bbox 914 5512 973 5567; x_wconf 89' lang='lat' dir='ltr'><strong>in</strong></span> <span class='ocrx_word' id='word_1_733' title='bbox 1027 5509 1379 5582; x_wconf 89' lang='lat' dir='ltr'><strong>duplicibus;</strong></span> <span class='ocrx_word' id='word_1_734' title='bbox 1437 5511 1493 5566; x_wconf 92' lang='lat' dir='ltr'><strong>in</strong></span> <span class='ocrx_word' id='word_1_735' title='bbox 1540 5512 1740 5582; x_wconf 90' lang='lat' dir='ltr'><strong>quibus</strong></span> <span class='ocrx_word' id='word_1_736' title='bbox 1784 5510 2087 5568; x_wconf 88' lang='lat' dir='ltr'><strong>concordat</strong></span> 
     </span>
    </p>
   </div>
   <div class='ocr_carea' id='block_1_104' title="bbox 442 5597 2082 5672">
    <p class='ocr_par' dir='ltr' id='par_1_104' title="bbox 442 5597 2082 5672">
     <span class='ocr_line' id='line_1_104' title="bbox 442 5597 2082 5672; baseline -0.001 -17"><span class='ocrx_word' id='word_1_737' title='bbox 442 5598 786 5655; x_wconf 90' lang='lat' dir='ltr'><strong>Ordinarium</strong></span> <span class='ocrx_word' id='word_1_738' title='bbox 828 5615 955 5668; x_wconf 92' lang='lat' dir='ltr'><strong>ms.,</strong></span> <span class='ocrx_word' id='word_1_739' title='bbox 1006 5617 1060 5672; x_wconf 92' lang='lat' dir='ltr'><strong>p.</strong></span> <span class='ocrx_word' id='word_1_740' title='bbox 1108 5599 1181 5653; x_wconf 87' lang='lat'><strong>74</strong></span> <span class='ocrx_word' id='word_1_741' title='bbox 1214 5619 1227 5655; x_wconf 93' lang='lat'>:</span> <span class='ocrx_word' id='word_1_742' title='bbox 1259 5597 1345 5654; x_wconf 79' lang='lat' dir='ltr'><strong>Ad</strong></span> <span class='ocrx_word' id='word_1_743' title='bbox 1400 5599 1652 5670; x_wconf 84' lang='lat' dir='ltr'><strong>Vesperas</strong></span> <span class='ocrx_word' id='word_1_744' title='bbox 1677 5616 1780 5656; x_wconf 90' lang='lat' dir='ltr'><strong>non</strong></span> <span class='ocrx_word' id='word_1_745' title='bbox 1827 5600 2036 5656; x_wconf 84' lang='lat' dir='ltr'><strong>dicatur</strong></span> <span class='ocrx_word' id='word_1_746' title='bbox 2064 5620 2082 5654; x_wconf 88' lang='lat'><strong><em>:</em></strong></span> 
     </span>
    </p>
   </div>
   <div class='ocr_carea' id='block_1_105' title="bbox 2171 4527 2610 4597">
    <p class='ocr_par' dir='ltr' id='par_1_105' title="bbox 2171 4527 2610 4597">
     <span class='ocr_line' id='line_1_105' title="bbox 2171 4527 2610 4597; baseline 0.002 -16"><span class='ocrx_word' id='word_1_747' title='bbox 2171 4527 2610 4597; x_wconf 84' lang='lat' dir='ltr'><strong>Rotomagensis.</strong></span> 
     </span>
    </p>
   </div>
   <div class='ocr_carea' id='block_1_106' title="bbox 2249 4615 3820 4690">
    <p class='ocr_par' dir='ltr' id='par_1_106' title="bbox 2249 4615 3820 4690">
     <span class='ocr_line' id='line_1_106' title="bbox 2249 4615 3820 4690; baseline 0.004 -22"><span class='ocrx_word' id='word_1_748' title='bbox 2249 4615 2400 4687; x_wconf 86' lang='lat'><strong>(178)</strong></span> <span class='ocrx_word' id='word_1_749' title='bbox 2457 4617 2768 4673; x_wconf 83' lang='lat' dir='ltr'><strong>Convocatio</strong></span> <span class='ocrx_word' id='word_1_750' title='bbox 2816 4619 3196 4690; x_wconf 80' lang='lat' dir='ltr'><strong>paenitentiam.</strong></span> <span class='ocrx_word' id='word_1_751' title='bbox 3261 4620 3506 4676; x_wconf 86' lang='lat' dir='ltr'><strong>Veterem</strong></span> <span class='ocrx_word' id='word_1_752' title='bbox 3563 4620 3706 4676; x_wconf 91' lang='lat' dir='ltr'><strong>hanc</strong></span> <span class='ocrx_word' id='word_1_753' title='bbox 3764 4625 3820 4676; x_wconf 90' lang='lat' dir='ltr'><strong>et</strong></span> 
     </span>
    </p>
   </div>
   <div class='ocr_carea' id='block_1_107' title="bbox 2170 4702 3814 4781">
    <p class='ocr_par' dir='ltr' id='par_1_107' title="bbox 2170 4702 3814 4781">
     <span class='ocr_line' id='line_1_107' title="bbox 2170 4702 3814 4781; baseline 0.005 -25"><span class='ocrx_word' id='word_1_754' title='bbox 2170 4702 2463 4761; x_wconf 88' lang='lat' dir='ltr'><strong>salutarem</strong></span> <span class='ocrx_word' id='word_1_755' title='bbox 2492 4705 2930 4764; x_wconf 89' lang='lat' dir='ltr'><strong>observationem</strong></span> <span class='ocrx_word' id='word_1_756' title='bbox 2960 4707 3204 4764; x_wconf 88' lang='lat' dir='ltr'><strong>Ecclesia</strong></span> <span class='ocrx_word' id='word_1_757' title='bbox 3242 4709 3662 4781; x_wconf 85' lang='lat' dir='ltr'><strong>Rotomagensis</strong></span> <span class='ocrx_word' id='word_1_758' title='bbox 3683 4709 3814 4764; x_wconf 86' lang='lat' dir='ltr'><strong>hac-</strong></span> 
     </span>
    </p>
   </div>
   <div class='ocr_carea' id='block_1_108' title="bbox 2171 4795 3817 4853">
    <p class='ocr_par' dir='ltr' id='par_1_108' title="bbox 2171 4795 3817 4853">
     <span class='ocr_line' id='line_1_108' title="bbox 2171 4795 3817 4853; baseline 0.004 -6"><span class='ocrx_word' id='word_1_759' title='bbox 2171 4797 2333 4849; x_wconf 91' lang='lat' dir='ltr'><strong>tenus</strong></span> <span class='ocrx_word' id='word_1_760' title='bbox 2377 4795 2820 4851; x_wconf 89' lang='lat' dir='ltr'><strong>constantissime</strong></span> <span class='ocrx_word' id='word_1_761' title='bbox 2876 4796 3074 4852; x_wconf 88' lang='lat' dir='ltr'><strong>tenuit.</strong></span> <span class='ocrx_word' id='word_1_762' title='bbox 3124 4798 3392 4853; x_wconf 68' lang='lat' dir='ltr'><strong>Caeterum</strong></span> <span class='ocrx_word' id='word_1_763' title='bbox 3452 4803 3643 4853; x_wconf 86' lang='lat' dir='ltr'><strong>notare</strong></span> <span class='ocrx_word' id='word_1_764' title='bbox 3681 4796 3817 4853; x_wconf 92' lang='lat' dir='ltr'><strong>libet</strong></span> 
     </span>
    </p>
   </div>
   <div class='ocr_carea' id='block_1_109' title="bbox 2171 4883 3814 4954">
    <p class='ocr_par' dir='ltr' id='par_1_109' title="bbox 2171 4883 3814 4954">
     <span class='ocr_line' id='line_1_109' title="bbox 2171 4883 3814 4954; baseline 0.002 -16"><span class='ocrx_word' id='word_1_765' title='bbox 2171 4896 2237 4939; x_wconf 83' lang='lat' dir='ltr'><strong>ex</strong></span> <span class='ocrx_word' id='word_1_766' title='bbox 2273 4883 2584 4952; x_wconf 89' lang='lat' dir='ltr'><strong>Ordinario,</strong></span> <span class='ocrx_word' id='word_1_767' title='bbox 2630 4884 2906 4954; x_wconf 89' lang='lat' dir='ltr'><strong>duplicem</strong></span> <span class='ocrx_word' id='word_1_768' title='bbox 2953 4885 3084 4941; x_wconf 91' lang='lat' dir='ltr'><strong>olim</strong></span> <span class='ocrx_word' id='word_1_769' title='bbox 3133 4886 3236 4943; x_wconf 90' lang='lat' dir='ltr'><strong>hac</strong></span> <span class='ocrx_word' id='word_1_770' title='bbox 3276 4885 3366 4942; x_wconf 90' lang='lat' dir='ltr'><strong>die</strong></span> <span class='ocrx_word' id='word_1_771' title='bbox 3405 4886 3814 4942; x_wconf 85' lang='lat' dir='ltr'><strong>absolutionem</strong></span> 
     </span>
    </p>
   </div>
   <div class='ocr_carea' id='block_1_110' title="bbox 2170 4970 3816 5046">
    <p class='ocr_par' dir='ltr' id='par_1_110' title="bbox 2170 4970 3816 5046">
     <span class='ocr_line' id='line_1_110' title="bbox 2170 4970 3816 5046; baseline 0.002 -19"><span class='ocrx_word' id='word_1_772' title='bbox 2170 4970 2290 5027; x_wconf 88' lang='lat' dir='ltr'><strong>dari</strong></span> <span class='ocrx_word' id='word_1_773' title='bbox 2353 4973 2723 5040; x_wconf 89' lang='lat' dir='ltr'><strong>consuevisse,</strong></span> <span class='ocrx_word' id='word_1_774' title='bbox 2798 4973 3023 5030; x_wconf 90' lang='lat' dir='ltr'><strong>alteram</strong></span> <span class='ocrx_word' id='word_1_775' title='bbox 3086 4976 3292 5046; x_wconf 87' lang='lat' dir='ltr'><strong>populo</strong></span> <span class='ocrx_word' id='word_1_776' title='bbox 3348 4981 3475 5046; x_wconf 90' lang='lat' dir='ltr'><strong>post</strong></span> <span class='ocrx_word' id='word_1_777' title='bbox 3520 4976 3816 5032; x_wconf 89' lang='lat' dir='ltr'><strong>matutinas</strong></span> 
     </span>
    </p>
   </div>
   <div class='ocr_carea' id='block_1_111' title="bbox 2168 5060 3817 5136">
    <p class='ocr_par' dir='ltr' id='par_1_111' title="bbox 2168 5060 3817 5136">
     <span class='ocr_line' id='line_1_111' title="bbox 2168 5060 3817 5136; baseline 0.002 -20"><span class='ocrx_word' id='word_1_778' title='bbox 2168 5060 2401 5130; x_wconf 88' lang='lat' dir='ltr'><strong>Laudes,</strong></span> <span class='ocrx_word' id='word_1_779' title='bbox 2468 5062 2638 5119; x_wconf 88' lang='lat' dir='ltr'><strong>altera</strong></span> <span class='ocrx_word' id='word_1_780' title='bbox 2684 5060 2837 5117; x_wconf 90' lang='lat' dir='ltr'><strong>ﬁnita</strong></span> <span class='ocrx_word' id='word_1_781' title='bbox 2872 5064 3025 5121; x_wconf 90' lang='lat' dir='ltr'><strong>Nona</strong></span> <span class='ocrx_word' id='word_1_782' title='bbox 3069 5065 3485 5135; x_wconf 75' lang='lat' dir='ltr'><strong>pmnitentibus,</strong></span> <span class='ocrx_word' id='word_1_783' title='bbox 3542 5079 3668 5136; x_wconf 69' lang='lat' dir='ltr'><strong>qua:</strong></span> <span class='ocrx_word' id='word_1_784' title='bbox 3726 5078 3817 5120; x_wconf 86' lang='lat' dir='ltr'><strong>re-</strong></span> 
     </span>
    </p>
   </div>
   <div class='ocr_carea' id='block_1_112' title="bbox 2169 5149 3815 5226">
    <p class='ocr_par' dir='ltr' id='par_1_112' title="bbox 2169 5149 3815 5226">
     <span class='ocr_line' id='line_1_112' title="bbox 2169 5149 3815 5226; baseline 0.002 -17"><span class='ocrx_word' id='word_1_785' title='bbox 2169 5149 2545 5209; x_wconf 87' lang='lat' dir='ltr'><strong>conciliationi</strong></span> <span class='ocrx_word' id='word_1_786' title='bbox 2588 5157 2644 5207; x_wconf 91' lang='lat' dir='ltr'><strong>et</strong></span> <span class='ocrx_word' id='word_1_787' title='bbox 2698 5153 2937 5208; x_wconf 89' lang='lat' dir='ltr'><strong>sermoni</strong></span> <span class='ocrx_word' id='word_1_788' title='bbox 2986 5154 3441 5226; x_wconf 89' lang='lat' dir='ltr'><strong>subjungebatur.</strong></span> <span class='ocrx_word' id='word_1_789' title='bbox 3489 5156 3565 5210; x_wconf 91' lang='lat' dir='ltr'><strong>De</strong></span> <span class='ocrx_word' id='word_1_790' title='bbox 3610 5168 3815 5212; x_wconf 86' lang='lat' dir='ltr'><strong>convo-</strong></span> 
     </span>
    </p>
   </div>
   <div class='ocr_carea' id='block_1_113' title="bbox 2168 5239 3811 5313">
    <p class='ocr_par' dir='ltr' id='par_1_113' title="bbox 2168 5239 3811 5313">
     <span class='ocr_line' id='line_1_113' title="bbox 2168 5239 3811 5313; baseline 0.002 -17"><span class='ocrx_word' id='word_1_791' title='bbox 2168 5241 2384 5297; x_wconf 89' lang='lat' dir='ltr'><strong>eatione</strong></span> <span class='ocrx_word' id='word_1_792' title='bbox 2448 5246 2505 5296; x_wconf 87' lang='lat' dir='ltr'><strong>et</strong></span> <span class='ocrx_word' id='word_1_793' title='bbox 2549 5239 2896 5298; x_wconf 92' lang='lat' dir='ltr'><strong>absolutione</strong></span> <span class='ocrx_word' id='word_1_794' title='bbox 2927 5244 3308 5313; x_wconf 76' lang='lat' dir='ltr'><strong>pmuitentium</strong></span> <span class='ocrx_word' id='word_1_795' title='bbox 3364 5243 3489 5299; x_wconf 90' lang='lat' dir='ltr'><strong>vide</strong></span> <span class='ocrx_word' id='word_1_796' title='bbox 3553 5244 3811 5300; x_wconf 90' lang='lat' dir='ltr'><strong>Ordinem</strong></span> 
     </span>
    </p>
   </div>
   <div class='ocr_carea' id='block_1_114' title="bbox 2168 5329 3810 5400">
    <p class='ocr_par' dir='ltr' id='par_1_114' title="bbox 2168 5329 3810 5400">
     <span class='ocr_line' id='line_1_114' title="bbox 2168 5329 3810 5400; baseline 0.002 -14"><span class='ocrx_word' id='word_1_797' title='bbox 2168 5332 2490 5399; x_wconf 82' lang='lat' dir='ltr'><strong>Romanum,</strong></span> <span class='ocrx_word' id='word_1_798' title='bbox 2541 5329 2847 5399; x_wconf 82' lang='lat' dir='ltr'><strong>Alcuinum,</strong></span> <span class='ocrx_word' id='word_1_799' title='bbox 2891 5332 2989 5389; x_wconf 89' lang='lat' dir='ltr'><strong>lib.</strong></span> <span class='ocrx_word' id='word_1_800' title='bbox 3034 5336 3110 5390; x_wconf 89' lang='lat' dir='ltr'><strong>De</strong></span> <span class='ocrx_word' id='word_1_801' title='bbox 3156 5333 3267 5390; x_wconf 92' lang='lat' dir='ltr'><strong>div.</strong></span> <span class='ocrx_word' id='word_1_802' title='bbox 3316 5332 3488 5400; x_wconf 89' lang='lat' dir='ltr'><strong>ofﬁc.,</strong></span> <span class='ocrx_word' id='word_1_803' title='bbox 3530 5335 3604 5389; x_wconf 91' lang='lat' dir='ltr'><strong>De</strong></span> <span class='ocrx_word' id='word_1_804' title='bbox 3644 5334 3810 5389; x_wconf 77' lang='lat' dir='ltr'><strong>Cmna</strong></span> 
     </span>
    </p>
   </div>
   <div class='ocr_carea' id='block_1_115' title="bbox 2166 5420 3805 5492">
    <p class='ocr_par' dir='ltr' id='par_1_115' title="bbox 2166 5420 3805 5492">
     <span class='ocr_line' id='line_1_115' title="bbox 2166 5420 3805 5492; baseline 0.002 -17"><span class='ocrx_word' id='word_1_805' title='bbox 2166 5420 2402 5487; x_wconf 91' lang='lat' dir='ltr'><strong>Domini,</strong></span> <span class='ocrx_word' id='word_1_806' title='bbox 2449 5420 2799 5489; x_wconf 84' lang='lat' dir='ltr'><strong>Amalarium,</strong></span> <span class='ocrx_word' id='word_1_807' title='bbox 2850 5421 2947 5478; x_wconf 86' lang='lat' dir='ltr'><strong>lib.</strong></span> <span class='ocrx_word' id='word_1_808' title='bbox 2990 5439 3028 5490; x_wconf 89' lang='grc' dir='ltr'><strong>ι,</strong></span> <span class='ocrx_word' id='word_1_809' title='bbox 3060 5438 3111 5478; x_wconf 93' lang='lat' dir='ltr'><strong>c.</strong></span> <span class='ocrx_word' id='word_1_810' title='bbox 3166 5421 3231 5476; x_wconf 88' lang='lat' dir='ltr'><strong>I2</strong></span> <span class='ocrx_word' id='word_1_811' title='bbox 3268 5428 3322 5478; x_wconf 90' lang='lat' dir='ltr'><strong>et</strong></span> <span class='ocrx_word' id='word_1_812' title='bbox 3351 5423 3674 5492; x_wconf 81' lang='lat' dir='ltr'><strong>Rupertum,</strong></span> <span class='ocrx_word' id='word_1_813' title='bbox 3708 5422 3805 5480; x_wconf 91' lang='lat' dir='ltr'><strong>lib.</strong></span> 
     </span>
    </p>
   </div>
   <div class='ocr_carea' id='block_1_116' title="bbox 2167 5508 2553 5578">
    <p class='ocr_par' dir='ltr' id='par_1_116' title="bbox 2167 5508 2553 5578">
     <span class='ocr_line' id='line_1_116' title="bbox 2167 5508 2553 5578; baseline 0.005 -13"><span class='ocrx_word' id='word_1_814' title='bbox 2167 5523 2223 5578; x_wconf 85' lang='grc' dir='ltr'><strong>γ,</strong></span> <span class='ocrx_word' id='word_1_815' title='bbox 2255 5523 2305 5565; x_wconf 88' lang='lat' dir='ltr'><strong>c.</strong></span> <span class='ocrx_word' id='word_1_816' title='bbox 2345 5508 2428 5578; x_wconf 91' lang='grc'>19,</span> <span class='ocrx_word' id='word_1_817' title='bbox 2459 5510 2553 5566; x_wconf 89' lang='lat' dir='ltr'><strong>Pa.</strong></span> 
     </span>
    </p>
   </div>
   <div class='ocr_carea' id='block_1_117' title="bbox 2239 5595 3811 5673">
    <p class='ocr_par' dir='ltr' id='par_1_117' title="bbox 2239 5595 3811 5673">
     <span class='ocr_line' id='line_1_117' title="bbox 2239 5595 3811 5673; baseline -0.01 -4"><span class='ocrx_word' id='word_1_818' title='bbox 2239 5596 2391 5669; x_wconf 72' lang='lat'>(179)</span> <span class='ocrx_word' id='word_1_819' title='bbox 2453 5601 2578 5656; x_wconf 80' lang='lat' dir='ltr'><strong>Tam</strong></span> <span class='ocrx_word' id='word_1_820' title='bbox 2625 5599 2794 5656; x_wconf 81' lang='lat' dir='ltr'><strong>clerus</strong></span> <span class='ocrx_word' id='word_1_821' title='bbox 2834 5615 2989 5672; x_wconf 86' lang='lat' dir='ltr'><strong>quam</strong></span> <span class='ocrx_word' id='word_1_822' title='bbox 3026 5599 3249 5673; x_wconf 85' lang='lat' dir='ltr'><strong>populus</strong></span> <span class='ocrx_word' id='word_1_823' title='bbox 3291 5601 3548 5672; x_wconf 86' lang='lat' dir='ltr'><strong>prostrati</strong></span> <span class='ocrx_word' id='word_1_824' title='bbox 3602 5595 3811 5656; x_wconf 81' lang='lat' dir='ltr'><strong>absolu-</strong></span> 
     </span>
    </p>
   </div>
  </div>
