4156 6196
470 333 541 388 99

1571 324 1867 382 JOANNES
1904 321 2321 379 ARCHIEPISC.
2363 323 2699 382 ROTOMAG.

3741 329 3844 384 100

468 459 613 515 libro
649 458 725 513 De
773 456 886 511 div.
943 452 1117 521 ofﬁc.,
1167 469 1216 508 c.
1259 451 1354 520 99,
1395 449 1532 506 dicit
1569 449 1638 504 ab
1687 447 1941 504 omnibus
1988 444 2496 504 reli-Acessionali
2534 449 2923 521 Rotomagensi
2963 449 3092 505 anni
3135 448 3265 505 1588
3297 451 3353 506 in
3393 450 3540 507 hunc
3568 453 3789 509 modum
3824 471 3838 508 :

468 547 658 620 giosis,
720 544 921 617 quibus
976 543 1277 599 necessitas
1333 548 1439 607 est,
1490 535 1898 595 communicari.
1956 533 2116 590 Ordi-

470 638 683 693 narium
731 640 913 690 autem
971 647 1072 688 ms.
1151 629 1542 687 canonicorum
1598 624 1771 697 regul.
1832 626 1887 680 8.
1946 622 2114 678 Laudi

472 721 891 795 Rotomagensis
932 742 945 776 :
1005 720 1105 777 His
1152 723 1377 791 quatuor
1422 714 1601 771 diebus
1650 711 1822 769 nullus
1876 726 1953 779 se,
2010 711 2118 765 nisi

472 810 774 871 rationabili
803 825 987 877 causa,
1020 824 1052 863 a
1081 806 1436 864 communione
1466 802 1615 859 debet
1644 800 1970 857 subtrahere.

545 902 691 975 (189)
747 900 1023 957 Nudantes
1080 896 1293 952 altaria.
1373 894 1449 948 De
1506 891 1805 948 nudatione
1862 888 2112 944 altarium

472 1006 647 1066 usque
702 990 771 1046 ad
828 988 1118 1044 Sabbatnm
1175 988 1423 1039 sanctum
1484 980 1751 1052 legendus
1804 978 1951 1034 Ordo
1997 978 2113 1033 Ro-

471 1095 664 1138 manus
712 1081 785 1135 De
841 1078 1005 1132 Cana
1051 1070 1304 1137 Domini;
1352 1069 1676 1135 Amalarius,
1725 1066 1763 1122 1.
1816 1083 1854 1133 ι,
1905 1067 1978 1121 De
2016 1080 2116 1121 ec-

470 1169 709 1227 clesiast.
759 1164 928 1232 ofﬁc.,
969 1178 1019 1219 c.
1061 1163 1136 1218 De
1175 1162 1341 1217 Caua
1370 1158 1625 1225 Domini;
1657 1158 1877 1213 Gemma
1918 1155 2114 1210 anima

470 1258 544 1314 De
595 1253 768 1325 antiq.
818 1253 929 1308 ritu
976 1250 1151 1316 miss.,
1199 1248 1236 1303 l.
1279 1263 1363 1314 ιιι,
1404 1260 1454 1302 c.
1488 1246 1580 1313 85,
1621 1251 1729 1301 etc.
1769 1246 2116 1313 Quapropter

469 1344 563 1417 qui
596 1343 681 1398 his
715 1341 913 1397 diebus
942 1339 1181 1409 privatas
1238 1336 1431 1391 missas
1460 1334 1743 1390 celebrant
1782 1329 2111 1403 presbyteri,

466 1432 684 1489 videant
713 1442 875 1500 quam
908 1440 1095 1500 parum
1126 1425 1299 1480 veteri
1332 1423 1588 1479 instituto
1628 1427 1683 1477 et
1725 1419 2113 1476 ecclesiastica

468 1521 575 1579 hoc
606 1522 875 1591 congruat
903 1513 1233 1585 disciplina.

538 1609 685 1683 (190)
717 1606 851 1664 Sola
908 1618 1047 1675 aqua
1088 1602 1319 1674 parietes
1365 1605 1419 1656 et
1464 1599 1784 1672 pavimenta.
1832 1597 1990 1665 Quod
2021 1611 2116 1666 pa-

468 1700 637 1758 rietes
692 1704 748 1753 et
804 1694 1171 1766 pavimentum
1218 1704 1360 1762 aqua
1413 1688 1580 1745 lavari
1647 1688 1885 1744 debeant
1949 1686 2115 1742 docet

467 1787 761 1851 Alcuinns,
796 1784 920 1841 libr.
952 1784 1028 1838 De
1068 1782 1177 1837 div.
1235 1780 1408 1847 ofﬁc.,
1430 1780 1485 1834 in
1529 1780 1695 1834 Cana
1728 1775 1940 1833 Domini
1972 1796 1985 1831 :
2024 1777 2133 1832 Eo-

467 1877 584 1933 dem
628 1875 713 1930 die
746 1872 944 1930 altaria
991 1869 1166 1943 templi
1203 1873 1253 1925 et
1296 1868 1528 1941 parietes
1555 1867 1663 1921 sive
1705 1866 2003 1937 pavimenta
2031 1879 2117 1920 ec—

466 1963 638 2021 clesia
680 1962 940 2019 lavantur.
995 1959 1226 2016 Alcuino
1259 1957 1625 2028 astipulantur
1675 1958 1914 2011 Joannes
1964 1954 2118 2010 Bele-

466 2054 594 2110 thus
624 2055 698 2109 De
728 2051 838 2107 div.
887 2047 1033 2106 ofﬁc.
1067 2063 1118 2104 c.
1164 2046 1284 2113 103,
1331 2053 1387 2102 et
1431 2047 1493 2102 G.
1525 2043 1833 2111 Durandus,
1865 2043 1902 2098 l.
1933 2059 2011 2107 VI,
2061 2058 2112 2099 c.

461 2143 554 2199 76.
612 2144 674 2198 In
731 2138 975 2196 Ecclesia
1029 2151 1161 2193 vero
1214 2134 1609 2207 Rotomagensi
1656 2133 1849 2188 altaria
1905 2139 2115 2188 tantum

463 2233 589 2290 vino
615 2239 671 2288 et
693 2244 836 2301 aqua
855 2228 1124 2284 lavantur.

536 2321 695 2397 (191)
761 2322 827 2375 In
878 2317 1109 2390 quadam
1166 2315 1317 2371 domo
1367 2314 1692 2381 conveniant,
1749 2318 1798 2368 et
1848 2311 2115 2368 Dominico

468 2409 705 2483 exemplo
751 2407 1054 2465 mandatum
1108 2404 1331 2477 faciant.
1390 2405 1451 2458 1n
1506 2403 1630 2458 navi
1679 2401 1929 2457 ecclesia
1968 2414 2117 2456 man-

467 2501 653 2556 datum
684 2498 745 2553 ﬁt
787 2508 1088 2569 pauperum
1139 2507 1242 2549 nec
1281 2492 1448 2547 hodie
1484 2492 1830 2546 clericorum.
1863 2491 1938 2545 De
1969 2502 2116 2544 man-

465 2591 595 2647 dato
626 2600 927 2661 pauperum
958 2585 1039 2640 sic
1068 2583 1323 2655 pracipit
1361 2583 1607 2652 synodus
1653 2580 1983 2636 autumnalis
2022 2594 2112 2635 an.

476 2677 632 2747 1641,
663 2684 768 2731 art.
799 2673 872 2730 4:
921 2674 988 2728 Ut
1030 2672 1168 2744 feria
1216 2671 1401 2740 quinta
1455 2670 1510 2725 in
1538 2671 1697 2727 Cana
1735 2669 1941 2725 Domini
1968 2684 2116 2724 man-

464 2766 643 2823 datum
688 2762 1012 2820 Dominicum
1067 2761 1122 2815 in
1166 2759 1386 2832 singulis
1443 2759 1504 2829 (si
1550 2758 1666 2831 ﬁeri
1706 2759 1896 2830 potest)
1953 2757 2112 2813 cccle-

459 2856 575 2925 siis,
622 2853 850 2910 maxime
904 2865 1025 2908 vero
1072 2852 1128 2905 in
1177 2847 1668 2919 congregationibus
1714 2847 2020 2903 clericorum
2065 2849 2115 2903 et

457 2943 847 3008 monachorum,
912 2938 1155 3009 religiose
1216 2943 1507 3010 peragatur
1529 2979 1544 3004 ,
1606 2951 1895 3007 pauperum
1954 2935 2114 3006 pedes

461 3032 709 3099 lavando,
775 3028 1042 3098 tergendo,
1103 3024 1481 3091 deosculando,
1542 3025 1723 3092 eisque
1769 3023 2113 3078 ministrando

2197 536 2321 591 Post
2347 538 2624 607 prandium
2673 538 2975 594 mandatum
3017 553 3306 611 pauperum
3359 539 3476 610 ﬁat,
3522 546 3571 596 et
3627 542 3843 597 manda-

2198 628 2305 680 tum
2349 624 2653 682 clericorum
2701 627 2779 682 ita
2821 625 3126 682 celebretur.
3172 627 3439 683 Sacerdos
3482 627 3692 683 indutus
3719 628 3843 683 alba

2197 727 2311 769 cum
2352 714 2573 771 diacono
2612 721 2661 771 et
2705 714 3025 771 subdiacono
3055 716 3323 771 Dominico
3358 715 3594 788 exemplo
3624 717 3846 773 manda-

2196 807 2302 856 tum
2364 815 2559 871 servat,
2617 811 2665 859 et
2732 810 2976 876 quantum
3028 804 3289 876 placuerit
3351 804 3417 859 de
3469 804 3754 874 majoribus
3789 805 3846 861 in

2197 889 2333 947 albis
2373 893 2535 963 pedes
2585 898 2889 948 eaterorum
2926 892 3121 948 lavent.
3180 894 3476 964 Perspicua
3532 893 3758 951 omnino
3787 902 3845 950 et

2194 980 2315 1037 fuse
2366 981 2434 1037 de
2486 981 2695 1053 duplici
2744 982 2999 1039 mandato
3049 983 3270 1038 disserit
3297 982 3644 1038 Ordinarium
3683 996 3847 1040 cano-

2196 1070 2444 1126 nicorum
2497 1070 2671 1127 sancti
2719 1071 2889 1128 Laudi
2948 1073 3400 1143 Rotomagensis,
3458 1070 3594 1128 feria
3649 1073 3843 1145 quinta

2196 1160 2251 1214 in
2280 1161 2447 1215 Cana
2478 1160 2712 1216 Domini.

2268 1246 2415 1320 (195)
2461 1248 2651 1305 Omnes
2687 1248 2851 1316 hora,
2901 1248 3135 1321 exceptis
3174 1248 3461 1304 matutinis.
3500 1248 3846 1305 Ordinarium

2197 1335 2447 1392 ecclesia
2487 1337 2929 1407 metropolitana
2954 1358 2967 1392 :
3008 1339 3170 1393 Hora
3199 1336 3349 1406 hujus
3378 1336 3481 1392 diei
3509 1353 3622 1392 eum
3639 1336 3844 1393 silentio

2195 1426 2251 1481 in
2278 1430 2504 1498 quatuor
2532 1425 2739 1496 angulis
2779 1426 2925 1482 chori
2971 1426 3216 1483 dicantur
3261 1439 3405 1481 more
3430 1426 3752 1493 Judaorum,
3781 1427 3871 1481 de'

2197 1519 2361 1570 morte
2388 1515 2597 1570 Domini
2633 1514 2904 1571 consilium
2932 1515 3261 1587 capientium.
3288 1517 3381 1571 Pu.

2267 1601 2356 1658 Sic
2387 1602 2551 1659 Liber
2584 1602 2837 1660 ofﬁcialis
2874 1604 3294 1676 Rotomagensis
3330 1618 3433 1661 ms.

2273 1688 2415 1761 (196)
2477 1690 2794 1747 Psalterium
2854 1707 2968 1747 cum
3023 1691 3209 1749 litania
3256 1694 3591 1749 communiter
3645 1692 3841 1748 dicant.

2211 1780 2316 1835 Per
2364 1779 2679 1850 psalterium
2716 1780 2806 1837 hic
2855 1780 3087 1852 intelligi
3137 1788 3367 1851 possunt
3403 1788 3611 1851 septem
3651 1779 3845 1851 psalmi

2203 1868 2611 1938 panitentiales
2661 1883 2783 1925 cum
2838 1869 3047 1933 litania.
3099 1871 3195 1941 qui
3234 1870 3481 1941 qualibet
3511 1876 3663 1926 sexta
3708 1868 3845 1924 feria

2200 1972 2300 2027 per
2349 1957 2827 2029 Quadragesimam
2903 1964 3030 2031 post
3095 1958 3309 2015 Laudes
3362 1959 3585 2015 recitari
3640 1957 3841 2023 solent,

2198 2047 2283 2102 vel
2344 2046 2529 2103 forsan
2586 2046 2903 2117 psalterium
2961 2047 3318 2117 psalmorum,
3386 2047 3456 2102 de
3510 2058 3622 2117 quo
3678 2060 3845 2115 supra

2198 2137 2429 2208 egimus.
2496 2136 2658 2192 Forte
2723 2135 2895 2191 satius
2958 2136 3260 2191 dixerimus
3315 2136 3588 2207 integrum
3649 2134 3848 2206 psalte-

2199 2224 2363 2291 rium,
2413 2226 2495 2280 sic
2533 2224 2676 2279 enim
2731 2224 3045 2294 prascribit
3079 2224 3425 2282 Ordinarium
3456 2226 3845 2281 canonicorum

2206 2316 2260 2370 S.
2310 2313 2480 2369 Laudi
2517 2315 2936 2385 Rotomagensis
2977 2334 2990 2369 :
3037 2318 3164 2387 Ipsa
3203 2315 3289 2370 die
3338 2313 3530 2383 singuli
3565 2312 3719 2369 simul
3761 2320 3845 2369 to-

2199 2409 2305 2459 tum
2341 2417 2411 2457 ea:
2447 2403 2630 2458 ordine
2661 2401 2969 2474 psalterium
3004 2404 3060 2458 in
3097 2404 3330 2459 claustro
3362 2403 3559 2459 dicant.

2273 2490 2418 2561 (197)
2452 2494 2494 2545 Α
2543 2490 2761 2546 lectione
2801 2490 2923 2547 libri
2950 2492 3133 2548 Exodi
3177 2492 3469 2548 inchoetur.
3508 2493 3664 2547 Nunc
3711 2490 3846 2547 inci-

2198 2578 2281 2649 pit
2308 2582 2339 2633 a
2371 2578 2609 2635 lectione
2638 2581 2796 2635 Osee.

2270 2666 2418 2738 (198)
2452 2670 2566 2723 Duo
2597 2668 2807 2724 diaconi
2861 2669 3052 2725 nudent
3098 2667 3271 2725 altare
3311 2668 3637 2724 sindonibus.
3678 2668 3842 2725 Ordi-

2197 2757 2409 2812 narium
2439 2758 2841 2828 Rotomagense
2899 2765 2955 2813 et
3008 2758 3171 2815 Liber
3222 2756 3475 2814 ofﬁcialis
3506 2772 3634 2814 mss.
3671 2777 3685 2813 :
3728 2759 3843 2814 Duo

2196 2844 2374 2900 clerici
2415 2846 2608 2901 nudent
2655 2844 2826 2902 altare
2872 2846 3195 2914 sindonibus,
3238 2854 3295 2902 et
3337 2848 3679 2904 Ordinarium
3710 2860 3842 2901 mss.

2194 2936 2250 2988 8.
2312 2933 2482 2988 Laudi
2530 2935 2817 3005 Rotomag.
2867 2935 3015 2991 Ordo
3049 2937 3374 2992 Romanus:
3423 2937 3539 2991 Duo
3592 2933 3840 3005 acolythi.

2194 3021 2429 3077 Missalia
2487 3022 2748 3079 Ecclesia
2807 3026 3228 3098 Rotomagensis
3303 3039 3392 3081 an.
3461 3024 3618 3091 1516,
3684 3022 3841 3092 1527,

459 3135 574 3175 cum
629 3117 766 3173 omni
817 3113 1127 3179 humilitate,
1156 3114 1291 3169 sicut
1335 3113 1390 3166 in
1447 3112 1548 3167 hac
1602 3115 1786 3165 sancta
1814 3105 2170 3181 metropoli-ﬂ
2199 3109 2332 3164 1538
2381 3118 2435 3166 et
2490 3108 2644 3165 1576.
2694 3113 2796 3167 Hic
2837 3112 3216 3170 subtrahantur
3263 3114 3381 3170 dua
3418 3128 3624 3185 mappa
3653 3128 3686 3168 a
3717 3112 3845 3168 dua-

460 3213 588 3265 tana
641 3203 882 3271 ecclesia,
942 3202 1168 3257 omnium
1213 3206 1412 3255 nostra
1454 3199 1741 3271 provincia
1778 3198 2114 3253 ecclesiarum

460 3298 628 3352 matre
655 3309 720 3349 ac
748 3292 1021 3363 magistra,
1070 3286 1411 3345 laudabiliter
1447 3288 1774 3362 observatur.
1814 3287 2113 3342 Advertant

459 3390 641 3439 autem
701 3379 1023 3437 sacerdotes
1069 3378 1212 3435 hanc
1244 3377 1442 3449 pedum
1475 3375 1737 3431 lotioncm
1787 3389 1897 3431 non
1951 3388 2112 3444 posse

460 3471 642 3528 omitti
682 3483 806 3525 cum
855 3467 1165 3525 mandatum
1208 3466 1281 3521 sit
1327 3465 1691 3531 Dominicum,
1732 3470 1787 3519 et
1823 3479 1853 3519 a
1883 3463 2111 3519 Domino

468 3563 801 3627 institutum,
860 3558 1100 3628 ideoque
1147 3557 1215 3612 ab
1265 3555 1541 3621 omnibus,
1592 3551 1868 3623 pracipue
1929 3560 2113 3622 pasto-

464 3651 640 3719 ribus,
718 3648 971 3720 exempio
1052 3645 1338 3703 Dominico
1404 3642 1641 3699 ﬁdeliter
1696 3649 1780 3698 est
1852 3655 2115 3712 peragen-

463 3741 679 3901 du£11192)
728 3831 794 3884 In
841 3827 1171 3897 refectorium
1219 3827 1462 3895 pergant.
1494 3821 1643 3877 Idem
1692 3820 1892 3891 legitur
1929 3820 1984 3874 in
2020 3821 2109 3875 0r~

464 3917 684 3974 dinario
715 3928 817 3970 ms.
852 3912 1244 3968 canonicorum
1291 3913 1345 3966 S.
1395 3910 1587 3966 Laudi.
1639 3911 1834 3964 Verum
1864 3922 1986 3964 cum
2012 3907 2113 3963 ho-

468 4005 560 4061 die
607 4004 666 4059 in
706 4002 940 4059 ecclesia
987 3999 1289 4057 cathedrali
1338 4012 1626 4055 commune
1680 4011 1791 4054 non
1847 3997 2114 4053 habeatur

467 4093 845 4161 refectorium,
904 4091 960 4146 in
1021 4088 1321 4162 capitulum
1389 4094 1644 4159 pergunt,
1691 4094 1752 4142 ut
1804 4086 2114 4156 prascribit

466 4181 816 4239 Ordinarium
856 4193 958 4236 ms.
999 4185 1054 4235 et
1109 4176 1525 4234 Processionale
1572 4177 2004 4245 Rotomagense,
2057 4181 2114 4230 et

462 4271 542 4328 ibi
577 4270 780 4343 legitur
825 4268 1175 4340 Evangelium
1221 4268 1450 4324 Joannis
1486 4279 1517 4321 a
1548 4265 1822 4336 principio
1860 4278 1982 4335 cap.
2015 4278 2113 4320 xm

464 4375 638 4437 usque
669 4358 737 4416 ad
767 4359 927 4415 ﬁnem
958 4374 1071 4414 nv.

2193 3198 2289 3254 bus
2339 3197 2576 3269 partibus
2622 3198 2810 3256 altaris
2852 3202 3075 3274 desuper
3106 3203 3315 3275 posita.
3377 3203 3553 3260 Hodie
3606 3214 3717 3258 non
3754 3215 3846 3257 θι-

2195 3288 2495 3343 trahuntur
2523 3287 2579 3342 in
2611 3288 2838 3346 dioecesi
2859 3291 3272 3363 Rotomagensi.

2269 3368 2406 3437 I36
2445 3376 2601 3447 ,(199)
2641 3380 2879 3450 Excepta
2932 3395 3056 3435 uoce
3110 3382 3326 3436 Domini
3388 3396 3503 3453 qua
3531 3380 3557 3406 ¹
3604 3381 3659 3435 in
3723 3380 3844 3435 aliis

2194 3465 2417 3520 dicatur.
2477 3466 2870 3523 Restitueudus
2934 3468 3025 3523 hic
3088 3468 3245 3524 locus
3311 3483 3379 3524 ex
3437 3469 3730 3525 Ordinario
3789 3474 3845 3523 et

2194 3554 2413 3610 duobus
2470 3553 2628 3610 libris
2675 3554 3005 3612 ofﬁcialibus
3061 3571 3192 3613 mss.
3253 3558 3322 3614 ad
3370 3572 3529 3614 usum
3579 3557 3843 3614 Ecclesia

2193 3644 2633 3715 Rotomagensis,
2685 3647 2741 3701 in
2772 3646 2972 3715 quibus
3022 3646 3268 3718 legitur:
3316 3648 3573 3703 Diaconus
3618 3648 3673 3701 in
3718 3646 3844 3703 alba

2194 3737 2315 3787 ante
2352 3730 2524 3787 altare
2560 3732 2699 3803 legat
2752 3734 3057 3790 Passionem
3110 3749 3254 3791 more
3310 3735 3564 3802 lectionis,
3622 3740 3841 3806 excepta

2192 3835 2317 3875 uoce
2343 3822 2551 3877 Domini
2578 3837 2693 3894 qua
2716 3836 2868 3880 more
2898 3823 3177 3896 Evangelii
3205 3823 3429 3895 legatur.

2266 3908 2407 3978 (200)
2460 3912 2575 3965 Duo
2620 3911 2921 3967 sacerdotes
2966 3911 3160 3968 casulis
3216 3913 3404 3979 induti,
3445 3921 3555 3971 etc.
3598 3915 3730 3970 Hac
3780 3922 3838 3970 et

2194 3996 2480 4065 sequentia
2537 3998 2729 4055 eodem
2786 4007 2980 4057 tenore
3035 4003 3390 4058 continentur
3444 4003 3501 4058 in
3547 4003 3837 4060 Ordinario

2195 4087 2585 4158 Rotomagensi
2615 4095 2740 4158 post
2765 4091 3179 4147 observationes
3207 4099 3444 4148 nostras.

2266 4173 2418 4246 (201)
2475 4177 2886 4250 Uniuseujusque
2948 4185 3125 4236 uenter
3176 4181 3234 4236 in
3287 4187 3432 4237 terra
3484 4180 3698 4239 harent.
3749 4181 3839 4238 Sic

2194 4264 2459 4320 Alcuinus
2502 4264 2601 4321 lib.
2633 4267 2709 4322 De
2743 4268 2912 4326 divin.
2945 4268 3092 4327 ofﬁc.
3129 4271 3216 4327 tit.
3258 4272 3336 4327 De
3363 4269 3503 4327 feria
3531 4277 3685 4327 sexta
3712 4284 3839 4341 qua

2196 4361 2252 4411 et
2298 4354 2596 4411 Parasceve
2630 4375 2643 4411 :
2696 4357 2917 4424 Quando
2954 4358 3091 4414 hanc
3138 4374 3343 4415 erucem
3379 4360 3664 4415 adoramus
3690 4374 3840 4415 omne

538 4435 684 4523 (i193)
756 4449 1040 4521 Unicuique
1100 4447 1325 4517 fratrum
1388 4446 1658 4518 episcopus
1710 4443 1943 4516 phialam
2008 4445 2115 4500 vini
2133 4435 2183 4493 D
2201 4458 2387 4514 corpus
2423 4448 2655 4500 nostrum
2691 4445 2885 4501 harent
2930 4452 3251 4514 ιον-γνῶμα...
3315 4449 3697 4521 prostemimur
3731 4463 3841 4504 cor-

468 4540 736 4597 eahibeat.
780 4538 912 4595 Vide
948 4527 1084 4602 I35
1125 4548 1252 4606 pOSt
1298 4535 1714 4592 observationes
1763 4547 1828 4589 ea
1874 4547 1998 4603 qua
2044 4533 2113 4590 de

466 4630 722 4687 mandato
771 4626 1142 4703 prascribunt
1181 4624 1472 4681 Ordinaria
1518 4637 1647 4679 mss.
1699 4622 1960 4679 Ecclesia
2006 4623 2113 4679 Ro-

466 4727 666 4791 tomag.
700 4726 755 4773 et
784 4714 1177 4773 canonicorum
1204 4714 1259 4770 8.
1286 4712 1479 4768 Laudi.

542 4806 689 4878 (194)
746 4805 1059 4861 Mandatum
1136 4815 1427 4874 pauperum
1508 4799 1808 4855 mandatum
1887 4799 2112 4870 fratrum

459 4893 744 4968 pracedat.
804 4894 1013 4965 Duplex
1069 4892 1214 4950 enim
1297 4890 1352 4945 in
1420 4888 1664 4946 Ecclesia
1720 4888 2109 4960 Rotomagensi

466 4983 598 5039 olim
629 4980 962 5047 mandatum,
1008 4989 1067 5035 ut
1121 4981 1322 5051 legitur
1350 4979 1406 5034 in
1435 4977 1726 5033 Ordinario
1764 4983 1820 5034 et
1857 4978 1913 5033 in
1945 4978 2110 5033 Libro

461 5072 683 5129 ofﬁciali
724 5072 1011 5140 Rotomag.
1054 5084 1217 5136 mss.;
1259 5084 1314 5125 et
1342 5067 1486 5139 apud
1517 5069 1840 5137 Rupertum,
1879 5068 1957 5122 De
1995 5066 2105 5122 div.

462 5163 630 5228 ofﬁc.,
664 5161 702 5217 i.
744 5176 801 5227 ν,
842 5173 891 5213 c.
933 5156 1022 5212 22.
1056 5159 1129 5212 De
1160 5159 1418 5214 mandato
1452 5170 1773 5227 pauperum,
1806 5161 1861 5211 et
1889 5156 1945 5210 in
1977 5156 2108 5211 Mis-

462 5253 563 5308 sall
610 5253 857 5308 Romano
895 5247 1004 5303 200
1038 5260 1305 5303 annorum
1351 5267 1366 5303 :
1426 5248 1551 5302 Post
1588 5245 1921 5300 nudationem
1976 5243 2110 5300 alta-

462 5342 619 5407 rium,
660 5340 791 5399 hora
840 5336 1148 5414 competenti
1189 5335 1330 5407 facto
1367 5336 1514 5406 signo
1544 5349 1659 5390 cum
1709 5330 1889 5389 tabula
1926 5347 2109 5388 conue-

459 5431 607 5487 niunt
687 5430 881 5499 fratres
974 5426 1046 5484 ad
1118 5425 1414 5497 faciendum
1484 5424 1787 5480 mandatum
1811 5465 1825 5490 ,
1882 5422 2109 5492 majores

461 5518 678 5577 abluunt
722 5518 880 5589 pedes
935 5513 1240 5581 minoribus,
1300 5517 1503 5583 tergunt
1550 5519 1599 5571 et
1654 5509 1972 5568 oscitlantur.
2034 5511 2107 5567 De

462 5607 718 5667 mandato
749 5620 1050 5677 pauperum
1090 5611 1146 5660 et
1185 5603 1513 5661 clericorum
1542 5603 1601 5660 ﬁt
1633 5601 1839 5658 mentio
1876 5599 1935 5655 in
1976 5601 2109 5656 Pro-

2190 4547 2324 4605 pore
2361 4537 2481 4588 ante
2518 4548 2718 4590 crucem
2754 4541 2921 4591 mente
2978 4541 3101 4591 ante
3152 4538 3443 4593 Dominum.
3493 4540 3626 4594 item
3683 4541 3839 4594 Ama-

2196 4621 2384 4688 larius,
2435 4623 2509 4678 De
2539 4622 2845 4679 ecclesiast.
2879 4622 3097 4692 ofﬁciis,
3148 4625 3184 4680 l.
3237 4641 3277 4692 ι,
3319 4640 3369 4681 c.
3411 4625 3495 4679 14.
3526 4628 3603 4682 De
3643 4626 3838 4682 adora-

2195 4710 2347 4766 tione
2401 4717 2607 4767 sancta
2664 4712 2867 4778 crucis,
2927 4720 2983 4767 et
3036 4713 3199 4770 Guill.
3250 4716 3558 4781 Durandus,
3616 4715 3834 4771 Ratio'n.

2195 4798 2305 4854 div.
2339 4798 2486 4855 ofﬁc.
2519 4799 2557 4854 1.
2589 4814 2667 4866 γι,
2705 4815 2755 4855 c.
2786 4800 2879 4856 77.
2903 4802 2979 4856 De
3018 4801 3109 4857 die
3138 4804 3484 4859 Parasceves.
3523 4804 3671 4859 idem
3701 4816 3840 4873 quo-

2193 4902 2300 4957 que
2336 4888 2571 4944 habetur
2608 4889 2663 4943 in
2711 4889 3002 4946 Ordinario
3032 4897 3087 4945 et
3116 4890 3273 4948 libris
3302 4892 3632 4948 ofﬁciaiibus
3674 4894 3840 4948 Κοιον

2195 4991 2334 5046 mag.
2378 4991 2507 5032 mss.
2552 4977 2608 5032 in
2656 4975 2839 5033 ofﬁcio
2889 4978 2998 5033 dici
3038 4980 3383 5037 Paraseeves.
3443 4980 3576 5037 Vide
3612 4981 3840 5041 Ordina-

2193 5068 2331 5122 rium
2363 5079 2464 5121 ms.
2497 5067 2888 5123 canonicorum
2926 5069 3259 5141 regularium
3288 5072 3345 5128 S.
3379 5071 3550 5127 Laudi
3581 5071 3840 5127 Rotoma.

2190 5157 2378 5229 gensis
2404 5155 2460 5210 in
2493 5155 2683 5211 eadem
2709 5154 2843 5213 feria
2873 5165 3045 5215 sexta.

2263 5242 2410 5313 (202)
2456 5245 2581 5299 Vino
2610 5250 2662 5300 et
2690 5259 2829 5316 aqua
2877 5246 3101 5306 lauetur.
3141 5250 3317 5319 liuius
3363 5249 3592 5307 lotionis
3634 5251 3841 5311 mentio

2191 5332 2253 5388 ﬁt
2303 5333 2359 5387 in
2398 5332 2689 5390 Ordinario
2719 5341 2774 5391 et
2802 5336 3047 5393 inlibris
3104 5339 3326 5395 ofﬁciali
3382 5341 3671 5411 Rotomag.
3705 5353 3835 5397 mss.

2190 5420 2544 5477 bibliotheca
2592 5423 2914 5495 Bigotiana,
2945 5426 3003 5482 in
3041 5428 3243 5497 quibus
3286 5429 3367 5484 sic
3414 5429 3618 5500 legitur
3652 5449 3666 5484 :
3706 5428 3839 5486 Oho-

2189 5523 2280 5564 ηε
2323 5509 2475 5580 ﬁniat
2519 5512 2876 5583 antiphonam,
2927 5530 3031 5586 qua
3077 5521 3293 5572 cantata
3339 5532 3477 5572 arua
3513 5516 3740 5590 penula
3782 5516 3837 5572 in

2190 5600 2671 5657 commemoratione
2716 5604 2987 5673 sanguinis
3032 5610 3080 5660 et
3124 5620 3275 5676 aqua
3318 5607 3523 5675 ﬂuentis
3568 5607 3635 5661 de
3672 5606 3837 5661 latere
