4156 6196
331 280 413 334 101

324 492 593 547 munionem
636 505 847 546 sacram
888 489 1059 545 clerus
1105 489 1248 545 bibat
1274 494 1324 545 ei
1364 488 1608 561 populus,
1640 494 1690 545 et
1720 490 1790 545 ad
1820 504 1949 560 opus

323 582 624 650 inﬁmorum
668 585 981 647 reservetur,
1024 585 1079 636 et
1128 580 1182 635 in
1232 577 1631 635 Proeessionali
1681 580 1947 634 Rotoma-

325 669 462 741 gensi
492 683 582 723 an.
620 667 756 721 1588
801 688 813 723 :
855 671 1020 724 Cruce
1049 668 1277 724 adorata
1307 683 1339 722 a
1377 666 1515 723 clero
1546 672 1595 723 et
1626 666 1840 739 populo,
1874 666 1949 721 la-

322 764 451 814 vetur
477 757 592 812 uino
623 761 672 812 et
701 773 860 829 aqua,
892 761 942 812 et
970 755 1186 812 tollatur
1212 758 1265 811 in
1294 755 1477 824 altum,
1500 761 1548 812 et
1577 760 1814 812 cantetur
1840 755 1951 809 hare

321 846 587 918 antiphona
616 861 874 916 sequens:
906 847 1083 915 Super
1111 845 1314 912 omnia,
1344 851 1452 901 etc.

387 934 516 1003 (203)
585 935 661 989 De
715 950 813 1005 quo
863 939 982 1005 post
1038 949 1249 989 sacram
1313 936 1721 990 communionem
1778 933 1950 989 clerus

321 1024 447 1079 bibat
474 1029 523 1079 et
564 1022 807 1096 populus.
842 1026 1010 1079 Secus
1056 1023 1201 1094 apud
1250 1023 1391 1079 alios
1437 1031 1577 1080 teste
1626 1023 1946 1095 Micrologo,

321 1114 405 1184 qui
448 1118 602 1169 notat
633 1127 700 1168 ex
746 1112 967 1168 Ordinis
1016 1112 1243 1168 Romani
1303 1114 1629 1183 praescripto
1678 1114 1733 1169 in
1780 1115 1952 1169 Para-

321 1216 525 1257 rasceve
554 1202 737 1256 vinum
786 1214 895 1256 non
926 1207 1305 1257 consecratum
1346 1216 1467 1257 cum
1516 1202 1797 1258 Dominica
1827 1216 1951 1258 ora-

320 1293 457 1347 tione
503 1297 560 1347 et
607 1290 875 1346 Dominici
934 1291 1187 1361 corporis
1242 1290 1579 1347 immissione
1636 1293 1949 1348 consecrari

319 1381 535 1446 (rectius
563 1380 792 1436 dixisset
820 1379 1171 1447 sanctiﬁeari)
1203 1386 1261 1436 ut
1300 1380 1537 1451 pepulus
1576 1380 1737 1452 plene
1775 1383 1952 1452 possit

318 1469 732 1525 communicare.
766 1470 860 1525 Pa.

382 1556 519 1630 (204)
558 1557 794 1614 Ministri
847 1558 1016 1611 crucis
1071 1556 1266 1612 casulis
1318 1557 1505 1623 induti,
1555 1564 1662 1614 etc.
1722 1559 1851 1613 ilaac
1898 1565 1953 1614 et

316 1645 593 1716 sequentia
621 1645 677 1701 in
716 1645 881 1701 Libro
924 1643 1148 1701 ofﬁciali
1197 1647 1484 1717 Rotomag.
1536 1660 1637 1703 ms.
1681 1646 1952 1702 habentur

1336 278 1530 333 NOTE
1574 276 1663 332 AD
1700 278 1951 333 LIBRUM
1988 278 2077 333 DE
2111 279 2324 334 OFFIC.
2366 280 2634 336 ECCLES.

328 403 661 474 Redemptoris
708 416 848 473 aqua
877 405 926 457 et
971 403 1091 457 vino
1138 401 1357 467 lauetur,
1391 400 1456 457 de
1492 416 1591 472 quo
1632 406 1753 472 post
1798 416 1943 456 com-
1960 406 2011 463 Α

3569 290 3672 348 102

2106 400 2252 473 (208)
2281 403 2548 459 Percussis
2575 401 2785 461 tabulis.
2808 405 3017 473 Quibus
3044 414 3276 467 utuntur
3303 412 3357 469 in
3390 415 3670 491 plerisque

2031 492 2437 560 parochialibus
2474 492 2743 561 ecclesiis,
2777 495 2873 551 sed
2921 496 2977 552 in
3024 497 3327 559 cathedrali
3377 513 3551 573 portae
3580 523 3672 565 ec-

2031 580 2215 636 clesia!
2246 582 2444 639 malleo
2475 582 2658 654 ligneo
2696 584 3099 653 percutiuntur.

2103 669 2247 739 (209)
2278 672 2531 727 Cantante
2559 670 2697 726 clero
2726 693 2742 725 :
2782 674 3061 731 Dominus.
3104 676 3205 745 Qui
3254 679 3507 751 sequitur
3555 683 3672 742 hia-

2030 764 2120 812 tus
2148 757 2394 827 suppleri
2436 767 2621 829 potest
2650 774 2715 815 ex
2744 761 3027 818 ordinario
3064 765 3315 822 ecclesia;
3346 772 3674 841 metropoli-

2031 853 2196 911 tame,
2229 846 2284 901 in
2315 859 2427 916 quo
2475 848 2576 902 hac
2607 847 2697 904 die
2747 850 2913 905 multa
2962 857 3151 909 notatu
3200 854 3363 927 digna
3412 860 3673 928 praescri-

2030 934 2254 989 buntur.
2296 935 2354 989 1n
2394 934 2501 1001 his,
2535 943 2595 991 ut
2632 936 2928 995 benedictus
2965 940 3099 1010 ignis
3142 959 3244 999 non
3290 948 3672 1018 exstinguatur,

2031 1022 2195 1077 donec
2237 1021 2535 1079 benedictus
2572 1040 2752 1081 meus
2781 1043 2840 1083 ea
2886 1021 3023 1090 I38
3064 1034 3382 1092 accendatur
3404 1057 3420 1090 :
3450 1037 3518 1094 sit
3555 1053 3674 1094 vero

2024 1109 2183 1179 juxta
2223 1113 2509 1167 Romanum
2548 1113 2795 1170 Ordinem
2834 1117 2971 1173 alius
3000 1134 3198 1191 cereus,
3230 1124 3318 1195 qui
3346 1142 3380 1181 a
3408 1125 3677 1184 benedicta

2033 1213 2181 1254 cerea
2210 1199 2552 1268 iliuminatus,
2584 1202 2655 1257 ad
2694 1206 2864 1273 fontes
2904 1222 3003 1278 per
3028 1216 3221 1282 septem
3250 1212 3361 1269 dies
3390 1215 3673 1286 deferatur,

2033 1293 2081 1345 et
2111 1288 2224 1344 loco
2252 1289 2487 1345 instituto
2517 1291 2573 1344 in
2598 1294 2766 1357 fontes
2795 1293 3047 1353 mittatur.
3088 1299 3255 1356 Addit
3289 1304 3633 1362 Ordinarium
3660 1326 3672 1360 :

2033 1379 2136 1434 Per
2178 1393 2380 1433 cereum
2426 1378 2617 1435 Christi
2660 1380 2965 1451 designatur
3017 1385 3313 1444 humanitas
3353 1412 3369 1445 :
3410 1392 3579 1450 lumen
3624 1395 3678 1450 in

2033 1482 2175 1533 cera,
2198 1467 2446 1523 diuinitas
2473 1469 2707 1538 virginea
2728 1485 2887 1527 carne
2916 1472 3221 1532 obumbrata
3244 1498 3260 1531 :
3282 1478 3418 1548 ignis
3446 1481 3499 1537 in
3528 1498 3675 1540 cerea

2032 1571 2194 1611 novus
2219 1555 2433 1625 ardens,
2463 1572 2599 1612 noua
2630 1558 2870 1616 doctrina
2900 1576 2934 1618 a
2964 1562 3167 1619 Christo
3207 1564 3262 1622 in
3298 1569 3583 1640 apostolos,
3610 1572 3677 1629 ab

2034 1643 2287 1718 apostolis
2314 1645 2372 1699 in
2398 1646 2641 1701 mundum
2668 1647 3023 1720 resplendcns.
3047 1653 3180 1707 item
3202 1660 3262 1709 ut
3286 1654 3407 1710 dum
3436 1655 3679 1715 lectiones

316 1733 501 1791 iisdem
555 1734 715 1803 plane
744 1734 945 1790 verbis.
984 1734 1118 1790 Vide
1167 1740 1294 1804 post
1341 1736 1755 1792 observationes
1790 1735 2086 1793 0rdl-Bet
2114 1732 2302 1789 litania
2348 1733 2714 1805 cantabuntur,
2744 1737 3033 1810 presbyteri
3078 1742 3398 1799 catechizent
3425 1745 3673 1816 infantes.

316 1824 516 1879 narium
550 1823 620 1879 de
654 1821 846 1879 Ofﬁcio
879 1823 1043 1893 hujus
1071 1823 1203 1879 diei.

379 1910 522 1983 (205)
570 1911 620 1966 A
670 1911 870 1982 majore
924 1913 994 1968 ad
1040 1912 1290 1968 minorem
1345 1929 1520 1969 omnes
1570 1915 1952 1969 communicen-

315 2007 409 2057 tur.
456 2003 517 2057 In
575 2000 866 2058 Ordinario
923 2016 1023 2058 ms.
1075 2009 1131 2058 et
1184 2004 1242 2059 in
1299 2003 1605 2060 Missallbus
1660 2005 1946 2076 Rotomag.

320 2088 466 2157 1513,
505 2088 661 2157 1516,
700 2089 855 2156 1527,
893 2089 1047 2158 1538,
1084 2090 1223 2145 1576
1250 2098 1307 2147 et
1337 2090 1476 2147 i604
1503 2093 1625 2149 haec
1656 2093 1946 2164 leguntur:

317 2179 723 2234 Communicetur
767 2180 857 2250 qui
910 2179 1128 2235 voluerit
1182 2172 1317 2241 I37
1376 2181 1508 2236 sicut
1556 2180 1796 2236 hesterna
1844 2181 1948 2237 die.

314 2268 368 2322 In
404 2269 612 2325 Ordine
642 2270 889 2325 Romano
924 2289 936 2324 :
979 2269 1360 2326 Cammunicent
1388 2285 1562 2325 omnes
1581 2285 1695 2325 cum
1720 2268 1947 2326 silentio.

314 2357 367 2411 In
397 2356 567 2413 Libro
596 2355 818 2412 ofﬁciali
856 2358 1142 2429 Rotomag.
1188 2373 1288 2413 ms.
1325 2378 1338 2413 :
1372 2359 1718 2415 Communicet
1746 2363 1795 2414 et
1833 2374 1949 2415 am-

309 2461 395 2501 nes
421 2448 622 2516 fratres
665 2445 778 2500 sine
806 2445 982 2501 osculo
1026 2447 1195 2518 pacis.
1229 2449 1290 2502 1n
1322 2448 1613 2503 Ordinario
1652 2449 1951 2505 canonico-

309 2548 428 2589 rum
460 2535 518 2589 S.
543 2533 713 2588 Laudi
733 2535 1152 2605 Rotomagensis
1174 2555 1186 2590 :
1212 2536 1286 2591 Se
1313 2541 1363 2590 et
1385 2541 1599 2591 ceteros
1618 2551 1731 2590 cum
1748 2536 1952 2591 silentio

308 2621 668 2676 communicet.

377 2707 527 2774 (206)
569 2709 654 2764 Ad
700 2710 1032 2780 refectionem
1071 2710 1230 2781 panis
1265 2713 1317 2765 et
1351 2724 1504 2780 aqua:
1543 2715 1787 2779 pergant.
1828 2712 1958 2766 Haec

2032 1824 2167 1878 Item
2199 1828 2259 1877 ut
2296 1822 2343 1877 si
2386 1820 2560 1878 nullus
2603 1824 2779 1895 infans
2816 1827 2976 1897 fuerit
3022 1829 3093 1884 ad
3138 1828 3527 1903 baptizandum,
3576 1851 3681 1892 non

2032 1910 2268 1965 mittatur
2289 1912 2356 1966 de
2382 1911 2659 1969 chrismate
2686 1920 2735 1971 et
2764 1915 2877 1971 alea
2915 1917 2971 1972 in
2996 1919 3193 1989 fontes;
3225 1922 3272 1976 si
3300 1927 3472 1978 autem
3496 1924 3677 1995 fuerit,

2032 2004 2154 2053 tunc
2179 2000 2433 2055 mittatur.
2476 2002 2573 2057 Pu.

2103 2087 2303 2144 Eadem
2351 2090 2577 2147 omnino
2624 2091 2882 2162 leguntur
2911 2094 2965 2150 in
3015 2097 3179 2154 Libro
3210 2098 3435 2158 ofﬁciali
3475 2117 3575 2161 ms.
3609 2104 3679 2161 ad

2034 2192 2192 2233 usum
2239 2178 2499 2235 Ecclesiae
2547 2181 2970 2255 Rolomagensis
3015 2201 3082 2242 ex
3129 2188 3466 2248 bibliotheca
3514 2193 3678 2266 Bige-

2034 2268 2201 2323 tiaua.

2105 2357 2206 2412 llic
2254 2358 2554 2413 notandum
2605 2362 2849 2417 occurrit
2896 2363 3045 2432 quod
3087 2378 3264 2421 annus
3310 2367 3378 2422 ab
3428 2370 3680 2427 incarna-

2034 2443 2185 2500 tione
2215 2445 2429 2500 Domini
2461 2445 2516 2500 in
2548 2460 2711 2502 cereo
2744 2449 2985 2518 paschali
3035 2451 3263 2508 inscribi
3304 2456 3489 2525 debet,
3522 2458 3681 2529 cujus

2033 2533 2415 2603 inscriptionis
2444 2536 2761 2602 meminere,
2814 2540 3089 2609 Rupertus
3136 2542 3451 2612 Tuitiensis,
3493 2546 3591 2603 lib.
3624 2562 3678 2601 v1

2037 2621 2113 2675 De
2160 2621 2329 2677 divin.
2380 2622 2551 2689 ofﬁc.,
2594 2639 2715 2695 cap.
2765 2624 2873 2694 29;
2930 2630 3229 2698 Honorius,
3273 2634 3423 2688 Gem.
3455 2635 3675 2697 animm.

2040 2710 2114 2763 De
2157 2711 2329 2779 antiq.
2369 2711 2457 2766 tit.
2494 2713 2670 2779 miss.,
2711 2714 2809 2770 lib.
2851 2731 2935 2781 ιιι,
2976 2732 3098 2788 cap.
3149 2718 3287 2787 102;
3330 2723 3388 2776 Β.
3422 2722 3682 2782 Lanfran-

308 2798 500 2867 jejunii
547 2811 739 2853 severa
768 2798 1101 2864 observatio,
1133 2813 1256 2867 qua:
1296 2800 1351 2853 in
1389 2798 1679 2854 Ordinario
1710 2806 1766 2854 et
1793 2800 1959 2855 Libro
2043 2812 2140 2851 cus
2195 2798 2251 2852 in
2303 2799 2548 2854 Decretis
2603 2814 2726 2871 pag.
2780 2802 2935 2869 266;
2994 2805 3316 2864 Guillclmus
3371 2811 3679 2880 Durandus,

315 2884 531 2942 oiﬁciali
580 2887 869 2957 Rotomag.
921 2900 1053 2942 mss.
1103 2885 1356 2953 habetur,
1403 2900 1514 2942 non
1562 2893 1772 2942 tantum
1812 2887 1957 2957 apud
2041 2887 2287 2953 Ration.,
2329 2886 2364 2941 l.
2407 2902 2484 2954 vx,
2519 2904 2567 2944 c.
2600 2889 2690 2957 80,
2723 2895 2778 2944 et
2822 2891 3065 2948 Joannes
3114 2893 3391 2963 Belethus,
3433 2897 3576 2956 libro
3607 2901 3682 2959 De

315 2980 588 3031 nostrates
615 2975 807 3046 viguit,
838 2988 1025 3031 verum
1063 2974 1227 3030 etiam
1258 2975 1314 3030 in
1357 2974 1482 3030 aliis
1529 2975 1867 3045 regionibus,
1901 2982 1961 3031 ut
2042 2972 2151 3029 div.
2190 2973 2359 3041 ofﬁc,
2407 2990 2456 3030 c.
2497 2974 2615 3042 108,
2664 2977 2718 3032 in
2768 2992 2913 3047 eum,
2956 2982 3049 3050 qui
3106 2984 3378 3054 sequitur,
3421 2987 3679 3045 modum:

317 3077 378 3119 ex
420 3066 630 3121 Ordine
684 3066 950 3129 Romano,
1003 3070 1059 3119 et
1104 3064 1336 3120 Alcuino
1383 3071 1636 3132 constat;
1687 3065 1767 3121 sic
1815 3065 2337 3125 enimCAnnatatur
2373 3064 2578 3135 quidem
2623 3066 2679 3119 in
2722 3081 2870 3122 cerea
2913 3070 3154 3140 paschali
3201 3087 3368 3129 annus
3406 3075 3473 3131 ab
3503 3078 3685 3133 Incor-

317 3150 405 3207 lib.
438 3156 514 3209 De
550 3153 661 3208 div.
702 3151 871 3219 oiﬁc.,
905 3153 990 3208 tit.
1033 3153 1107 3208 De
1137 3154 1303 3208 Carna
1343 3153 1557 3209 Domini
1595 3152 1789 3209 scribit
1822 3174 1835 3208 :
1876 3152 1958 3208 Ab
2039 3150 2251 3206 natione
2296 3152 2526 3219 Domini,
2579 3153 2930 3211 inscribuntur
2985 3173 3187 3231 quoque
3242 3176 3390 3218 cerea
3444 3163 3687 3236 paschali

316 3240 409 3296 hac
450 3247 608 3297 nocte
635 3257 797 3313 usque
824 3242 910 3297 Ad
949 3240 1239 3298 Sabbatum
1286 3240 1519 3297 nonnulli
1545 3242 1682 3297 serui
1720 3244 1818 3297 Dei
1843 3243 1955 3297 imi-
2039 3239 2274 3306 indictio,
2306 3239 2387 3295 uel
2432 3255 2562 3309 tera,
2596 3248 2750 3313 atque
2794 3250 3001 3315 epacta.
3038 3249 3167 3304 llaec
3215 3249 3270 3305 in
3321 3252 3566 3311 Ecclesia
3594 3268 3684 3310 ca-

318 3334 475 3387 lantes
518 3330 795 3403 apostolos
837 3331 1009 3401 jejuni
1062 3337 1401 3401 permanent;
1453 3330 1618 3403 aliqui
1662 3346 1784 3387 uero
1829 3347 1958 3387 con-
2039 3328 2276 3383 tbcdrali
2326 3331 2704 3388 tantummodo
2750 3341 3057 3404 serventur,
3098 3337 3156 3393 in
3203 3353 3309 3409 qua
3357 3341 3541 3397 tabula
3590 3356 3687 3412 pa-

320 3420 588 3475 tentisunt
629 3433 770 3490 pane
807 3423 1007 3475 tantum
1034 3429 1081 3475 et
1130 3419 1343 3485 herbis;
1394 3425 1554 3491 atque
1601 3419 1959 3489 leguminibus,
2040 3417 2213 3472 sebali
2260 3433 2290 3472 ει
2336 3419 2667 3475 cancellario
2727 3422 3067 3489 inscribitur,
3119 3431 3174 3480 et
3221 3441 3384 3484 cereo
3442 3429 3685 3498 paschali

320 3520 404 3561 seu
446 3508 648 3563 sicera.
699 3507 847 3563 idem
895 3508 1183 3564 conﬁrmat
1226 3509 1536 3575 Durandus,
1586 3509 1807 3565 Ration.
1849 3509 1960 3564 div.
2043 3505 2301 3575 ai'ﬁgitur,
2334 3519 2496 3575 quam
2526 3521 2628 3561 suo
2658 3506 2782 3563 loco
2814 3509 3066 3564 dabimus
3112 3525 3212 3581 pro
3244 3526 3387 3569 anno
3427 3517 3687 3585 praesenti

322 3594 483 3662 ofﬁc,
526 3596 633 3652 lib.
683 3611 762 3665 γι,
804 3611 925 3667 cap.
963 3597 1055 3651 77.
1107 3598 1182 3652 De
1228 3598 1547 3663 Parasceve,
1586 3598 1679 3653 ubi
1727 3597 1849 3652 ait:
1902 3599 1964 3651 In
2051 3593 2187 3647 1678
2218 3607 2285 3647 ex
2332 3593 2527 3648 eodem
2567 3608 2730 3649 ceree
2780 3595 3113 3652 cathedralis
3143 3598 3394 3657 ecclesia:
3437 3602 3693 3671 deprom-

322 3683 613 3740 Parasceae
657 3700 759 3741 uno
805 3685 918 3741 solo
966 3684 1080 3740 cibo
1125 3685 1397 3740 vescimur.
1448 3685 1797 3741 Ordinarium
1834 3698 1965 3740 vero
2047 3687 2215 3751 ptam.

325 3784 422 3827 ms.
489 3776 883 3832 canonicorum
947 3773 1280 3845 regularium
1341 3776 1395 3829 S.
1456 3773 1627 3830 Laudi
1701 3774 1966 3830 Rotoma-
2121 3769 2267 3841 (210)
2306 3768 2445 3826 Alba
2497 3769 2619 3827 licet
2676 3770 2963 3845 baptizatis
3017 3776 3111 3831 uti.
3171 3778 3261 3834 Sic
3297 3778 3582 3850 Alcuinus,
3637 3783 3693 3843 in

324 3862 503 3930 gensis
542 3884 555 3918 :
606 3865 674 3918 In
718 3879 897 3918 mensa
944 3862 1152 3918 nonnisi
1189 3862 1348 3934 panis
1394 3868 1444 3917 et
1490 3878 1649 3934 aqua,
1700 3868 1750 3918 et
1795 3861 1968 3918 herba

326 3950 493 4006 crudae
528 3957 883 4024 opponantur.
928 3953 1056 4008 Post
1104 3951 1392 4021 prandium
1440 3958 1622 4007 autem
1664 3965 1777 4007 non
1816 3951 1968 4022 sigil-

328 4034 468 4094 latim
497 4040 954 4111 Completorium,
985 4040 1084 4097 sed
1130 4040 1187 4095 in
1216 4040 1494 4096 communi
1541 4040 1807 4097 mediocri
1836 4054 1970 4097 voce

329 4134 593 4197 cantatur,
623 4130 770 4187 sicut
798 4135 852 4187 et
881 4131 939 4186 in
968 4129 1059 4185 die
1087 4132 1271 4185 Omna:
1306 4129 1541 4185 Domini.

398 4218 535 4285 (207)
593 4221 756 4275 Nona
812 4220 943 4275 hora
998 4218 1124 4274 diei.
1199 4218 1504 4274 Concilium
1569 4219 1972 4292 Rotomagense

329 4305 426 4360 sub
464 4309 681 4365 Joanne
726 4315 920 4365 nostro
966 4308 1301 4364 celebratum
1348 4311 1411 4363 Α.
1452 4309 1512 4363 C.
1558 4309 1744 4379 (juxta
1790 4308 1968 4364 Orde-

2050 3859 2283 3930 epistola
2312 3859 2379 3915 ad
2410 3859 2683 3917 Oduinum
2722 3864 3123 3934 presbyterum,
3157 3875 3212 3924 et
3249 3868 3507 3926 Rabanus
3542 3872 3695 3929 Mau-

2052 3962 2165 4014 rus,
2200 3948 2276 4004 lib
2305 3961 2330 4004 I
2369 3950 2443 4005 De
2473 3950 2711 4007 institui.
2745 3953 2960 4019 eleric.;
3009 3969 3130 4027 cap.
3163 3956 3253 4014 29.
3307 3960 3441 4016 item
3479 3962 3697 4019 Gemma

2052 4040 2269 4106 animae,
2302 4038 2400 4095 lib.
2443 4056 2483 4107 ι,
2537 4054 2587 4096 e.
2629 4040 2734 4095 243
2776 4062 2789 4097 :
2841 4044 3107 4116 Baptizati
3155 4053 3326 4104 autem
3372 4049 3489 4106 ideo
3535 4056 3699 4108 uestes

2053 4126 2205 4184 albas
2247 4134 2480 4199 portant,
2513 4130 2635 4201 quia
2665 4132 2914 4188 amissam
2959 4134 3307 4193 innocentiam
3352 4154 3409 4193 se
3445 4140 3701 4215 recepisse

2054 4217 2337 4274 insinuant.

2128 4305 2269 4377 (211)
2310 4308 2459 4374 Quod
2494 4324 2592 4380 per
2630 4314 2826 4381 septem
2872 4311 2985 4366 dies
3022 4311 3156 4367 alba:
3194 4319 3358 4369 uestes
3398 4321 3699 4387 portantur.

333 4391 424 4449 rici
468 4396 765 4464 calculum)
801 4396 954 4464 1072,
992 4410 1113 4452 ean.
1164 4395 1228 4449 21
1276 4416 1289 4451 :
1347 4398 1473 4452 Item
1516 4401 1766 4452 statutum
1803 4402 1878 4451 est
1914 4401 1969 4452 ut
1990 4396 2338 4463 DAlcuiuus,
2371 4396 2515 4452 libro
2544 4398 2619 4453 De
2650 4398 2819 4453 divin.
2844 4397 3014 4467 ofﬁc.,
3039 4401 3123 4456 tit.
3158 4402 3232 4458 De
3254 4402 3492 4459 Sabbato
3523 4404 3701 4463 sancti

332 4482 560 4542 Sabbata
610 4487 830 4542 Pascha
875 4486 1104 4556 officium
1133 4491 1254 4541 ante
1290 4488 1503 4542 Nonum
1530 4500 1635 4541 non
1671 4485 1969 4556 incipiatur.
2056 4484 2279 4541 Pascha:
2323 4504 2336 4539 :
2383 4486 2534 4541 Omni
2581 4491 2752 4542 autem
2798 4488 2882 4543 die
2918 4504 3081 4563 usque
3127 4491 3181 4545 in
3218 4494 3432 4546 octavas
3469 4491 3540 4546 ad
3586 4491 3705 4546 mis-

332 4571 411 4626 Ad
452 4580 657 4631 noctem
692 4576 829 4630 enim
866 4576 1150 4630 Dominicw
1194 4574 1590 4631 resurrectionis
1636 4575 1866 4646 respicit,
1910 4573 1975 4629 ob
2056 4588 2175 4629 sam
2204 4573 2409 4629 ueniant
2437 4580 2486 4630 et
2533 4576 2923 4633 communicent.
2974 4579 3109 4635 item
3156 4579 3431 4646 Rabanus,
3464 4578 3502 4635 1.
3536 4595 3597 4649 ιι,
3628 4581 3704 4636 De

332 4661 470 4729 cujus
506 4665 855 4720 reuerentiam
891 4663 1074 4720 Gloria
1112 4664 1169 4719 in
1209 4664 1443 4719 excelsis
1480 4664 1613 4729 Deo,
1656 4670 1712 4718 et
1746 4661 1977 4718 Alleluia
2059 4663 2233 4718 instit.
2284 4661 2496 4730 clerie.,
2531 4677 2580 4718 c.
2622 4663 2693 4717 39
2738 4684 2749 4719 :
2801 4666 3012 4738 Septem
3063 4666 3174 4721 dies
3222 4665 3374 4723 albas
3420 4668 3705 4723 vocitamus

335 4755 591 4819 cantatur,
616 4753 755 4824 quod
784 4752 941 4807 etiam
964 4754 1020 4807 in
1048 4753 1208 4823 ofﬁcii
1236 4752 1405 4820 initio,
1437 4752 1573 4807 cerei
1601 4751 1801 4808 scilicet
1829 4752 1978 4808 bene-
2058 4755 2269 4821 propter
2296 4764 2385 4805 eas
2413 4752 2502 4821 qui
2529 4754 2583 4805 in
2610 4757 2795 4807 sancta
2844 4758 2990 4808 nocte
3038 4751 3292 4824 baptizati
3333 4752 3469 4811 albis
3495 4771 3594 4829 per
3624 4761 3703 4813 ta-

337 4837 578 4909 dictione,
611 4846 949 4898 monstratur.
991 4842 1140 4897 Idem
1172 4842 1335 4911 paulo
1377 4847 1502 4912 post
1532 4840 1863 4898 inculcatum
1894 4848 1979 4897 est

336 4925 387 4981 in
414 4931 660 4987 concilio
688 4930 1038 4986 Arvernensi.
1072 4932 1167 4985 Ριι.

404 5019 553 5075 Idem
603 5021 771 5076 docet
816 5020 1141 5088 Durandus,
1191 5021 1411 5075 Ration.
1460 5019 1631 5075 divin.
1683 5018 1830 5075 oiﬁe.
1881 5018 1976 5074 lib.

341 5121 409 5172 v1,
450 5124 503 5165 e.
543 5109 639 5165 78.
692 5110 886 5165 Verum
942 5109 1097 5180 liugo
1141 5123 1171 5164 a
1217 5112 1273 5165 S.
1322 5110 1564 5175 Victore,
1624 5110 1698 5164 De
1753 5108 1979 5179 speciali

341 5196 484 5253 miss.
528 5199 832 5265 observat.,
865 5198 901 5254 l.
936 5214 1015 5260 ιιι,
1051 5214 1101 5253 e.
1132 5196 1223 5265 2t,
1263 5198 1593 5255 hodiernum
1642 5211 1848 5255 morem
1887 5198 1985 5253 im-

343 5286 556 5351 probat.
612 5290 738 5343 Vere
778 5287 1013 5359 (inquit)
1054 5287 1254 5358 antiqui
1299 5287 1415 5356 jam
1447 5288 1559 5358 fere
1597 5291 1862 5343 transacto
1900 5286 1986 5342 die

342 5371 564 5431 Sabbati
620 5376 847 5448 officium
901 5377 1001 5433 hoc
1057 5373 1387 5431 celebrabant
1412 5418 1426 5441 ,
1483 5375 1576 5431 sed
1624 5375 1987 5432 modernarum

346 5460 586 5520 debilitas
616 5467 686 5521 ad
733 5464 917 5539 epulas
962 5465 1219 5536 festinans
1265 5468 1462 5534 tempus
1504 5466 1754 5534 prteuenit
1800 5465 1989 5520 consti-

346 5554 522 5609 tutum.

2061 4843 2167 4893 tam
2212 4838 2588 4895 hebdomadam
2633 4846 2846 4896 utuntur
2873 4840 3118 4909 aestibus,
3150 4848 3200 4899 et
3243 4859 3343 4917 per
3369 4852 3563 4921 septem
3594 4846 3707 4902 dies

2061 4929 2116 4981 in
2172 4927 2406 4997 angelico
2459 4929 2718 4984 castitatis
2774 4927 2974 4995 habitu,
3034 4935 3084 4985 et
3142 4930 3421 4989 luminibus
3484 4932 3709 4991 ccclesiis

2064 5016 2347 5085 claritatis,
2377 5019 2575 5073 sanctis
2605 5017 2852 5073 assistere
2877 5019 3153 5090 sacriﬁciis
3178 5022 3364 5080 solent.
3407 5024 3541 5078 item
3572 5037 3713 5093 pra:-

2064 5108 2198 5177 cipit
2231 5107 2526 5184 concilium
2575 5108 2978 5181 Rotomagense
3008 5110 3110 5165 sub
3144 5111 3407 5184 Malgerto
3446 5124 3537 5169 an.
3576 5109 3712 5167 1050

2067 5196 2425 5261 celebratum,
2470 5183 2607 5258 I39
2648 5209 2769 5252 can.
2811 5195 2916 5252 19.-
2953 5201 3019 5255 Ut
3048 5183 3301 5273 baptizati
3339 5200 3393 5256 in
3423 5201 3605 5259 eadem
3630 5217 3713 5261 ec-

2066 5284 2227 5341 clesia
2255 5286 2311 5340 in
2338 5300 2441 5356 qua
2482 5286 2889 5355 regenerationis
2939 5289 3165 5358 gratiam
3212 5296 3540 5365 acceperunt,
3572 5295 3621 5347 et
3656 5291 3713 5346 in

2068 5390 2171 5446 qua
2190 5373 2500 5447 parochiani
2520 5374 2753 5430 existunt
2766 5390 2866 5448 per
2894 5382 3106 5433 octavos
3135 5377 3246 5432 dies
3268 5379 3321 5435 in
3340 5377 3490 5437 Albis
3517 5394 3714 5453 repra—

2068 5469 2300 5520 sentetur
2327 5477 2440 5517 cum
2468 5465 2631 5520 cereis
2661 5465 2981 5522 ardentibus.

2144 5552 2290 5622 (212)
2320 5554 2423 5607 Per
2450 5559 2684 5609 octavam
2716 5571 2818 5627 qua
2848 5561 3013 5610 testes
3043 5553 3384 5624 deponuntur.
3418 5557 3506 5613 Sic
3530 5557 3715 5613 Alcui-
