4156 6196
462 300 561 355 103

1553 294 1848 351 JOANNES
1881 291 2298 349 ARCHIEPISC.
2338 289 2673 346 ROTOMAG.

3714 285 3814 341 104

455 438 578 490 nus,
601 422 670 480 de
698 422 936 479 Sabbato
957 420 1014 478 in
1040 420 1227 476 Albis:
1260 419 1433 476 Hodie
1462 417 1628 475 albati
1655 420 1743 491 qui
1768 419 1825 473 in
1852 416 2088 475 Sabbato
2106 422 2159 481 Α
2252 414 2410 487 (218)
2452 416 2568 470 Hoc
2598 417 2814 485 peracto
2842 411 3104 483 quoddam
3138 411 3523 485 responsorium
3553 414 3816 467 cantetur.

452 517 632 568 sancto
668 510 919 582 baptizati
948 511 1177 582 fuerunt,
1208 508 1431 564 vestibus
1460 506 1593 563 albis
1622 511 1899 562 eruuntur.
1929 509 2094 562 Ama-

455 600 645 667 larius,
678 600 748 657 de
794 599 1031 655 Sabbato
1060 598 1116 654 in
1154 597 1326 666 Albis,
1358 610 1479 666 cap.
1511 594 1576 649 51
1614 614 1626 650 :
1670 595 1771 662 Qui
1798 596 1854 649 in
1890 594 2093 652 Christo

453 696 572 747 sunt
602 696 651 747 et
679 695 797 747 sunt
829 690 952 759 agni
980 688 1187 757 novelli,
1221 693 1268 744 et
1298 686 1448 742 hodie
1478 690 1802 741 revertuntur
1829 686 1901 741 ad
1927 686 2095 755 fontes

456 785 511 837 ut
540 784 737 835 emant
764 795 821 834 se
850 779 1005 835 albis.

529 867 671 940 (213)
718 867 933 925 Duobus
980 866 1100 924 aliis
1156 865 1363 921 tertiam
1419 862 1659 920 litaniam
1712 862 2093 935 incipientibus.

457 960 631 1017 llodie
680 959 799 1015 hac
849 956 1036 1013 litania
1063 970 1092 1011 a
1135 955 1310 1010 tribus
1340 954 1588 1024 cappatis
1617 953 1686 1009 de
1720 952 1914 1022 majori
1962 951 2095 1008 sede

455 1048 671 1106 canitur
707 1047 764 1103 in
793 1046 964 1103 choro
1007 1042 1270 1110 ﬁnienda,
1306 1048 1364 1099 ut
1402 1056 1469 1098 ex
1514 1040 1807 1099 Ordinario
1848 1047 1904 1097 et
1941 1040 2098 1096 libris

456 1136 781 1194 ofﬁcialibus
827 1136 1113 1203 Rotomag.
1159 1146 1292 1188 mss.
1325 1130 1653 1203 colligitur:
1702 1129 1879 1200 prima
1905 1142 2036 1186 vero
2064 1144 2097 1184 a

454 1232 664 1297 septem
710 1222 914 1294 pueris,
961 1220 1206 1278 secunda
1252 1235 1283 1275 a
1331 1219 1577 1291 quinque
1627 1219 1847 1275 clericis
1894 1218 1963 1274 de
2011 1232 2098 1274 se-

455 1314 631 1370 cunila
661 1311 792 1368 sede
831 1311 887 1367 in
935 1309 1392 1381 superpelliceis;
1444 1324 1568 1379 qua
1606 1314 1721 1364 tres
1758 1307 1964 1364 litania
2002 1305 2099 1362 de-

453 1402 770 1457 scribuntur
800 1401 858 1456 in
894 1399 1099 1456 Ordine
1137 1400 1386 1455 Romano
1417 1402 1473 1454 et
1501 1412 1532 1453 a
1569 1410 1853 1453 sacrorum
1892 1396 2098 1452 rituum

457 1506 519 1547 ex
526 1489 884 1560 positoribus.

527 1577 669 1649 (214)
728 1579 851 1633 Post
903 1577 1087 1634 Gloria
1142 1576 1197 1632 in
1256 1575 1507 1643 excelsis,
1566 1574 1737 1631 altare
1790 1574 2098 1630 incensetur.

451 1668 839 1725 Ordinarium:
874 1667 1091 1723 Interim
1127 1665 1568 1738 archiepiscopus,
1597 1664 1680 1720 vel
1704 1663 1955 1720 sacerdos
1984 1678 2100 1718 cum

2172 503 2391 561 Nullum
2428 501 2840 572 responsorium
2878 499 3115 568 canitur,
3145 500 3243 557 sed
3274 500 3424 556 dicto
3457 502 3563 555 Deo
3592 499 3815 569 gratias,

2174 594 2410 664 quisque
2468 591 2690 647 domum
2746 591 3080 657 revertitur,
3137 596 3199 645 ut
3263 596 3417 646 notat
3470 588 3818 645 Ordinarium

2175 685 2577 750 Rotomagense
2624 694 2726 736 ms.
2787 681 2866 736 lte
2914 679 3078 734 missa
3133 685 3217 735 est
3263 678 3444 750 festive
3489 678 3718 744 dicatur,
3768 680 3819 732 et

2175 770 2528 827 benedictione
2582 773 2798 840 accepta
2852 767 3135 833 recedant;
3196 774 3251 824 et
3308 766 3658 823 Ordinarium
3714 780 3816 821 ms.

2176 859 2570 916 canoniccrum
2633 860 2689 913 S.
2748 856 2919 913 Laudi
2980 856 3400 927 Rotomagensis
3453 876 3465 911 :
3531 856 3681 911 Dicto
3740 855 3819 910 lte

2176 947 2340 1003 missa
2396 953 2481 1003 est
2528 961 2561 1000 a
2609 945 2854 1012 diacono,
2903 943 3065 999 nassa
3111 948 3162 1000 et
3214 946 3452 1015 Vespera
3494 943 3701 1014 pariter
3748 942 3819 1012 ﬁ-

2174 1036 2405 1091 niantur.

2253 1123 2409 1195 (219)
2476 1126 2600 1180 Post
2659 1122 2960 1194 prandium.
3037 1121 3329 1178 Prandium
3404 1119 3646 1192 appellat
3708 1132 3822 1175 non

2177 1212 2535 1270 meridianam
2574 1212 2989 1277 comestionem,
3046 1210 3145 1267 sed
3197 1211 3434 1267 unicam.
3484 1208 3680 1266 Primis
3717 1209 3822 1264 Ec-

2177 1302 2363 1360 clesia
2396 1301 2738 1373 temporibus
2783 1301 2913 1357 huic
2950 1299 3259 1357 celebritati
3307 1306 3422 1357 tota
3466 1313 3577 1355 nox
3613 1298 3825 1368 impen-

2178 1391 2431 1448 debatur.
2464 1393 2827 1447 Decrescente
2864 1394 3055 1459 postea
3097 1387 3548 1459 baptizandorum
3578 1385 3822 1443 multituo

2179 1480 2331 1547 dine,
2363 1478 2603 1536 cilicium
2633 1485 2690 1534 et
2718 1478 2897 1535 noctis
2926 1477 3140 1533 initium
3174 1476 3426 1533 contrahi
3453 1476 3641 1547 capit,
3673 1474 3824 1545 quod

2180 1570 2458 1639 Vespera,
2498 1567 2809 1638 prandium,
2843 1572 2898 1623 et
2944 1565 3372 1636 Completorium
3419 1564 3828 1635 subsequeban-

2180 1664 2289 1715 tur.
2322 1660 2510 1714 Roma
2548 1656 2727 1712 serior
2763 1654 2867 1711 fuit
2895 1657 3258 1725 Vesperarum
3291 1668 3453 1725 quam
3492 1653 3708 1724 prandii
3745 1652 3829 1709 iu-

453 1756 673 1812 diacono
704 1760 752 1811 et
775 1754 1116 1821 subdiacono,
1158 1752 1489 1809 candelabris
1518 1758 1568 1808 et
1597 1751 1871 1809 thuribulis
1899 1745 2486 1819 veniat,Btroductio.
2530 1746 2663 1800 Nam
2711 1758 3016 1815 anonymus
3061 1743 3292 1800 Romani
3319 1742 3542 1799 Ordinis
3587 1741 3832 1811 scriptor

453 1850 501 1901 et
550 1844 869 1916 confessione
916 1842 1176 1899 humiliter
1212 1844 1351 1898 dicta
1385 1842 1491 1898 alte
1525 1842 1742 1913 incipiat
1773 1863 1789 1896 :
1827 1842 2009 1899 Gloria
2039 1841 2096 1897 in

432 1933 694 2003 excelsis
739 1934 871 2001 Deo,
907 1932 1101 2005 absque
1148 1931 1310 2003 tropis
1340 1950 1358 1999 ;
1411 1936 1459 1987 et
1506 1936 1805 2004 prosternat
1839 1946 1898 1986 se
1933 1930 2098 1987 omnis

452 2022 658 2079 chorus.

525 2113 593 2167 Et
619 2111 774 2167 addit
807 2131 819 2167 :
867 2113 931 2168 Et
960 2110 1166 2167 interim
1194 2125 1368 2166 omnes
1415 2124 1682 2181 campana:
1724 2108 2017 2181 pulsentur,
2047 2113 2098 2165 et

454 2197 639 2253 dehinc
669 2213 768 2270 per
795 2214 970 2254 omnes
998 2196 1240 2253 abbalias
1269 2202 1318 2252 et
1354 2196 1636 2269 parochias
1665 2197 1823 2252 totius
1848 2196 2092 2252 ciuitatis.

453 2288 623 2343 Secus
647 2287 792 2359 apud
828 2300 950 2355 nos,
991 2300 1114 2341 nam
1150 2285 1235 2357 (ut
1265 2300 1433 2357 supra
1463 2284 1725 2357 diximus)
1760 2285 1931 2341 altare
1963 2285 2094 2340 thu-

454 2373 698 2432 riﬁcatur
743 2376 872 2432 dum
928 2375 1091 2447 Kgrie
1146 2374 1342 2430 eleison
1396 2388 1427 2429 a
1475 2374 1646 2430 choro
1703 2379 1992 2441 cantatur;
2042 2379 2099 2429 et

454 2464 675 2531 chorus,
709 2465 834 2521 dum
873 2463 1058 2521 Gloria
1099 2463 1153 2518 in
1199 2461 1422 2518 excelsis
1469 2462 1692 2530 dicitur,
1724 2462 1793 2517 ab
1839 2460 2097 2532 acolytho

342 2576 351 2583 ι
453 2552 792 2609 incensatur.

529 2640 672 2710 (215)
710 2643 825 2697 Duo
871 2641 1082 2714 cappati
1120 2642 1175 2697 in
1214 2640 1419 2713 pulpito
1456 2639 1710 2707 Alleluia,
1750 2639 2095 2697 Conﬁtemini

454 2727 654 2785 celebre
682 2733 907 2786 cantent.
949 2729 1144 2785 Joanni
1189 2736 1456 2785 consonat
1503 2729 1668 2785 Liber
1711 2728 1963 2785 ofﬁcialis
1993 2742 2093 2784 ms.

454 2817 521 2875 ad
581 2832 736 2874 usum
785 2817 1044 2874 Ecclesia
1097 2818 1537 2888 Rotomagensis.
1590 2817 1694 2873 Sed
1753 2817 1809 2872 in
1863 2816 2097 2873 ecclesia

453 2906 757 2963 eathedrali
813 2906 1043 2963 Alleluia
1091 2921 1215 2963 cum
1262 2921 1421 2963 versu
1468 2922 1500 2962 a
1547 2906 1765 2962 duobus
1815 2905 2098 2962 canonicis

454 2997 775 3052 cantoribus
803 2997 898 3066 qui
928 2997 1269 3051 cantaverint
1299 2995 1547 3050 litaniam
1578 2995 1632 3050 in
1664 2995 1855 3065 cappis
1883 2995 2098 3050 canitur

2185 1834 2461 1905 (quisquis
2494 1833 2587 1889 ille
2627 1831 2753 1903 fuit)
2800 1832 3057 1888 observat
3084 1845 3183 1888 sua
3211 1837 3392 1899 atate,
3423 1831 3479 1886 in
3523 1830 3627 1888 hac
3666 1836 3830 1886 nocte

2187 1924 2256 1979 de
2286 1921 2639 1994 vespertinali
2686 1922 2877 1993 synaxi
2927 1920 3073 1992 apud
3118 1922 3395 1978 Romanos
3439 1920 3577 1976 nihil
3623 1926 3827 1987 actum,

2188 2026 2369 2083 neque
2418 2017 2546 2067 ante
2593 2011 2833 2079 missam,
2865 2025 3044 2081 neque
3094 2015 3219 2081 post
3263 2011 3521 2076 missam;
3570 2015 3627 2065 et
3663 2008 3828 2079 paulo

2189 2107 2315 2171 post
2343 2100 2551 2168 subdit,
2591 2099 2785 2156 eodem
2833 2099 2922 2155 die
2963 2098 3223 2154 domuum
3270 2112 3464 2169 papam
3512 2104 3569 2154 et
3595 2104 3833 2155 cateros

2189 2192 2466 2247 Romanos
2517 2203 2619 2246 ova
2672 2188 3041 2256 manducare,
3101 2195 3158 2243 et
3201 2185 3591 2254 formatieum,
3637 2187 3695 2243 id
3747 2192 3834 2243 est

2188 2294 2427 2337 caseum.
2459 2282 2554 2337 Pa.

2264 2369 2422 2442 (220)
2466 2369 2680 2426 Decima
2707 2368 2838 2424 hora
2876 2368 3062 2438 noctis,
3096 2373 3206 2425 etc.
3254 2367 3393 2425 illud
3440 2366 3713 2424 sublatum
3747 2374 3832 2425 est

2188 2461 2245 2517 in
2275 2459 2519 2516 Ecclesia
2548 2459 2958 2529 Rotomagensi.

2260 2546 2400 2619 (221)
2442 2548 2707 2603 Diaconus
2737 2545 3106 2604 dalmaticatus
3160 2544 3517 2617 evangelicum
3564 2544 3830 2601 lectionem

2182 2638 2537 2711 pronuntient.
2578 2639 2733 2693 Nunc
2767 2642 3053 2707 cappatus,
3087 2636 3370 2692 incensato
3408 2634 3590 2702 altari,
3631 2633 3831 2691 cande-

2188 2727 2357 2784 labris
2382 2734 2439 2784 et
2485 2726 2766 2783 thuribulo
2807 2724 3269 2797 pracedentibus,
3303 2723 3625 2796 pronuntiat
3660 2725 3833 2779 Evan-

2185 2818 2408 2891 gelium.

2262 2906 2420 2977 (222)
2469 2905 2872 2976 Unumquodque
2926 2904 3313 2975 responsorium
3349 2920 3385 2959 a
3438 2903 3570 2958 binis
3624 2900 3833 2957 clericis

2185 2995 2379 3051 indulis
2424 2999 2680 3050 cantetur.
2730 2986 2846 3055 141
2887 2995 2948 3049 1n
2974 2993 3234 3064 ,Ecclesia
3290 2991 3680 3062 Rotomagensi
3718 2990 3829 3047 ho-

453 3084 510 3139 in
542 3084 776 3154 pulpito,
809 3083 903 3138 alii
942 3083 1053 3139 duo
1084 3083 1337 3139 canonici
1368 3083 1436 3139 de
1472 3083 1664 3153 majori
1712 3097 1934 3153 quoque
1964 3081 2095 3138 sede
2117 3072 2159 3131 C
2181 3084 2270 3141 die
2319 3084 2553 3154 primum
2583 3087 2639 3140 et
2657 3083 2956 3139 secundum
2990 3096 3244 3154 respons.
3278 3097 3308 3137 a
3349 3082 3525 3138 tribus
3554 3081 3610 3136 in
3640 3079 3831 3149 cappis

456 3172 646 3243 cappis
677 3171 861 3227 induti
892 3176 1125 3227 tractum
1156 3176 1282 3227 ante
1312 3171 1483 3227 altare
1522 3172 1835 3238 succinunt,
1868 3178 1923 3227 et
1951 3171 2096 3228 lecto

456 3260 746 3332 Evangelio
778 3260 834 3315 in
864 3260 1169 3316 sacristiam
1205 3259 1492 3316 recedunt.

531 3349 678 3419 (216)
733 3349 1121 3406 Communicato
1170 3347 1309 3404 clero
1347 3353 1397 3403 et
1440 3347 1652 3421 populo.
1706 3348 2093 3406 Ordinarium:

452 3439 854 3495 Communicatis
904 3437 1226 3511 presbyteris
1283 3441 1332 3494 et
1385 3436 1506 3493 aliis
1561 3438 1743 3509 quibus
1797 3437 2052 3510 placuerit
2080 3481 2094 3507 ,

462 3529 697 3600 Vespera
733 3528 811 3583 sic
840 3527 1195 3599 incipiantur;
1245 3532 1300 3583 et
1348 3527 1511 3583 Liber
1548 3527 1799 3585 ofﬁcialis
1837 3529 2095 3584 Rotoma-

450 3616 635 3689 gensis
663 3631 764 3673 ms.
801 3637 814 3673 :
858 3616 1243 3675 Communicato
1282 3615 1422 3671 clero
1463 3621 1512 3672 et
1551 3616 1769 3689 populo,
1802 3623 1909 3673 etc.
1942 3617 2101 3672 Mira-

406 3700 413 3707 “
450 3719 572 3761 ιηιιι·
609 3705 907 3764 nonnullos
951 3705 1293 3763 recentiores
1320 3721 1351 3761 a
1388 3707 1606 3762 Patrum
1655 3707 1923 3763 institutis
1960 3706 2100 3763 adeo

450 3794 771 3863 abhorrere,
814 3800 875 3850 ut
922 3808 1131 3850 sacram
1180 3794 1622 3850 communionem
1668 3795 1726 3850 in
1773 3795 1875 3851 hac
1914 3796 2097 3862 missa,

453 3883 603 3951 quod
650 3889 921 3938 nocturna
959 3882 1051 3948 sit,
1094 3882 1299 3952 populo
1339 3881 1459 3936 dari
1498 3896 1608 3938 non
1649 3882 1906 3952 probent.
1938 3886 2099 3939 Certe

449 3968 706 4038 religiosa
746 3970 839 4025 illa
893 3969 1259 4036 consuetudo,
1310 3969 1357 4025 si
1398 3969 1507 4026 alio
1546 3984 1785 4040 unquam
1826 3976 2095 4041 tempore,

453 4056 555 4113 hac
594 4059 936 4128 potissimum
977 4064 1141 4115 nocte
1189 4058 1533 4115 observanda
1562 4058 1798 4127 videtur,
1844 4074 1951 4130 qua
1980 4074 2099 4131 my-

450 4146 646 4202 sticum
678 4146 1113 4203 Christianorum
1152 4145 1360 4202 Pascha
1390 4146 1611 4204 colitur.
1644 4148 1739 4202 Pa.

534 4227 672 4298 I40
708 4235 862 4303 Quod
911 4236 1190 4303 Rabanus,
1241 4237 1315 4291 De
1363 4234 1600 4291 institui.
1653 4236 2003 4304 clericorum,
2057 4236 2097 4292 l.

455 4341 516 4392 ιι,
559 4341 609 4381 e.
659 4325 750 4395 38,
792 4339 903 4382 non
953 4325 1131 4382 solum
1179 4326 1436 4382 omnibus
1492 4324 1729 4393 licitum,
1786 4326 1885 4382 sed
1933 4326 2095 4382 etiam

2185 3179 2481 3239 canuntur,
2532 3173 2753 3229 tertium
2801 3186 2931 3228 vero
2977 3187 3008 3227 a
3055 3177 3294 3242 quatuor
3339 3171 3435 3241 qui
3486 3168 3832 3226 cantaverint

2184 3262 2581 3329 invitatoriam,
2615 3262 2762 3332 quod
2803 3262 2860 3318 in
2890 3260 3046 3317 festis
3076 3260 3390 3332 triplicibus
3428 3258 3699 3331 temporis
3735 3273 3831 3329 pa-

2182 3351 2385 3408 schalis
2420 3351 2761 3407 observatur.

2258 3440 2397 3512 (223)
2455 3443 2580 3497 Post
2626 3440 2832 3496 tertium
2886 3440 3274 3510 responsorium
3323 3439 3553 3510 oﬂ'icium
3603 3436 3834 3510 sepulcri

2188 3529 2494 3586 celebretur.
2534 3530 2610 3586 De
2649 3528 2832 3586 ofﬁcio
2870 3528 3112 3598 sepulcri
3159 3527 3279 3585 fuse
3323 3528 3550 3585 disserit
3588 3529 3830 3583 Joannes

2185 3619 2461 3688 Belethus,
2494 3618 2595 3676 lib.
2628 3620 2703 3675 De
2742 3619 2850 3675 div.
2882 3618 3054 3674 ofﬁc..
3087 3632 3137 3674 c.
3176 3617 3296 3686 113,
3328 3624 3384 3674 et
3420 3617 3579 3675 Guill.
3622 3619 3832 3673 Duran-

2183 3709 2306 3777 dus,
2340 3708 2438 3765 lib.
2469 3725 2547 3777 vr,
2580 3724 2630 3765 c.
2660 3706 2767 3774 87;
2802 3720 2859 3764 et
2886 3706 3228 3764 concordant
3264 3721 3387 3763 cum
3427 3711 3617 3763 nostro
3645 3706 3832 3776 sepul-

2183 3798 2262 3855 cri
2292 3797 2496 3867 ofﬁcio,
2529 3798 2679 3869 quod
2708 3797 2895 3854 videas
2922 3798 2980 3852 in
3010 3797 3117 3853 ﬁne
3155 3802 3282 3867 post
3319 3801 3536 3853 nostras
3576 3795 3832 3853 observa-

2183 3887 2382 3943 tiones.

2256 3973 2403 4046 (224)
2443 3974 2623 4031 Finita
2667 3976 2926 4031 oratione.
2977 3975 3079 4032 llic
3124 3974 3420 4031 inserenda
3450 3973 3667 4031 videtur
3704 3988 3830 4045 pro-

2182 4063 2360 4119 cessio
2389 4063 2459 4119 ad
2498 4062 2838 4130 cruciﬁxum,
2883 4078 3045 4133 quam
3076 4064 3273 4120 mirum
3304 4064 3405 4120 hac
3446 4062 3537 4119 die
3564 4062 3649 4118 vel
3697 4069 3830 4120 tunc

2182 4151 2238 4207 in
2282 4165 2385 4208 usu
2424 4165 2534 4207 non
2578 4149 2765 4219 fuisse,
2798 4152 2881 4208 vel
2921 4158 3071 4209 certe
3112 4167 3142 4207 a
3179 4154 3411 4220 Joanne,
3443 4151 3539 4222 qui
3567 4151 3828 4208 similium

2181 4240 2249 4296 ad
2297 4247 2596 4310 sequentes
2633 4240 2724 4296 die
2771 4240 3040 4308 meminit,
3088 4241 3532 4312 prater-missam.
3572 4242 3703 4296 Eam
3731 4240 3830 4297 de-

2180 4329 2375 4385 scribit
2418 4328 2787 4396 Ordinarium,
2838 4330 3109 4400 docetque
3157 4329 3392 4386 solemni
3436 4329 3827 4385 benedictione

449 4416 604 4486 quasi
642 4416 1011 4473 necessarium
1044 4414 1289 4471 ostendit
1321 4434 1334 4471 :
1375 4417 1499 4471 Post
1545 4414 1853 4487 baptismum
1889 4430 2012 4471 vero
2044 4418 2158 4476 etD
2181 4417 2462 4473 terminari
2496 4419 2868 4474 consuevisse.
2919 4419 3035 4473 Hoc
3070 4419 3217 4489 ﬁnito
3256 4417 3473 4488 (inquit)
3520 4416 3831 4473 benedice»

448 4504 661 4561 litanias
687 4504 924 4574 sequitur
948 4508 1134 4559 sancta
1162 4504 1437 4559 missarum
1466 4502 1769 4573 celebratio,
1791 4508 1842 4560 et
1871 4519 2092 4560 commu-

445 4594 640 4650 nicatio
670 4593 906 4665 corporis
943 4598 993 4650 et
1029 4594 1302 4664 sanguinis
1349 4594 1573 4662 Domini,
1604 4595 1750 4664 cujus
1788 4595 2090 4667 participa-

446 4683 583 4739 tione
612 4683 913 4757 quicumque
940 4682 1170 4756 ﬁdelium
1189 4698 1246 4739 se
1263 4683 1365 4739 hac
1388 4688 1535 4739 nocte
1562 4682 1891 4753 abstinuerit,
1913 4686 2088 4741 nescio

447 4772 699 4843 quomodo
729 4773 898 4829 dicam
926 4771 1073 4829 illum
1108 4771 1478 4837 Christianum,
1510 4772 1742 4843 exceptis
1769 4771 1850 4828 his
1878 4772 1965 4843 qui
1992 4787 2087 4844 pro

446 4859 755 4933 capitalibus
797 4861 1095 4939 criminibus
1141 4859 1571 4917 excommunicati
1616 4860 1969 4931 panitentiam
2002 4876 2090 4931 ge-

445 4956 583 5007 runt.
616 4951 752 5006 Item
796 4950 1028 5005 Missalia
1060 4949 1479 5023 Rotomagensis
1508 4948 1770 5006 Ecclesia
1800 4963 1889 5005 an.
1929 4948 2085 5016 1516,

451 5039 607 5109 1527,
654 5038 789 5094 1538
826 5044 882 5094 et
932 5038 1082 5093 1576.
1124 5040 1523 5097 Communicatis
1573 5038 1758 5112 quibus
1804 5038 2085 5111 placuerit,

456 5132 693 5202 Vespera
718 5127 797 5184 sic
825 5126 1160 5199 incipiantur,
1192 5135 1302 5185 etc.

519 5218 677 5293 (217).
702 5214 1009 5289 Magniﬁcat
1053 5220 1263 5271 cantato
1301 5223 1350 5274 et
1396 5216 1556 5274 altari
1601 5218 1889 5274 incensato.
1939 5218 2088 5275 idem

446 5307 681 5364 habetur
710 5307 765 5363 in
794 5307 959 5364 Libro
998 5303 1219 5363 ofﬁciali
1248 5306 1635 5380 Rotomagensi
1665 5322 1767 5365 ms.
1798 5307 1897 5364 sed
1921 5308 2088 5366 hodie

446 5409 550 5452 nec
570 5394 740 5453 altare
763 5410 865 5452 nec
884 5396 1088 5453 chorus
1117 5394 1484 5464 thuriﬁcatur,
1506 5403 1566 5454 ut
1586 5398 1747 5455 etiam
1779 5397 2091 5469 praescribit

446 5483 660 5540 Missale
698 5483 957 5541 Ecclesia
990 5483 1413 5541 Sarisberiensis
1448 5484 1506 5541 in
1551 5486 1763 5560 Anglia,
1793 5500 1884 5544 an.
1931 5484 2086 5540 1555.

446 5575 571 5632 Non
595 5572 913 5644 thuriﬂcetur
941 5571 1113 5631 altare
1138 5587 1301 5647 neque
1329 5572 1536 5630 chorus.

2172 4511 2259 4563 tur
2295 4505 2362 4562 ab
2410 4505 2823 4579 archiepiscopo,
2853 4507 2903 4562 si
2943 4522 3178 4578 praeeris
3224 4506 3421 4576 fuerit;
3470 4512 3521 4562 et
3567 4504 3831 4561 osculetur

2171 4610 2345 4651 omnes
2390 4595 2610 4665 ﬁ'atres,
2660 4595 2837 4650 dicens
2889 4595 2963 4650 ad
3008 4594 3243 4665 singulos
3284 4615 3300 4649 :
3355 4594 3677 4651 Resurrexit
3724 4596 3828 4652 Do-

2173 4684 2375 4741 minus.
2410 4685 2508 4740 Pa.

2240 4775 2397 4831 Hunc
2443 4774 2606 4830 ritum
2653 4775 2710 4830 in
2757 4773 2966 4830 Gracia
2994 4780 3103 4830 tam
3134 4773 3316 4831 clerus
3365 4788 3526 4845 quam
3577 4772 3819 4844 populus

2168 4862 2425 4935 religiose
2473 4868 2643 4930 tenet,
2674 4863 2909 4933 quisque
2948 4862 3094 4919 enim
3133 4863 3191 4919 in
3221 4862 3312 4920 die
3359 4869 3552 4920 sancto
3590 4861 3817 4919 Pascha

2168 4951 2249 5007 sic
2277 4952 2509 5008 salutem
2539 4950 2710 5007 dicit:
2743 4950 2963 5020 Χριστος
2993 4944 3177 5008 ἆνέστι.

2242 5040 2386 5113 (225)
2459 5043 2584 5097 Post
2647 5039 2950 5112 capitulum.
3018 5041 3109 5098 Sic
3183 5055 3404 5112 quoque
3476 5041 3826 5098 Ordinarium

2168 5131 2570 5202 Rotomagense
2601 5144 2702 5186 ms.
2760 5129 2959 5186 Dehinc
3012 5130 3068 5195 in
3114 5129 3362 5202 capitulo,
3408 5136 3457 5187 et
3502 5130 3576 5186 ibi
3623 5130 3828 5201 legatur

2169 5218 2319 5276 lectio
2363 5220 2429 5276 de
2468 5217 2839 5291 martgrologio
2888 5218 2955 5275 ab
2991 5234 3094 5276 uno
3137 5234 3323 5293 puero,
3377 5225 3427 5275 et
3480 5224 3732 5291 sequatur
3785 5218 3825 5279 Ῠ

2169 5309 2416 5366 Pretiosa
2464 5314 2548 5366 est
2598 5308 2656 5365 in
2712 5314 3013 5381 conspectu
3068 5309 3306 5367 Domini.
3385 5309 3570 5366 Oratio
3626 5312 3826 5366 Sancta

2170 5397 2355 5464 Maria,
2404 5397 2496 5453 isti
2546 5398 2743 5465 sancti,
2799 5404 2855 5455 et
2910 5412 3102 5456 omnes
3147 5397 3263 5467 alii,
3319 5402 3420 5454 etc.
3479 5399 3584 5454 Per
3639 5396 3824 5455 omnia

2169 5486 2373 5542 sacula
2416 5486 2772 5543 saculorum.
2824 5490 3019 5545 Amen.
3072 5490 3200 5544 Tum
3248 5491 3437 5559 postea
3494 5485 3702 5557 legatur
3755 5483 3825 5542 ab

2170 5590 2271 5631 uno
2303 5575 2558 5634 canonico
2588 5576 2810 5636 diacono
2839 5577 2905 5635 de
2931 5576 3258 5650 expositione
3276 5575 3572 5648 Evangelii.
