4156 6196
258 268 338 323 105
1244 257 1440 313 NOTAE
1477 256 1564 311 AD
1605 253 1853 310 LIBRUM
1893 252 1981 308 DE
2017 252 2232 309 OFFIC.
2273 253 2539 311 ECCLES.
3476 264 3574 320 106

312 389 435 464 (226)
513 388 689 444 Tertia
762 388 977 441 cantata
1045 382 1310 454 processio
1380 395 1477 453 per
1548 379 1849 435 claustrum.
1864 379 1919 440 A
1934 383 1984 433 et
2023 378 2327 435 diaconibus
2374 380 2445 435 ad
2491 386 2725 437 sanctum
2751 384 3005 439 Joannem
3030 384 3086 439 in
3112 384 3351 442 Ecclesia
3380 390 3579 460 majore

254 479 630 540 Processiouem
667 476 747 531 sic
793 474 1039 544 disponit
1083 471 1427 529 Ordinarium
1455 471 1856 541 Rotomagense
1939 467 2011 523 ad
2038 466 2207 523 locum
2234 469 2491 538 cruciﬁxi,
2522 470 2792 542 incipiant,
2824 474 2988 543 Kyrie
3019 473 3250 541 eleison,
3284 481 3332 531 et
3376 474 3583 534 ueniunt

255 587 335 629 ms.
379 568 619 638 Sequitur
659 564 924 637 processio
950 577 1049 635 per
1078 562 1268 617 atrium
1293 561 1350 615 in
1380 560 1579 631 cappis,
1609 559 1859 614 sacerdos
1940 570 2101 627 usque
2144 557 2216 613 ad
2254 557 2424 613 altare
2465 579 2481 613 :
2521 560 2912 617 ascendentibus
2940 562 3246 619 diaconibus
3271 566 3328 619 in
3349 566 3582 636 pogium,

254 666 294 716 et
315 660 550 715 diaconus
595 656 651 709 in
692 653 863 720 Albis,
912 658 961 708 et
1006 650 1353 707 subdiaconus
1398 650 1625 704 tunicam
1671 647 1861 703 habeat
1954 638 2083 706 I43
2142 647 2369 718 episcopi
2414 652 2463 703 εί
2509 648 2796 719 presbyteri
2840 655 3136 708 είαίῑιιιηῑαν
3178 654 3235 707 in
3280 653 3410 709 ίοοίθ
3453 657 3583 724 suis,

254 762 346 804 cum
395 760 539 801 cruce
561 786 575 811 ,
634 740 966 798 candelabris
1021 745 1070 795 et
1115 739 1298 808 signis.
1358 736 1553 793 Cantor
1595 737 1858 808 incipiat.-
1942 740 1991 790 et
2044 734 2235 790 schola
2279 740 2400 791 ante
2445 736 2634 793 altare.
2680 740 2853 794 Finito
2910 740 3069 811 Kyrie
3122 741 3332 799 eleison
3358 785 3373 811 ,
3422 744 3587 800 innuit

254 837 391 894 Maria
431 833 769 904 Magdalene,
815 846 931 887 cum
974 844 1126 885 uersu
1168 833 1218 883 et
1263 841 1540 897 regressu;
1582 841 1682 897 quo
1719 825 1862 896 ﬁnito
1940 824 2344 880 archidiaconus
2382 827 2554 897 primo
2600 826 2828 894 schola;
2876 834 2924 884 et
2971 829 3059 885 ille
3084 830 3343 888 inclinans
3383 848 3441 888 se
3487 832 3585 901 illi,

253 933 342 982 tres
366 924 425 979 de
458 922 648 992 majori
692 920 817 975 sede
853 922 1061 973 cantent
1084 938 1101 971 :
1150 915 1326 983 Salve,
1357 914 1496 971 festa
1534 914 1673 982 dies,
1705 928 1865 984 usque
1946 913 2161 984 incipiat
2189 912 2420 969 Alleluia
2459 929 2573 970 cum
2604 916 2809 987 psalmo
2850 938 2866 971 :
2897 918 3040 974 Dixit
3069 921 3328 977 Dominus
3356 923 3588 979 Domino

255 1016 315 1071 ad
336 1013 616 1069 stationem.
666 1012 733 1065 In
776 1008 1000 1064 statione
1051 1009 1235 1061 cantor
1266 1005 1485 1076 incipiat
1514 1004 1553 1071 it)
1580 1003 1733 1059 Sedit
1759 1015 1862 1058 an-
1946 1016 2090 1069 meo,
2138 1007 2245 1058 etc.
2295 1002 2558 1059 Alcuinus
2595 1004 2693 1060 lib.
2737 1008 2813 1063 De
2861 1007 3029 1063 divin.
3080 1008 3226 1065 ofﬁc.
3274 1013 3477 1068 Eadem
3506 1013 3591 1068 die

252 1103 404 1175 gelus.
453 1104 582 1157 Tres
628 1099 692 1154 de
734 1096 1019 1167 majoribus
1069 1094 1231 1166 (nunc
1278 1095 1519 1165 quatuor)
1567 1094 1623 1148 in
1666 1091 1864 1164 pulpito
1946 1093 2019 1148 ad
2074 1093 2329 1164 Vesperas
2376 1092 2447 1148 ad
2491 1099 2726 1150 sanctum
2780 1099 3033 1153 Joannem
3089 1102 3431 1177 congregatur
3484 1118 3592 1158 ma-

254 1198 283 1254 ψ
327 1190 641 1248 Cruciﬁxum
689 1188 746 1242 in
794 1200 957 1242 cruce
1013 1184 1138 1255 [al.,
1172 1184 1392 1254 carne].
1440 1182 1641 1239 Nolite.
1673 1182 1760 1237 Ad
1786 1183 1867 1237 in-
1946 1181 2115 1236 turias
2156 1180 2426 1237 universus
2471 1183 2670 1252 gradus
2699 1183 3081 1243 ecclesiasticus
3118 1189 3174 1243 in
3219 1190 3438 1246 ecclesia
3482 1207 3596 1247 ma-

250 1281 436 1335 troitum
469 1277 616 1333 chori
655 1276 891 1331 dominus
927 1274 1365 1345 archiepiscopus,
1400 1272 1449 1326 si
1487 1285 1720 1342 prasens
1758 1271 1868 1340 fue-
1939 1284 2080 1358 jore,
2126 1271 2180 1325 in
2228 1271 2342 1326 loco
2389 1272 2477 1343 qui
2522 1277 2740 1329 uocatur
2784 1275 3057 1344 cruciﬁxio
3108 1298 3125 1331 :
3172 1277 3348 1348 ibique
3387 1280 3598 1336 inchoat

250 1370 327 1433 rit,
352 1369 397 1423 si
422 1383 545 1434 non,
573 1370 775 1433 cantor,
817 1365 1035 1436 incipiat
1073 1384 1089 1418 :
1137 1362 1387 1418 Christus
1413 1374 1727 1431 resurgens,
1754 1374 1869 1415 cum
1947 1359 2129 1415 schola
2168 1379 2185 1415 :
2226 1361 2388 1432 Kyrie
2446 1361 2678 1431 eleison,
2745 1369 2795 1419 et
2859 1379 2919 1420 eo
2984 1373 3233 1423 concentu
3296 1372 3599 1441 perveniunt

247 1462 279 1520 ἢ
325 1458 514 1512 Dicant
562 1468 709 1511 nunc
752 1453 966 1522 Judai;
1012 1467 1111 1523 quo
1158 1452 1302 1522 ﬁnito
1350 1450 1587 1506 dominus
1614 1448 1871 1519 archiepi-
1948 1464 2111 1520 usque
2140 1450 2211 1505 ad
2239 1448 2429 1518 altare,
2464 1457 2570 1508 etc.
2604 1453 2700 1509 Pu.

247 1561 434 1617 scapus,
463 1547 517 1601 si
538 1558 773 1617 prasens
802 1543 980 1612 fuerit,
1025 1540 1296 1596 benedicat
1318 1538 1586 1611 populum,
1617 1543 1668 1593 et
1692 1538 1872 1593 statim
2024 1536 2162 1608 (230)
2234 1540 2630 1597 Benedicamns
2688 1543 2919 1600 Domino
2976 1544 3044 1599 ab
3097 1544 3179 1601 his
3234 1552 3325 1617 qui
3371 1548 3602 1605 Alleluia

244 1636 512 1707 incipiatur
556 1634 737 1689 missa.
787 1635 857 1689 Et
913 1631 1149 1687 dominus
1177 1628 1617 1700 archiepiscopus,
1654 1627 1702 1682 si
1733 1641 1873 1698 pra-
1953 1630 2233 1683 cantarunt
2261 1628 2488 1684 dicatur.
2536 1631 2690 1686 Nunc
2729 1645 2760 1686 a
2805 1631 2983 1689 tribus
3012 1633 3081 1689 de
3110 1636 3352 1691 secunda
3382 1636 3514 1692 sede
3544 1638 3600 1692 in

248 1740 354 1780 sens
394 1724 579 1794 fuerit,
627 1722 818 1778 habeat
862 1735 1036 1777 secum
1080 1724 1275 1791 septem
1302 1719 1553 1774 diaconos
1588 1721 1637 1772 et
1664 1709 2375 1787 totidemBsuperpillieeis.

240 1814 577 1870 subdiaconos
648 1811 938 1875 reuestitos,
999 1800 1135 1870 I42
1225 1808 1290 1863 de
1363 1806 1546 1879 quibus
1612 1805 1883 1862 duodecim
2036 1805 2182 1876 (231)
2244 1806 2507 1863 Psalmum
2555 1828 2571 1862 :
2640 1809 2879 1867 Laudate
2912 1854 2926 1879 ,
3005 1815 3210 1883 pueri,
3289 1815 3602 1883 Dominum,

244 1904 335 1958 sint
361 1903 424 1958 de
467 1901 701 1958 secunda
745 1901 1002 1965 sede,etc.
1032 1899 1112 1955 Ad
1143 1898 1555 1968 processionem
1593 1909 1785 1953 omnes
1812 1896 1882 1952 de

242 1994 403 2050 choro
452 1994 569 2049 sint
616 1992 673 2047 in
722 1990 914 2062 cappis
942 2004 1065 2045 cum
1099 1988 1433 2056 celebrante,
1466 1986 1734 2043 diaconus
1761 1987 1886 2043 dal-

244 2083 429 2138 matica
479 2082 727 2148 indutus,
777 2085 834 2135 et
877 2078 1250 2135 subdiaconus
1297 2077 1511 2142 tunica,
1561 2076 1719 2146 cujus
1765 2077 1884 2131 vice

240 2171 525 2242 acolythus
554 2183 776 2227 crucem
807 2167 985 2225 defert
1011 2169 1198 2224 tunica
1226 2165 1473 2222 indutus.

302 2260 452 2329 (227)
526 2259 765 2331 Ofﬁcium
821 2258 927 2313 diei
986 2256 1313 2312 celeberrime
1368 2253 1676 2327 compleant.
1719 2253 1884 2309 Ordi-

239 2349 444 2404 narium
498 2363 648 2418 sape
699 2347 977 2403 laudatum
1021 2366 1032 2401 :
1083 2345 1536 2417 Archiepiscopus,
1566 2344 1616 2399 si
1654 2357 1887 2414 prasens

236 2437 407 2505 fuerit,
492 2437 660 2506 faciat
732 2434 1134 2490 benedictionem
1213 2449 1372 2505 super
1446 2431 1694 2504 populum
1768 2436 1887 2487 ante

238 2527 423 2595 Agnus
472 2524 595 2578 Dei.
644 2524 816 2579 Finito
860 2525 1048 2593 Agnus
1091 2523 1210 2590 Dei,
1253 2536 1428 2578 omnes
1482 2521 1569 2590 qui
1612 2518 1886 2586 uoluerint,

236 2613 634 2669 communicent.
667 2613 763 2667 Pu.

298 2703 437 2757 Tres
485 2700 913 2756 benedictiones
948 2697 1294 2769 episcopales
1331 2696 1461 2753 olim
1490 2696 1546 2750 in
1576 2696 1741 2751 missa
1773 2694 1892 2750 ﬁeri

236 2791 426 2846 solitas
478 2788 852 2846 describimus
899 2803 966 2844 ex
1019 2803 1121 2844 ms.
1183 2784 1486 2843 Pontiﬁcali
1538 2783 1893 2840 bibliotheca

238 2878 579 2936 cathedralis
625 2878 1045 2948 Rotomagensis
1066 2919 1082 2944 ,
1131 2890 1269 2946 quas
1305 2876 1361 2931 in
1400 2872 1580 2929 missis
1608 2873 1894 2942 pontiﬁca-

239 2969 378 3026 libus
406 2968 668 3025 revocari
699 2971 854 3037 optat
873 2966 1070 3023 rituale
1087 2967 1513 3034 Rotomagense,
1537 2976 1592 3032 p.
1622 2977 1661 3028 1,
1689 2976 1742 3031 p.
1762 2959 1892 3015 503.

1963 1901 2236 1952 cantantes
2275 1896 2345 1951 ad
2391 1898 2559 1967 fontes
2601 1905 2844 1969 pergant.
2894 1902 3002 1958 Iste
3052 1905 3422 1973 processionis
3468 1905 3608 1961 ritus

1964 1984 2314 2041 laudabiliter
2379 1986 2702 2043 observatur
2765 1989 2821 2044 in
2888 1991 3188 2049 cathedrali
3250 2000 3304 2050 et
3362 1995 3614 2065 plurimis

1967 2074 2376 2145 parochialibus
2423 2076 2674 2132 ecclesiis
2719 2078 2882 2148 hujus
2929 2080 3185 2150 civitatis,
3234 2084 3327 2154 qui
3378 2086 3431 2139 in
3463 2083 3613 2139 ordi-

1966 2165 2122 2219 nario
2174 2178 2300 2230 ms.,
2348 2179 2403 2233 p.
2436 2164 2526 2233 88,
2564 2166 2898 2224 describitur
2944 2170 3166 2227 disertis
3201 2172 3352 2229 hisce
3389 2174 3609 2229 verbis:

1973 2255 2115 2308 Unus
2143 2253 2208 2308 de
2235 2253 2521 2323 majoribus
2565 2255 2783 2327 incipiat
2823 2278 2839 2311 :
2887 2258 3139 2328 Alleluia,
3181 2266 3229 2316 et
3275 2261 3407 2316 unus
3435 2264 3500 2318 de
3535 2277 3615 2318 re-

1966 2340 2200 2410 gentibus
2255 2342 2466 2399 chorum
2518 2345 2736 2418 incipiat
2784 2367 2802 2402 :
2868 2348 3129 2417 Laudate,
3189 2350 3369 2421 pueri,
3426 2352 3616 2407 Domi-

1966 2443 2135 2497 num,
2184 2430 2402 2488 laudate
2452 2446 2650 2490 nomen
2692 2436 2946 2504 Domini,
2978 2437 3227 2494 Alleluia.
3286 2440 3367 2495 Sit
3413 2453 3613 2495 nomen

1968 2519 2184 2574 Domini
2229 2520 2601 2591 benedictum,
2654 2530 2762 2580 etc.
2816 2524 3049 2581 Alleluia
3096 2547 3109 2581 :
3160 2531 3213 2581 et
3248 2528 3326 2582 sic
3353 2527 3614 2583 cantando

1968 2605 2228 2676 psalmum
2256 2614 2343 2664 eat
2366 2614 2634 2681 processio
2684 2613 2754 2669 ad
2798 2615 2969 2684 fontes
3011 2630 3126 2670 cum
3174 2617 3395 2672 diacono
3427 2622 3475 2671 et
3502 2616 3616 2671 sub-

1974 2694 2221 2761 diacono,
2272 2703 2322 2751 et
2368 2699 2610 2769 ampulla
2658 2717 2693 2755 a
2739 2702 2938 2757 duobus
2963 2704 3282 2774 presbyteris
3312 2704 3524 2773 albatis,
3574 2710 3623 2760 et

1976 2796 2126 2838 cerea
2175 2783 2465 2851 benedicto,
2518 2802 2668 2857 quem
2711 2789 2849 2858 ferat
2894 2805 3026 2844 unus
3063 2792 3315 2846 diaconus
3345 2792 3624 2857 (dalmati-

1977 2870 2149 2941 catus)
2196 2872 2263 2927 de
2315 2875 2546 2930 secunda
2589 2876 2750 2944 sede,
2810 2883 2859 2933 et
2907 2879 3093 2934 chorus
3131 2880 3391 2951 psalmum
3453 2882 3623 2952 ﬁniat,

1975 2965 2024 3015 et
2080 2960 2221 3016 dicat
2264 2962 2495 3019 Alleluia
2544 2970 2772 3036 quatuor
2824 2972 2872 3022 et
2920 2970 3050 3024 Hac
3088 2970 3208 3025 dies
3233 2971 3347 3024 sine
3372 2970 3626 3038 Alleluia,

309 3056 472 3128 (228)
530 3059 661 3114 Cum
703 3058 1058 3128 processione,
1110 3060 1218 3110 etc.
1250 3055 1312 3109 In
1358 3052 1447 3107 his
1483 3051 1741 3107 omnibus
1769 3047 2035 3107 con-Cet
2080 3065 2257 3106 uersu.
2302 3055 2374 3108 Et
2413 3059 2534 3125 post
2580 3061 2818 3112 cantetur
2873 3063 2993 3114 ante
3039 3058 3211 3115 altare
3256 3063 3318 3117 S.
3368 3063 3627 3119 Joannis:

238 3146 428 3201 cordat
457 3144 817 3219 Ordinarium
857 3146 1258 3214 Rotomagense
1287 3156 1389 3197 ms.
1417 3161 1432 3207 ;
1480 3140 1563 3195 sic
1590 3144 1771 3195 autem
1800 3138 1897 3193 ha-

240 3233 328 3288 bet
374 3235 434 3289 iu
497 3235 594 3290 die
651 3233 895 3301 Pascha,
951 3247 1075 3304 pag.
1127 3231 1216 3286 88.
1265 3231 1352 3285 Ad
1401 3230 1655 3300 Vesperas
1691 3233 1799 3283 tres
1832 3226 1897 3282 de

236 3323 422 3393 majori
461 3324 599 3381 sede
626 3324 681 3379 in
707 3325 888 3396 cappis
914 3326 1121 3379 cantent
1150 3321 1222 3378 ad
1244 3319 1667 3393 processioncm:
1716 3316 1894 3384 Salve,

236 3408 369 3467 festa
426 3413 559 3470 dies
581 3456 598 3481 ,
666 3428 781 3468 cum
843 3413 1063 3469 diacono
1129 3417 1178 3466 et
1241 3408 1559 3465 subdiacono
1618 3406 1895 3470 reuestitis,

233 3515 404 3566 cruce,
433 3500 779 3558 candelabris
800 3540 818 3567 ,
863 3498 1135 3558 thuribulis
1163 3503 1213 3553 et
1238 3499 1438 3568 signis;
1472 3494 1751 3552 descendat
1772 3506 1899 3564 pro-

236 3592 401 3647 cessio
428 3608 536 3663 per
566 3593 813 3648 dextram
840 3592 983 3647 alam
1011 3590 1263 3652 ecclesia,
1293 3602 1455 3658 usque
1492 3586 1564 3642 ad
1605 3584 1900 3641 occidenta-

232 3677 333 3734 lem
382 3687 605 3751 portam
651 3680 901 3749 ecclesia,
943 3686 993 3736 et
1033 3678 1369 3752 processione
1413 3675 1661 3731 ordinata
1700 3673 1751 3724 in
1782 3670 1902 3725 naui

234 3766 479 3824 ecclesia
528 3783 664 3825 unus
709 3770 774 3827 de
822 3768 1122 3826 cantoribus
1168 3766 1434 3838 incipiat:
1474 3761 1639 3833 Kyrie
1668 3759 1900 3826 eleison,

236 3862 284 3911 et
332 3859 621 3928 processio
678 3860 748 3915 ad
803 3859 1015 3915 chorum
1068 3858 1251 3913 redeat
1305 3852 1567 3910 cantando
1614 3871 1630 3904 :
1688 3848 1903 3906 Christe

240 3944 496 4017 eleison;
545 3954 600 4004 et
640 3948 783 4018 finito
832 3948 996 4019 Kyrie
1036 3946 1266 4011 eleison,
1304 3944 1588 4014 incipiatur
1616 3938 1683 3996 ab
1709 3952 1812 3993 uno
1841 3938 1906 3992 de

241 4034 425 4104 majori
472 4037 611 4093 sede
655 4041 765 4092 aut.
814 4035 1064 4093 Alleluia.
1104 4033 1196 4090 Illi
1222 4033 1310 4105 qui
1337 4029 1660 4087 cantauerint
1688 4027 1758 4107 ad
1781 4039 1907 4097 pro-

240 4129 531 4181 cessionem
584 4147 605 4180 .-
658 4124 835 4194 Salve,
901 4123 1042 4181 festa
1106 4123 1247 4189 dies,
1308 4124 1493 4191 regant
1557 4117 1792 4182 chorum,
1859 4117 1909 4168 et

240 4225 370 4267 unus
409 4230 486 4270 ea:
534 4214 653 4271 illis
699 4215 915 4286 incipiat
943 4215 999 4269 in
1034 4214 1221 4269 dextro
1262 4210 1418 4266 choro
1451 4206 1593 4280 psal.
1624 4205 1770 4260 Dixit
1794 4205 1908 4259 Do-

242 4303 442 4371 minus,
481 4303 643 4375 psal.
692 4303 1027 4371 Conﬁtebor,
1066 4300 1207 4374 psal.
1257 4303 1455 4356 Beatus
1482 4297 1584 4353 vir.
1616 4296 1740 4351 Ant.
1772 4292 1914 4349 Alle-

1976 3139 2232 3209 Alleluia,
2292 3150 2329 3210 ψ
2389 3143 2658 3212 Laudate,
2711 3149 2866 3216 pueri
2923 3154 2973 3204 et
3027 3152 3304 3206 reiteretur
3356 3151 3629 3221 Alleluia;

1977 3244 2079 3299 quo
2125 3229 2271 3300 ﬁnito
2316 3233 2567 3287 sacerdos
2605 3234 2746 3290 dicat
2777 3254 2795 3290 :
2843 3238 3092 3294 Oremus.
3126 3240 3287 3306 Deus,
3322 3241 3415 3310 qui
3447 3242 3632 3298 eccle-

1978 3317 2114 3372 siam
2162 3324 2329 3375 tuam.
2370 3321 2474 3377 Per
2502 3322 2777 3379 Christum
2818 3326 3125 3381 Dominum.
3157 3329 3363 3382 Festive
3406 3344 3540 3383 unus
3569 3328 3635 3383 de

1980 3408 2171 3476 majori
2214 3408 2339 3463 sede
2382 3411 2601 3481 incipiat
2643 3432 2657 3464 :
2689 3412 2939 3479 Alleluia,
2981 3418 3030 3467 et
3076 3430 3209 3468 unus
3247 3415 3313 3468 de
3340 3417 3634 3484 regentibus

1980 3494 2191 3550 chorum
2231 3495 2372 3566 psal.
2422 3498 2483 3551 In
2531 3499 2680 3553 exitu
2728 3500 2893 3553 Israel
2924 3501 2992 3554 de
3021 3502 3272 3570 IEgypto,
3306 3502 3557 3570 Alleluia,
3598 3509 3635 3567 ψ

1983 3584 2146 3638 Facta
2176 3590 2262 3638 est
2289 3584 2477 3640 Judaa
2503 3586 2864 3642 sanctiﬁcatio
2895 3589 3033 3656 ejus,
3075 3594 3173 3643 etc.
3220 3588 3471 3657 Alleluia,
3505 3590 3636 3645 alle-

1984 3669 2094 3724 luia
2118 3690 2133 3736 ;
2156 3669 2193 3729 γι
2215 3672 2360 3726 Mare
2387 3671 2526 3728 vidit
2552 3679 2608 3727 et
2636 3672 2793 3744 fugit,
2825 3680 2947 3743 etc.,
2979 3675 3218 3747 alleluia,
3242 3677 3480 3745 alleluia,
3505 3678 3638 3734 alle-

1986 3756 2116 3812 luia.
2166 3760 2236 3815 Et
2280 3760 2359 3815 sic
2400 3760 2470 3815 ad
2518 3761 2671 3831 ﬁnem
2713 3764 3070 3834 perducatur,
3121 3771 3169 3821 et
3210 3768 3267 3821 in
3302 3767 3405 3839 ﬁne
3445 3765 3639 3839 psalmi

1986 3845 2194 3937 dicatur
2230 3866 2247 3902 :
2294 3847 2476 3905 Gloria
2516 3851 2681 3918 Patri,
2726 3852 2977 3912 Alleluia.
3026 3856 3179 3912 Sicut
3209 3862 3347 3923 erat,
3382 3857 3640 3937 Alleluia,

1987 3934 2226 3992 alleluia.
2249 3938 2499 3994 Surrexit
2523 3941 2784 3999 Dominus
2814 3943 2883 3999 de
2912 3945 3191 4016 sepulcro,
3220 3946 3472 4015 Alleluia,
3500 3934 3639 4003 alleé

1988 4024 2120 4094 luia,
2143 4026 2381 4099 alleluia.
2415 4031 2485 4085 Et
2513 4032 2774 4087 cantando
2802 4033 3059 4106 psalmum
3079 4036 3358 4093 descendat
3377 4038 3641 4109 processio

1984 4129 2082 4185 per
2128 4115 2290 4171 aliam
2337 4116 2479 4173 alam
2526 4119 2757 4177 ecclesia
2802 4124 2872 4179 ad
2910 4125 3282 4181 occidentalem
3317 4132 3525 4198 portam
3553 4141 3643 4182 ec-

1994 4203 2204 4270 clesia,-
2253 4210 2303 4261 et
2350 4209 2687 4278 processione
2737 4211 2791 4266 in
2844 4213 2967 4268 navi
3022 4213 3255 4270 ecclesia
3298 4220 3497 4270 statuta
3520 4260 3537 4282 ,
3598 4218 3649 4268 et

1993 4292 2172 4350 ultimo
2202 4309 2357 4350 uersu
2397 4296 2592 4367 psalmi
2635 4300 2802 4369 ﬁnito,
2835 4306 2938 4356 tres
2984 4302 3169 4370 (nunc,
3211 4304 3333 4368 duo)
3364 4303 3429 4357 de
3457 4301 3653 4370 majori

242 4388 348 4447 luia
394 4400 663 4465 quatuor.
721 4393 921 4451 Eadem
969 4393 1152 4464 legere
1182 4390 1351 4447 estin
1380 4389 1523 4443 libro
1554 4383 1774 4442 ofﬁciali
1803 4382 2126 4449 Ro—Dsede
2173 4382 2229 4437 in
2275 4383 2478 4455 pulpito
2531 4393 2740 4444 cantent
2786 4388 3036 4459 Alleluia,
3084 4389 3123 4449 ψ
3172 4390 3647 4461 Redemptionem,

242 4483 560 4553 tomagensi
592 4496 742 4550 ms.;
785 4487 840 4538 et
876 4481 1024 4553 apud
1066 4479 1382 4537 Durandum
1427 4475 1670 4540 Ration.,
1703 4472 1801 4527 lib.
1834 4486 1912 4538 γι,

245 4582 291 4623 c.
342 4570 436 4627 89.
504 4574 592 4628 De
641 4572 746 4627 ista
793 4572 1150 4641 processione
1207 4573 1334 4624 ante
1386 4567 1683 4634 Vesperas,
1740 4566 1795 4616 et
1850 4560 1919 4615 de

240 4660 408 4729 Hyrie
439 4659 682 4729 eleison,
706 4660 843 4718 nihil
872 4661 1039 4718 hodie
1067 4661 1128 4716 ﬁt
1155 4660 1213 4715 in
1242 4655 1488 4714 Ecclesia
1507 4648 1917 4722 Rotomagensi,

243 4746 371 4804 licet
400 4750 747 4808 habeantur
792 4752 848 4806 in
895 4750 1189 4808 Breviariis
1216 4748 1284 4804 ad
1313 4759 1473 4803 usum
1500 4737 1922 4811 Rotomagensis

245 4839 518 4897 Ecclesia
573 4854 674 4897 an.
734 4839 859 4894 1491
914 4847 969 4897 et
1021 4839 1159 4894 1578
1206 4838 1411 4902 editis;
1463 4838 1519 4890 et
1559 4833 1618 4887 in
1646 4828 1922 4886 Breviario

246 4928 805 4987 Dominicauorum:
872 4931 959 4986 Ad
1016 4933 1268 5002 Vesperas
1322 4941 1428 4982 non
1473 4923 1729 4978 dicatur:
1782 4920 1925 4974 Deus

243 5020 295 5073 in
325 5019 718 5089 adiutorium,
747 5019 840 5075 sed
862 5020 999 5076 dicto
1029 5021 1191 5075 Pater
1218 5021 1427 5083 noster,
1458 5014 1538 5069 sic
1572 5009 1923 5082 incipiantur:

247 5113 409 5183 Kyrie
444 5116 706 5179 eleison,
740 5117 847 5166 etc.

1998 4487 2105 4527 non
2148 4473 2425 4529 reiteretur
2470 4474 2701 4533 Alleluia
2746 4479 2801 4533 in
2847 4480 2986 4551 ﬁne;
3055 4496 3153 4552 quo
3201 4481 3346 4553 ﬁnito
3401 4477 3652 4534 sacerdos

2003 4562 2144 4617 dicat
2190 4575 2393 4617 uersum
2432 4581 2449 4617 :
2497 4565 2673 4623 Dicite
2721 4569 2779 4623 in
2826 4569 3164 4626 nationibus.
3204 4572 3451 4625 Oremus.
3485 4569 3649 4634 Deus,

2003 4650 2098 4720 qui
2158 4664 2260 4720 pro
2328 4652 2491 4708 nobis
2557 4656 2773 4713 Filium.
2841 4659 3109 4729 Sequatur
3161 4657 3411 4714 memoria
3464 4655 3655 4712 ibidem

2005 4739 2170 4795 beata
2225 4742 2419 4797 Maria
2475 4745 2763 4816 antiphona
2814 4768 2831 4801 :
2892 4747 3137 4803 Paradisi
3193 4751 3373 4816 porta.
3432 4748 3469 4811 at
3526 4748 3658 4803 Post

2007 4834 2244 4899 partum.
2296 4832 2544 4890 Oremus.
2599 4837 2833 4891 Gratiam
2889 4840 3035 4891 tuam
3112 4827 3254 4898 I44
3317 4851 3655 4909 quaesumus,

2006 4918 2257 4976 Domine.
2297 4921 2383 4975 Ad
2428 4923 2695 4981 introitum
2743 4924 2888 4980 chori
2942 4926 3188 4982 memoria
3237 4929 3463 4984 omnium
3508 4939 3665 4979 sanc-

2011 5012 2199 5075 torum,
2250 5009 2536 5081 antiphona
2574 5031 2592 5067 :
2647 5015 2762 5070 Lux
2817 5018 3103 5084 perpetua.
3162 5016 3218 5073 Si
3277 5012 3583 5086 diligeretis
3629 5016 3668 5076 τι

2012 5099 2131 5154 Vox
2183 5097 2411 5157 latitia.
2471 5103 2720 5159 Oremus.
2773 5103 2928 5173 Vide,
2987 5106 3236 5173 Domine,
3294 5102 3666 5160 inﬁrmitates.

308 5204 458 5276 (229)
515 5207 642 5261 Per
690 5201 853 5272 Kyrie
909 5200 1120 5257 eleison
1172 5199 1425 5269 Vesperas
1470 5195 1742 5267 incipiant.
1802 5189 1932 5246 Pius
2024 5188 2150 5242 Tres
2205 5188 2356 5257 pueri
2397 5209 2414 5243 :
2466 5190 2861 5248 Benedicamus
2914 5194 3169 5262 Domino,
3218 5193 3470 5249 Alleluia.
3521 5191 3672 5247 Idem

244 5289 331 5347 ille
387 5295 548 5351 ritus
576 5335 595 5361 ,
672 5303 837 5361 quem
891 5300 1165 5360 germana
1224 5284 1569 5354 antiquitatis
1623 5278 1932 5354 ignorantia
2019 5289 2245 5346 quoque
2292 5277 2527 5335 habetur
2568 5280 2626 5335 in
2660 5282 2952 5338 Breviariis
2991 5284 3278 5353 Rotomag.
3312 5296 3401 5337 an.
3442 5279 3571 5335 1491
3617 5287 3672 5336 et

244 5389 438 5441 nostro
475 5385 723 5440 demum
758 5378 977 5439 .saculo
1020 5375 1282 5441 abolevit,
1314 5388 1345 5429 e
1392 5374 1651 5430 Romanis
1690 5370 1936 5428 fontibus
2027 5363 2185 5434 1578,
2220 5370 2276 5422 et
2316 5365 2374 5422 in
2420 5368 2825 5428 Processionali
2871 5370 3260 5444 Rotomagensi
3304 5385 3433 5442 pag.
3477 5369 3578 5424 168
3614 5375 3671 5425 et

242 5469 310 5525 ad
368 5486 482 5530 nos
553 5475 937 5529 emanaverat.
994 5467 1143 5525 Ordo
1198 5467 1476 5521 Romanus
1525 5482 1539 5517 :
1598 5462 1698 5518 Die
1753 5463 1935 5516 sancto
2022 5469 2142 5525 seq.
2194 5456 2371 5526 Hujus
2416 5457 2785 5528 antiquissimi
2825 5463 2964 5519 ritus
3004 5460 3209 5517 mentio
3255 5459 3317 5515 ﬁt
3363 5460 3419 5515 in
3466 5460 3670 5519 Ordine

244 5560 473 5620 Pascha
524 5561 882 5628 conveniente
944 5556 1125 5615 schola
1191 5552 1469 5626 temporius
1516 5565 1628 5607 cum
1686 5548 1939 5621 episcopis

384 5669 659 5726 PATROL.
698 5665 942 5723 CXLVII.

2023 5546 2292 5611 Romano,
2336 5545 2483 5615 apud
2526 5547 2836 5619 Alcuinum,
2884 5555 2947 5607 G.
2988 5549 3320 5616 Durandum,
3360 5550 3418 5606 in
3449 5549 3669 5606 ordina-

3449 5658 3486 5710 4
