4156 6196
552 294 653 350 107

1668 290 1877 347 JOANN
1880 288 1959 344 ES
1993 283 2409 342 ARCHIEPISC.
2449 284 2786 343 ROTOMAG.

3806 291 3907 345 ΚΒ

544 422 629 478 rio
665 432 769 477 ms.
818 416 1212 475 canonicorum
1248 416 1306 474 S.
1355 415 1527 473 Laudi
1562 413 2000 486 Rotomagensis,
2032 416 2139 468 etc.
2165 409 2333 479 ;Ade
2371 413 2768 469 resurrectione.
2817 412 2956 469 Hinc
3000 416 3229 482 apparet
3269 410 3400 469 olim
3431 413 3488 469 in
3516 414 3907 487 Rotomagensi

544 520 783 579 eumque
828 505 1143 578 improbare
1187 517 1297 561 non
1345 510 1594 574 possunt,
1645 502 1739 573 qui
1782 501 2038 572 baptismi
2067 514 2187 556 me-

545 598 775 655 moriam
820 595 879 654 in
925 596 1208 653 hominum
1257 593 1455 651 animis
1496 592 1791 650 indeletam
1841 590 2047 648 servari
2094 605 2189 646 cu-

547 687 725 757 piunt.
1020 732 1033 745 .

621 774 774 850 (232)
831 774 973 831 Huic
1037 771 1372 843 antiphonam
1420 792 1436 825 :
1495 773 1609 827 Lux
1663 774 1965 841 perpetua,
2022 768 2190 824 conci-

543 870 745 922 nentes.
795 865 1062 933 Tempore
1110 860 1350 932 paschali
1395 859 1453 915 in
1494 861 1848 930 processione
1877 858 1945 915 ad
1976 858 2190 914 cruciﬁ-

546 954 713 1011 ﬁxum
762 951 912 1010 nulla
944 950 1089 1021 apud
1135 950 1400 1005 Joannem
1448 954 1696 1005 nostrum
1725 948 1957 1005 habetur
1984 952 2188 1021 sanctae

542 1044 727 1101 Mariae
773 1041 1057 1106 memoria,
1104 1051 1284 1108 neque
1326 1038 1383 1094 in
1413 1038 1704 1095 Ordinario
1747 1052 1848 1094 ms.
1884 1036 2185 1093 canonico-

543 1147 664 1191 rum
692 1134 749 1189 S.
778 1130 949 1187 Laudi
992 1148 1005 1185 :
1056 1128 1332 1199 reperitur
1361 1132 1541 1184 tamen
1571 1127 1630 1183 in
1670 1126 1959 1185 Ordinario
1989 1133 2045 1182 et
2073 1122 2190 1180 offi-

543 1222 774 1278 cialibus
820 1218 976 1275 libris
1032 1232 1163 1275 mss.
1216 1222 1272 1274 et
1323 1216 1864 1280 Processionalibus,
1926 1230 2030 1272 nec
2077 1226 2188 1270 non

540 1309 829 1368 Breviariis
856 1309 925 1365 ad
957 1322 1114 1365 usum
1138 1307 1402 1364 Ecclesiae
1431 1306 1867 1378 Rotomagensis.

614 1398 753 1471 (233)
805 1399 933 1456 Dies
972 1401 1167 1469 septem
1195 1398 1250 1453 in
1277 1397 1477 1469 cappis,
1511 1402 1619 1453 etc.
1651 1398 1712 1452 1n
1743 1395 1977 1452 ecclesia
2005 1392 2191 1450 cathe-

540 1488 680 1545 drali
708 1488 950 1543 Sabbato
982 1486 1037 1541 in
1067 1485 1220 1542 Albis
1248 1485 1317 1541 ad
1346 1486 1567 1541 missam
1596 1485 1840 1556 quinque
1870 1483 2027 1554 pueri
2051 1482 2190 1538 albis

540 1577 744 1646 induti,
776 1578 890 1634 sive
921 1576 1132 1647 cappis,
1155 1589 1267 1632 non
1296 1576 1372 1632 ita
1403 1576 1616 1646 pridem
1646 1575 1909 1647 regebant
1938 1573 2186 1630 chorum.

547 1666 700 1723 Idem
729 1667 934 1738 legitur
961 1666 1018 1721 in
1049 1665 1337 1722 Ordinario
1368 1679 1468 1721 ms.
1497 1680 1550 1735 p.
1579 1664 1669 1718 93.
1700 1665 1784 1720 Ad
1810 1664 2021 1720 missam
2045 1660 2192 1718 nulla

2269 500 2514 557 Ecclesia
2542 507 2656 558 tres
2676 506 2974 558 nocturnas
3006 501 3118 558 dici
3148 501 3355 570 solitas,
3389 517 3514 573 quae
3554 506 3908 575 reperiuntur

2268 589 2325 647 in
2354 592 2642 648 Ordinario
2680 606 2781 647 ms.
2819 592 3209 648 canonicorum
3243 593 3301 648 S.
3341 593 3512 649 Laudi
3542 595 3925 666 Rotomagen-

2268 680 2384 750 sis;
2418 695 2510 737 eas
2538 681 2719 737 adhuc
2747 681 2948 737 retinet
2976 683 3219 738 Romana
3249 682 3515 750 Ecclesia,
3546 683 3732 741 multae
3767 699 3909 756 quo-

2270 783 2378 838 que
2430 769 2776 825 cathedrales
2822 769 3092 826 ecclesiae.
3142 772 3218 825 De
3264 768 3502 827 lectione
3549 772 3909 844 Apocalypsis

2271 858 2573 914 concordat
2622 858 2969 914 Ordinarium
3017 861 3422 929 Rotomagense
3467 874 3569 915 ms.
3618 862 3731 918 Nos
3776 876 3909 920 vero

2270 945 2502 1017 legimus
2529 947 2597 1003 de
2628 947 2856 1003 Actibus
2883 947 3260 1017 apostolorum
3292 949 3556 1020 (exceptis
3593 951 3906 1023 Dominicis)

2271 1049 2444 1106 usque
2483 1037 2550 1092 ad
2591 1036 2991 1093 hebdomadam
3020 1037 3258 1105 tertiam,
3303 1038 3360 1094 in
3397 1052 3503 1109 qua
3542 1037 3742 1110 legitur
3769 1040 3910 1098 liber

2270 1124 2646 1196 Apocalypsis,
2683 1134 2873 1196 postea
2910 1127 3192 1185 canonicos
3237 1128 3487 1198 epistola;
3534 1142 3705 1200 usque
3734 1130 3805 1187 ad
3833 1131 3911 1188 vi-

2269 1215 2454 1286 giliam
2484 1216 2859 1272 Ascensionis.

2348 1303 2497 1374 (240)
2523 1307 2734 1362 Nonum
2762 1322 2796 1367 (ι
2834 1306 3035 1363 duobus
3062 1306 3265 1363 clericis
3293 1311 3548 1363 cantetur.
3589 1307 3813 1366 Scilicet
3840 1310 3911 1366 de

2271 1394 2466 1463 majori
2494 1395 2627 1450 sede
2654 1396 2712 1450 in
2742 1395 3161 1466 superpelliceis
3189 1403 3417 1465 tantum,
3449 1397 3599 1468 quod
3637 1398 3693 1454 in
3722 1399 3911 1456 Eccle-

2271 1484 2352 1539 sia
2402 1485 2790 1556 Rotomagensi
2832 1491 3080 1541 servatur
3125 1486 3183 1542 in
3230 1487 3396 1543 tertio
3426 1488 3781 1557 responsorio
3810 1504 3913 1559 per

2270 1573 2582 1630 Dominicas
2609 1575 2874 1645 temporis
2899 1574 3191 1646 paschalis.

2345 1663 2483 1734 (241)
2521 1666 2799 1722 Matutino;
2844 1665 3051 1721 Laudes
3097 1680 3213 1720 cum
3256 1679 3361 1721 una
3407 1666 3692 1739 antiphona
3731 1689 3746 1723 :
3804 1672 3916 1727 An-

542 1770 716 1828 cappa
760 1756 817 1811 in
869 1754 1049 1822 choro,
1106 1754 1199 1810 sed
1259 1754 1480 1825 quinque
1526 1754 1681 1825 pueri
1725 1755 1781 1809 in
1828 1752 1962 1809 albis
2003 1744 2447 1823 reganthelus.
2498 1754 2579 1809 Ad
2639 1754 2852 1810 Laudes
2896 1755 2953 1810 in
3004 1754 3303 1811 Dominicis
3358 1769 3531 1827 usque
3582 1758 3656 1815 ad
3709 1762 3915 1817 Ascen-

544 1846 776 1903 chorum.
826 1844 1065 1915 Ofﬁcium
1096 1864 1114 1899 :
1166 1844 1367 1900 Eduxit
1404 1843 1667 1913 pupulum
1695 1856 1874 1899 suum.
1904 1840 2180 1898 Psalmus:

543 1934 893 1992 Conﬁtemini
929 1932 1163 1989 Domino
1211 1938 1266 1988 et
1314 1934 1585 1988 invocate.
1615 1931 1849 2003 Quinque
1872 1932 2024 2003 pueri
2048 1944 2186 2001 pra:-

546 2027 675 2083 dicti
719 2028 926 2080 cantent
964 2040 982 2078 :
1032 2022 1196 2093 Kyrie
1245 2021 1475 2089 eleison,
1519 2024 1637 2077 Rex
1680 2022 1899 2092 genitor
1927 2025 1977 2076 et
2003 2020 2185 2077 Gloria

542 2116 602 2173 in
651 2113 905 2183 excelsis,
957 2126 1175 2185 prosam
1214 2129 1231 2167 :
1281 2113 1641 2182 Omnipotens
1668 2111 1924 2182 genitor;
1967 2111 2186 2182 quinque

538 2205 694 2277 pueri
720 2205 927 2260 cantent
951 2216 1186 2274 prosam,
1222 2204 1269 2257 et
1316 2200 1505 2257 chorus
1549 2200 1863 2272 respondeat
1900 2199 2182 2255 residuum.

544 2293 729 2350 Oratio
780 2312 798 2349 :
866 2290 1158 2359 Concede,
1218 2305 1570 2362 quaesumus,
1618 2289 1970 2359 omnipotens
2022 2290 2184 2344 Deus.

540 2381 709 2442 Nulla
754 2380 1023 2449 memoria,
1067 2380 1171 2436 nisi
1212 2386 1269 2437 ut
1291 2385 1637 2451 praenotatur.
1668 2376 1909 2449 Epistola
1947 2396 1964 2432 :
2014 2379 2189 2446 Depo-

542 2477 741 2528 nentes
785 2484 1024 2527 omnem.
1054 2468 1307 2525 Alleluia.
1357 2468 1396 2529 1i
1445 2470 1576 2525 Haec
1613 2468 1751 2524 dies.
1777 2468 2011 2537 Quinque
2036 2467 2191 2538 pueri

543 2561 601 2616 in
623 2558 864 2631 pulpito:
894 2557 1147 2614 Alleluia.
1180 2556 1219 2619 ψ
1261 2556 1521 2624 Laudate,
1556 2557 1751 2627 pueri;
1795 2556 2026 2627 sequitur
2054 2554 2190 2611 alius

547 2662 765 2704 uersus:
814 2647 896 2703 Sit
932 2659 1133 2702 nomen
1176 2646 1412 2702 Domini.
1459 2648 1575 2701 Hoc
1618 2646 1764 2717 ﬁnito
1794 2646 2015 2715 quinque
2038 2643 2191 2715 pueri

545 2737 796 2810 incipiant
850 2737 907 2792 in
955 2734 1158 2808 pulpito
1205 2756 1221 2790 :
1269 2735 1518 2791 Jubilans
1569 2748 1864 2805 concrepa,
1908 2739 1955 2790 et
2003 2734 2189 2790 chorus

542 2826 855 2899 respondeat
881 2839 1088 2880 neuma.
1120 2825 1181 2880 In
1212 2823 1457 2881 Ecclesia
1488 2823 1789 2880 cathedrali
1814 2822 1980 2880 hodie
2006 2823 2189 2879 omnia

543 2916 683 2974 ﬂunt
718 2920 780 2972 ut
807 2915 865 2971 in
894 2913 1229 2984 duplicibus.

2264 1843 2475 1899 sionem
2523 1843 2718 1913 psalmi
2765 1844 3026 1900 dicuntur
3069 1844 3173 1901 sub
3219 1858 3328 1901 una
3368 1847 3714 1917 antiphona:
3754 1848 3918 1907 Alle-

2266 1930 2395 1987 luia.

2344 2018 2502 2091 (242)
2552 2023 2619 2076 In
2661 2021 2947 2077 Dominicis
2974 2022 3239 2078 matutinis
3278 2037 3481 2095 semper
3506 2025 3601 2097 ﬁat
3621 2029 3910 2098 processio.

2268 2109 2329 2164 ln
2384 2108 2684 2165 Dominicis
2731 2123 2908 2179 usque
2935 2109 3006 2165 ad
3042 2112 3433 2168 Ascensionem
3463 2118 3672 2172 tantum
3702 2117 3761 2173 tit
3790 2131 3915 2189 pro-

2269 2197 2447 2254 cessio
2477 2198 2534 2253 in
2578 2197 2873 2266 Laudibus,
2918 2199 3136 2256 caeteris
3172 2201 3472 2258 Dominicis
3499 2203 3650 2260 nulla
3679 2206 3737 2261 in
3774 2207 3917 2263 Lau-

2270 2286 2453 2355 dibus,
2485 2286 2584 2343 sed
2613 2287 2925 2344 immediate
2956 2293 3083 2345 ante
3111 2289 3348 2346 Tertiam
3384 2297 3511 2362 post
3537 2294 3913 2364 aspersionem

2269 2390 2449 2446 aquae.

2344 2464 2486 2530 (243)
2516 2465 2641 2522 Sine
2665 2466 2831 2537 tropis
2869 2470 2918 2522 et
2945 2466 3230 2523 Laudibus.
3263 2468 3405 2536 Quid
3432 2469 3545 2525 sint
3573 2471 3719 2542 tropi
3748 2471 3913 2530 docet

2272 2554 2560 2611 Durandus
2619 2547 2754 2616 I46
2805 2556 2901 2612 lib.
2952 2572 3030 2625 1v,
3078 2558 3321 2626 Ration.,
3370 2573 3421 2615 c.
3462 2574 3514 2627 γ,
3548 2566 3604 2617 et
3633 2566 3757 2632 post
3786 2576 3913 2620 eum

2272 2644 2542 2700 Pamelius
2588 2644 2645 2700 in
2692 2645 2798 2700 line
2837 2646 2970 2701 tomi
3015 2647 3063 2701 ll
3111 2646 3429 2718 Liturgicon
3473 2650 3623 2706 Eccl.
3666 2654 3779 2708 Lat.
3828 2653 3912 2709 Ad

2271 2733 2412 2789 hanc
2455 2738 2647 2789 cantus
2693 2734 2934 2803 speciem
2980 2733 3286 2792 referendae
3313 2742 3443 2793 sunt
3476 2737 3680 2796 litanias
3713 2740 3793 2812 (ut
3818 2755 3917 2798 vo-

2271 2822 2417 2893 cant)
2484 2826 2758 2891 prosatae,
2806 2829 2867 2877 ut
2908 2825 3107 2894 Kyrie,
3153 2825 3271 2894 fons
3316 2825 3581 2884 bonitatis.
3630 2831 3786 2897 Quod
3830 2832 3913 2889 Ad

2272 2911 2484 2967 Laudes
2512 2911 2729 2979 attinet,
2751 2912 2899 2967 varia
2929 2918 3012 2969 est
3038 2916 3157 2982 ejus
3185 2916 3424 2971 nominis
3449 2917 3592 2987 apud
3622 2917 3914 2991 liturgicos

625 3003 774 3078 (234)
805 3004 893 3059 Ad
939 3003 1244 3073 cruciﬁxum
1293 3007 1413 3073 post
1470 3004 1720 3072 Vesperas
1765 3002 1858 3072 ﬁat
1899 3002 2186 3071 processio.
2215 2990 2545 3078 "acceptio.
2597 3000 2924 3071 Plerumque
2968 3002 3112 3057 enim
3160 3004 3394 3060 sumitur
3430 3019 3531 3075 pro
3558 2990 3806 3077 Alleluia,
3851 3017 3914 3067 ut

547 3065 695 3149 idem
726 3065 1097 3163 processionis
1127 3090 1266 3146 ritus
1293 3065 1627 3146 describitur
1664 3091 1722 3144 in
1765 3065 2056 3146 Ordinario
2086 3103 2189 3145 ms.
2212 3065 2425 3161 capud
2468 3089 2758 3156 lsidorum,
2810 3065 2907 3145 lib.
2959 3106 2976 3145 1
3022 3092 3097 3146 De
3148 3091 3287 3148 eccl.
3333 3065 3502 3161 omo,
3534 3109 3655 3166 cap.
3694 3065 3910 3169 l3,'qui

546 3181 722 3239 sancti
759 3179 950 3236 Laudi.
981 3178 1069 3234 Fit
1096 3178 1261 3234 hodie
1290 3178 1348 3233 in
1379 3178 1606 3233 dioecesi
1643 3179 2033 3249 Rotomagensi
2063 3183 2190 3247 post

551 3274 820 3340 Vesperas
862 3267 1167 3339 processio,
1199 3268 1255 3322 in
1304 3281 1413 3337 qua
1450 3281 1559 3323 non
1599 3272 1850 3337 portatur
1896 3281 2050 3334 crux,
2089 3266 2186 3322 sed

550 3357 878 3417 candelabra
925 3362 981 3413 et
1025 3355 1385 3424 thuribulum,
1411 3358 1565 3425 juxta
1609 3356 1955 3412 Ordinarium
2010 3358 2190 3412 Roto—

544 3461 800 3520 magense
845 3460 946 3502 ms.
996 3451 1053 3502 et
1099 3445 1229 3501 dum
1267 3449 1518 3501 cantatur
1547 3447 1586 3515 ιῑ)
1614 3446 1813 3515 Dignus
1841 3460 1916 3514 es,
1947 3446 2185 3512 Domine,

542 3537 839 3596 cruciﬁxus
868 3551 898 3592 a
939 3535 1252 3593 celebrante
1310 3549 1483 3606 cappa
1538 3536 1732 3592 induto
1790 3540 1846 3591 et
1898 3535 2186 3606 genuﬂexo

544 3627 752 3701 triplici
799 3628 971 3685 ductu
1019 3626 1383 3683 thuriticatur.
1422 3627 1538 3683 Duo
1576 3626 1634 3682 in
1674 3625 1886 3696 pulpito
1916 3632 2119 3681 canunt
2148 3631 2186 3690 ψ

543 3719 591 3775 0
635 3732 808 3789 quam.
849 3717 1062 3772 Dicitur
1088 3731 1279 3773 versus
1326 3722 1381 3771 et
1428 3716 1606 3772 oratio
1646 3715 1714 3771 de
1753 3729 1936 3781 cruce,
1970 3721 2025 3771 et
2062 3721 2187 3785 post

543 3805 863 3862 memoriam
938 3797 1074 3866 I45
1140 3806 1198 3860 Β.
1266 3804 1448 3860 Mariae
1472 3846 1488 3870 ,
1555 3803 1624 3859 ad
1688 3804 1975 3860 introitum
2032 3804 2187 3860 chori

545 3893 751 3949 dicitur
806 3892 1110 3964 antiphona
1160 3893 1229 3950 de
1280 3892 1486 3949 sanctis
1543 3904 1666 3948 cum
1721 3906 1882 3948 versu
1947 3898 2004 3948 et
2067 3907 2189 3949 ora-

547 3981 720 4038 tione.

622 4068 763 4141 (235)
826 4068 1079 4127 Oratione
1132 4067 1408 4125 Dominica
1453 4072 1503 4123 et
1556 4066 1810 4139 symbolo.
1857 4070 1918 4124 In
1950 4069 2191 4140 comple-

546 4159 692 4217 torio
738 4172 840 4230 per
884 4164 1131 4216 octavam
1177 4171 1290 4216 non
1337 4157 1543 4214 dicitur
1570 4158 1747 4215 oratio
1775 4158 2058 4215 Dominica
2086 4173 2189 4216 nec

546 4247 890 4320 symbolum;
940 4247 1039 4304 sed
1088 4253 1215 4319 post
1258 4248 1415 4305 Nunc
1464 4246 1680 4303 dimittis
1726 4246 2016 4303 decantata
2042 4249 2189 4304 anti-

2271 3193 2466 3235 seusus
2495 3178 2624 3233 huic
2652 3179 2778 3234 loco
2826 3192 2937 3234 non
2984 3182 3259 3248 convenit,
3293 3182 3386 3238 ubi
3414 3184 3596 3254 agitur
3623 3185 3691 3241 de
3727 3185 3911 3245 ofﬁcio

2271 3268 2420 3338 quod
2469 3267 2778 3323 celebratur
2824 3282 2946 3323 cum
2995 3267 3245 3336 Alleluia,
3294 3272 3393 3327 sed
3439 3273 3561 3329 sine
3612 3275 3905 3334 Laudibus.

2268 3358 2458 3426 Itaque
2504 3369 2626 3411 cum
2673 3356 2763 3411 hic
2811 3361 3116 3426 troporum,
3147 3359 3500 3431 Laudumque
3528 3364 3689 3420 simul
3719 3378 3912 3422 occur-

2272 3452 2355 3501 rat
2404 3445 2631 3511 mentio,
2678 3444 2886 3501 rectius
2932 3460 3032 3515 per
3060 3448 3272 3504 Laudes
3298 3449 3613 3520 hujusmodi
3641 3454 3912 3526 intellige-

2270 3548 2391 3590 mus
2432 3539 2648 3590 cantum
2696 3534 2934 3604 aliquem
2981 3536 3413 3596 ecclesiasticum
3456 3543 3633 3612 tropis
3666 3542 3906 3602 afﬁnem.

2268 3624 2402 3679 Nam
2430 3629 2486 3678 et
2512 3623 2802 3679 Durandus
2829 3622 2954 3680 loco
2978 3626 3246 3693 praedicto
3276 3634 3468 3699 tropos
3493 3632 3734 3701 appellat
3774 3636 3908 3691 Lauo

2269 3712 2368 3768 des
2413 3712 2481 3768 ad
2529 3711 2816 3769 introitum
2872 3715 3280 3773 convertibiles.
3339 3718 3681 3789 Conjecturae
3734 3721 3909 3780 facem

2271 3799 2493 3871 praefert
2535 3814 2839 3871 anonymus
2874 3803 2929 3857 S.
2961 3802 3211 3860 Audoeni
3256 3808 3558 3865 monachus
3583 3810 3642 3867 in
3668 3811 3913 3870 Historia

2269 3890 2496 3945 Joannis
2538 3891 2715 3946 nostri
2763 3891 2834 3947 ad
2882 3891 3087 3948 calcem
3134 3900 3410 3966 gestorum
3465 3899 3915 3974 archiepiscopo-

2271 3994 2393 4035 rum
2440 3981 2727 4050 Rotomag.
2760 3979 2850 4036 his
2876 3981 3064 4037 verbis
3104 4002 3117 4038 :
3148 3985 3339 4041 Finitis
3371 3987 3548 4059 itaque
3583 3991 3749 4061 Kyrie
3775 3992 3914 4051 elei-

2271 4081 2373 4125 son
2402 4084 2517 4124 cum
2561 4068 2762 4125 duobus
2810 4068 3079 4141 rhythmis,
3130 4072 3187 4128 id
3234 4079 3318 4131 est
3345 4081 3535 4134 nostro
3558 4080 3769 4149 judicio
3798 4089 3914 4141 tro-

2273 4159 2359 4228 pis
2390 4163 2577 4214 exacto
2624 4158 2799 4227 gloria
2844 4158 2901 4213 in
2950 4160 3183 4217 excelsis
3208 4163 3342 4233 Deo,
3379 4167 3517 4237 quod
3542 4168 3815 4242 inemptum
3844 4173 3913 4230 ab

2273 4247 2462 4303 abbate
2509 4246 2737 4303 Ricardo
2784 4248 3014 4317 Sigiensi
3040 4250 3331 4322 (Sagiensi)
3360 4254 3547 4311 chorus
3575 4257 3909 4319 celeberrime

547 4338 732 4410 phona
768 4338 948 4396 oratio
979 4336 1205 4405 dicitur,
1239 4342 1295 4392 et
1330 4335 1480 4393 dicto
1521 4335 1917 4405 Benedicamus,
1948 4338 2192 4409 Comple-
2210 4338 2445 4421 “fuerat
2474 4342 2748 4393 exsecutus
2776 4352 2889 4393 cum
2916 4339 3203 4409 Laudibus,
3234 4341 3290 4398 id
3316 4357 3437 4400 uero
3461 4349 3621 4403 totum
3657 4351 3917 4421 appende-

547 4430 748 4487 torium
787 4428 994 4484 ﬁnitur.

547 4604 734 4673 modo,
764 4604 864 4661 sed
893 4618 1045 4661 more
1075 4603 1285 4675 duplici
1315 4604 1534 4661 colitur.

625 4692 767 4767 (237)
807 4694 1210 4767 Rcsponsorium
1274 4694 1541 4762 Surrexit,
1595 4711 1630 4750 a
1685 4694 1884 4751 duobus
1928 4700 2188 4763 cantetur,

547 4781 761 4839 scilicet
796 4784 853 4840 in
880 4785 1090 4856 cappis,
1124 4784 1219 4855 qui
1245 4784 1475 4841 chorum
1503 4789 1715 4855 regant.

624 4870 767 4943 (238)
821 4875 1154 4946 Unaquaeque
1194 4878 1451 4930 nocturna
1497 4888 1610 4929 cum
1644 4888 1750 4928 una
1778 4873 2082 4946 antiphona.
2115 4876 2192 4930 Ex

551 4960 639 5018 his
668 4966 723 5018 et
751 4964 1111 5031 sequentibus
1141 4968 1310 5034 patet,
1343 4962 1488 5033 apud
1533 4964 1770 5033 majores
1798 4970 2019 5021 nostros
2048 4970 2191 5021 tem-

549 5065 685 5122 pore
716 5050 960 5122 paschali
988 5053 1393 5110 Dominicarum
1434 5057 1489 5109 et
1524 5051 1788 5110 festorum
1817 5051 2057 5110 ofﬁcium
2098 5056 2194 5110 tri-

550 5140 653 5196 bus
709 5140 997 5198 nocturnis
1049 5143 1383 5199 constitisse.
1445 5144 1513 5198 Ut
1566 5156 1728 5198 secus
1774 5148 1964 5213 postea
2012 5144 2190 5212 ﬁeret,

552 5230 766 5299 perlicit
804 5231 1088 5288 brevitatis
1112 5232 1273 5299 ratio,
1306 5244 1419 5289 non
1444 5231 1753 5303 disciplinae
1796 5252 1808 5287 :
1855 5232 2003 5302 quod
2034 5234 2191 5290 valde

551 5318 894 5389 improbatur
929 5335 959 5376 a
1005 5319 1294 5378 Guillelmo
1322 5321 1600 5389 Durando,
1643 5321 1681 5378 l.
1716 5336 1792 5387 vi,
1824 5322 2045 5378 Ration.
2080 5323 2191 5380 div.

552 5405 722 5476 ofﬁc.,
750 5422 870 5479 cap.
904 5409 995 5478 89,
1026 5415 1083 5466 et
1109 5408 1345 5467 Radulfo
1374 5410 1584 5468 decano
1605 5410 1929 5481 Tungrensi,
1954 5410 2098 5468 libro
2118 5414 2193 5469 De

552 5509 823 5553 canonum
844 5498 1215 5567 observantia,
1246 5500 1630 5572 propositione
1657 5498 1742 5555 10.
1774 5500 1873 5556 Pa.

624 5582 784 5658 (239)
833 5586 951 5645 Sea;
992 5587 1238 5648 lectiones
1265 5589 1331 5648 de
1356 5589 1679 5663 Apocalypsi
1706 5588 1964 5660 legantur,
1994 5595 2045 5646 et
2090 5596 2195 5648 tres

2209 4398 2259 4457 Β
2272 4398 2430 4483 batur
2454 4427 2511 4482 in
2530 4425 2922 4499 prmatolatione
2944 4398 3349 4502 archiprtesulis.
3378 4398 3503 4502 Quo
3648 4398 3918 4499 1356233.

620 4516 758 4588 (236)
788 4518 915 4572 Dies
943 4521 1157 4572 octavus
1182 4519 1239 4571 ut
1273 4515 1470 4587 primus
1512 4514 1815 4572 celebretur.
1844 4516 1966 4573 Non
1995 4516 2191 4573 eodem
2218 4588 2223 4591 _

2271 4514 2461 4586 ligitur
2503 4515 2715 4572 Laudes
2768 4516 2925 4584 illas,
2980 4518 3037 4574 in
3084 4519 3266 4577 missis
3323 4522 3663 4583 solemnibus
3708 4529 3913 4601 hymno

2274 4604 2458 4662 Gloria
2503 4606 2560 4661 in
2602 4605 2825 4662 excelsis
2874 4608 3153 4676 interseri,
3191 4610 3277 4666 vel
3314 4617 3465 4669 certe
3495 4615 3752 4689 subjungi
3782 4633 3916 4677 con-

2272 4696 2513 4751 suevisse
2556 4715 2569 4751 :
2620 4709 2783 4765 quem
2831 4696 3055 4766 quidem
3100 4698 3360 4770 hymnum
3387 4703 3446 4758 in
3484 4706 3649 4761 missa
3692 4708 3917 4768 Sabbati

2272 4784 2448 4841 sancti
2484 4783 2691 4855 absque
2735 4784 2912 4854 tropis
2944 4785 3313 4857 decantatum,
3355 4792 3520 4861 paulo
3555 4800 3685 4851 ante
3718 4797 3919 4855 obser-

2271 4875 2512 4931 vavimus
2540 4889 2608 4931 ex
2634 4874 2947 4932 Ordinatio.
2995 4878 3128 4947 Ejus
3164 4880 3385 4950 generis
3412 4889 3533 4938 erat
3559 4898 3723 4953 prosa
3754 4889 3919 4955 Quem

2273 4965 2409 5020 cives
2455 4963 2640 5032 coelici,
2685 4978 2809 5034 quae
2851 4966 3006 5034 juxta
3049 4966 3196 5024 idem
3235 4970 3604 5041 Ordinarium,
3655 4976 3711 5031 in
3752 4984 3916 5035 nocte

2272 5054 2479 5110 Natalis
2522 5052 2739 5110 Domini
2774 5067 2807 5108 a
2852 5053 3072 5118 clericis
3135 5064 3386 5127 pastores
3440 5063 3748 5133 agentibus,
3792 5074 3923 5135 post

2274 5144 2533 5213 hymnum
2589 5141 2915 5212 praedictum
2971 5146 3339 5204 cantabatur:
3372 5150 3616 5222 itemque
3663 5155 3710 5211 O
3745 5154 3921 5225 gloria

2272 5236 2590 5299 sanctorum,
2622 5230 2826 5288 ibidem
2868 5233 2926 5289 in
2954 5232 3096 5292 festo
3144 5238 3321 5293 sancti
3350 5240 3634 5311 Stephani.
3667 5244 3918 5316 Denique

2275 5321 2518 5379 Laudum
2572 5322 2795 5378 nomine
2842 5321 2984 5380 forte
3041 5328 3256 5384 censeri
3306 5336 3498 5399 posset
3542 5331 3776 5405 insignis
3820 5335 3922 5393 ille

2276 5417 2489 5480 cantus,
2521 5411 2754 5470 ειη-ἰδίω
2780 5413 2956 5483 vincit,
2990 5414 3059 5471 de
3086 5430 3199 5487 quo
3224 5431 3412 5491 supra.
3442 5422 3538 5478 Pa.

2347 5500 2488 5573 (244)
2519 5502 2644 5560 Cum
2698 5502 2899 5560 duobus
2943 5504 3176 5563 Alleluia
3203 5512 3254 5564 et
3293 5512 3583 5582 sequentia.
3614 5513 3917 5585 Sequentia

2276 5604 2388 5649 non
2417 5590 2641 5664 dicitur,
2670 5592 2770 5652 sed
2797 5598 3038 5666 quatuor
3071 5593 3305 5656 Alleluia
3330 5606 3627 5661 canuntur.
