4156 6196
248 256 333 313 109

1242 256 1440 315 NOTE
1474 255 1563 313 AD
1599 254 1854 313 LIBRUM
1890 254 1979 313 DE
2013 256 2226 315 OFFIC.
2266 256 2534 318 ECCLES.

3468 266 3574 323 110

303 378 429 453 (245)
456 379 701 448 Quandiu
735 381 778 451 ιη
821 380 1028 453 Dignus
1073 394 1136 439 es
1191 385 1455 448 cantatur,
1501 379 1853 454 Apocalypsis
1869 379 2038 443 Abus
2083 381 2437 457 frangebatur
2481 386 2617 447 hora
2670 397 2816 444 nona
2837 385 3128 457 jejunium,
3159 393 3220 446 ut
3246 396 3464 451 constat
3500 409 3573 453 ex

239 471 433 542 legatur.
481 470 541 526 1n
595 469 887 527 Breviariis
930 472 1227 544 Rotomog.
1283 486 1375 529 an.
1438 469 1571 526 1491
1614 473 1671 527 et
1712 467 1850 525 1578

239 564 347 631 post
377 563 615 615 octavam
668 558 894 616 Paschae
955 559 1159 632 legitur
1221 559 1605 632 Apocalypsis,
1645 558 1848 629 quibus

236 648 453 706 concinit
476 647 824 705 Ordinarium
855 663 982 717 ms.,
1016 664 1074 720 p.
1096 648 1133 705 2
1162 670 1178 707 :
1210 651 1335 706 Post
1362 654 1602 706 octauum
1626 646 1846 704 Paschte

233 738 486 811 incipiatur
527 736 659 794 liber
710 737 1080 811 Apocalypsis,
1133 744 1184 795 et
1230 738 1470 809 legantur
1516 738 1582 794 de
1630 752 1691 793 eo
1738 740 1844 792 tres

232 826 448 884 lectiones
496 842 594 899 per
647 826 1026 884 hebdomadam
1077 843 1239 900 usque
1293 827 1365 884 ad
1411 826 1735 883 Dominicam
1788 826 1845 881 in

230 932 320 989 qua
354 920 588 973 cantatur
625 938 642 971 :
684 917 922 974 Jubilate
968 918 1101 974 Deo.
1142 919 1209 973 In
1250 916 1481 973 crastino
1526 916 1844 988 incipiantur

226 1004 453 1078 Epistolas
505 1006 791 1075 canonicis,
830 1012 880 1062 et
926 1004 1166 1077 legantur
1201 1006 1267 1063 de
1310 1007 1442 1079 ipsis
1480 1005 1709 1077 quotidie
1737 1010 1844 1062 tres

226 1094 443 1152 lectiones
479 1110 578 1169 per
620 1095 785 1167 ferias
810 1110 973 1169 usque
1001 1096 1073 1153 ad
1097 1095 1330 1167 vigiliam
1354 1095 1691 1152 Ascensionis
1725 1095 1842 1151 Do-

226 1185 351 1242 mini.
390 1187 453 1241 Et
487 1186 844 1258 morologus,
892 1188 967 1242 De
1021 1185 1328 1242 ecclesiast.
1381 1185 1679 1251 observat.,
1713 1197 1839 1255 cap.

222 1273 283 1328 54
311 1295 323 1331 :
350 1277 414 1331 In
466 1280 655 1332 octaua
701 1275 921 1333 Pascha:
974 1275 1290 1342 historiam;
1344 1267 1477 1336 I47
1516 1274 1722 1345 Dignits
1757 1287 1839 1343 es,
1866 1266 1881 1284 ‘

222 1364 446 1433 Domine,
473 1369 524 1421 et
551 1363 908 1437 Apocalypsin
925 1365 1089 1435 juxta
1118 1364 1352 1421 ordinem
1384 1363 1677 1435 incipimus.

279 1452 413 1517 (246)
450 1456 555 1510 Per
609 1454 721 1509 dies
766 1452 983 1525 fetiales
1014 1454 1071 1509 in
1132 1459 1387 1509 nocturna
1443 1467 1544 1509 sea:
1582 1450 1840 1524 psalmos.

220 1542 460 1613 Tempore
516 1542 763 1615 paschali
801 1549 916 1600 tres
961 1547 1174 1600 tantum
1213 1542 1474 1600 dicuntur
1510 1541 1705 1613 psalmi
1742 1555 1844 1612 per

219 1630 382 1687 ferias.

1928 469 2250 545 Micrologo,
2282 488 2333 532 c.
2362 475 2455 545 49,
2485 478 2561 532 De
2589 475 2769 547 capite
2791 475 3009 546 jejunii,
3042 481 3099 534 et
3132 476 3387 549 pluribus
3420 482 3565 540 aliis.

2001 559 2144 634 (251)
2201 564 2377 622 Simili
2420 565 2575 622 modo
2648 565 2759 621 dies
2812 566 3157 636 Rogationum
3223 566 3566 628 celebrentur.

1926 648 2002 704 De
2025 651 2239 721 jejunio
2260 654 2626 724 Rogationum
2655 655 2736 710 sic
2774 652 3020 725 loquitur
3045 656 3324 727 Babanus,
3364 658 3465 716 lib.
3504 675 3569 729 11,

1926 739 2002 793 De
2030 738 2269 796 institui.
2319 742 2532 810 cleric.,
2592 756 2717 813 cap.
2766 741 2851 798 4:
2901 746 3036 800 Ante
3080 745 3216 801 hanc
3260 761 3384 818 ergo
3432 748 3569 804 diem

1923 828 2255 885 Ascatsionis
2325 831 2534 887 Domini
2588 846 2699 887 mos
2751 837 2827 887 est
2883 832 3218 891 ecclesiarum
3273 836 3570 895 Occidentis

1917 930 2016 988 per
2054 921 2161 972 tres
2193 916 2305 972 dies
2353 919 2632 989 proximos
2675 919 2930 989 jejunium
2984 936 3229 980 exercere
3256 929 3306 981 et
3352 924 3569 984 litanias

1924 1020 2100 1075 agere,
2140 1011 2190 1062 et
2240 1005 2339 1061 hoc
2366 1021 2613 1077 congrue.
2651 1008 2787 1064 Vide
2831 1010 3184 1082 Amalarium,
3225 1013 3325 1072 lib.
3365 1031 3407 1080 1,
3438 1030 3562 1088 cap.

1922 1094 2014 1164 37,
2041 1098 2119 1152 De
2148 1095 2338 1152 litania
2366 1098 2581 1167 majori.
2898 1150 2903 1155 .

1995 1186 2134 1257 (252)
2166 1187 2282 1244 Sea:
2324 1185 2506 1258 prima:
2554 1187 2800 1243 lectiones
2848 1188 2912 1244 de
2938 1192 3136 1248 sanctis
3174 1193 3434 1252 dicantur.
3465 1197 3570 1253 Ea-

1924 1275 2050 1332 dem
2089 1274 2250 1346 plane
2287 1275 2561 1332 habentur
2616 1277 2675 1332 in
2726 1276 2869 1333 libro
2908 1276 3128 1336 ofﬁciali
3174 1283 3568 1357 Rotomagensi

1922 1379 2066 1433 ms.;
2124 1378 2272 1423 nunc
2335 1370 2517 1423 autem
2583 1379 2691 1422 una
2757 1371 3028 1424 nocturna
3082 1369 3309 1440 dicitur,
3357 1375 3416 1431 in
3454 1389 3565 1448 qua

1923 1455 2098 1525 prima
2136 1454 2303 1512 lectio
2360 1455 2429 1512 de
2486 1456 2832 1527 expositione
2886 1457 3188 1528 Evangelii,
3229 1463 3473 1520 secunda
3511 1469 3569 1522 et

1922 1544 2088 1600 tertia
2123 1543 2193 1600 de
2232 1557 2435 1611 cruce;
2475 1543 2536 1599 ﬁt
2591 1545 2854 1602 memoria
2907 1549 3208 1616 martyrum
3263 1548 3322 1604 in
3372 1550 3565 1620 primis

1923 1632 2200 1703 Vesperis,
2238 1631 2518 1691 Laudibus
2546 1638 2600 1691 et
2629 1634 2814 1691 missa.

279 1722 402 1794 (247)
436 1723 607 1778 Unum
644 1726 843 1778 tantum
886 1686 1119 1778 Alleluia
1177 1725 1437 1778 cantetur.
1477 1721 1557 1777 lta
1612 1720 1904 1791 quoqueB
2879 1723 2935 1779 in
2990 1725 3228 1796 Vesperis
3263 1728 3313 1781 el
3340 1726 3565 1784 Matuti-

218 1811 545 1883 llicrologus,
603 1812 679 1867 De
736 1810 937 1868 eccles.
978 1811 1278 1879 observat.,
1318 1824 1371 1867 c.
1410 1808 1502 1877 55,
1534 1815 1591 1866 et
1617 1810 1680 1866 G.
1718 1810 1836 1865 Du-

217 1899 414 1969 raudus,
469 1900 694 1957 Ration.
737 1900 908 1957 divin.
950 1898 1120 1969 ofﬁc.,
1172 1899 1210 1955 l.
1273 1915 1350 1967 v1,
1402 1913 1453 1955 c.
1499 1897 1590 1955 89.
1631 1898 1737 1955 Sed
1777 1898 1835 1954 in

216 1988 435 2046 Ecclesia
481 1990 874 2061 Rotomagensi
930 1989 988 2045 in
1052 1987 1235 2046 ofﬁcio
1292 1995 1402 2045 tam
1459 1988 1528 2044 de
1566 1988 1833 2057 Tempore

214 2092 353 2148 quam
390 2079 458 2135 de
497 2080 717 2137 Sanctis
771 2094 803 2136 a
857 2079 1067 2136 Pascha
1126 2092 1301 2149 usque
1357 2078 1428 2135 ad
1466 2079 1833 2135 Pentecosten

212 2175 458 2225 canuntur
499 2177 740 2240 quatuor
765 2168 1017 2236 Alleluia,
1058 2168 1306 2239 exceptis
1341 2167 1742 2240 Rogationibus
1778 2173 1835 2224 et

212 2256 372 2327 vigilia
408 2259 790 2316 Pentecostes.

269 2345 402 2416 (248)
430 2349 501 2405 Si
546 2348 653 2404 alio
683 2353 911 2421 tempore
948 2349 1191 2417 euenerit,
1238 2362 1411 2404 omnes
1447 2348 1680 2419 exceptis
1702 2360 1835 2419 par-

214 2433 318 2489 ntis
341 2437 608 2506 jejunent.
640 2439 756 2493 Hoc
812 2437 1022 2493 iudicat
1072 2437 1423 2495 Ordinarium
1467 2450 1571 2493 ms.
1629 2435 1832 2493 biblio-

216 2523 359 2583 thecae
391 2526 701 2596 Bigotiante
725 2546 738 2581 :
791 2529 926 2581 Item
957 2527 1006 2581 si
1031 2527 1255 2583 euenerit
1281 2527 1340 2581 in
1367 2525 1452 2581 die
1480 2530 1688 2592 octaua,
1719 2539 1832 2580 me-

214 2615 351 2669 moria
378 2613 455 2670 ad
497 2619 748 2685 utrasque
786 2617 1059 2686 Vesperas,
1100 2615 1416 2672 Matutinum
1444 2618 1495 2669 el
1521 2614 1754 2679 missam,
1785 2617 1834 2668 et

211 2700 252 2755 in
280 2703 505 2759 crastino
536 2707 832 2759 reseruetur
878 2718 993 2759 cum
1032 2703 1254 2774 jejunio.
1287 2705 1418 2758 Item
1452 2702 1500 2757 si
1528 2702 1753 2757 evenerit
1779 2702 1835 2755 in

209 2791 431 2849 Sabbatis
488 2796 582 2847 aut
647 2792 936 2848 Dominicis
987 2792 1407 2859 resurrectionis,
1460 2790 1728 2863 processio
1784 2794 1834 2846 et

202 2878 424 2949 jejunum
486 2882 547 2936 in
612 2882 898 2938 crastinum
969 2886 1347 2947 reserventur,-
1407 2881 1465 2936 in
1536 2879 1830 2936 Ordinario

206 2977 362 3026 autem
397 2985 502 3028 ms.
538 2971 901 3028 .cathedralis
954 2971 1209 3028 ecclesia:
1252 2991 1265 3027 :
1305 2970 1478 3030 Missa
1526 2969 1590 3024 de
1627 2969 1829 3039 jejunio

204 3060 491 3129 cantabitur,
556 3065 607 3116 et
662 3075 838 3116 omnes
883 3060 1218 3131 jejunabunt.
1267 3060 1408 3118 Hinc
1445 3059 1557 3116 duo
1586 3043 1888 3115 notandaC

1922 1812 2026 1880 nis,
2065 1816 2115 1868 et
2143 1812 2306 1868 missa
2331 1813 2445 1883 ﬁat.
2477 1813 2769 1870 Processio
2815 1812 2965 1869 nulla
3012 1814 3091 1879 ﬁt,
3142 1813 3249 1871 nisi
3287 1814 3360 1871 sit
3386 1815 3564 1872 Domi-

1920 1900 2064 1969 nica,
2123 1900 2339 1957 scilicet
2395 1906 2521 1957 ante
2560 1901 2816 1970 Tertiam,
2866 1914 2970 1958 nec
3007 1902 3221 1959 Laudes
3259 1917 3439 1975 neque
3477 1917 3568 1961 se-

1919 1990 2145 2060 quentia
2172 1990 2230 2046 in
2260 1988 2446 2060 aliquo
2477 1987 2660 2047 ofﬁcio
2689 1995 2980 2047 canuntur.

1994 2078 2131 2149 (254)
2165 2081 2232 2136 In
2284 2079 2522 2149 Vesperis
2559 2083 2744 2136 cantor
2775 2079 2986 2137 chorum
3031 2084 3202 2150 regat.
3245 2081 3420 2152 Hujus
3449 2080 3562 2138 diei

1920 2168 2162 2226 ofﬁcium
2214 2168 2271 2224 in
2329 2168 2585 2225 omnibus
2642 2183 2783 2239 pene
2839 2175 2925 2225 est
2980 2169 3360 2237 immutatum;
3414 2183 3563 2228 nunc

1917 2258 2064 2315 enim
2100 2258 2212 2314 duo
2251 2262 2510 2314 cantores
2546 2258 2765 2328 cappati
2802 2258 3031 2314 chorum
3071 2265 3288 2331 regunt,
3321 2265 3563 2329 quatuor

1916 2348 2009 2404 alii
2048 2347 2117 2403 de
2155 2347 2349 2417 majori
2380 2346 2512 2402 sede
2541 2346 2673 2403 item
2703 2347 2894 2417 cappis
2917 2346 3117 2414 induti,
3150 2348 3271 2403 istis
3299 2348 3563 2405 receden-

1918 2438 2067 2494 tibus
2090 2437 2149 2493 in
2176 2435 2514 2503 vestiarium,
2557 2435 2972 2506 responsorium
3004 2441 3228 2493 canunt.
3268 2436 3409 2492 Olim
3447 2444 3562 2493 tres

1914 2533 2201 2582 nocturna:
2231 2525 2453 2597 vigiliae,
2498 2524 2664 2581 hodie
2712 2539 2821 2581 una
2849 2530 3062 2581 tantum
3090 2524 3314 2593 dicitur,
3345 2526 3562 2583 scilicet

1914 2618 2030 2669 tres
2057 2612 2249 2682 psalmi
2286 2628 2412 2670 cum
2441 2614 2617 2670 tribus
2655 2614 2993 2684 antiphouis,
3026 2621 3081 2670 et
3119 2614 3177 2669 in
3224 2615 3415 2685 cappis
3445 2620 3560 2672 tres

1916 2701 2186 2757 lectiones
2240 2700 2310 2756 de
2365 2701 2711 2772 expositione
2767 2703 3047 2774 Evangelii
3102 2702 3380 2773 leguntur,
3432 2717 3559 2760 cum

1914 2789 2146 2846 totidem
2185 2791 2574 2859 responsoriis,
2615 2804 2849 2860 quorum
2889 2792 3124 2861 primum
3161 2796 3218 2846 et
3253 2791 3557 2847 secundum

1913 2892 1945 2933 a
1983 2878 2161 2934 tribus
2214 2878 2271 2933 in
2331 2878 2541 2949 cappis,
2601 2879 2824 2935 tertium
2871 2893 2902 2934 a
2961 2885 3201 2950 quatuor
3236 2879 3559 2950 regentibus

1913 2967 2147 3024 chorum
2175 2966 2521 3024 decantatnr.

1984 3056 2122 3129 (255)
2191 3059 2317 3113 Post
2393 3057 2620 3113 Tertiam
2685 3058 2953 3128 processio
3025 3057 3139 3127 fiat.
3206 3057 3553 3114 Ordinarium

202 3159 471 3207 occurrunt
513 3172 527 3208 :
593 3152 830 3222 primum
885 3152 1035 3222 quod
1073 3151 1205 3208 olim
1264 3150 1510 3207 Ecclesia
1565 3150 1825 3205 Rotoma—
1906 3147 2311 3217 Rotomagense
2360 3159 2463 3201 ms.
2496 3151 2623 3216 post
2651 3146 2884 3202 Tertiam
2916 3146 3327 3216 processionem
3364 3146 3555 3204 imme—

201 3240 360 3305 gensis
370 3241 646 3311 jejunium
674 3241 993 3297 observaret
1021 3241 1079 3296 in
1106 3239 1249 3297 festo
1295 3242 1352 3295 S.
1383 3239 1570 3304 Marci,
1602 3237 1823 3308 quando

200 3339 292 3381 non
327 3328 698 3386 concurrebat
735 3343 859 3385 cum
905 3334 1107 3386 octava»
1151 3328 1398 3396 Paschae,
1439 3334 1534 3385 aut
1570 3327 1822 3384 Domini-

202 3414 269 3469 cis
300 3424 539 3488 tempore
582 3417 851 3488 paschali.
909 3418 1223 3475 Secundum
1252 3417 1402 3489 quod
1431 3430 1623 3474 omnes
1654 3430 1822 3473 exce-

1913 3234 2060 3291 diate
2100 3236 2409 3303 constituit,
2452 3250 2509 3306 p.
2565 3235 2683 3291 109.
2730 3236 2817 3292 Ad
2845 3236 3077 3292 Primam
3110 3238 3229 3292 Jam
3258 3236 3419 3303 lucis,
3451 3242 3550 3293 etc.

1903 3324 2104 3383 Dehinc
2132 3330 2283 3382 catur
2313 3326 2371 3381 in
2426 3323 2707 3396 capitulum
2757 3326 2900 3396 [ms.,
2949 3324 3218 3396 capitulo],
3268 3330 3317 3380 et
3365 3324 3442 3380 ibi
3484 3325 3554 3380 le-

1904 3419 2060 3485 gatur
2087 3413 2154 3470 ab
2179 3429 2283 3470 uno
2314 3413 2540 3470 diacono
2570 3412 2634 3467 de
2663 3412 2853 3481 majori
2875 3413 2999 3468 sede
3027 3413 3091 3467 de
3110 3412 3320 3468 residuo
3349 3414 3553 3484 exposi-

203 3503 293 3570 ptis
318 3508 497 3575 pueris
551 3513 613 3562 et
640 3507 871 3564 inﬁrmis
920 3508 1255 3577 jejunarent.
1314 3505 1501 3563 Simile
1548 3505 1826 3575 reperitur
1905 3504 2062 3561 tionis
2107 3501 2406 3572 Evangelii.
2455 3500 2699 3557 Pulsetur
2738 3500 3007 3570 processio
3048 3501 3252 3569 festiue.
3301 3501 3552 3570 Sequitur

203 3594 487 3653 mandatum
538 3597 830 3667 praeﬁxum
877 3596 1037 3653 initio
1076 3595 1337 3652 Breviarii
1372 3596 1687 3664 Rotomag.,
1728 3606 1819 3648 an.

208 3678 339 3752 1578,
371 3688 427 3741 et
481 3686 861 3752 Abrincensis,
893 3699 984 3741 an.
1022 3684 1178 3752 1592,
1210 3686 1285 3740 De
1314 3682 1699 3739 observatione
1733 3682 1823 3749 je-

201 3769 318 3836 junii
363 3793 377 3829 :
425 3774 746 3832 Sacerdotes
812 3774 1152 3831 ecclesiarum
1219 3773 1531 3846 praecipiant
1588 3769 1823 3826 omnibus

206 3864 381 3919 atatem
438 3864 678 3923 adultam
732 3864 1038 3921 habentibus
1091 3864 1329 3920 instituta
1378 3861 1584 3933 jejunio
1638 3859 1826 3915 obser-

1906 3592 1977 3648 ad
2024 3593 2257 3647 Tertiam
2293 3590 2512 3660 hymnus
2544 3609 2559 3642 :
2591 3589 2748 3643 Nunc
2784 3592 2995 3642 sancte.
3043 3587 3293 3657 Sequitur
3336 3602 3549 3658 proces-

1904 3680 2005 3747 sio,
2038 3685 2148 3735 etc.
2187 3678 2358 3733 Tanta
2387 3681 2471 3732 est
2523 3688 2591 3732 eo
2622 3674 2712 3731 die
2751 3674 2810 3730 in
2848 3672 3152 3731 cathedrali
3190 3674 3426 3731 ecclesia
3463 3690 3551 3731 re-

1907 3782 2028 3825 rum
2065 3764 2339 3835 confusio,
2384 3770 2614 3836 propter
2643 3764 2834 3836 populi
2862 3762 3217 3833 affluentiam,
3251 3770 3313 3821 ut
3340 3766 3544 3834 Tertia,

1905 3858 2087 3925 Sexta,
2142 3858 2298 3913 Nona
2353 3860 2410 3911 et
2469 3858 2661 3926 postea
2717 3853 2881 3910 missa
2932 3852 3198 3911 solemnis
3253 3868 3429 3927 usque
3477 3854 3547 3911 ad

205 3952 320 4017 rari,
346 3958 397 4010 ut
414 3954 675 4025 jejunium
714 3953 1165 4024 Quadragesimat,
1214 3958 1324 4009 etc.
1362 3953 1433 4008 Et
1462 3950 1637 4008 omnia
1679 3964 1822 4021 prte-
1903 3952 2153 4018 quartam
2208 3951 2303 4002 aut
2356 3944 2604 4015 quintam
2659 3944 2852 4001 horam
2910 3943 3343 4015 pomeridianam
3390 3944 3547 4003 diﬁ‘e-

206 4036 324 4096 dicta
361 4043 671 4115 prohibeant
717 4057 985 4115 expresse,
1028 4046 1078 4098 et
1103 4041 1199 4098 sub
1238 4056 1399 4114 poena
1442 4039 1648 4112 peccati
1673 4052 1820 4094 mor-

1902 4043 2113 4105 rantur,
2164 4049 2272 4106 qua
2331 4034 2556 4091 circiter
2592 4033 2728 4091 hora
2765 4047 2895 4091 reus
2931 4048 2962 4090 e
3000 4048 3223 4092 carcere
3263 4034 3543 4093 educitur.

206 4126 324 4186 talis.
358 4132 492 4191 illud
548 4146 705 4191 vero
732 4133 1001 4204 jejunium
1040 4136 1232 4202 postea
1267 4131 1325 4187 in
1362 4128 1751 4186 abstinentiam
1789 4141 1821 4183 a
1902 4127 2053 4182 Unus
2090 4130 2283 4181 cantor
2326 4124 2383 4179 in
2414 4137 2588 4193 cappa
2625 4122 2807 4180 missae
2845 4121 3087 4181 ofﬁcium
3124 4124 3351 4182 inchoat
3396 4124 3548 4197 quod

206 4218 431 4355 funibus
475 4220 581 4280 fuit
621 4227 913 4289 mutatum,
959 4220 1219 4277 similiter
1282 4219 1340 4276 in
1396 4219 1594 4276 diebus
1631 4219 1819 4289 Roga-

226 4318 405 4355 tonum-

226 4318 406 4365 tonum.

1902 4214 2097 4271 musici
2146 4218 2579 4284 prosequuntur,
2628 4212 2790 4283 pauci
2837 4213 2984 4268 enim
3015 4214 3268 4270 canonici
3299 4219 3356 4270 et
3384 4213 3546 4285 pauci

1903 4302 2176 4374 capellani
2225 4293 2361 4365 I49
2402 4301 2699 4367 intersunt,
2757 4300 2887 4371 quia
2933 4300 3036 4356 viri
3074 4306 3132 4357 et
3166 4300 3384 4357 femina:
3422 4301 3547 4358 illo-

266 4395 385 4469 (249)
432 4401 516 4458 Ad
562 4400 840 4458 ecclesiam
882 4401 946 4457 S.
1004 4399 1166 4465 Petri,
1218 4398 1283 4459 S.
1339 4396 1595 4453 Audoeni.
1663 4373 2023 4452 HuncDrum
2059 4390 2223 4447 sedes
2267 4396 2581 4461 occupant;
2621 4390 2703 4446 sic
2732 4389 2967 4460 quisque
3006 4402 3107 4460 per
3135 4387 3426 4446 ecclesiam
3453 4402 3546 4446 va-

208 4495 382 4544 morem
408 4491 717 4548 etiamnum
768 4494 949 4547 servat
996 4488 1229 4545 ecclesia
1262 4485 1709 4557 metropolitana.
1740 4486 1819 4540 De
1899 4486 2079 4552 gatur,
2129 4485 2186 4538 et
2231 4479 2466 4536 ecclesia
2519 4480 2756 4550 strepitu
2804 4480 2860 4534 et
2906 4478 3144 4535 tumultu
3193 4482 3437 4544 resonat,
3479 4490 3545 4532 ac

208 4576 495 4648 antiquitate
533 4590 593 4640 et
641 4582 911 4653 dignitate
974 4579 1228 4637 ecclesiae
1284 4580 1339 4634 S.
1397 4575 1649 4633 Audoeni
1693 4574 1819 4631 vide
1899 4570 2098 4643 gladiis
2144 4569 2444 4641 evaginatis
2484 4574 2540 4625 et
2568 4568 2735 4624 armis
2763 4582 2916 4625 more
2948 4575 3254 4624 castrorum
3283 4565 3539 4637 resplen-

209 4663 389 4726 Surium
434 4673 489 4728 in
527 4674 656 4729 Vita
684 4670 931 4742 ejusdem
969 4669 1146 4726 sancti
1180 4667 1253 4724 ad
1288 4666 1358 4722 24
1393 4665 1622 4737 Augusti
1655 4685 1669 4733 ;
1702 4666 1817 4720 Du-

211 4749 394 4823 donem,
421 4760 498 4816 De
536 4762 792 4818 moribus
828 4763 885 4815 et
918 4760 1059 4816 actis
1095 4759 1381 4824 Norman.,
1421 4755 1521 4811 lib.
1562 4769 1642 4821 11;
1673 4751 1818 4808 Wil-

210 4837 391 4904 lelmum
423 4851 720 4917 Gemetic.,
751 4849 849 4906 lib.
880 4862 942 4911 ιι,
978 4862 1102 4918 cap.
1138 4845 1243 4916 18;
1274 4844 1619 4911 Ordericum,
1652 4841 1817 4899 initio

209 4925 310 4988 libri
334 4951 389 4993 ιιι
416 4944 471 4994 et
499 4940 601 4996 lib.
636 4955 760 5008 vm,
792 4953 917 5009 pag.
948 4936 1076 4992 710.
1109 4938 1207 4992 PR.

262 5022 376 5080 item
428 5028 485 5083 in
541 5029 747 5085 Charta
802 5026 999 5083 Riculﬁ
1056 5024 1478 5097 Rotomagensis
1531 5020 1813 5090 archiepi-

211 5114 332 5182 scopi
358 5114 554 5187 legitur
587 5139 603 5172 :
636 5115 933 5175 Cwnobium
962 5116 1027 5171 D.
1076 5116 1238 5183 Petri,
1271 5113 1494 5186 nimique
1533 5109 1811 5178 Αιιάοεηὶῖ

1900 4661 2016 4717 det.
2072 4659 2251 4716 Finita
2279 4659 2445 4716 missa
2473 4658 2657 4715 statim
2687 4658 2949 4715 dicuntur
2976 4660 3255 4727 Vespera,
3296 4661 3358 4713 ut
3397 4669 3540 4726 qua-

1899 4748 2245 4821 dragesimali
2274 4754 2544 4820 tempore.

1969 4837 2112 4905 (256)
2159 4838 2399 4895 Historia
2438 4859 2454 4893 :
2495 4839 2639 4895 Deus
2676 4836 2942 4893 omnium.
2983 4834 3113 4890 Haec
3160 4846 3267 4891 vox
3313 4834 3371 4891 in
3410 4833 3544 4891 scri-

1897 4928 2152 4999 ptoribus
2170 4928 2240 4984 de
2276 4927 2444 4984 rebus
2481 4927 2658 4984 sacris
2684 4922 2985 4994 aliquando
3025 4922 3296 4994 psalmum
3324 4924 3542 4996 signiﬁ-

1896 5024 2004 5086 cat,
2048 5024 2106 5074 ut
2143 5017 2182 5073 1.
2216 5033 2300 5084 111,
2330 5019 2407 5073 De
2453 5019 2674 5073 Gemma
2711 5013 2929 5081 animae,
2970 5028 3021 5069 c.
3067 5012 3154 5067 19.
3193 5015 3488 5072 Historiam
3519 5031 3536 5065 :

1895 5108 2145 5173 Domine,
2187 5120 2257 5164 ne
2294 5106 2354 5162 in
2408 5104 2595 5163 furore
2651 5111 2767 5171 tuo,
2798 5117 2893 5175 pro
2927 5104 3238 5176 paenitentia
3267 5102 3542 5167 canimus;

211 5210 433 5263 Processu
476 5220 614 5264 vero
663 5198 929 5277 témporis
964 5204 1189 5261 unicum
1218 5215 1419 5259 nomen
1447 5204 1503 5258 S.
1533 5199 1810 5268 Audoeni,
1897 5197 2195 5269 aliquando
2226 5196 2545 5263 lectionem,
2587 5200 2648 5250 ut
2682 5195 2903 5250 Gemma
2922 5194 3141 5260 animae,
3165 5193 3204 5249 l.
3228 5208 3305 5258 1v,
3329 5204 3380 5247 c.
3420 5189 3539 5257 118,

211 5290 335 5359 cuius
358 5308 560 5368 corpus
609 5297 712 5353 hac
748 5296 806 5351 in
835 5295 1071 5353 ecclesia
1108 5293 1215 5349 fuit
1239 5292 1586 5359 tumulatum,
1618 5291 1814 5349 sortita
1894 5290 1971 5345 De
1997 5288 2235 5345 adventu
2272 5284 2511 5342 Domini.
2569 5283 2831 5350 Historia,
2872 5283 3056 5340 Clama
3094 5283 3152 5338 in
3189 5278 3539 5346 fortitudine,

211 5384 290 5435 est.
316 5383 478 5455 Hujus
506 5386 887 5457 processionis
911 5385 1077 5442 ritum
1106 5381 1230 5438 vide
1261 5389 1391 5452 post
1414 5389 1598 5438 notas.

1895 5393 2000 5435 non
2027 5375 2099 5432 ad
2155 5377 2393 5444 Quatuor
2442 5375 2717 5445 Tempora,
2746 5372 2840 5429 sed
2868 5372 2940 5430 ad
2962 5371 3265 5445 proximam
3293 5369 3542 5440 septima-

265 5468 393 5541 (2⁵0)
437 5467 570 5538 I48
625 5478 785 5535 Nona
836 5474 980 5532 dicta
1032 5475 1311 5530 comestum
1354 5474 1598 5542 pergant.
1646 5471 1817 5527 Exce-
1894 5482 2018 5525 nam
2059 5462 2278 5525 Natalis
2322 5462 2532 5521 Domini
2575 5464 2850 5535 pertinet;
2912 5458 3213 5533 aliquando
3268 5472 3400 5516 vero
3456 5471 3543 5514 re-

214 5562 284 5623 m
314 5564 450 5620 enim
486 5564 932 5637 Quadragesimae
987 5567 1256 5633 tempore,
1303 5558 1430 5616 aliis
1458 5557 1656 5629 jejunii
1692 5557 1815 5614 die-
1895 5555 2189 5628 sponsoria
2246 5559 2304 5609 et
2357 5551 2711 5623 antiphonas,
2751 5552 2831 5610 sic
2888 5552 3034 5609 enim
3072 5547 3240 5604 habet
3276 5546 3544 5605 Radulfus
