4156 6196
565 319 657 375 Ill

1678 308 1969 368 JOANNES
2003 303 2417 363 ARCHIEPISC.
2458 306 2794 364 ROTOMAG.

3824 303 3923 358 112

567 444 639 502 de
667 443 805 501 Rivo
852 441 1124 516 proposit.
1180 439 1264 496 12.
1311 442 1636 496 Primotetur
1690 433 1911 506 (inquit)
1938 433 2076 504 quod
2110 448 2206 489 an-
2223 428 2496 505 ASeptem
2537 432 2827 505 presbyteri
2867 453 2883 487 :
2933 439 2971 500 τι
3022 434 3105 489 Tu
3141 431 3498 503 septiformis.
3532 429 3733 487 Chorus
3771 444 3791 479 :
3828 432 3926 485 Ac-

560 533 786 605 tiphonw
812 536 862 588 et
914 530 1251 603 responsoria
1279 528 1350 584 ad
1403 540 1558 582 unum
1603 523 1738 580 diem
1773 521 1854 577 uel
1881 521 2199 578 obseruatio-

559 637 676 678 nem
706 620 1023 693 pertinentia
1070 622 1321 675 vocantur
1355 614 1593 671 historia.
1624 612 1730 668 Sed
1762 611 2064 681 saepissime
2096 625 2197 680 pro

562 710 933 782 responsoriis
960 708 1230 778 accipitur
1261 726 1273 760 :
1304 705 1449 775 apud
1500 701 1879 772 Micrologum,
1919 702 1995 755 De
2025 700 2200 756 eccleo

566 802 720 858 siast.
761 800 1034 865 observat,
1068 813 1117 861 (ε.
1166 795 1254 851 54.
1302 797 1368 849 In
1410 796 1597 849 octaua
1632 791 1851 847 Pascha
1878 790 2149 846 historiam
2180 811 2195 844 :

562 892 768 962 Dignus
796 904 875 956 es,
915 887 1161 951 Domine,
1217 883 1523 954 incipimus,-
1584 880 1729 951 apud
1777 878 2089 947 Radulfum,
2122 881 2197 934 De

560 982 719 1048 Rivo,
751 979 848 1034 lib.
881 980 955 1033 De
986 989 1105 1031 can.
1147 974 1386 1039 observ.,
1421 971 1690 1042 proposit.
1729 969 1812 1025 16.
1845 968 2020 1025 Simili
2045 969 2197 1024 modo

564 1074 804 1127 seruatur
830 1065 1065 1122 Historia
1107 1084 1124 1118 :
1153 1064 1360 1134 Dignus
1389 1076 1468 1128 es,
1508 1066 1556 1116 et
1584 1060 1804 1115 historia
1837 1080 1852 1113 :
1884 1060 1940 1114 Si
1970 1058 2195 1113 oblitus.

564 1162 625 1216 In
673 1154 961 1213 Ordinario
997 1166 1129 1209 vero
1168 1150 1559 1221 Rotomagcnsi
1598 1148 1829 1204 historia
1879 1146 2199 1217 frequenter

565 1261 667 1319 pro
722 1243 1092 1315 responsoriis
1128 1245 1444 1310 usurpatur,
1484 1239 1542 1293 in
1599 1251 1709 1308 quo
1748 1237 1910 1293 etiam
1947 1235 2151 1307 legitur
2183 1256 2195 1291 :

562 1341 630 1394 Et
684 1333 1072 1407 responsorium
1122 1331 1187 1385 de
1231 1330 1472 1395 historia,
1531 1330 1674 1384 Deus
1728 1327 1991 1383 omnium.
2052 1325 2201 1381 Idem

560 1438 710 1495 saepe
764 1422 985 1477 videtur
1038 1419 1095 1474 in
1150 1417 1442 1474 Ordinario
1500 1415 1893 1472 canonicorum
1932 1415 1986 1470 S.
2028 1413 2199 1469 Laudi

559 1510 999 1581 Rotomagensis.

632 1601 771 1671 (257)
801 1601 964 1655 Actus
1013 1595 1365 1668 apostolorum
1420 1594 1676 1666 legantur.
1727 1596 1807 1649 lta
1845 1605 2066 1663 quoque
2103 1593 2203 1648 Or-

561 1690 834 1748 dinarium
861 1689 1263 1756 Rotomagense
1301 1698 1427 1751 ms.,
1462 1698 1517 1753 p.
1541 1683 1578 1737 2
1609 1703 1621 1739 :
1656 1685 1720 1737 In
1747 1681 1975 1738 crastino
2002 1683 2201 1736 Ascen-

2279 522 2452 578 cende
2500 522 2704 579 lumen.
2753 522 3097 594 Presbyteri:
3137 523 3177 582 ψ
3218 524 3442 579 Hostem
3481 519 3740 591 repellas.
3780 518 3921 576 Cho-

2278 626 2370 667 rus
2410 633 2425 666 :
2457 613 2496 674 1i
2526 614 2629 667 Per
2666 619 2720 668 te
2765 613 3022 668 sciamus.
3063 610 3360 682 Presbyteri
3399 632 3415 665 :
3456 611 3538 666 Sit
3583 609 3704 665 laus
3749 608 3917 664 Patri.

2278 701 2451 757 Finito
2506 701 2692 771 hymno
2751 700 3043 771 presbyteri
3106 699 3270 754 uersis
3324 698 3547 754 uultibus
3602 698 3674 753 ad
3710 696 3922 753 chorum

2280 789 2652 860 lincensando)
2711 789 2962 860 incipiant
3008 788 3382 860 antiphonam:
3439 787 3688 857 Accipite
3752 786 3923 855 Spiri-

2280 883 2395 933 tum
2436 884 2705 945 sanctum,
2736 881 2785 932 et
2832 883 2993 933 totam
3039 878 3243 948 ﬁniant,
3300 881 3350 931 et
3395 881 3582 931 cantor
3627 876 3809 945 festiue
3846 875 3925 930 in-

2280 967 2439 1038 cipiat
2474 967 2737 1037 psalmum
2765 986 2782 1021 :
2831 969 3026 1037 Legem
3078 978 3242 1036 pone,
3284 970 3333 1020 et
3379 964 3671 1037 presbyteri
3715 962 3920 1018 interim

2278 1058 2414 1111 inter
2439 1072 2497 1111 se
2518 1056 2765 1128 priuatim
2817 1057 3043 1111 Tertiam
3067 1055 3264 1123 dicant,
3312 1069 3418 1126 qua
3462 1054 3613 1125 finita
3648 1053 3913 1109 recedant.

2280 1149 2347 1203 Et
2375 1145 2511 1202 feria
2547 1145 2788 1202 secunda
2844 1152 2901 1201 et
2959 1159 3058 1215 per
3094 1144 3493 1201 hebdomadam
3527 1163 3540 1199 :
3572 1143 3660 1198 Ad
3699 1142 3921 1199 Tertiam

2280 1236 2529 1291 sacerdos
2581 1235 2790 1290 missam
2839 1239 3143 1291 cantaturus
3189 1250 3302 1289 cum
3338 1234 3560 1289 diacono
3616 1237 3666 1287 et
3713 1230 3923 1287 subdia-

2283 1340 2410 1381 cono
2463 1324 2721 1380 reuestitis
2774 1323 3017 1392 (amictu,
3071 1323 3192 1378 alba
3249 1328 3305 1378 et
3369 1321 3529 1387 stola)
3598 1320 3813 1392 incipiat
3867 1319 3923 1373 in

2283 1415 2439 1471 choro
2487 1419 2607 1470 ante
2648 1416 2873 1484 formam
2902 1435 2918 1468 :
2948 1415 3111 1480 Deus,
3162 1414 3216 1468 in
3255 1412 3614 1482 adiutorium,
3653 1425 3769 1466 cum
3795 1410 3925 1464 duo-

2282 1503 2377 1559 bus
2432 1501 2725 1569 thuribulis,
2810 1508 2860 1558 et
2908 1500 3260 1569 candelabris,
3309 1507 3359 1556 et
3412 1499 3567 1557 simul
3622 1499 3922 1570 incipiant:

2281 1593 2416 1649 Veni
2483 1594 2729 1660 Creator,
2785 1591 3103 1647 incensando
3160 1590 3391 1662 quandiu
3444 1603 3625 1645 uersus
3680 1603 3716 1644 a
3764 1592 3922 1658 parte

2282 1682 2424 1738 dicta
2452 1681 2766 1749 cantabitur,
2814 1687 2863 1736 et
2911 1681 3122 1736 sinister
3159 1680 3346 1736 chorus
3391 1679 3541 1750 ﬁniat
3586 1678 3780 1734 dictum
3807 1691 3923 1733 uer-

557 1780 721 1837 sionis
777 1775 984 1832 Domini
1037 1775 1358 1846 incipiantur
1400 1775 1565 1829 Actus
1619 1769 1992 1844 apostolorum,
2041 1774 2091 1825 et
2124 1769 2198 1824 le-
2216 1774 2413 1840 Bsum,
2445 1772 2631 1827 dexter
2658 1771 2845 1828 chorus
2890 1770 3053 1827 alium
3078 1784 3281 1826 uersum
3318 1774 3508 1836 cantet,
3558 1773 3608 1824 et
3635 1769 3714 1823 sic
3767 1767 3922 1838 ﬁnia-

563 1873 754 1941 gantur
782 1867 845 1921 de
890 1866 1019 1938 ipsis
1061 1878 1159 1937 per
1208 1863 1586 1919 hebdomadam
1626 1867 1731 1917 tres
1769 1860 2013 1916 lectiones
2039 1874 2201 1932 usque

562 1958 633 2014 ad
679 1954 911 2026 uigiliam
964 1956 1309 2009 Pentecostes.
1357 1953 1493 2007 Item
1543 1950 1599 2005 in
1647 1950 1936 2005 Breviariis
1982 1948 2109 2002 1491
2144 1953 2201 2005 et

561 2045 702 2100 1578
738 2044 976 2114 legantur
1020 2056 1182 2113 usque
1226 2040 1298 2096 ad
1341 2038 1574 2110 uigiliam
1616 2041 1943 2094 Pentecostes
1971 2038 2200 2110 quotidie

557 2143 665 2192 tres
711 2133 955 2189 lectiones
1001 2131 1065 2186 de
1110 2129 1326 2186 Actibus
1354 2127 1726 2201 apostolorum,
1754 2132 1975 2199 excepta
2019 2128 2198 2183 Domi-

554 2226 676 2282 nica
705 2229 753 2280 et
800 2223 884 2279 die
925 2226 1131 2278 octaua.
1179 2222 1336 2277 Nunc
1365 2234 1466 2290 per
1497 2225 1718 2276 octavas
1748 2218 2102 2275 Ascensionis
2143 2223 2198 2273 et

553 2316 909 2371 Pcntecostes
935 2312 1192 2383 leguntur
1241 2311 1462 2366 Patrum
1507 2308 1884 2378 expositiones
1920 2307 1976 2362 in
2016 2308 2195 2363 Evan-

554 2404 716 2475 gelia.

629 2490 770 2563 (258)
819 2491 1019 2546 Octava
1071 2489 1202 2544 hora
1250 2487 1353 2543 diei
1398 2484 1619 2558 populus
1666 2486 1737 2541 ad
1778 2483 2048 2541 ecclesiam
2076 2500 2198 2540 con-

552 2581 744 2635 ueniat.
786 2578 1009 2634 Scilicet
1054 2576 1298 2633 secunda
1336 2579 1464 2645 post
1509 2574 1817 2642 meridiem,
1858 2573 2024 2630 hodie
2061 2588 2193 2629 vero

557 2674 751 2739 quarta
815 2667 952 2723 hora
1008 2665 1099 2721 die
1154 2664 1369 2721 scilicet
1423 2664 1635 2720 decima
1692 2663 1975 2719 matutina.
2044 2662 2193 2718 Ordo

554 2757 851 2814 lectionum
881 2760 937 2811 et
964 2760 1236 2811 tractuum
1275 2754 1330 2810 in
1380 2753 1707 2824 quibusdam
1743 2753 2057 2808 immutatus
2086 2758 2190 2820 est,

553 2854 753 2904 caetera
782 2851 843 2902 ut
870 2845 927 2901 in
974 2844 1212 2901 Sabbato
1255 2849 1446 2900 sancto
1483 2842 1728 2909 Paschae,
1771 2847 2000 2913 excepta
2028 2842 2194 2898 bene-

552 2937 797 2992 dictione
826 2935 971 3004 ignis
999 2940 1053 2989 et
1081 2934 1248 2990 cerei.

2280 1867 2366 1916 tur
2407 1860 2642 1931 hymnus,
2693 1865 2741 1915 et
2788 1862 2866 1915 sic
2900 1861 2995 1931 ﬁat
3034 1872 3134 1931 per
3177 1858 3555 1915 hebdomadam
3598 1855 3919 1913 alternatim.

2279 1951 2402 2005 Ant.
2452 1949 2669 2019 Repleti
2720 1954 2868 2004 sunt.
2901 1950 3097 2005 Cantor
3132 1948 3348 2019 incipiat
3371 1945 3630 2018 psalmum
3662 1966 3678 2000 :
3719 1947 3920 2017 Legem

2280 2053 2445 2111 pone,
2486 2044 2534 2095 et
2589 2040 2837 2095 sacerdos
2866 2054 2980 2094 cum
3034 2039 3255 2094 diacono
3279 2042 3330 2093 et
3356 2036 3675 2094 subdiacono
3702 2036 3922 2092 sedeant

2276 2144 2435 2201 super
2486 2130 2708 2199 formam
2762 2128 2925 2184 chori.
2984 2128 3162 2184 Finita
3217 2127 3498 2199 antiphona
3556 2127 3697 2183 dicat
3742 2141 3922 2181 sacer-

2278 2220 2373 2275 dos
2428 2217 2711 2290 capitulum
2742 2238 2758 2273 :
2788 2220 2925 2273 Dum
2973 2217 3400 2288 complerentur.
3451 2217 3492 2286 1%
3541 2216 3780 2287 Spiritus
3807 2217 3924 2273 Do-

2278 2308 2431 2375 mini,
2493 2314 2599 2363 etc.
2682 2307 2946 2362 Sacerdos
3001 2306 3143 2362 dicat
3209 2327 3225 2361 :
3291 2305 3553 2362 Dominus
3608 2305 3919 2361 vobiscum.

2277 2399 2523 2453 Oremus.
2569 2389 2679 2457 |5|
2716 2398 2880 2463 Deus,
2908 2396 3001 2467 qui
3032 2396 3300 2453 hodierna
3329 2396 3441 2463 die,
3475 2402 3581 2451 etc.
3606 2394 3783 2450 Finita
3813 2399 3919 2449 ter-

2277 2488 2353 2542 tia
2379 2486 2645 2554 recedant,
2677 2491 2724 2540 et
2751 2490 2935 2542 cantor
2973 2486 3189 2557 incipiat
3236 2485 3461 2556 oﬂicium
3497 2485 3689 2543 missae.
3720 2483 3919 2539 iisdem

2276 2573 2390 2631 lere
2437 2576 2620 2631 verbis
2657 2575 2776 2631 haec
2820 2574 3078 2646 leguntur
3119 2575 3176 2630 in
3215 2574 3359 2631 libro
3390 2573 3611 2630 ofﬁciali
3663 2575 3923 2629 Rotoma-

2275 2663 2430 2732 gensi
2459 2676 2564 2719 ms.
2594 2662 2948 2719 bibliothecae
2979 2664 3299 2734 Bigotianm.

2348 2751 2516 2821 (263.)
2552 2752 2736 2808 Flores
2765 2752 2956 2831 diversi
2985 2752 3175 2808 coloris
3211 2753 3570 2810 immittuntur.
3603 2751 3768 2808 Liber
3795 2750 3923 2807 ofﬁ-

2275 2841 2431 2896 cialis
2460 2840 2719 2911 praelatus
2751 2862 2764 2897 :
2798 2844 2931 2898 Dum
2977 2843 3194 2913 hymnus
3245 2847 3486 2899 cantatur
3540 2840 3713 2898 altare
3737 2842 3921 2896 incen-

2272 2934 2434 2998 setur,
2475 2928 2755 2986 luminaria
2802 2931 3174 3000 accendantur,
3218 2932 3371 3001 signa
3421 2930 3712 3002 pulsentur,
3734 2932 3798 2985 ‘et
3819 2931 3921 3000 [lo-

622 3024 766 3094 (259)
833 3025 953 3078 Pax
1008 3024 1318 3092 accipiatur.
1375 3021 1721 3078 Ordinarium
1787 3021 2190 3089 Rotomagense
2275 3033 2360 3073 res
2402 3018 2466 3073 de
2510 3019 2729 3075 diuersis
2757 3020 3017 3077 coloribus
3045 3021 3116 3077 ad
3156 3022 3326 3077 instar
3352 3021 3720 3077 charismatum
3745 3022 3923 3087 sancti,

555 3125 683 3178 ms.,
715 3125 771 3180 p.
812 3107 911 3162 113
940 3128 953 3163 :
986 3110 1217 3164 Sanctus
1255 3114 1304 3163 et
1338 3112 1524 3179 Agnus
1554 3109 1752 3179 festiue,
1786 3112 1835 3162 et
1857 3122 1973 3178 pax
2009 3098 2246 3162 datur.C
2266 3108 2496 3179 Spiritus
2542 3108 2764 3180 desuper
2816 3109 3027 3167 chorum
3053 3111 3279 3182 sparsim
3324 3111 3613 3166 mittantur.
3645 3112 3689 3165 A
3717 3109 3914 3166 decem

556 3200 689 3255 Vide
720 3213 844 3269 quae
875 3197 1112 3253 diximus
1162 3197 1232 3252 de
1262 3197 1453 3254 osculo
1510 3198 1661 3266 pacis
1699 3199 1756 3253 in
1794 3196 2191 3253 observationi-

552 3290 656 3345 bus
684 3288 752 3343 de
783 3286 965 3343 officio
993 3287 1196 3343 missae.

625 3377 763 3448 (260)
819 3368 959 3437 150
993 3378 1118 3431 Post
1175 3377 1430 3447 Vesperas
1493 3379 1543 3430 et
1588 3375 1882 3433 Matutinus
1933 3374 2053 3446 ipsa
2108 3374 2194 3429 die

549 3453 851 3522 memoriam
926 3464 1323 3521 resurrectionis
1389 3468 1650 3536 peragant
1723 3463 1793 3519 ad
1865 3463 2188 3534 crucifixum.

549 3556 707 3612 Nulla
746 3560 871 3626 post
907 3556 1176 3625 Vesperas
1214 3560 1269 3609 et
1297 3554 1587 3610 Matutinas
1614 3552 1780 3609 hodie
1810 3552 2094 3622 processio
2123 3551 2191 3607 ad

549 3645 891 3714 cruciﬁxum,
950 3644 1006 3700 in
1055 3658 1162 3715 qua
1209 3643 1303 3699 fiat
1340 3643 1601 3700 memoria
1650 3641 2094 3709 resurrectionis,
2136 3646 2193 3696 et

548 3737 603 3792 in
642 3736 933 3793 Ordinario
988 3733 1379 3804 Rotomagensi
1437 3747 1538 3788 ms.
1580 3733 1779 3803 legitur
1827 3753 1841 3789 :
1882 3732 2047 3790 Nulla
2075 3747 2189 3787 me-

546 3827 736 3880 moria.
778 3823 1075 3892 Reperitur
1120 3829 1301 3877 tamen
1347 3822 1470 3877 haec
1508 3822 1791 3890 processio
1820 3823 1877 3877 in
1907 3821 2183 3878 Breviario

548 3912 906 3967 Fiscanncnsi
935 3925 1023 3965 an.
1064 3910 1197 3963 1627
1226 3911 1283 3965 in
1313 3910 1506 3980 primis
1533 3912 1810 3980 Vesperis.

624 3999 762 4070 (261)
802 3999 926 4054 Dies
974 4003 1186 4054 octavus
1240 4003 1295 4053 ut
1337 3999 1538 4070 primus
1589 3998 1918 4054 celeberrime
1973 4004 2181 4068 agatur.

545 4090 702 4146 Nunc
753 4093 933 4144 autem
991 4088 1100 4143 ritu
1166 4088 1373 4158 triplici
1420 4088 1455 4141 2
1503 4088 1695 4144 classis
1742 4090 1797 4144 in
1835 4088 2049 4146 honore
2088 4091 2180 4145 SS.

544 4178 827 4235 Trinitatis
854 4178 1074 4235 colitur.

615 4267 757 4340 (262)
795 4270 1032 4339 Hymnus
1078 4284 1113 4324 a
1164 4267 1330 4324 tribus
1375 4267 1579 4324 clericis
1626 4268 1864 4340 cappatis
1910 4268 2082 4325 altare
2108 4268 2186 4323 in-

543 4357 873 4414 censantibus
916 4358 1203 4435 inchoetur.
1253 4358 1427 4414 Aliter
1457 4357 1706 4415 ecclesia:
1743 4357 2183 4429 metropolitanaa

2275 3203 2370 3253 aut
2397 3198 2620 3253 circiter
2655 3198 2814 3254 annis
2842 3213 2961 3254 mos
3004 3199 3109 3256 iste
3156 3206 3267 3255 tam
3313 3200 3370 3255 in
3409 3198 3712 3256 cathedrali
3750 3212 3914 3268 quam

2275 3287 2331 3342 in
2370 3287 2778 3356 parochialibus
2832 3288 3083 3345 ecclesiis
3137 3302 3247 3345 non
3301 3290 3574 3346 immerito
3625 3288 3916 3355 obsolevit,

2274 3377 2370 3445 qui
2398 3377 2456 3431 in
2492 3376 2783 3433 Ordinario
2803 3391 2928 3446 ms.,
2959 3392 3014 3447 p.
3055 3378 3172 3445 114,
3205 3379 3286 3434 sic
3316 3378 3649 3435 describitur
3679 3398 3693 3433 :
3726 3378 3919 3448 Sequi-

2275 3469 2359 3520 tur
2390 3467 2585 3534 Tertia,
2620 3471 2670 3521 et
2699 3466 2818 3522 dum
2866 3467 3128 3539 incipitur.
3166 3467 3319 3534 Veni,
3359 3469 3608 3535 Creator,
3634 3468 3915 3538 projicien-

2274 3560 2358 3611 tur
2380 3569 2477 3626 per
2505 3554 2796 3624 familiares
2843 3556 3161 3614 thesaurarii
3197 3558 3478 3614 existentes
3524 3558 3580 3612 in
3615 3554 3917 3612 deambula-

2272 3645 2420 3700 toriis
2447 3644 2784 3715 inferioribus
2818 3645 3049 3702 turribus
3078 3652 3199 3702 ante
3228 3648 3554 3715 cruciﬁxum,
3592 3646 3791 3703 scilicet
3836 3647 3914 3701 in-

2268 3735 2454 3805 ferius,
2487 3740 2536 3791 et
2565 3740 2810 3805 quantum
2851 3741 3093 3807 poterunt
3142 3736 3287 3806 infra
3333 3736 3542 3793 chorum
3585 3735 3719 3806 folia
3762 3750 3917 3808 qucr-

2270 3839 2437 3893 cuum,
2467 3824 2669 3880 nebula:
2697 3830 2746 3880 et
2771 3830 2971 3898 stuppa:
2995 3826 3238 3881 ardentes
3278 3827 3333 3881 in
3376 3842 3570 3896 magna
3597 3830 3908 3899 quantitate,

2269 3918 2317 3968 et
2346 3914 2418 3969 ad
2457 3913 2640 3970 Gloria
2684 3914 2741 3969 in
2781 3915 3013 3971 excelsis
3039 3916 3213 3971 missa:
3250 3915 3478 3972 emittent
3508 3916 3688 3973 uolare
3729 3933 3915 3974 uersus

2268 4002 2479 4058 chorum
2507 4018 2630 4058 aues
2660 4017 2858 4074 paruas
2886 4009 2934 4059 et
2963 4004 3275 4073 mediocres,
3306 4010 3355 4061 et
3382 4020 3488 4061 non
3514 4021 3755 4076 magnas,
3791 4021 3908 4063 cum

2266 4092 2466 4148 nebulis
2507 4092 2683 4162 ligatis
2713 4093 2782 4148 ad
2807 4093 2987 4150 tibiam
3024 4095 3078 4149 in
3115 4097 3420 4167 competenti
3452 4110 3686 4163 numero,
3717 4100 3766 4151 et
3789 4111 3912 4152 con-

2269 4180 2603 4237 tinuabuntur
2641 4183 2918 4253 praemissa
2962 4198 3124 4254 usque
3171 4184 3243 4240 ad
3287 4184 3629 4255 Euangelium
3660 4206 3676 4239 :
3706 4189 3756 4240 et
3796 4184 3912 4240 hac

2267 4272 2440 4326 omnia
2483 4272 2607 4342 ﬁent
2643 4271 2714 4327 ad
2742 4287 3024 4344 expensam
3061 4273 3378 4331 thesaurarii
3404 4279 3456 4330 et
3503 4272 3716 4347 capituli
3745 4277 3914 4346 aquis

2262 4360 2610 4431 portionibus.

537 4448 885 4506 Ordinarium
932 4455 988 4504 et
1041 4447 1245 4519 praxis,
1304 4461 1428 4504 nam
1484 4449 1759 4504 ternarius
1807 4461 2068 4504 numerus
2105 4447 2171 4504 ad
2194 4466 2243 4524 D
2336 4449 2475 4518 (264)
2515 4450 2579 4507 Si
2616 4450 2837 4522 alicujus
2871 4453 3040 4508 sancti
3073 4452 3336 4523 restitutas
3361 4455 3606 4513 euenerit.
3637 4453 3703 4509 de
3724 4460 3911 4511 sancto

538 4537 911 4609 septenarium
952 4539 1063 4608 jam
1112 4537 1353 4594 excrevit
1389 4550 1500 4594 non
1538 4545 1915 4609 cappatorum,
1947 4537 2043 4594 sed
2085 4551 2177 4593 ca-

537 4628 860 4685 sulatorum.
894 4629 991 4683 PR.

608 4718 784 4776 Hodie
822 4718 880 4773 in
918 4715 1162 4773 Ecclesia
1199 4716 1591 4787 Rotomagensi
1621 4730 1651 4772 a
1680 4721 1892 4787 septem
1920 4717 2179 4774 casulatis

535 4810 591 4859 et
637 4806 806 4862 altare
862 4805 1279 4863 incensantibus
1324 4805 1617 4862 inchoatur
1666 4805 1916 4876 hymnus,
1967 4807 2062 4877 qui
2107 4806 2175 4862 ad

535 4893 672 4963 ipsis
701 4902 757 4950 et
785 4909 816 4950 a
846 4896 1016 4952 choro
1072 4894 1385 4952 alternatim
1415 4893 1715 4965 perﬁcitur,
1759 4901 1820 4952 ut
1856 4896 1913 4951 in
1950 4895 2176 4952 Ordina-

534 4983 620 5041 rio
651 4998 778 5052 ms.,
802 4998 856 5054 p.
888 4985 1006 5054 114,
1034 4986 1302 5042 habetur:
1336 4986 1548 5057 Septem
1572 4984 1864 5057 presbyteri
1892 4986 1958 5041 de
1984 4986 2175 5056 majori

528 5074 660 5130 sede
695 5088 811 5129 cum
854 5078 1047 5146 septem
1090 5074 1361 5131 thuribulis
1408 5072 1590 5131 casula
1644 5074 1810 5130 induti
1857 5080 1978 5131 ante
2006 5074 2176 5131 altare

530 5166 740 5220 ueniant
794 5180 910 5220 cum
947 5163 1167 5221 diacono
1198 5172 1247 5221 et
1274 5164 1593 5221 subdiacono
1641 5165 1900 5220 reuestitis
1946 5164 2175 5235 (dalma-

531 5254 642 5309 lica
709 5260 765 5311 et
812 5253 1024 5323 tunica)
1090 5260 1139 5310 et
1209 5254 1409 5311 medius
1476 5253 1898 5327 presbyterorum
1932 5254 2168 5325 incipiat.

528 5344 671 5398 Deus
718 5343 775 5398 in
823 5343 1178 5415 adjutorium,
1249 5350 1299 5401 et
1369 5344 1527 5401 simul
1571 5344 1823 5414 incipiant
1880 5342 2122 5413 hymnum
2153 5364 2169 5397 :

2259 4543 2513 4596 cantetur.
2573 4542 2678 4597 Per
2733 4545 2978 4598 octavam
3042 4543 3417 4610 Pentecostes,
3484 4543 3532 4598 si
3589 4548 3943 4609 sanctorum,

2260 4626 2525 4685 festivitas
2553 4631 2817 4698 evenerit,
2850 4636 2976 4701 post
3006 4635 3251 4688 octavam
3290 4631 3636 4689 transfertur.

2332 4717 2478 4789 (265)
2525 4719 2696 4778 Missa
2744 4721 2801 4775 in
2846 4721 3000 4776 tertia
3027 4721 3164 4790 feria
3193 4720 3260 4777 de
3306 4721 3526 4792 angelis.
3580 4722 3758 4779 Hodie
3792 4736 3910 4779 non

2260 4806 2465 4863 dicitur
2492 4806 2560 4862 de
2590 4808 2821 4879 angelis,
2843 4809 2939 4864 sed
2972 4810 3196 4880 propria
3217 4825 3341 4881 quae
3370 4812 3427 4867 in
3455 4811 3767 4868 Missalibus
3794 4813 3914 4868 Ro-

2256 4895 2592 4965 tomagensis
2620 4895 2878 4952 dimcesis
2906 4897 3236 4968 assignatur.

2331 4983 2467 5055 (266)
2497 4983 2738 5055 Epistula
2789 4984 2993 5055 legatur
3024 5008 3040 5042 .-
3072 4989 3193 5044 Vidi
3242 4988 3465 5056 ostium,
3497 4993 3546 5043 et
3575 4991 3704 5045 Erat
3734 4989 3907 5045 homo

2255 5087 2323 5129 ex
2352 5072 2643 5129 Pharisaeis
2670 5073 3031 5143 Evangelium.
3072 5076 3223 5133 Idem
3252 5076 3487 5134 habetur
3512 5077 3570 5132 in
3600 5077 3743 5134 libro
3772 5077 3909 5134 ofﬁ-

2255 5162 2381 5218 ciali
2411 5164 2801 5234 Rotomagensi
2849 5178 2951 5221 ms.
3001 5165 3356 5223 bibliothecae
3406 5167 3731 5237 Bigotianaa,
3760 5173 3819 5222 et
3847 5169 3911 5223 in

2254 5250 2563 5307 Missalibus
2598 5253 2987 5324 Rotomagensi
3036 5254 3298 5312 Ecclesiae
3345 5266 3435 5311 an.
3494 5254 3668 5325 1516,
3724 5253 3909 5323 1527,

2260 5337 2395 5393 1538
2423 5345 2480 5396 et
2513 5339 2668 5398 1576.
2713 5343 2888 5399 Hodie
2934 5344 3135 5416 legitur
3169 5344 3415 5415 Epistola
3453 5344 3600 5401 beati
3629 5344 3784 5400 Pauli
3832 5345 3916 5402 ad

528 5433 684 5499 Veni,
754 5440 971 5491 creator
1044 5434 1303 5503 Spiritus,
1376 5438 1426 5488 et
1481 5439 1603 5490 tunc
1661 5431 1935 5503 pulsentur
1996 5446 2172 5487 omnes
2251 5429 2549 5497 Romanos,
2582 5445 2632 5486 c.
2663 5447 2757 5487 x1:
2792 5434 2839 5489 0
2869 5432 3111 5501 altitudo,
3146 5438 3279 5501 etc.,
3311 5439 3370 5491 et
3404 5433 3758 5506 Evangelium
3806 5448 3919 5490 se-

523 5535 810 5593 campante,
859 5528 908 5579 et
955 5522 1135 5579 dicant
1181 5525 1342 5578 totum
1392 5536 1596 5580 uersum
1651 5522 1809 5592 ﬂexis
1844 5519 2060 5590 genibus
2086 5522 2196 5576 in-.
2251 5518 2489 5575 cundum
2518 5520 2851 5590 Matthteum,
2884 5538 2935 5579 c.
2964 5522 3075 5580 28:
3102 5524 3254 5581 Dicit
3272 5526 3425 5582 Iesus
3444 5522 3714 5596 discipulis
3739 5525 3856 5579 suis
3888 5547 3912 5579 .-

519 5611 781 5666 censando
827 5609 1017 5668 altare.
1077 5612 1279 5669 Chorus
1311 5632 1327 5666 .-
1368 5609 1405 5667 tl
1443 5612 1547 5678 Qui
1601 5610 1912 5683 paracletus
1959 5609 2165 5667 diceris
2249 5608 2387 5663 Data
2413 5612 2490 5665 est
2517 5609 2641 5666 mihi
2664 5612 2829 5667 omnis
2848 5616 3107 5683 potestas.
