  <div class='ocr_page' id='page_1' title='image "/cluster/home/n/w/nwhite01/storage/ocr_20150623/147/hvd.32044073505281/062.png"; bbox 0 0 4156 6196; ppageno 0'>
   <div class='ocr_carea' id='block_1_1' title="bbox 282 248 364 303">
    <p class='ocr_par' dir='ltr' id='par_1_1' title="bbox 282 248 364 303">
     <span class='ocr_line' id='line_1_1' title="bbox 282 248 364 303; baseline 0 -1"><span class='ocrx_word' id='word_1_1' title='bbox 282 248 364 303; x_wconf 88' lang='lat'><strong>113</strong></span> 
     </span>
    </p>
   </div>
   <div class='ocr_carea' id='block_1_2' title="bbox 1272 212 2567 309">
    <p class='ocr_par' dir='ltr' id='par_1_2' title="bbox 1272 212 2567 309">
     <span class='ocr_line' id='line_1_2' title="bbox 1272 212 2567 309; baseline 0.002 -4"><span class='ocrx_word' id='word_1_2' title='bbox 1272 212 1467 305; x_wconf 62' lang='lat' dir='ltr'><strong>riora:</strong></span> <span class='ocrx_word' id='word_1_3' title='bbox 1502 249 1591 304; x_wconf 85' lang='lat' dir='ltr'><strong>AD</strong></span> <span class='ocrx_word' id='word_1_4' title='bbox 1627 248 1880 305; x_wconf 83' lang='lat' dir='ltr'><strong>LIBRUM</strong></span> <span class='ocrx_word' id='word_1_5' title='bbox 1916 249 2006 305; x_wconf 76' lang='lat' dir='ltr'><strong>ne</strong></span> <span class='ocrx_word' id='word_1_6' title='bbox 2040 250 2256 307; x_wconf 78' lang='lat' dir='ltr'><strong>omo.</strong></span> <span class='ocrx_word' id='word_1_7' title='bbox 2297 250 2567 309; x_wconf 75' lang='lat' dir='ltr'><strong>ECCLES.</strong></span> 
     </span>
    </p>
   </div>
   <div class='ocr_carea' id='block_1_3' title="bbox 3504 254 3605 311">
    <p class='ocr_par' dir='ltr' id='par_1_3' title="bbox 3504 254 3605 311">
     <span class='ocr_line' id='line_1_3' title="bbox 3504 254 3605 311; baseline 0 -1"><span class='ocrx_word' id='word_1_8' title='bbox 3504 254 3605 311; x_wconf 86' lang='lat'><strong>114</strong></span> 
     </span>
    </p>
   </div>
   <div class='ocr_carea' id='block_1_4' title="bbox 334 372 3601 451">
    <p class='ocr_par' dir='ltr' id='par_1_4' title="bbox 334 372 3601 451">
     <span class='ocr_line' id='line_1_4' title="bbox 334 372 3601 451; baseline 0.003 -17"><span class='ocrx_word' id='word_1_9' title='bbox 334 377 462 451; x_wconf 84' lang='lat'>(267)</span> <span class='ocrx_word' id='word_1_10' title='bbox 494 375 785 446; x_wconf 85' lang='lat' dir='ltr'><strong>lncipiatur</strong></span> <span class='ocrx_word' id='word_1_11' title='bbox 830 377 1023 444; x_wconf 85' lang='lat' dir='ltr'><strong>Regum</strong></span> <span class='ocrx_word' id='word_1_12' title='bbox 1069 374 1290 432; x_wconf 75' lang='lat' dir='ltr'><strong>historia</strong></span> <span class='ocrx_word' id='word_1_13' title='bbox 1332 380 1382 431; x_wconf 87' lang='lat' dir='ltr'><strong>et</strong></span> <span class='ocrx_word' id='word_1_14' title='bbox 1422 372 2131 445; x_wconf 76' lang='lat' dir='ltr'><strong>Paralipomenon.Arariis</strong></span> <span class='ocrx_word' id='word_1_15' title='bbox 2155 420 2169 445; x_wconf 93' lang='lat'><strong>,</strong></span> <span class='ocrx_word' id='word_1_16' title='bbox 2229 384 2422 450; x_wconf 79' lang='lat' dir='ltr'><strong>pergat</strong></span> <span class='ocrx_word' id='word_1_17' title='bbox 2477 378 2544 435; x_wconf 90' lang='lat' dir='ltr'><strong>ad</strong></span> <span class='ocrx_word' id='word_1_18' title='bbox 2595 377 2816 435; x_wconf 90' lang='lat' dir='ltr'><strong>modum</strong></span> <span class='ocrx_word' id='word_1_19' title='bbox 2874 379 3266 449; x_wconf 87' lang='lat' dir='ltr'><strong>processiouis,</strong></span> <span class='ocrx_word' id='word_1_20' title='bbox 3316 383 3601 443; x_wconf 89' lang='lat' dir='ltr'><strong>incensato</strong></span> 
     </span>
    </p>
   </div>
   <div class='ocr_carea' id='block_1_5' title="bbox 276 464 1878 536">
    <p class='ocr_par' dir='ltr' id='par_1_5' title="bbox 276 464 1878 536">
     <span class='ocr_line' id='line_1_5' title="bbox 276 464 1878 536; baseline -0.005 -8"><span class='ocrx_word' id='word_1_21' title='bbox 276 468 398 529; x_wconf 85' lang='lat' dir='ltr'><strong>Libri</strong></span> <span class='ocrx_word' id='word_1_22' title='bbox 425 464 874 535; x_wconf 84' lang='lat' dir='ltr'><strong>Paralipomenon</strong></span> <span class='ocrx_word' id='word_1_23' title='bbox 906 477 1015 522; x_wconf 89' lang='lat' dir='ltr'><strong>non</strong></span> <span class='ocrx_word' id='word_1_24' title='bbox 1056 464 1315 536; x_wconf 86' lang='lat' dir='ltr'><strong>leguntur</strong></span> <span class='ocrx_word' id='word_1_25' title='bbox 1340 464 1397 519; x_wconf 93' lang='lat' dir='ltr'><strong>in</strong></span> <span class='ocrx_word' id='word_1_26' title='bbox 1427 464 1671 520; x_wconf 85' lang='lat' dir='ltr'><strong>Ecclesia</strong></span> <span class='ocrx_word' id='word_1_27' title='bbox 1700 464 1878 520; x_wconf 85' lang='lat' dir='ltr'><strong>Roto-</strong></span> 
     </span>
    </p>
   </div>
   <div class='ocr_carea' id='block_1_6' title="bbox 274 552 1881 630">
    <p class='ocr_par' dir='ltr' id='par_1_6' title="bbox 274 552 1881 630">
     <span class='ocr_line' id='line_1_6' title="bbox 274 552 1881 630; baseline -0.006 -14"><span class='ocrx_word' id='word_1_28' title='bbox 274 556 500 630; x_wconf 84' lang='lat' dir='ltr'><strong>magensi,</strong></span> <span class='ocrx_word' id='word_1_29' title='bbox 527 553 626 610; x_wconf 88' lang='lat' dir='ltr'><strong>sed</strong></span> <span class='ocrx_word' id='word_1_30' title='bbox 656 558 865 609; x_wconf 90' lang='lat' dir='ltr'><strong>tantum</strong></span> <span class='ocrx_word' id='word_1_31' title='bbox 903 558 1141 623; x_wconf 79' lang='lat' dir='ltr'><strong>quatuor</strong></span> <span class='ocrx_word' id='word_1_32' title='bbox 1176 553 1304 608; x_wconf 84' lang='lat' dir='ltr'><strong>libri</strong></span> <span class='ocrx_word' id='word_1_33' title='bbox 1333 554 1579 623; x_wconf 80' lang='lat' dir='ltr'><strong>Regnum</strong></span> <span class='ocrx_word' id='word_1_34' title='bbox 1609 566 1784 622; x_wconf 88' lang='lat' dir='ltr'><strong>usque</strong></span> <span class='ocrx_word' id='word_1_35' title='bbox 1812 552 1881 608; x_wconf 88' lang='lat' dir='ltr'><strong>ad</strong></span> 
     </span>
    </p>
   </div>
   <div class='ocr_carea' id='block_1_7' title="bbox 270 641 1532 713">
    <p class='ocr_par' dir='ltr' id='par_1_7' title="bbox 270 641 1532 713">
     <span class='ocr_line' id='line_1_7' title="bbox 270 641 1532 713; baseline -0.007 -9"><span class='ocrx_word' id='word_1_36' title='bbox 270 645 571 704; x_wconf 88' lang='lat' dir='ltr'><strong>Dominicam</strong></span> <span class='ocrx_word' id='word_1_37' title='bbox 602 642 993 713; x_wconf 83' lang='lat' dir='ltr'><strong>proximiorem</strong></span> <span class='ocrx_word' id='word_1_38' title='bbox 1024 641 1252 697; x_wconf 83' lang='lat' dir='ltr'><strong>Kalend.</strong></span> <span class='ocrx_word' id='word_1_39' title='bbox 1284 641 1532 711; x_wconf 81' lang='lat' dir='ltr'><strong>Augusti.</strong></span> 
     </span>
    </p>
   </div>
   <div class='ocr_carea' id='block_1_8' title="bbox 332 729 1881 807">
    <p class='ocr_par' dir='ltr' id='par_1_8' title="bbox 332 729 1881 807">
     <span class='ocr_line' id='line_1_8' title="bbox 332 729 1881 807; baseline -0.003 -19"><span class='ocrx_word' id='word_1_40' title='bbox 332 734 460 807; x_wconf 86' lang='lat'>(268)</span> <span class='ocrx_word' id='word_1_41' title='bbox 493 732 647 788; x_wconf 85' lang='lat' dir='ltr'><strong>Liber</strong></span> <span class='ocrx_word' id='word_1_42' title='bbox 679 731 855 787; x_wconf 71' lang='lat' dir='ltr'><strong>Tobias</strong></span> <span class='ocrx_word' id='word_1_43' title='bbox 900 735 950 786; x_wconf 91' lang='lat' dir='ltr'><strong>et</strong></span> <span class='ocrx_word' id='word_1_44' title='bbox 997 732 1205 787; x_wconf 74' lang='lat' dir='ltr'><strong>Esdrte.</strong></span> <span class='ocrx_word' id='word_1_45' title='bbox 1252 730 1453 786; x_wconf 88' lang='lat' dir='ltr'><strong>Esdras</strong></span> <span class='ocrx_word' id='word_1_46' title='bbox 1499 742 1610 786; x_wconf 89' lang='lat' dir='ltr'><strong>non</strong></span> <span class='ocrx_word' id='word_1_47' title='bbox 1660 729 1881 799; x_wconf 87' lang='lat' dir='ltr'><strong>legitur,</strong></span> 
     </span>
    </p>
   </div>
   <div class='ocr_carea' id='block_1_9' title="bbox 270 818 1886 889">
    <p class='ocr_par' dir='ltr' id='par_1_9' title="bbox 270 818 1886 889">
     <span class='ocr_line' id='line_1_9' title="bbox 270 818 1886 889; baseline -0.006 -6"><span class='ocrx_word' id='word_1_48' title='bbox 270 826 354 883; x_wconf 88' lang='lat' dir='ltr'><strong>sed</strong></span> <span class='ocrx_word' id='word_1_49' title='bbox 394 821 733 881; x_wconf 87' lang='lat' dir='ltr'><strong>solummodo</strong></span> <span class='ocrx_word' id='word_1_50' title='bbox 788 820 930 877; x_wconf 88' lang='lat' dir='ltr'><strong>liber</strong></span> <span class='ocrx_word' id='word_1_51' title='bbox 983 820 1168 877; x_wconf 75' lang='lat' dir='ltr'><strong>Tobiae</strong></span> <span class='ocrx_word' id='word_1_52' title='bbox 1224 821 1281 875; x_wconf 92' lang='lat' dir='ltr'><strong>in</strong></span> <span class='ocrx_word' id='word_1_53' title='bbox 1338 820 1501 876; x_wconf 89' lang='lat' dir='ltr'><strong>tertia</strong></span> <span class='ocrx_word' id='word_1_54' title='bbox 1547 818 1886 889; x_wconf 79' lang='lat' dir='ltr'><strong>Septembris</strong></span> 
     </span>
    </p>
   </div>
   <div class='ocr_carea' id='block_1_10' title="bbox 272 908 1887 981">
    <p class='ocr_par' dir='ltr' id='par_1_10' title="bbox 272 908 1887 981">
     <span class='ocr_line' id='line_1_10' title="bbox 272 908 1887 981; baseline -0.003 -11"><span class='ocrx_word' id='word_1_55' title='bbox 272 911 607 979; x_wconf 78' lang='lat' dir='ltr'><strong>hebdomade,</strong></span> <span class='ocrx_word' id='word_1_56' title='bbox 666 910 724 966; x_wconf 90' lang='lat' dir='ltr'><strong>in</strong></span> <span class='ocrx_word' id='word_1_57' title='bbox 781 918 974 981; x_wconf 89' lang='lat' dir='ltr'><strong>quarta</strong></span> <span class='ocrx_word' id='word_1_58' title='bbox 1030 923 1159 965; x_wconf 87' lang='lat' dir='ltr'><strong>vero</strong></span> <span class='ocrx_word' id='word_1_59' title='bbox 1218 914 1273 965; x_wconf 90' lang='lat' dir='ltr'><strong>et</strong></span> <span class='ocrx_word' id='word_1_60' title='bbox 1337 910 1531 980; x_wconf 90' lang='lat' dir='ltr'><strong>quinta</strong></span> <span class='ocrx_word' id='word_1_61' title='bbox 1591 908 1782 964; x_wconf 84' lang='lat' dir='ltr'><strong>Judith</strong></span> <span class='ocrx_word' id='word_1_62' title='bbox 1830 915 1887 965; x_wconf 93' lang='lat' dir='ltr'><strong>et</strong></span> 
     </span>
    </p>
   </div>
   <div class='ocr_carea' id='block_1_11' title="bbox 268 1003 457 1059">
    <p class='ocr_par' dir='ltr' id='par_1_11' title="bbox 268 1003 457 1059">
     <span class='ocr_line' id='line_1_11' title="bbox 268 1003 457 1059; baseline -0.016 0"><span class='ocrx_word' id='word_1_63' title='bbox 268 1003 457 1059; x_wconf 78' lang='lat' dir='ltr'><strong>Esther.</strong></span> 
     </span>
    </p>
   </div>
   <div class='ocr_carea' id='block_1_12' title="bbox 333 1086 1880 1162">
    <p class='ocr_par' dir='ltr' id='par_1_12' title="bbox 333 1086 1880 1162">
     <span class='ocr_line' id='line_1_12' title="bbox 333 1086 1880 1162; baseline 0 -17"><span class='ocrx_word' id='word_1_64' title='bbox 333 1090 461 1162; x_wconf 81' lang='grc'>(269)</span> <span class='ocrx_word' id='word_1_65' title='bbox 498 1092 621 1146; x_wconf 89' lang='lat' dir='ltr'><strong>Post</strong></span> <span class='ocrx_word' id='word_1_66' title='bbox 678 1088 959 1144; x_wconf 86' lang='lat' dir='ltr'><strong>matutinas</strong></span> <span class='ocrx_word' id='word_1_67' title='bbox 1006 1092 1206 1144; x_wconf 90' lang='lat' dir='ltr'><strong>tantum</strong></span> <span class='ocrx_word' id='word_1_68' title='bbox 1252 1088 1459 1143; x_wconf 81' lang='lat' dir='ltr'><strong>Laudes</strong></span> <span class='ocrx_word' id='word_1_69' title='bbox 1506 1086 1880 1158; x_wconf 78' lang='lat' dir='ltr'><strong>defunctorum.</strong></span> 
     </span>
    </p>
   </div>
   <div class='ocr_carea' id='block_1_13' title="bbox 266 1170 1885 1248">
    <p class='ocr_par' dir='ltr' id='par_1_13' title="bbox 266 1170 1885 1248">
     <span class='ocr_line' id='line_1_13' title="bbox 266 1170 1885 1248; baseline -0.002 -10"><span class='ocrx_word' id='word_1_70' title='bbox 266 1185 316 1238; x_wconf 89' lang='lat' dir='ltr'><strong>lu</strong></span> <span class='ocrx_word' id='word_1_71' title='bbox 341 1181 572 1237; x_wconf 85' lang='lat' dir='ltr'><strong>Ecclesia</strong></span> <span class='ocrx_word' id='word_1_72' title='bbox 616 1170 747 1239; x_wconf 82' lang='lat' dir='ltr'><strong>I52</strong></span> <span class='ocrx_word' id='word_1_73' title='bbox 797 1177 1097 1234; x_wconf 88' lang='lat' dir='ltr'><strong>cathedrali</strong></span> <span class='ocrx_word' id='word_1_74' title='bbox 1147 1183 1272 1248; x_wconf 89' lang='lat' dir='ltr'><strong>post</strong></span> <span class='ocrx_word' id='word_1_75' title='bbox 1317 1182 1647 1235; x_wconf 90' lang='lat' dir='ltr'><strong>nocturnum</strong></span> <span class='ocrx_word' id='word_1_76' title='bbox 1694 1176 1885 1235; x_wconf 50' lang='lat' dir='ltr'><strong>dicun.</strong></span> 
     </span>
    </p>
   </div>
   <div class='ocr_carea' id='block_1_14' title="bbox 268 1267 967 1338">
    <p class='ocr_par' dir='ltr' id='par_1_14' title="bbox 268 1267 967 1338">
     <span class='ocr_line' id='line_1_14' title="bbox 268 1267 967 1338; baseline -0.006 -11"><span class='ocrx_word' id='word_1_77' title='bbox 268 1278 347 1327; x_wconf 85' lang='lat' dir='ltr'><strong>tur</strong></span> <span class='ocrx_word' id='word_1_78' title='bbox 369 1276 489 1326; x_wconf 89' lang='lat' dir='ltr'><strong>ante</strong></span> <span class='ocrx_word' id='word_1_79' title='bbox 518 1267 967 1338; x_wconf 88' lang='lat' dir='ltr'><strong>Completorium.</strong></span> 
     </span>
    </p>
   </div>
   <div class='ocr_carea' id='block_1_15' title="bbox 327 1355 1886 1433">
    <p class='ocr_par' dir='ltr' id='par_1_15' title="bbox 327 1355 1886 1433">
     <span class='ocr_line' id='line_1_15' title="bbox 327 1355 1886 1433; baseline 0.001 -22"><span class='ocrx_word' id='word_1_80' title='bbox 327 1358 468 1431; x_wconf 86' lang='lat'>(270)</span> <span class='ocrx_word' id='word_1_81' title='bbox 512 1361 579 1414; x_wconf 88' lang='lat' dir='ltr'><strong>In</strong></span> <span class='ocrx_word' id='word_1_82' title='bbox 624 1357 863 1429; x_wconf 84' lang='lat' dir='ltr'><strong>Vesperis</strong></span> <span class='ocrx_word' id='word_1_83' title='bbox 909 1355 1103 1433; x_wconf 73' lang='lat' dir='ltr'><strong>Abbati</strong></span> <span class='ocrx_word' id='word_1_84' title='bbox 1151 1361 1199 1412; x_wconf 86' lang='lat' dir='ltr'><strong>et</strong></span> <span class='ocrx_word' id='word_1_85' title='bbox 1245 1355 1655 1413; x_wconf 89' lang='lat' dir='ltr'><strong>Dominicalibus</strong></span> <span class='ocrx_word' id='word_1_86' title='bbox 1680 1357 1886 1413; x_wconf 84' lang='lat' dir='ltr'><strong>matuti-</strong></span> 
     </span>
    </p>
   </div>
   <div class='ocr_carea' id='block_1_16' title="bbox 266 1446 1886 1505">
    <p class='ocr_par' dir='ltr' id='par_1_16' title="bbox 266 1446 1886 1505">
     <span class='ocr_line' id='line_1_16' title="bbox 266 1446 1886 1505; baseline -0.001 0"><span class='ocrx_word' id='word_1_87' title='bbox 266 1449 335 1505; x_wconf 78' lang='lat' dir='ltr'><strong>nis</strong></span> <span class='ocrx_word' id='word_1_88' title='bbox 360 1448 420 1504; x_wconf 85' lang='lat' dir='ltr'><strong>de</strong></span> <span class='ocrx_word' id='word_1_89' title='bbox 446 1463 596 1504; x_wconf 80' lang='lat' dir='ltr'><strong>cruce</strong></span> <span class='ocrx_word' id='word_1_90' title='bbox 624 1449 879 1503; x_wconf 78' lang='lat' dir='ltr'><strong>cantetur.</strong></span> <span class='ocrx_word' id='word_1_91' title='bbox 912 1448 973 1503; x_wconf 92' lang='lat' dir='ltr'><strong>1n</strong></span> <span class='ocrx_word' id='word_1_92' title='bbox 1002 1446 1293 1503; x_wconf 89' lang='lat' dir='ltr'><strong>Ordinario</strong></span> <span class='ocrx_word' id='word_1_93' title='bbox 1341 1460 1443 1503; x_wconf 91' lang='lat' dir='ltr'><strong>ms.</strong></span> <span class='ocrx_word' id='word_1_94' title='bbox 1493 1448 1886 1503; x_wconf 89' lang='lat' dir='ltr'><strong>canonicorum</strong></span> 
     </span>
    </p>
   </div>
   <div class='ocr_carea' id='block_1_17' title="bbox 267 1536 1888 1608">
    <p class='ocr_par' dir='ltr' id='par_1_17' title="bbox 267 1536 1888 1608">
     <span class='ocr_line' id='line_1_17' title="bbox 267 1536 1888 1608; baseline -0.002 -14"><span class='ocrx_word' id='word_1_95' title='bbox 267 1541 312 1594; x_wconf 92' lang='lat' dir='ltr'><strong>S.</strong></span> <span class='ocrx_word' id='word_1_96' title='bbox 357 1538 553 1594; x_wconf 89' lang='lat' dir='ltr'><strong>Laudi:</strong></span> <span class='ocrx_word' id='word_1_97' title='bbox 604 1536 687 1592; x_wconf 88' lang='lat' dir='ltr'><strong>Ab</strong></span> <span class='ocrx_word' id='word_1_98' title='bbox 736 1542 920 1593; x_wconf 82' lang='lat' dir='ltr'><strong>octauo</strong></span> <span class='ocrx_word' id='word_1_99' title='bbox 948 1539 1277 1593; x_wconf 87' lang='lat' dir='ltr'><strong>Pentecostes</strong></span> <span class='ocrx_word' id='word_1_100' title='bbox 1305 1551 1469 1608; x_wconf 89' lang='lat' dir='ltr'><strong>usque</strong></span> <span class='ocrx_word' id='word_1_101' title='bbox 1498 1537 1570 1593; x_wconf 84' lang='lat' dir='ltr'><strong>ad</strong></span> <span class='ocrx_word' id='word_1_102' title='bbox 1596 1536 1888 1592; x_wconf 79' lang='lat' dir='ltr'><strong>Adventum</strong></span> 
     </span>
    </p>
   </div>
   <div class='ocr_carea' id='block_1_18' title="bbox 1963 466 3599 540">
    <p class='ocr_par' dir='ltr' id='par_1_18' title="bbox 1963 466 3599 540">
     <span class='ocr_line' id='line_1_18' title="bbox 1963 466 3599 540; baseline 0.006 -19"><span class='ocrx_word' id='word_1_103' title='bbox 1963 466 2143 524; x_wconf 82' lang='lat' dir='ltr'><strong>altari.</strong></span> <span class='ocrx_word' id='word_1_104' title='bbox 2176 469 2391 524; x_wconf 88' lang='lat' dir='ltr'><strong>Primus</strong></span> <span class='ocrx_word' id='word_1_105' title='bbox 2418 468 2800 525; x_wconf 86' lang='lat' dir='ltr'><strong>thuriferarius</strong></span> <span class='ocrx_word' id='word_1_106' title='bbox 2826 469 3054 537; x_wconf 86' lang='lat' dir='ltr'><strong>incedit,</strong></span> <span class='ocrx_word' id='word_1_107' title='bbox 3106 476 3231 540; x_wconf 91' lang='lat' dir='ltr'><strong>post</strong></span> <span class='ocrx_word' id='word_1_108' title='bbox 3277 471 3388 527; x_wconf 91' lang='lat' dir='ltr'><strong>duo</strong></span> <span class='ocrx_word' id='word_1_109' title='bbox 3437 487 3599 531; x_wconf 92' lang='lat' dir='ltr'><strong>cero-</strong></span> 
     </span>
    </p>
   </div>
   <div class='ocr_carea' id='block_1_19' title="bbox 1964 556 3607 632">
    <p class='ocr_par' dir='ltr' id='par_1_19' title="bbox 1964 556 3607 632">
     <span class='ocr_line' id='line_1_19' title="bbox 1964 556 3607 632; baseline 0.004 -21"><span class='ocrx_word' id='word_1_110' title='bbox 1964 556 2173 624; x_wconf 88' lang='lat' dir='ltr'><strong>ferarii,</strong></span> <span class='ocrx_word' id='word_1_111' title='bbox 2222 570 2363 629; x_wconf 92' lang='lat' dir='ltr'><strong>quos</strong></span> <span class='ocrx_word' id='word_1_112' title='bbox 2413 559 2664 629; x_wconf 87' lang='lat' dir='ltr'><strong>sequitur</strong></span> <span class='ocrx_word' id='word_1_113' title='bbox 2707 560 2974 615; x_wconf 90' lang='lat' dir='ltr'><strong>diaconus</strong></span> <span class='ocrx_word' id='word_1_114' title='bbox 3018 573 3193 631; x_wconf 90' lang='lat' dir='ltr'><strong>cappa</strong></span> <span class='ocrx_word' id='word_1_115' title='bbox 3235 560 3461 617; x_wconf 91' lang='lat' dir='ltr'><strong>indutus</strong></span> <span class='ocrx_word' id='word_1_116' title='bbox 3507 564 3607 632; x_wconf 86' lang='lat' dir='ltr'><strong>qui</strong></span> 
     </span>
    </p>
   </div>
   <div class='ocr_carea' id='block_1_20' title="bbox 1967 647 3600 721">
    <p class='ocr_par' dir='ltr' id='par_1_20' title="bbox 1967 647 3600 721">
     <span class='ocr_line' id='line_1_20' title="bbox 1967 647 3600 721; baseline 0.004 -20"><span class='ocrx_word' id='word_1_117' title='bbox 1967 647 2211 703; x_wconf 90' lang='lat' dir='ltr'><strong>lecturus</strong></span> <span class='ocrx_word' id='word_1_118' title='bbox 2240 656 2324 703; x_wconf 90' lang='lat' dir='ltr'><strong>est</strong></span> <span class='ocrx_word' id='word_1_119' title='bbox 2351 648 2701 721; x_wconf 85' lang='lat' dir='ltr'><strong>Evangelium</strong></span> <span class='ocrx_word' id='word_1_120' title='bbox 2731 650 2788 705; x_wconf 92' lang='lat' dir='ltr'><strong>in</strong></span> <span class='ocrx_word' id='word_1_121' title='bbox 2818 650 3067 720; x_wconf 89' lang='lat' dir='ltr'><strong>pulpito;</strong></span> <span class='ocrx_word' id='word_1_122' title='bbox 3117 651 3266 721; x_wconf 90' lang='lat' dir='ltr'><strong>quod</strong></span> <span class='ocrx_word' id='word_1_123' title='bbox 3312 652 3371 707; x_wconf 92' lang='lat' dir='ltr'><strong>in</strong></span> <span class='ocrx_word' id='word_1_124' title='bbox 3417 653 3600 708; x_wconf 83' lang='lat' dir='ltr'><strong>omni—</strong></span> 
     </span>
    </p>
   </div>
   <div class='ocr_carea' id='block_1_21' title="bbox 1967 734 3603 810">
    <p class='ocr_par' dir='ltr' id='par_1_21' title="bbox 1967 734 3603 810">
     <span class='ocr_line' id='line_1_21' title="bbox 1967 734 3603 810; baseline 0.004 -20"><span class='ocrx_word' id='word_1_125' title='bbox 1967 735 2072 791; x_wconf 91' lang='lat' dir='ltr'><strong>bus</strong></span> <span class='ocrx_word' id='word_1_126' title='bbox 2127 734 2284 792; x_wconf 88' lang='lat' dir='ltr'><strong>festis</strong></span> <span class='ocrx_word' id='word_1_127' title='bbox 2337 737 2691 807; x_wconf 85' lang='lat' dir='ltr'><strong>triplicibus,</strong></span> <span class='ocrx_word' id='word_1_128' title='bbox 2737 743 2845 793; x_wconf 89' lang='lat' dir='ltr'><strong>tam</strong></span> <span class='ocrx_word' id='word_1_129' title='bbox 2895 739 3085 809; x_wconf 71' lang='lat' dir='ltr'><strong>prima:</strong></span> <span class='ocrx_word' id='word_1_130' title='bbox 3131 753 3292 810; x_wconf 87' lang='lat' dir='ltr'><strong>quam</strong></span> <span class='ocrx_word' id='word_1_131' title='bbox 3345 741 3603 797; x_wconf 69' lang='lat' dir='ltr'><strong>secundae</strong></span> 
     </span>
    </p>
   </div>
   <div class='ocr_carea' id='block_1_22' title="bbox 1967 822 3606 899">
    <p class='ocr_par' dir='ltr' id='par_1_22' title="bbox 1967 822 3606 899">
     <span class='ocr_line' id='line_1_22' title="bbox 1967 822 3606 899; baseline 0.004 -20"><span class='ocrx_word' id='word_1_132' title='bbox 1967 822 2181 891; x_wconf 88' lang='lat' dir='ltr'><strong>classis,</strong></span> <span class='ocrx_word' id='word_1_133' title='bbox 2234 825 2577 881; x_wconf 85' lang='lat' dir='ltr'><strong>observatur.</strong></span> <span class='ocrx_word' id='word_1_134' title='bbox 2600 829 2689 881; x_wconf 43' lang='lat' dir='ltr'><strong>«In</strong></span> <span class='ocrx_word' id='word_1_135' title='bbox 2736 828 2981 883; x_wconf 89' lang='lat' dir='ltr'><strong>secundo</strong></span> <span class='ocrx_word' id='word_1_136' title='bbox 3026 832 3229 897; x_wconf 89' lang='lat' dir='ltr'><strong>autem,</strong></span> <span class='ocrx_word' id='word_1_137' title='bbox 3278 828 3493 899; x_wconf 89' lang='lat' dir='ltr'><strong>quinto,</strong></span> <span class='ocrx_word' id='word_1_138' title='bbox 3549 836 3606 885; x_wconf 87' lang='lat' dir='ltr'><strong>et</strong></span> 
     </span>
    </p>
   </div>
   <div class='ocr_carea' id='block_1_23' title="bbox 1968 916 3606 990">
    <p class='ocr_par' dir='ltr' id='par_1_23' title="bbox 1968 916 3606 990">
     <span class='ocr_line' id='line_1_23' title="bbox 1968 916 3606 990; baseline 0.004 -20"><span class='ocrx_word' id='word_1_139' title='bbox 1968 918 2161 970; x_wconf 86' lang='lat' dir='ltr'><strong>octavo</strong></span> <span class='ocrx_word' id='word_1_140' title='bbox 2218 916 2590 985; x_wconf 89' lang='lat' dir='ltr'><strong>responsoriis</strong></span> <span class='ocrx_word' id='word_1_141' title='bbox 2646 931 2758 974; x_wconf 91' lang='lat' dir='ltr'><strong>non</strong></span> <span class='ocrx_word' id='word_1_142' title='bbox 2811 918 3130 975; x_wconf 87' lang='lat' dir='ltr'><strong>incensatur</strong></span> <span class='ocrx_word' id='word_1_143' title='bbox 3183 918 3375 989; x_wconf 88' lang='lat' dir='ltr'><strong>altare,</strong></span> <span class='ocrx_word' id='word_1_144' title='bbox 3426 934 3606 990; x_wconf 89' lang='lat' dir='ltr'><strong>neque</strong></span> 
     </span>
    </p>
   </div>
   <div class='ocr_carea' id='block_1_24' title="bbox 1968 1003 2193 1059">
    <p class='ocr_par' dir='ltr' id='par_1_24' title="bbox 1968 1003 2193 1059">
     <span class='ocr_line' id='line_1_24' title="bbox 1968 1003 2193 1059; baseline 0 -1"><span class='ocrx_word' id='word_1_145' title='bbox 1968 1003 2193 1059; x_wconf 90' lang='lat' dir='ltr'><strong>chorus.</strong></span> 
     </span>
    </p>
   </div>
   <div class='ocr_carea' id='block_1_25' title="bbox 2041 1092 3604 1168">
    <p class='ocr_par' dir='ltr' id='par_1_25' title="bbox 2041 1092 3604 1168">
     <span class='ocr_line' id='line_1_25' title="bbox 2041 1092 3604 1168; baseline 0.001 -19"><span class='ocrx_word' id='word_1_146' title='bbox 2041 1092 2194 1164; x_wconf 87' lang='lat'>(279)</span> <span class='ocrx_word' id='word_1_147' title='bbox 2239 1093 2429 1149; x_wconf 89' lang='lat' dir='ltr'><strong>Omnes</strong></span> <span class='ocrx_word' id='word_1_148' title='bbox 2470 1092 2676 1150; x_wconf 77' lang='lat' dir='ltr'><strong>clericis</strong></span> <span class='ocrx_word' id='word_1_149' title='bbox 2716 1110 2817 1167; x_wconf 89' lang='lat' dir='ltr'><strong>pro</strong></span> <span class='ocrx_word' id='word_1_150' title='bbox 2840 1111 2998 1168; x_wconf 81' lang='lat' dir='ltr'><strong>posse</strong></span> <span class='ocrx_word' id='word_1_151' title='bbox 3033 1097 3266 1153; x_wconf 67' lang='lat' dir='ltr'><strong>ecclesiae</strong></span> <span class='ocrx_word' id='word_1_152' title='bbox 3301 1097 3604 1154; x_wconf 84' lang='lat' dir='ltr'><strong>induantur.</strong></span> 
     </span>
    </p>
   </div>
   <div class='ocr_carea' id='block_1_26' title="bbox 1950 1181 3611 1253">
    <p class='ocr_par' dir='ltr' id='par_1_26' title="bbox 1950 1181 3611 1253">
     <span class='ocr_line' id='line_1_26' title="bbox 1950 1181 3611 1253; baseline 0.002 -15"><span class='ocrx_word' id='word_1_153' title='bbox 1950 1181 2048 1238; x_wconf 46' lang='lat' dir='ltr'><strong>’Ad</strong></span> <span class='ocrx_word' id='word_1_154' title='bbox 2089 1182 2502 1253; x_wconf 88' lang='lat' dir='ltr'><strong>processionem</strong></span> <span class='ocrx_word' id='word_1_155' title='bbox 2558 1183 2726 1240; x_wconf 86' lang='lat' dir='ltr'><strong>hodie</strong></span> <span class='ocrx_word' id='word_1_156' title='bbox 2773 1189 2830 1240; x_wconf 89' lang='lat' dir='ltr'><strong>et</strong></span> <span class='ocrx_word' id='word_1_157' title='bbox 2875 1187 2932 1241; x_wconf 92' lang='lat' dir='ltr'><strong>in</strong></span> <span class='ocrx_word' id='word_1_158' title='bbox 2983 1186 3138 1242; x_wconf 87' lang='lat' dir='ltr'><strong>festis</strong></span> <span class='ocrx_word' id='word_1_159' title='bbox 3183 1186 3611 1244; x_wconf 88' lang='lat' dir='ltr'><strong>solemnioribus</strong></span> 
     </span>
    </p>
   </div>
   <div class='ocr_carea' id='block_1_27' title="bbox 1969 1272 3609 1345">
    <p class='ocr_par' dir='ltr' id='par_1_27' title="bbox 1969 1272 3609 1345">
     <span class='ocr_line' id='line_1_27' title="bbox 1969 1272 3609 1345; baseline 0.004 -18"><span class='ocrx_word' id='word_1_160' title='bbox 1969 1285 2162 1329; x_wconf 91' lang='lat' dir='ltr'><strong>omnes</strong></span> <span class='ocrx_word' id='word_1_161' title='bbox 2190 1273 2381 1343; x_wconf 90' lang='lat' dir='ltr'><strong>cappis</strong></span> <span class='ocrx_word' id='word_1_162' title='bbox 2407 1272 2714 1329; x_wconf 89' lang='lat' dir='ltr'><strong>induuntur</strong></span> <span class='ocrx_word' id='word_1_163' title='bbox 2743 1287 2845 1344; x_wconf 92' lang='lat' dir='ltr'><strong>pro</strong></span> <span class='ocrx_word' id='word_1_164' title='bbox 2874 1288 3038 1344; x_wconf 89' lang='lat' dir='ltr'><strong>posse</strong></span> <span class='ocrx_word' id='word_1_165' title='bbox 3077 1276 3370 1345; x_wconf 66' lang='lat' dir='ltr'><strong>ecclesiae;</strong></span> <span class='ocrx_word' id='word_1_166' title='bbox 3419 1277 3609 1332; x_wconf 91' lang='lat' dir='ltr'><strong>imme-</strong></span> 
     </span>
    </p>
   </div>
   <div class='ocr_carea' id='block_1_28' title="bbox 1970 1361 3609 1437">
    <p class='ocr_par' dir='ltr' id='par_1_28' title="bbox 1970 1361 3609 1437">
     <span class='ocr_line' id='line_1_28' title="bbox 1970 1361 3609 1437; baseline 0.004 -20"><span class='ocrx_word' id='word_1_167' title='bbox 1970 1361 2079 1418; x_wconf 90' lang='lat' dir='ltr'><strong>rito</strong></span> <span class='ocrx_word' id='word_1_168' title='bbox 2106 1376 2237 1419; x_wconf 85' lang='lat' dir='ltr'><strong>vero</strong></span> <span class='ocrx_word' id='word_1_169' title='bbox 2266 1362 2517 1419; x_wconf 89' lang='lat' dir='ltr'><strong>nonnulli</strong></span> <span class='ocrx_word' id='word_1_170' title='bbox 2548 1363 2604 1418; x_wconf 91' lang='lat' dir='ltr'><strong>in</strong></span> <span class='ocrx_word' id='word_1_171' title='bbox 2630 1378 2695 1419; x_wconf 91' lang='lat' dir='ltr'><strong>ea</strong></span> <span class='ocrx_word' id='word_1_172' title='bbox 2741 1363 2989 1419; x_wconf 87' lang='lat' dir='ltr'><strong>colorum</strong></span> <span class='ocrx_word' id='word_1_173' title='bbox 3032 1366 3351 1422; x_wconf 86' lang='lat' dir='ltr'><strong>varietatem</strong></span> <span class='ocrx_word' id='word_1_174' title='bbox 3398 1367 3609 1437; x_wconf 90' lang='lat' dir='ltr'><strong>impro-</strong></span> 
     </span>
    </p>
   </div>
   <div class='ocr_carea' id='block_1_29' title="bbox 1970 1452 3611 1524">
    <p class='ocr_par' dir='ltr' id='par_1_29' title="bbox 1970 1452 3611 1524">
     <span class='ocr_line' id='line_1_29' title="bbox 1970 1452 3611 1524; baseline 0.003 -16"><span class='ocrx_word' id='word_1_175' title='bbox 1970 1452 2122 1519; x_wconf 88' lang='lat' dir='ltr'><strong>bant,</strong></span> <span class='ocrx_word' id='word_1_176' title='bbox 2155 1466 2280 1509; x_wconf 88' lang='lat' dir='ltr'><strong>cum</strong></span> <span class='ocrx_word' id='word_1_177' title='bbox 2309 1453 2563 1520; x_wconf 89' lang='lat' dir='ltr'><strong>ecclesia,</strong></span> <span class='ocrx_word' id='word_1_178' title='bbox 2595 1454 2726 1510; x_wconf 91' lang='lat' dir='ltr'><strong>licet</strong></span> <span class='ocrx_word' id='word_1_179' title='bbox 2756 1453 3045 1520; x_wconf 88' lang='lat' dir='ltr'><strong>ditissima,</strong></span> <span class='ocrx_word' id='word_1_180' title='bbox 3095 1458 3179 1511; x_wconf 90' lang='lat' dir='ltr'><strong>tot</strong></span> <span class='ocrx_word' id='word_1_181' title='bbox 3224 1454 3471 1524; x_wconf 85' lang='lat' dir='ltr'><strong>ejusdem</strong></span> <span class='ocrx_word' id='word_1_182' title='bbox 3518 1469 3611 1513; x_wconf 90' lang='lat' dir='ltr'><strong>co-</strong></span> 
     </span>
    </p>
   </div>
   <div class='ocr_carea' id='block_1_30' title="bbox 1970 1542 3611 1613">
    <p class='ocr_par' dir='ltr' id='par_1_30' title="bbox 1970 1542 3611 1613">
     <span class='ocr_line' id='line_1_30' title="bbox 1970 1542 3611 1613; baseline 0.002 -16"><span class='ocrx_word' id='word_1_183' title='bbox 1970 1542 2106 1597; x_wconf 92' lang='lat' dir='ltr'><strong>loris</strong></span> <span class='ocrx_word' id='word_1_184' title='bbox 2134 1548 2456 1598; x_wconf 88' lang='lat' dir='ltr'><strong>ornamenta</strong></span> <span class='ocrx_word' id='word_1_185' title='bbox 2502 1542 2857 1613; x_wconf 86' lang='lat' dir='ltr'><strong>suppeditare</strong></span> <span class='ocrx_word' id='word_1_186' title='bbox 2902 1555 3015 1599; x_wconf 89' lang='lat' dir='ltr'><strong>non</strong></span> <span class='ocrx_word' id='word_1_187' title='bbox 3062 1542 3239 1613; x_wconf 88' lang='lat' dir='ltr'><strong>possit</strong></span> <span class='ocrx_word' id='word_1_188' title='bbox 3285 1542 3435 1613; x_wconf 90' lang='lat' dir='ltr'><strong>quod</strong></span> <span class='ocrx_word' id='word_1_189' title='bbox 3482 1550 3611 1601; x_wconf 89' lang='lat' dir='ltr'><strong>sunt</strong></span> 
     </span>
    </p>
   </div>
   <div class='ocr_carea' id='block_1_31' title="bbox 264 1626 3612 1702">
    <p class='ocr_par' dir='ltr' id='par_1_31' title="bbox 264 1626 3612 1702">
     <span class='ocr_line' id='line_1_31' title="bbox 264 1626 3612 1702; baseline 0.001 -19"><span class='ocrx_word' id='word_1_190' title='bbox 264 1627 447 1683; x_wconf 83' lang='lat' dir='ltr'><strong>Domini</strong></span> <span class='ocrx_word' id='word_1_191' title='bbox 483 1628 539 1682; x_wconf 89' lang='lat' dir='ltr'><strong>in</strong></span> <span class='ocrx_word' id='word_1_192' title='bbox 567 1626 802 1683; x_wconf 84' lang='lat' dir='ltr'><strong>omnibus</strong></span> <span class='ocrx_word' id='word_1_193' title='bbox 846 1627 1083 1699; x_wconf 71' lang='lat' dir='ltr'><strong>Vesperis</strong></span> <span class='ocrx_word' id='word_1_194' title='bbox 1112 1631 1162 1681; x_wconf 89' lang='lat' dir='ltr'><strong>et</strong></span> <span class='ocrx_word' id='word_1_195' title='bbox 1189 1626 1467 1684; x_wconf 81' lang='lat' dir='ltr'><strong>Matutinis</strong></span> <span class='ocrx_word' id='word_1_196' title='bbox 1513 1627 1608 1698; x_wconf 79' lang='lat' dir='ltr'><strong>fiat</strong></span> <span class='ocrx_word' id='word_1_197' title='bbox 1635 1626 1890 1682; x_wconf 83' lang='lat' dir='ltr'><strong>memoria</strong></span> <span class='ocrx_word' id='word_1_198' title='bbox 1971 1630 2180 1687; x_wconf 88' lang='lat' dir='ltr'><strong>clerici.</strong></span> <span class='ocrx_word' id='word_1_199' title='bbox 2212 1632 2512 1687; x_wconf 79' lang='lat' dir='ltr'><strong>Attendunt</strong></span> <span class='ocrx_word' id='word_1_200' title='bbox 2540 1632 2621 1688; x_wconf 89' lang='lat' dir='ltr'><strong>illi</strong></span> <span class='ocrx_word' id='word_1_201' title='bbox 2650 1632 2798 1702; x_wconf 88' lang='lat' dir='ltr'><strong>quod</strong></span> <span class='ocrx_word' id='word_1_202' title='bbox 2829 1645 3033 1702; x_wconf 91' lang='lat' dir='ltr'><strong>sponsa</strong></span> <span class='ocrx_word' id='word_1_203' title='bbox 3059 1631 3261 1688; x_wconf 87' lang='lat' dir='ltr'><strong>Christi</strong></span> <span class='ocrx_word' id='word_1_204' title='bbox 3290 1632 3612 1688; x_wconf 86' lang='lat' dir='ltr'><strong>circumdata</strong></span> 
     </span>
    </p>
   </div>
   <div class='ocr_carea' id='block_1_32' title="bbox 265 1702 3609 1791">
    <p class='ocr_par' dir='ltr' id='par_1_32' title="bbox 265 1702 3609 1791">
     <span class='ocr_line' id='line_1_32' title="bbox 265 1702 3609 1791; baseline 0.001 -20"><span class='ocrx_word' id='word_1_205' title='bbox 265 1717 321 1771; x_wconf 83' lang='lat' dir='ltr'><strong>de</strong></span> <span class='ocrx_word' id='word_1_206' title='bbox 357 1722 534 1773; x_wconf 86' lang='lat' dir='ltr'><strong>sancta</strong></span> <span class='ocrx_word' id='word_1_207' title='bbox 563 1730 735 1784; x_wconf 87' lang='lat' dir='ltr'><strong>cruce,</strong></span> <span class='ocrx_word' id='word_1_208' title='bbox 768 1717 873 1771; x_wconf 88' lang='lat' dir='ltr'><strong>nisi</strong></span> <span class='ocrx_word' id='word_1_209' title='bbox 921 1718 977 1771; x_wconf 88' lang='lat' dir='ltr'><strong>in</strong></span> <span class='ocrx_word' id='word_1_210' title='bbox 1024 1714 1316 1787; x_wconf 83' lang='lat' dir='ltr'><strong>duplicibus</strong></span> <span class='ocrx_word' id='word_1_211' title='bbox 1362 1715 1526 1785; x_wconf 79' lang='lat' dir='ltr'><strong>festis.</strong></span> <span class='ocrx_word' id='word_1_212' title='bbox 1550 1715 1630 1772; x_wconf 84' lang='lat' dir='ltr'><strong>Ad</strong></span> <span class='ocrx_word' id='word_1_213' title='bbox 1651 1702 1948 1785; x_wconf 84' lang='lat' dir='ltr'><strong>proces-B</strong></span> <span class='ocrx_word' id='word_1_214' title='bbox 1969 1720 2042 1775; x_wconf 87' lang='lat' dir='ltr'><strong>sit</strong></span> <span class='ocrx_word' id='word_1_215' title='bbox 2069 1720 2342 1787; x_wconf 82' lang='lat' dir='ltr'><strong>varietate,</strong></span> <span class='ocrx_word' id='word_1_216' title='bbox 2373 1726 2448 1787; x_wconf 91' lang='lat' dir='ltr'><strong>et,</strong></span> <span class='ocrx_word' id='word_1_217' title='bbox 2482 1721 2625 1777; x_wconf 86' lang='lat' dir='ltr'><strong>sicut</strong></span> <span class='ocrx_word' id='word_1_218' title='bbox 2652 1705 2820 1776; x_wconf 74' lang='lat' dir='ltr'><strong>David</strong></span> <span class='ocrx_word' id='word_1_219' title='bbox 2859 1720 3130 1791; x_wconf 89' lang='lat' dir='ltr'><strong>propheta</strong></span> <span class='ocrx_word' id='word_1_220' title='bbox 3159 1721 3347 1791; x_wconf 86' lang='lat' dir='ltr'><strong>regius</strong></span> <span class='ocrx_word' id='word_1_221' title='bbox 3374 1724 3609 1776; x_wconf 88' lang='lat' dir='ltr'><strong>testatur</strong></span> 
     </span>
    </p>
   </div>
   <div class='ocr_carea' id='block_1_33' title="bbox 263 1804 1884 1875">
    <p class='ocr_par' dir='ltr' id='par_1_33' title="bbox 263 1804 1884 1875">
     <span class='ocr_line' id='line_1_33' title="bbox 263 1804 1884 1875; baseline 0 -16"><span class='ocrx_word' id='word_1_222' title='bbox 263 1804 449 1860; x_wconf 89' lang='lat' dir='ltr'><strong>sionem</strong></span> <span class='ocrx_word' id='word_1_223' title='bbox 480 1809 608 1875; x_wconf 88' lang='lat' dir='ltr'><strong>post</strong></span> <span class='ocrx_word' id='word_1_224' title='bbox 636 1807 904 1875; x_wconf 78' lang='lat' dir='ltr'><strong>Vesperas</strong></span> <span class='ocrx_word' id='word_1_225' title='bbox 928 1805 1149 1861; x_wconf 89' lang='lat' dir='ltr'><strong>Sabbati</strong></span> <span class='ocrx_word' id='word_1_226' title='bbox 1180 1805 1316 1861; x_wconf 89' lang='lat' dir='ltr'><strong>nihil</strong></span> <span class='ocrx_word' id='word_1_227' title='bbox 1347 1805 1415 1861; x_wconf 93' lang='lat' dir='ltr'><strong>de</strong></span> <span class='ocrx_word' id='word_1_228' title='bbox 1453 1818 1618 1861; x_wconf 90' lang='lat' dir='ltr'><strong>cruce</strong></span> <span class='ocrx_word' id='word_1_229' title='bbox 1648 1804 1884 1872; x_wconf 88' lang='lat' dir='ltr'><strong>canitur,</strong></span> 
     </span>
    </p>
   </div>
   <div class='ocr_carea' id='block_1_34' title="bbox 263 1894 1889 1967">
    <p class='ocr_par' dir='ltr' id='par_1_34' title="bbox 263 1894 1889 1967">
     <span class='ocr_line' id='line_1_34' title="bbox 263 1894 1889 1967; baseline 0.002 -18"><span class='ocrx_word' id='word_1_230' title='bbox 263 1895 347 1950; x_wconf 90' lang='lat' dir='ltr'><strong>sed</strong></span> <span class='ocrx_word' id='word_1_231' title='bbox 374 1894 436 1951; x_wconf 93' lang='lat' dir='ltr'><strong>de</strong></span> <span class='ocrx_word' id='word_1_232' title='bbox 464 1896 628 1952; x_wconf 90' lang='lat' dir='ltr'><strong>beata</strong></span> <span class='ocrx_word' id='word_1_233' title='bbox 658 1895 878 1967; x_wconf 84' lang='lat' dir='ltr'><strong>Virgine</strong></span> <span class='ocrx_word' id='word_1_234' title='bbox 907 1895 1092 1962; x_wconf 83' lang='lat' dir='ltr'><strong>Maria,</strong></span> <span class='ocrx_word' id='word_1_235' title='bbox 1133 1894 1265 1952; x_wconf 92' lang='lat' dir='ltr'><strong>licet</strong></span> <span class='ocrx_word' id='word_1_236' title='bbox 1301 1895 1358 1950; x_wconf 90' lang='lat' dir='ltr'><strong>in</strong></span> <span class='ocrx_word' id='word_1_237' title='bbox 1404 1894 1688 1952; x_wconf 88' lang='lat' dir='ltr'><strong>ordinario</strong></span> <span class='ocrx_word' id='word_1_238' title='bbox 1716 1896 1889 1952; x_wconf 87' lang='lat' dir='ltr'><strong>Roto-</strong></span> 
     </span>
    </p>
   </div>
   <div class='ocr_carea' id='block_1_35' title="bbox 263 1984 1884 2057">
    <p class='ocr_par' dir='ltr' id='par_1_35' title="bbox 263 1984 1884 2057">
     <span class='ocr_line' id='line_1_35' title="bbox 263 1984 1884 2057; baseline 0.001 -18"><span class='ocrx_word' id='word_1_239' title='bbox 263 1997 383 2055; x_wconf 83' lang='lat' dir='ltr'><strong>mag.</strong></span> <span class='ocrx_word' id='word_1_240' title='bbox 432 1999 533 2041; x_wconf 90' lang='lat' dir='ltr'><strong>ms.</strong></span> <span class='ocrx_word' id='word_1_241' title='bbox 592 1986 844 2056; x_wconf 87' lang='lat' dir='ltr'><strong>legatur:</strong></span> <span class='ocrx_word' id='word_1_242' title='bbox 898 1986 1164 2057; x_wconf 83' lang='lat' dir='ltr'><strong>Sequatur</strong></span> <span class='ocrx_word' id='word_1_243' title='bbox 1211 1985 1501 2057; x_wconf 84' lang='lat' dir='ltr'><strong>processio,</strong></span> <span class='ocrx_word' id='word_1_244' title='bbox 1561 1984 1884 2057; x_wconf 86' lang='lat' dir='ltr'><strong>antiphona;</strong></span> 
     </span>
    </p>
   </div>
   <div class='ocr_carea' id='block_1_36' title="bbox 264 2074 1886 2145">
    <p class='ocr_par' dir='ltr' id='par_1_36' title="bbox 264 2074 1886 2145">
     <span class='ocr_line' id='line_1_36' title="bbox 264 2074 1886 2145; baseline 0.001 -17"><span class='ocrx_word' id='word_1_245' title='bbox 264 2074 299 2128; x_wconf 95' lang='grc'>0</span> <span class='ocrx_word' id='word_1_246' title='bbox 323 2088 445 2129; x_wconf 88' lang='lat' dir='ltr'><strong>crux</strong></span> <span class='ocrx_word' id='word_1_247' title='bbox 469 2074 836 2145; x_wconf 89' lang='lat' dir='ltr'><strong>splendidior.</strong></span> <span class='ocrx_word' id='word_1_248' title='bbox 872 2076 912 2138; x_wconf 55' lang='grc' dir='ltr'><em>ψ</em></span> <span class='ocrx_word' id='word_1_249' title='bbox 940 2075 1128 2131; x_wconf 90' lang='lat' dir='ltr'><strong>Omnis</strong></span> <span class='ocrx_word' id='word_1_250' title='bbox 1156 2079 1324 2131; x_wconf 89' lang='lat' dir='ltr'><strong>terra.</strong></span> <span class='ocrx_word' id='word_1_251' title='bbox 1360 2075 1546 2131; x_wconf 85' lang='lat' dir='ltr'><strong>Oratio</strong></span> <span class='ocrx_word' id='word_1_252' title='bbox 1570 2093 1587 2128; x_wconf 90' lang='lat'><strong><em>:</em></strong></span> <span class='ocrx_word' id='word_1_253' title='bbox 1617 2074 1763 2130; x_wconf 90' lang='lat' dir='ltr'><strong>Deus</strong></span> <span class='ocrx_word' id='word_1_254' title='bbox 1790 2074 1886 2144; x_wconf 89' lang='lat' dir='ltr'><strong>qui</strong></span> 
     </span>
    </p>
   </div>
   <div class='ocr_carea' id='block_1_37' title="bbox 261 2162 1887 2234">
    <p class='ocr_par' dir='ltr' id='par_1_37' title="bbox 261 2162 1887 2234">
     <span class='ocr_line' id='line_1_37' title="bbox 261 2162 1887 2234; baseline 0.002 -17"><span class='ocrx_word' id='word_1_255' title='bbox 261 2163 459 2234; x_wconf 89' lang='lat' dir='ltr'><strong>unigen.</strong></span> <span class='ocrx_word' id='word_1_256' title='bbox 500 2165 565 2219; x_wconf 89' lang='lat' dir='ltr'><strong>In</strong></span> <span class='ocrx_word' id='word_1_257' title='bbox 601 2163 880 2220; x_wconf 86' lang='lat' dir='ltr'><strong>Matutinis</strong></span> <span class='ocrx_word' id='word_1_258' title='bbox 928 2170 1108 2220; x_wconf 91' lang='lat' dir='ltr'><strong>autem</strong></span> <span class='ocrx_word' id='word_1_259' title='bbox 1161 2162 1590 2220; x_wconf 89' lang='lat' dir='ltr'><strong>Dominicalibus</strong></span> <span class='ocrx_word' id='word_1_260' title='bbox 1625 2163 1778 2220; x_wconf 91' lang='lat' dir='ltr'><strong>nulla</strong></span> <span class='ocrx_word' id='word_1_261' title='bbox 1827 2164 1887 2220; x_wconf 90' lang='lat' dir='ltr'><strong>ﬁt</strong></span> 
     </span>
    </p>
   </div>
   <div class='ocr_carea' id='block_1_38' title="bbox 260 2251 1885 2324">
    <p class='ocr_par' dir='ltr' id='par_1_38' title="bbox 260 2251 1885 2324">
     <span class='ocr_line' id='line_1_38' title="bbox 260 2251 1885 2324; baseline 0.001 -18"><span class='ocrx_word' id='word_1_262' title='bbox 260 2252 523 2319; x_wconf 85' lang='lat' dir='ltr'><strong>processio</strong></span> <span class='ocrx_word' id='word_1_263' title='bbox 590 2259 742 2309; x_wconf 85' lang='lat' dir='ltr'><strong>extra</strong></span> <span class='ocrx_word' id='word_1_264' title='bbox 808 2260 1025 2324; x_wconf 92' lang='lat' dir='ltr'><strong>tempus</strong></span> <span class='ocrx_word' id='word_1_265' title='bbox 1094 2251 1372 2324; x_wconf 88' lang='lat' dir='ltr'><strong>paschale,</strong></span> <span class='ocrx_word' id='word_1_266' title='bbox 1437 2252 1543 2308; x_wconf 90' lang='lat' dir='ltr'><strong>nisi</strong></span> <span class='ocrx_word' id='word_1_267' title='bbox 1607 2252 1885 2324; x_wconf 87' lang='lat' dir='ltr'><strong>intelligas</strong></span> 
     </span>
    </p>
   </div>
   <div class='ocr_carea' id='block_1_39' title="bbox 258 2341 1883 2413">
    <p class='ocr_par' dir='ltr' id='par_1_39' title="bbox 258 2341 1883 2413">
     <span class='ocr_line' id='line_1_39' title="bbox 258 2341 1883 2413; baseline 0.002 -20"><span class='ocrx_word' id='word_1_268' title='bbox 258 2352 357 2395; x_wconf 87' lang='lat' dir='ltr'><strong>eam</strong></span> <span class='ocrx_word' id='word_1_269' title='bbox 385 2356 510 2412; x_wconf 66' lang='lat' dir='ltr'><strong>quae</strong></span> <span class='ocrx_word' id='word_1_270' title='bbox 543 2349 671 2413; x_wconf 91' lang='lat' dir='ltr'><strong>post</strong></span> <span class='ocrx_word' id='word_1_271' title='bbox 700 2343 1075 2412; x_wconf 89' lang='lat' dir='ltr'><strong>aspersionem</strong></span> <span class='ocrx_word' id='word_1_272' title='bbox 1104 2356 1262 2413; x_wconf 68' lang='lat' dir='ltr'><strong>aquae</strong></span> <span class='ocrx_word' id='word_1_273' title='bbox 1301 2342 1361 2398; x_wconf 92' lang='lat' dir='ltr'><strong>ﬁt</strong></span> <span class='ocrx_word' id='word_1_274' title='bbox 1397 2341 1710 2399; x_wconf 87' lang='lat' dir='ltr'><strong>immediate</strong></span> <span class='ocrx_word' id='word_1_275' title='bbox 1756 2347 1883 2398; x_wconf 87' lang='lat' dir='ltr'><strong>ante</strong></span> 
     </span>
    </p>
   </div>
   <div class='ocr_carea' id='block_1_40' title="bbox 257 2426 555 2485">
    <p class='ocr_par' dir='ltr' id='par_1_40' title="bbox 257 2426 555 2485">
     <span class='ocr_line' id='line_1_40' title="bbox 257 2426 555 2485; baseline 0.007 -3"><span class='ocrx_word' id='word_1_276' title='bbox 257 2428 495 2485; x_wconf 82' lang='lat' dir='ltr'><strong>Tertiam.</strong></span> <span class='ocrx_word' id='word_1_277' title='bbox 550 2426 555 2429; x_wconf 75' lang='grc'>’</span> 
     </span>
    </p>
   </div>
   <div class='ocr_carea' id='block_1_41' title="bbox 315 2518 1884 2590">
    <p class='ocr_par' dir='ltr' id='par_1_41' title="bbox 315 2518 1884 2590">
     <span class='ocr_line' id='line_1_41' title="bbox 315 2518 1884 2590; baseline 0.003 -20"><span class='ocrx_word' id='word_1_278' title='bbox 315 2518 462 2589; x_wconf 87' lang='grc'>(271)</span> <span class='ocrx_word' id='word_1_279' title='bbox 505 2518 749 2574; x_wconf 82' lang='lat' dir='ltr'><strong>Ultimum</strong></span> <span class='ocrx_word' id='word_1_280' title='bbox 778 2518 1062 2573; x_wconf 80' lang='lat' dir='ltr'><strong>benedictio</strong></span> <span class='ocrx_word' id='word_1_281' title='bbox 1091 2534 1195 2575; x_wconf 86' lang='lat' dir='ltr'><strong>non</strong></span> <span class='ocrx_word' id='word_1_282' title='bbox 1220 2519 1471 2590; x_wconf 88' lang='lat' dir='ltr'><strong>sequitur.</strong></span> <span class='ocrx_word' id='word_1_283' title='bbox 1505 2519 1563 2574; x_wconf 92' lang='lat' dir='ltr'><strong>ld</strong></span> <span class='ocrx_word' id='word_1_284' title='bbox 1611 2524 1714 2585; x_wconf 90' lang='lat' dir='ltr'><strong>est,</strong></span> <span class='ocrx_word' id='word_1_285' title='bbox 1760 2533 1884 2575; x_wconf 86' lang='lat' dir='ltr'><strong>ora-</strong></span> 
     </span>
    </p>
   </div>
   <div class='ocr_carea' id='block_1_42' title="bbox 258 2607 1885 2679">
    <p class='ocr_par' dir='ltr' id='par_1_42' title="bbox 258 2607 1885 2679">
     <span class='ocr_line' id='line_1_42' title="bbox 258 2607 1885 2679; baseline 0.002 -18"><span class='ocrx_word' id='word_1_286' title='bbox 258 2608 319 2663; x_wconf 90' lang='lat' dir='ltr'><strong>tio</strong></span> <span class='ocrx_word' id='word_1_287' title='bbox 347 2623 519 2679; x_wconf 89' lang='lat' dir='ltr'><strong>super</strong></span> <span class='ocrx_word' id='word_1_288' title='bbox 572 2608 857 2678; x_wconf 92' lang='lat' dir='ltr'><strong>populum,</strong></span> <span class='ocrx_word' id='word_1_289' title='bbox 891 2622 1015 2677; x_wconf 66' lang='lat' dir='ltr'><strong>quaa</strong></span> <span class='ocrx_word' id='word_1_290' title='bbox 1063 2608 1295 2663; x_wconf 88' lang='lat' dir='ltr'><strong>ulterior</strong></span> <span class='ocrx_word' id='word_1_291' title='bbox 1336 2607 1528 2663; x_wconf 88' lang='lat' dir='ltr'><strong>ultima</strong></span> <span class='ocrx_word' id='word_1_292' title='bbox 1570 2607 1885 2664; x_wconf 86' lang='lat' dir='ltr'><strong>benedictio</strong></span> 
     </span>
    </p>
   </div>
   <div class='ocr_carea' id='block_1_43' title="bbox 256 2696 1419 2766">
    <p class='ocr_par' dir='ltr' id='par_1_43' title="bbox 256 2696 1419 2766">
     <span class='ocr_line' id='line_1_43' title="bbox 256 2696 1419 2766; baseline 0.002 -16"><span class='ocrx_word' id='word_1_293' title='bbox 256 2696 439 2754; x_wconf 88' lang='lat' dir='ltr'><strong>dicitur</strong></span> <span class='ocrx_word' id='word_1_294' title='bbox 465 2697 763 2764; x_wconf 80' lang='lat' dir='ltr'><strong>Amaiario,</strong></span> <span class='ocrx_word' id='word_1_295' title='bbox 798 2698 895 2753; x_wconf 91' lang='lat' dir='ltr'><strong>lib.</strong></span> <span class='ocrx_word' id='word_1_296' title='bbox 930 2713 1012 2764; x_wconf 76' lang='grc' dir='ltr'><strong>ιιι,</strong></span> <span class='ocrx_word' id='word_1_297' title='bbox 1046 2711 1169 2766; x_wconf 90' lang='lat' dir='ltr'><strong>cap.</strong></span> <span class='ocrx_word' id='word_1_298' title='bbox 1200 2696 1291 2753; x_wconf 88' lang='lat'><strong>37.</strong></span> <span class='ocrx_word' id='word_1_299' title='bbox 1323 2698 1419 2752; x_wconf 80' lang='lat' dir='ltr'><strong>Pn.</strong></span> 
     </span>
    </p>
   </div>
   <div class='ocr_carea' id='block_1_44' title="bbox 317 2786 1884 2858">
    <p class='ocr_par' dir='ltr' id='par_1_44' title="bbox 317 2786 1884 2858">
     <span class='ocr_line' id='line_1_44' title="bbox 317 2786 1884 2858; baseline 0.004 -19"><span class='ocrx_word' id='word_1_300' title='bbox 317 2786 450 2857; x_wconf 84' lang='lat'>(272)</span> <span class='ocrx_word' id='word_1_301' title='bbox 486 2789 710 2858; x_wconf 84' lang='lat' dir='ltr'><strong>Propter</strong></span> <span class='ocrx_word' id='word_1_302' title='bbox 746 2786 1031 2841; x_wconf 68' lang='lat' dir='ltr'><strong>Dominicis</strong></span> <span class='ocrx_word' id='word_1_303' title='bbox 1058 2786 1225 2841; x_wconf 90' lang='lat' dir='ltr'><strong>noctis</strong></span> <span class='ocrx_word' id='word_1_304' title='bbox 1269 2786 1532 2841; x_wconf 87' lang='lat' dir='ltr'><strong>honorem.</strong></span> <span class='ocrx_word' id='word_1_305' title='bbox 1578 2786 1716 2843; x_wconf 89' lang='lat' dir='ltr'><strong>Hinc</strong></span> <span class='ocrx_word' id='word_1_306' title='bbox 1746 2802 1884 2845; x_wconf 89' lang='lat' dir='ltr'><strong>con-</strong></span> 
     </span>
    </p>
   </div>
   <div class='ocr_carea' id='block_1_45' title="bbox 256 2874 1885 2946">
    <p class='ocr_par' dir='ltr' id='par_1_45' title="bbox 256 2874 1885 2946">
     <span class='ocr_line' id='line_1_45' title="bbox 256 2874 1885 2946; baseline 0.005 -20"><span class='ocrx_word' id='word_1_307' title='bbox 256 2877 348 2929; x_wconf 88' lang='lat' dir='ltr'><strong>stat</strong></span> <span class='ocrx_word' id='word_1_308' title='bbox 391 2876 610 2931; x_wconf 90' lang='lat' dir='ltr'><strong>missam</strong></span> <span class='ocrx_word' id='word_1_309' title='bbox 676 2876 732 2930; x_wconf 93' lang='lat' dir='ltr'><strong>in</strong></span> <span class='ocrx_word' id='word_1_310' title='bbox 793 2874 1048 2930; x_wconf 87' lang='lat' dir='ltr'><strong>Sabbatis</strong></span> <span class='ocrx_word' id='word_1_311' title='bbox 1102 2877 1347 2942; x_wconf 84' lang='lat' dir='ltr'><strong>Quatuor</strong></span> <span class='ocrx_word' id='word_1_312' title='bbox 1400 2876 1724 2946; x_wconf 90' lang='lat' dir='ltr'><strong>Temporum</strong></span> <span class='ocrx_word' id='word_1_313' title='bbox 1781 2879 1885 2934; x_wconf 91' lang='lat' dir='ltr'><strong>sub</strong></span> 
     </span>
    </p>
   </div>
   <div class='ocr_carea' id='block_1_46' title="bbox 256 2962 1887 3036">
    <p class='ocr_par' dir='ltr' id='par_1_46' title="bbox 256 2962 1887 3036">
     <span class='ocr_line' id='line_1_46' title="bbox 256 2962 1887 3036; baseline 0.006 -22"><span class='ocrx_word' id='word_1_314' title='bbox 256 2963 475 3033; x_wconf 82' lang='lat' dir='ltr'><strong>Vespera</strong></span> <span class='ocrx_word' id='word_1_315' title='bbox 503 2964 676 3021; x_wconf 88' lang='lat' dir='ltr'><strong>fuisse</strong></span> <span class='ocrx_word' id='word_1_316' title='bbox 705 2964 1038 3020; x_wconf 87' lang='lat' dir='ltr'><strong>celebratam</strong></span> <span class='ocrx_word' id='word_1_317' title='bbox 1064 2984 1075 3018; x_wconf 91' lang='lat'><strong>:</strong></span> <span class='ocrx_word' id='word_1_318' title='bbox 1120 2964 1192 3020; x_wconf 90' lang='lat' dir='ltr'><strong>ob</strong></span> <span class='ocrx_word' id='word_1_319' title='bbox 1222 2962 1390 3021; x_wconf 76' lang='lat' dir='ltr'><strong>officii</strong></span> <span class='ocrx_word' id='word_1_320' title='bbox 1421 2965 1565 3021; x_wconf 91' lang='lat' dir='ltr'><strong>enim</strong></span> <span class='ocrx_word' id='word_1_321' title='bbox 1599 2966 1887 3036; x_wconf 63' lang='lat' dir='ltr'><strong>prolixita—</strong></span> 
     </span>
    </p>
   </div>
   <div class='ocr_carea' id='block_1_47' title="bbox 1969 1807 3607 1881">
    <p class='ocr_par' dir='ltr' id='par_1_47' title="bbox 1969 1807 3607 1881">
     <span class='ocr_line' id='line_1_47' title="bbox 1969 1807 3607 1881; baseline 0.001 -17"><span class='ocrx_word' id='word_1_322' title='bbox 1969 1807 2132 1879; x_wconf 87' lang='lat' dir='ltr'><strong>(Psal.</strong></span> <span class='ocrx_word' id='word_1_323' title='bbox 2172 1810 2312 1878; x_wconf 64' lang='grc' dir='ltr'><strong>κων)</strong></span> <span class='ocrx_word' id='word_1_324' title='bbox 2359 1810 2416 1864; x_wconf 89' lang='lat' dir='ltr'><strong>in</strong></span> <span class='ocrx_word' id='word_1_325' title='bbox 2454 1808 2673 1881; x_wconf 76' lang='lat' dir='ltr'><strong>ﬁmbriis</strong></span> <span class='ocrx_word' id='word_1_326' title='bbox 2709 1811 2885 1866; x_wconf 85' lang='lat' dir='ltr'><strong>aureis</strong></span> <span class='ocrx_word' id='word_1_327' title='bbox 2940 1809 3327 1866; x_wconf 86' lang='lat' dir='ltr'><strong>circumamicta</strong></span> <span class='ocrx_word' id='word_1_328' title='bbox 3371 1808 3607 1866; x_wconf 71' lang='lat' dir='ltr'><strong>varieta-</strong></span> 
     </span>
    </p>
   </div>
   <div class='ocr_carea' id='block_1_48' title="bbox 1968 1898 2123 1954">
    <p class='ocr_par' dir='ltr' id='par_1_48' title="bbox 1968 1898 2123 1954">
     <span class='ocr_line' id='line_1_48' title="bbox 1968 1898 2123 1954; baseline -0.006 0"><span class='ocrx_word' id='word_1_329' title='bbox 1968 1898 2123 1954; x_wconf 80' lang='lat' dir='ltr'><strong>tibus.</strong></span> 
     </span>
    </p>
   </div>
   <div class='ocr_carea' id='block_1_49' title="bbox 2042 1987 3609 2060">
    <p class='ocr_par' dir='ltr' id='par_1_49' title="bbox 2042 1987 3609 2060">
     <span class='ocr_line' id='line_1_49' title="bbox 2042 1987 3609 2060; baseline 0 -17"><span class='ocrx_word' id='word_1_330' title='bbox 2042 1988 2183 2058; x_wconf 89' lang='lat'>(280)</span> <span class='ocrx_word' id='word_1_331' title='bbox 2222 1987 2422 2055; x_wconf 75' lang='lat' dir='ltr'><strong>Clarus,</strong></span> <span class='ocrx_word' id='word_1_332' title='bbox 2464 1993 2514 2044; x_wconf 91' lang='lat' dir='ltr'><strong>et</strong></span> <span class='ocrx_word' id='word_1_333' title='bbox 2557 1989 2642 2043; x_wconf 90' lang='lat' dir='ltr'><strong>cui</strong></span> <span class='ocrx_word' id='word_1_334' title='bbox 2686 2003 2755 2044; x_wconf 78' lang='lat' dir='ltr'><strong>ea:</strong></span> <span class='ocrx_word' id='word_1_335' title='bbox 2795 1988 2989 2060; x_wconf 89' lang='lat' dir='ltr'><strong>populo</strong></span> <span class='ocrx_word' id='word_1_336' title='bbox 3040 1988 3319 2060; x_wconf 80' lang='lat' dir='ltr'><strong>placuerit,</strong></span> <span class='ocrx_word' id='word_1_337' title='bbox 3387 2003 3609 2044; x_wconf 91' lang='lat' dir='ltr'><strong>commu-</strong></span> 
     </span>
    </p>
   </div>
   <div class='ocr_carea' id='block_1_50' title="bbox 1967 2077 3610 2150">
    <p class='ocr_par' dir='ltr' id='par_1_50' title="bbox 1967 2077 3610 2150">
     <span class='ocr_line' id='line_1_50' title="bbox 1967 2077 3610 2150; baseline 0 -17"><span class='ocrx_word' id='word_1_338' title='bbox 1967 2078 2187 2134; x_wconf 74' lang='lat' dir='ltr'><strong>nicatur.</strong></span> <span class='ocrx_word' id='word_1_339' title='bbox 2252 2077 2490 2148; x_wconf 83' lang='lat' dir='ltr'><strong>Antiqua</strong></span> <span class='ocrx_word' id='word_1_340' title='bbox 2536 2077 2799 2134; x_wconf 78' lang='lat' dir='ltr'><strong>Ecclesiae</strong></span> <span class='ocrx_word' id='word_1_341' title='bbox 2846 2078 3034 2150; x_wconf 84' lang='lat' dir='ltr'><strong>regula</strong></span> <span class='ocrx_word' id='word_1_342' title='bbox 3078 2083 3135 2134; x_wconf 92' lang='lat' dir='ltr'><strong>et</strong></span> <span class='ocrx_word' id='word_1_343' title='bbox 3180 2078 3367 2148; x_wconf 83' lang='lat' dir='ltr'><strong>praxis</strong></span> <span class='ocrx_word' id='word_1_344' title='bbox 3416 2083 3501 2134; x_wconf 89' lang='lat' dir='ltr'><strong>est</strong></span> <span class='ocrx_word' id='word_1_345' title='bbox 3547 2082 3610 2133; x_wconf 89' lang='lat' dir='ltr'><strong>ut</strong></span> 
     </span>
    </p>
   </div>
   <div class='ocr_carea' id='block_1_51' title="bbox 1969 2167 3606 2238">
    <p class='ocr_par' dir='ltr' id='par_1_51' title="bbox 1969 2167 3606 2238">
     <span class='ocr_line' id='line_1_51' title="bbox 1969 2167 3606 2238; baseline 0.001 -16"><span class='ocrx_word' id='word_1_346' title='bbox 1969 2173 2095 2238; x_wconf 93' lang='lat' dir='ltr'><strong>post</strong></span> <span class='ocrx_word' id='word_1_347' title='bbox 2150 2168 2591 2223; x_wconf 89' lang='lat' dir='ltr'><strong>communionem</strong></span> <span class='ocrx_word' id='word_1_348' title='bbox 2647 2167 2783 2223; x_wconf 88' lang='lat' dir='ltr'><strong>cieri</strong></span> <span class='ocrx_word' id='word_1_349' title='bbox 2839 2167 3079 2238; x_wconf 88' lang='lat' dir='ltr'><strong>populus</strong></span> <span class='ocrx_word' id='word_1_350' title='bbox 3133 2167 3606 2234; x_wconf 75' lang='lat' dir='ltr'><strong>communicatur;</strong></span> 
     </span>
    </p>
   </div>
   <div class='ocr_carea' id='block_1_52' title="bbox 1969 2257 3610 2328">
    <p class='ocr_par' dir='ltr' id='par_1_52' title="bbox 1969 2257 3610 2328">
     <span class='ocr_line' id='line_1_52' title="bbox 1969 2257 3610 2328; baseline -0.001 -14"><span class='ocrx_word' id='word_1_351' title='bbox 1969 2272 2093 2328; x_wconf 71' lang='lat' dir='ltr'><strong>quae</strong></span> <span class='ocrx_word' id='word_1_352' title='bbox 2127 2258 2238 2327; x_wconf 88' lang='lat' dir='ltr'><strong>jam</strong></span> <span class='ocrx_word' id='word_1_353' title='bbox 2287 2257 2539 2327; x_wconf 90' lang='lat' dir='ltr'><strong>plurimis</strong></span> <span class='ocrx_word' id='word_1_354' title='bbox 2594 2257 3006 2328; x_wconf 86' lang='lat' dir='ltr'><strong>parochialibus</strong></span> <span class='ocrx_word' id='word_1_355' title='bbox 3052 2257 3304 2313; x_wconf 88' lang='lat' dir='ltr'><strong>ecclesiis</strong></span> <span class='ocrx_word' id='word_1_356' title='bbox 3349 2258 3610 2328; x_wconf 84' lang='lat' dir='ltr'><strong>abrogata</strong></span> 
     </span>
    </p>
   </div>
   <div class='ocr_carea' id='block_1_53' title="bbox 1967 2346 3604 2415">
    <p class='ocr_par' dir='ltr' id='par_1_53' title="bbox 1967 2346 3604 2415">
     <span class='ocr_line' id='line_1_53' title="bbox 1967 2346 3604 2415; baseline -0.001 -13"><span class='ocrx_word' id='word_1_357' title='bbox 1967 2352 2071 2402; x_wconf 92' lang='lat' dir='ltr'><strong>est.</strong></span> <span class='ocrx_word' id='word_1_358' title='bbox 2104 2349 2218 2414; x_wconf 83' lang='lat' dir='ltr'><strong>Qua</strong></span> <span class='ocrx_word' id='word_1_359' title='bbox 2247 2346 2469 2402; x_wconf 87' lang='lat' dir='ltr'><strong>tandem</strong></span> <span class='ocrx_word' id='word_1_360' title='bbox 2500 2347 2735 2411; x_wconf 88' lang='lat' dir='ltr'><strong>ratione,</strong></span> <span class='ocrx_word' id='word_1_361' title='bbox 2778 2346 2911 2402; x_wconf 91' lang='lat' dir='ltr'><strong>mihi</strong></span> <span class='ocrx_word' id='word_1_362' title='bbox 2959 2359 3071 2402; x_wconf 88' lang='lat' dir='ltr'><strong>non</strong></span> <span class='ocrx_word' id='word_1_363' title='bbox 3118 2350 3463 2415; x_wconf 89' lang='lat' dir='ltr'><strong>compertum</strong></span> <span class='ocrx_word' id='word_1_364' title='bbox 3501 2350 3604 2402; x_wconf 90' lang='lat' dir='ltr'><strong>est.</strong></span> 
     </span>
    </p>
   </div>
   <div class='ocr_carea' id='block_1_54' title="bbox 2042 2433 3611 2505">
    <p class='ocr_par' dir='ltr' id='par_1_54' title="bbox 2042 2433 3611 2505">
     <span class='ocr_line' id='line_1_54' title="bbox 2042 2433 3611 2505; baseline -0.001 -14"><span class='ocrx_word' id='word_1_365' title='bbox 2042 2435 2183 2505; x_wconf 89' lang='lat'>(281)</span> <span class='ocrx_word' id='word_1_366' title='bbox 2214 2438 2279 2491; x_wconf 87' lang='lat' dir='ltr'><strong>In</strong></span> <span class='ocrx_word' id='word_1_367' title='bbox 2307 2435 2590 2492; x_wconf 86' lang='lat' dir='ltr'><strong>Nocturnis</strong></span> <span class='ocrx_word' id='word_1_368' title='bbox 2626 2439 2851 2505; x_wconf 87' lang='lat' dir='ltr'><strong>quatuor</strong></span> <span class='ocrx_word' id='word_1_369' title='bbox 2895 2433 3141 2491; x_wconf 84' lang='lat' dir='ltr'><strong>lectiones</strong></span> <span class='ocrx_word' id='word_1_370' title='bbox 3168 2433 3426 2505; x_wconf 82' lang='lat' dir='ltr'><strong>legantur.</strong></span> <span class='ocrx_word' id='word_1_371' title='bbox 3476 2436 3611 2490; x_wconf 88' lang='lat' dir='ltr'><strong>Tres</strong></span> 
     </span>
    </p>
   </div>
   <div class='ocr_carea' id='block_1_55' title="bbox 1966 2523 3607 2595">
    <p class='ocr_par' dir='ltr' id='par_1_55' title="bbox 1966 2523 3607 2595">
     <span class='ocr_line' id='line_1_55' title="bbox 1966 2523 3607 2595; baseline 0 -17"><span class='ocrx_word' id='word_1_372' title='bbox 1966 2524 2312 2580; x_wconf 89' lang='lat' dir='ltr'><strong>solummodo</strong></span> <span class='ocrx_word' id='word_1_373' title='bbox 2376 2525 2433 2579; x_wconf 90' lang='lat' dir='ltr'><strong>in</strong></span> <span class='ocrx_word' id='word_1_374' title='bbox 2474 2523 2723 2579; x_wconf 79' lang='lat' dir='ltr'><strong>ecclesia</strong></span> <span class='ocrx_word' id='word_1_375' title='bbox 2783 2523 3174 2595; x_wconf 87' lang='lat' dir='ltr'><strong>Rotomagensi</strong></span> <span class='ocrx_word' id='word_1_376' title='bbox 3231 2538 3332 2593; x_wconf 90' lang='lat' dir='ltr'><strong>per</strong></span> <span class='ocrx_word' id='word_1_377' title='bbox 3386 2528 3607 2579; x_wconf 83' lang='lat' dir='ltr'><strong>octavas</strong></span> 
     </span>
    </p>
   </div>
   <div class='ocr_carea' id='block_1_56' title="bbox 1969 2612 3605 2682">
    <p class='ocr_par' dir='ltr' id='par_1_56' title="bbox 1969 2612 3605 2682">
     <span class='ocr_line' id='line_1_56' title="bbox 1969 2612 3605 2682; baseline 0.001 -17"><span class='ocrx_word' id='word_1_378' title='bbox 1969 2612 2224 2681; x_wconf 88' lang='lat' dir='ltr'><strong>leguntur</strong></span> <span class='ocrx_word' id='word_1_379' title='bbox 2254 2612 2519 2668; x_wconf 89' lang='lat' dir='ltr'><strong>lectiones</strong></span> <span class='ocrx_word' id='word_1_380' title='bbox 2544 2633 2555 2667; x_wconf 88' lang='lat'><strong>:</strong></span> <span class='ocrx_word' id='word_1_381' title='bbox 2590 2612 2928 2668; x_wconf 87' lang='lat' dir='ltr'><strong>ordinarium</strong></span> <span class='ocrx_word' id='word_1_382' title='bbox 2959 2626 3181 2682; x_wconf 89' lang='lat' dir='ltr'><strong>quoque</strong></span> <span class='ocrx_word' id='word_1_383' title='bbox 3210 2626 3312 2667; x_wconf 87' lang='lat' dir='ltr'><strong>ms.</strong></span> <span class='ocrx_word' id='word_1_384' title='bbox 3345 2616 3460 2667; x_wconf 89' lang='lat' dir='ltr'><strong>tres</strong></span> <span class='ocrx_word' id='word_1_385' title='bbox 3478 2617 3605 2667; x_wconf 87' lang='lat' dir='ltr'><strong>tan-</strong></span> 
     </span>
    </p>
   </div>
   <div class='ocr_carea' id='block_1_57' title="bbox 1970 2698 3604 2765">
    <p class='ocr_par' dir='ltr' id='par_1_57' title="bbox 1970 2698 3604 2765">
     <span class='ocr_line' id='line_1_57' title="bbox 1970 2698 3604 2765; baseline 0.001 -12"><span class='ocrx_word' id='word_1_386' title='bbox 1970 2704 2084 2754; x_wconf 91' lang='lat' dir='ltr'><strong>tum</strong></span> <span class='ocrx_word' id='word_1_387' title='bbox 2112 2706 2382 2765; x_wconf 90' lang='lat' dir='ltr'><strong>numerat,</strong></span> <span class='ocrx_word' id='word_1_388' title='bbox 2414 2701 2545 2756; x_wconf 90' lang='lat' dir='ltr'><strong>item</strong></span> <span class='ocrx_word' id='word_1_389' title='bbox 2574 2700 2842 2756; x_wconf 81' lang='lat' dir='ltr'><strong>breviaria</strong></span> <span class='ocrx_word' id='word_1_390' title='bbox 2871 2715 2960 2756; x_wconf 89' lang='lat' dir='ltr'><strong>an.</strong></span> <span class='ocrx_word' id='word_1_391' title='bbox 3016 2699 3145 2753; x_wconf 85' lang='grc'>1491</span> <span class='ocrx_word' id='word_1_392' title='bbox 3189 2706 3246 2756; x_wconf 89' lang='lat' dir='ltr'><strong>et</strong></span> <span class='ocrx_word' id='word_1_393' title='bbox 3300 2698 3455 2765; x_wconf 85' lang='lat'><strong>1578,</strong></span> <span class='ocrx_word' id='word_1_394' title='bbox 3506 2704 3604 2755; x_wconf 92' lang='lat' dir='ltr'><strong>etc.</strong></span> 
     </span>
    </p>
   </div>
   <div class='ocr_carea' id='block_1_58' title="bbox 1969 2787 3605 2858">
    <p class='ocr_par' dir='ltr' id='par_1_58' title="bbox 1969 2787 3605 2858">
     <span class='ocr_line' id='line_1_58' title="bbox 1969 2787 3605 2858; baseline -0.001 -14"><span class='ocrx_word' id='word_1_395' title='bbox 1969 2788 2147 2844; x_wconf 90' lang='lat' dir='ltr'><strong>Prima</strong></span> <span class='ocrx_word' id='word_1_396' title='bbox 2180 2789 2344 2844; x_wconf 90' lang='lat' dir='ltr'><strong>lectio</strong></span> <span class='ocrx_word' id='word_1_397' title='bbox 2374 2789 2583 2844; x_wconf 87' lang='lat' dir='ltr'><strong>dicitur</strong></span> <span class='ocrx_word' id='word_1_398' title='bbox 2611 2789 2679 2843; x_wconf 91' lang='lat' dir='ltr'><strong>de</strong></span> <span class='ocrx_word' id='word_1_399' title='bbox 2732 2788 3079 2858; x_wconf 87' lang='lat' dir='ltr'><strong>expositione</strong></span> <span class='ocrx_word' id='word_1_400' title='bbox 3127 2789 3183 2843; x_wconf 90' lang='lat' dir='ltr'><strong>in</strong></span> <span class='ocrx_word' id='word_1_401' title='bbox 3233 2787 3605 2858; x_wconf 83' lang='lat' dir='ltr'><strong>Evangelium,</strong></span> 
     </span>
    </p>
   </div>
   <div class='ocr_carea' id='block_1_59' title="bbox 1966 2876 3225 2933">
    <p class='ocr_par' dir='ltr' id='par_1_59' title="bbox 1966 2876 3225 2933">
     <span class='ocr_line' id='line_1_59' title="bbox 1966 2876 3225 2933; baseline -0.002 0"><span class='ocrx_word' id='word_1_402' title='bbox 1966 2878 2209 2933; x_wconf 87' lang='lat' dir='ltr'><strong>secunda</strong></span> <span class='ocrx_word' id='word_1_403' title='bbox 2239 2883 2294 2933; x_wconf 93' lang='lat' dir='ltr'><strong>et</strong></span> <span class='ocrx_word' id='word_1_404' title='bbox 2322 2877 2485 2933; x_wconf 89' lang='lat' dir='ltr'><strong>tertia</strong></span> <span class='ocrx_word' id='word_1_405' title='bbox 2503 2876 2572 2933; x_wconf 92' lang='lat' dir='ltr'><strong>de</strong></span> <span class='ocrx_word' id='word_1_406' title='bbox 2600 2877 2957 2933; x_wconf 90' lang='lat' dir='ltr'><strong>Sermonibus</strong></span> <span class='ocrx_word' id='word_1_407' title='bbox 2984 2879 3225 2932; x_wconf 89' lang='lat' dir='ltr'><strong>Patrum.</strong></span> 
     </span>
    </p>
   </div>
   <div class='ocr_carea' id='block_1_60' title="bbox 2036 2965 3607 3038">
    <p class='ocr_par' dir='ltr' id='par_1_60' title="bbox 2036 2965 3607 3038">
     <span class='ocr_line' id='line_1_60' title="bbox 2036 2965 3607 3038; baseline 0 -17"><span class='ocrx_word' id='word_1_408' title='bbox 2036 2966 2183 3038; x_wconf 88' lang='lat'>(282)</span> <span class='ocrx_word' id='word_1_409' title='bbox 2240 2968 2479 3023; x_wconf 87' lang='lat' dir='ltr'><strong>Omnium</strong></span> <span class='ocrx_word' id='word_1_410' title='bbox 2542 2971 2858 3022; x_wconf 88' lang='lat' dir='ltr'><strong>sanctorum.</strong></span> <span class='ocrx_word' id='word_1_411' title='bbox 2928 2968 3057 3022; x_wconf 66' lang='lat' dir='ltr'><strong>Haec</strong></span> <span class='ocrx_word' id='word_1_412' title='bbox 3109 2965 3376 3021; x_wconf 85' lang='lat' dir='ltr'><strong>festivitas</strong></span> <span class='ocrx_word' id='word_1_413' title='bbox 3412 2965 3607 3022; x_wconf 91' lang='lat' dir='ltr'><strong>eodem</strong></span> 
     </span>
    </p>
   </div>
   <div class='ocr_carea' id='block_1_61' title="bbox 259 3029 3606 3127">
    <p class='ocr_par' dir='ltr' id='par_1_61' title="bbox 259 3029 3606 3127">
     <span class='ocr_line' id='line_1_61' title="bbox 259 3029 3606 3127; baseline 0.002 -22"><span class='ocrx_word' id='word_1_414' title='bbox 259 3029 430 3109; x_wconf 37' lang='lat' dir='ltr'><strong>tem-et</strong></span> <span class='ocrx_word' id='word_1_415' title='bbox 457 3069 672 3110; x_wconf 87' lang='lat' dir='ltr'><strong>sacram</strong></span> <span class='ocrx_word' id='word_1_416' title='bbox 722 3053 1127 3111; x_wconf 89' lang='lat' dir='ltr'><strong>ordinationem</strong></span> <span class='ocrx_word' id='word_1_417' title='bbox 1180 3054 1342 3110; x_wconf 89' lang='lat' dir='ltr'><strong>missa</strong></span> <span class='ocrx_word' id='word_1_418' title='bbox 1391 3069 1541 3125; x_wconf 80' lang='lat' dir='ltr'><strong>saepe</strong></span> <span class='ocrx_word' id='word_1_419' title='bbox 1589 3029 1766 3127; x_wconf 79' lang='lat' dir='ltr'><strong>usque</strong></span> <span class='ocrx_word' id='word_1_420' title='bbox 1813 3029 2131 3113; x_wconf 35' lang='lat' dir='ltr'><strong>ad‘cmodo</strong></span> <span class='ocrx_word' id='word_1_421' title='bbox 2166 3029 2290 3125; x_wconf 79' lang='lat' dir='ltr'><strong>quo</strong></span> <span class='ocrx_word' id='word_1_422' title='bbox 2336 3055 2638 3125; x_wconf 90' lang='lat' dir='ltr'><strong>assumptio</strong></span> <span class='ocrx_word' id='word_1_423' title='bbox 2686 3056 3019 3119; x_wconf 87' lang='lat' dir='ltr'><strong>celebratur,</strong></span> <span class='ocrx_word' id='word_1_424' title='bbox 3061 3058 3293 3124; x_wconf 87' lang='lat' dir='ltr'><strong>excepto</strong></span> <span class='ocrx_word' id='word_1_425' title='bbox 3341 3068 3409 3110; x_wconf 91' lang='lat' dir='ltr'><strong>eo</strong></span> <span class='ocrx_word' id='word_1_426' title='bbox 3457 3054 3606 3125; x_wconf 92' lang='lat' dir='ltr'><strong>quod</strong></span> 
     </span>
    </p>
   </div>
   <div class='ocr_carea' id='block_1_62' title="bbox 260 3144 1882 3215">
    <p class='ocr_par' dir='ltr' id='par_1_62' title="bbox 260 3144 1882 3215">
     <span class='ocr_line' id='line_1_62' title="bbox 260 3144 1882 3215; baseline 0.004 -20"><span class='ocrx_word' id='word_1_427' title='bbox 260 3150 453 3198; x_wconf 88' lang='lat' dir='ltr'><strong>noctem</strong></span> <span class='ocrx_word' id='word_1_428' title='bbox 484 3144 789 3201; x_wconf 64' lang='lat' dir='ltr'><strong>Dominicae</strong></span> <span class='ocrx_word' id='word_1_429' title='bbox 832 3144 1298 3213; x_wconf 89' lang='lat' dir='ltr'><strong>protendebatur;</strong></span> <span class='ocrx_word' id='word_1_430' title='bbox 1331 3150 1672 3215; x_wconf 87' lang='lat' dir='ltr'><strong>quapropter</strong></span> <span class='ocrx_word' id='word_1_431' title='bbox 1699 3146 1882 3203; x_wconf 90' lang='lat' dir='ltr'><strong>ofﬁcio</strong></span> 
     </span>
    </p>
   </div>
   <div class='ocr_carea' id='block_1_63' title="bbox 254 3233 1881 3300">
    <p class='ocr_par' dir='ltr' id='par_1_63' title="bbox 254 3233 1881 3300">
     <span class='ocr_line' id='line_1_63' title="bbox 254 3233 1881 3300; baseline 0.006 -16"><span class='ocrx_word' id='word_1_432' title='bbox 254 3233 492 3289; x_wconf 83' lang='lat' dir='ltr'><strong>vacabant</strong></span> <span class='ocrx_word' id='word_1_433' title='bbox 541 3234 637 3289; x_wconf 92' lang='lat' dir='ltr'><strong>isti</strong></span> <span class='ocrx_word' id='word_1_434' title='bbox 676 3233 815 3300; x_wconf 91' lang='lat' dir='ltr'><strong>dies,</strong></span> <span class='ocrx_word' id='word_1_435' title='bbox 867 3241 923 3290; x_wconf 92' lang='lat' dir='ltr'><strong>et</strong></span> <span class='ocrx_word' id='word_1_436' title='bbox 970 3233 1211 3290; x_wconf 86' lang='lat' dir='ltr'><strong>ofﬁcium</strong></span> <span class='ocrx_word' id='word_1_437' title='bbox 1264 3235 1561 3291; x_wconf 69' lang='lat' dir='ltr'><strong>Dominicae</strong></span> <span class='ocrx_word' id='word_1_438' title='bbox 1610 3236 1666 3291; x_wconf 91' lang='lat' dir='ltr'><strong>in</strong></span> <span class='ocrx_word' id='word_1_439' title='bbox 1716 3236 1881 3293; x_wconf 88' lang='lat' dir='ltr'><strong>missa</strong></span> 
     </span>
    </p>
   </div>
   <div class='ocr_carea' id='block_1_64' title="bbox 254 3318 1881 3397">
    <p class='ocr_par' dir='ltr' id='par_1_64' title="bbox 254 3318 1881 3397">
     <span class='ocr_line' id='line_1_64' title="bbox 254 3318 1881 3397; baseline 0.007 -25"><span class='ocrx_word' id='word_1_440' title='bbox 254 3318 648 3391; x_wconf 86' lang='lat' dir='ltr'><strong>desumebatur,</strong></span> <span class='ocrx_word' id='word_1_441' title='bbox 679 3329 741 3379; x_wconf 92' lang='lat' dir='ltr'><strong>ut</strong></span> <span class='ocrx_word' id='word_1_442' title='bbox 770 3327 964 3379; x_wconf 88' lang='lat' dir='ltr'><strong>notant</strong></span> <span class='ocrx_word' id='word_1_443' title='bbox 992 3323 1302 3380; x_wconf 88' lang='lat' dir='ltr'><strong>divinorum</strong></span> <span class='ocrx_word' id='word_1_444' title='bbox 1349 3322 1657 3381; x_wconf 88' lang='lat' dir='ltr'><strong>ofﬁciorum</strong></span> <span class='ocrx_word' id='word_1_445' title='bbox 1704 3339 1881 3397; x_wconf 86' lang='lat' dir='ltr'><strong>expo-</strong></span> 
     </span>
    </p>
   </div>
   <div class='ocr_carea' id='block_1_65' title="bbox 250 3408 445 3467">
    <p class='ocr_par' dir='ltr' id='par_1_65' title="bbox 250 3408 445 3467">
     <span class='ocr_line' id='line_1_65' title="bbox 250 3408 445 3467; baseline 0.031 -6"><span class='ocrx_word' id='word_1_446' title='bbox 250 3408 445 3467; x_wconf 90' lang='lat' dir='ltr'><strong>sitores.</strong></span> 
     </span>
    </p>
   </div>
   <div class='ocr_carea' id='block_1_66' title="bbox 308 3500 1881 3574">
    <p class='ocr_par' dir='ltr' id='par_1_66' title="bbox 308 3500 1881 3574">
     <span class='ocr_line' id='line_1_66' title="bbox 308 3500 1881 3574; baseline 0.005 -21"><span class='ocrx_word' id='word_1_447' title='bbox 308 3500 441 3569; x_wconf 86' lang='lat'>(273)</span> <span class='ocrx_word' id='word_1_448' title='bbox 476 3506 541 3559; x_wconf 86' lang='lat' dir='ltr'><strong>In</strong></span> <span class='ocrx_word' id='word_1_449' title='bbox 576 3503 738 3559; x_wconf 89' lang='lat' dir='ltr'><strong>missa</strong></span> <span class='ocrx_word' id='word_1_450' title='bbox 775 3502 1110 3574; x_wconf 80' lang='lat' dir='ltr'><strong>vespertinali</strong></span> <span class='ocrx_word' id='word_1_451' title='bbox 1157 3503 1364 3574; x_wconf 86' lang='lat' dir='ltr'><strong>quidem</strong></span> <span class='ocrx_word' id='word_1_452' title='bbox 1409 3504 1562 3559; x_wconf 89' lang='lat' dir='ltr'><strong>hora.</strong></span> <span class='ocrx_word' id='word_1_453' title='bbox 1612 3504 1881 3561; x_wconf 85' lang='lat' dir='ltr'><strong>Videlicet</strong></span> 
     </span>
    </p>
   </div>
   <div class='ocr_carea' id='block_1_67' title="bbox 251 3587 1732 3662">
    <p class='ocr_par' dir='ltr' id='par_1_67' title="bbox 251 3587 1732 3662">
     <span class='ocr_line' id='line_1_67' title="bbox 251 3587 1732 3662; baseline 0.006 -22"><span class='ocrx_word' id='word_1_454' title='bbox 251 3587 380 3643; x_wconf 85' lang='lat' dir='ltr'><strong>circa</strong></span> <span class='ocrx_word' id='word_1_455' title='bbox 409 3594 661 3661; x_wconf 87' lang='lat' dir='ltr'><strong>quintam</strong></span> <span class='ocrx_word' id='word_1_456' title='bbox 690 3598 783 3649; x_wconf 91' lang='lat' dir='ltr'><strong>aut</strong></span> <span class='ocrx_word' id='word_1_457' title='bbox 810 3598 1020 3649; x_wconf 88' lang='lat' dir='ltr'><strong>sextam</strong></span> <span class='ocrx_word' id='word_1_458' title='bbox 1050 3593 1241 3649; x_wconf 89' lang='lat' dir='ltr'><strong>horam</strong></span> <span class='ocrx_word' id='word_1_459' title='bbox 1274 3596 1399 3662; x_wconf 92' lang='lat' dir='ltr'><strong>post</strong></span> <span class='ocrx_word' id='word_1_460' title='bbox 1426 3593 1732 3649; x_wconf 89' lang='lat' dir='ltr'><strong>meridiem.</strong></span> 
     </span>
    </p>
   </div>
   <div class='ocr_carea' id='block_1_68' title="bbox 318 3678 1876 3753">
    <p class='ocr_par' dir='ltr' id='par_1_68' title="bbox 318 3678 1876 3753">
     <span class='ocr_line' id='line_1_68' title="bbox 318 3678 1876 3753; baseline 0.005 -22"><span class='ocrx_word' id='word_1_461' title='bbox 318 3678 461 3746; x_wconf 85' lang='lat'>(274)</span> <span class='ocrx_word' id='word_1_462' title='bbox 504 3686 640 3738; x_wconf 83' lang='lat' dir='ltr'><strong>Ante</strong></span> <span class='ocrx_word' id='word_1_463' title='bbox 667 3698 857 3738; x_wconf 89' lang='lat' dir='ltr'><strong>nonam</strong></span> <span class='ocrx_word' id='word_1_464' title='bbox 885 3684 1004 3751; x_wconf 79' lang='lat' dir='ltr'><strong>ﬁeri</strong></span> <span class='ocrx_word' id='word_1_465' title='bbox 1031 3697 1190 3737; x_wconf 88' lang='lat' dir='ltr'><strong>sacra</strong></span> <span class='ocrx_word' id='word_1_466' title='bbox 1221 3682 1532 3737; x_wconf 87' lang='lat' dir='ltr'><strong>auctoritate</strong></span> <span class='ocrx_word' id='word_1_467' title='bbox 1554 3681 1876 3753; x_wconf 80' lang='lat' dir='ltr'><strong>prohibetur.</strong></span> 
     </span>
    </p>
   </div>
   <div class='ocr_carea' id='block_1_69' title="bbox 252 3764 1878 3829">
    <p class='ocr_par' dir='ltr' id='par_1_69' title="bbox 252 3764 1878 3829">
     <span class='ocr_line' id='line_1_69' title="bbox 252 3764 1878 3829; baseline 0.007 -11"><span class='ocrx_word' id='word_1_468' title='bbox 252 3764 302 3819; x_wconf 91' lang='lat' dir='ltr'><strong>1n</strong></span> <span class='ocrx_word' id='word_1_469' title='bbox 329 3767 609 3827; x_wconf 89' lang='lat' dir='ltr'><strong>hodiernis</strong></span> <span class='ocrx_word' id='word_1_470' title='bbox 639 3771 1083 3828; x_wconf 89' lang='lat' dir='ltr'><strong>ordinationibus</strong></span> <span class='ocrx_word' id='word_1_471' title='bbox 1121 3784 1231 3827; x_wconf 91' lang='lat' dir='ltr'><strong>non</strong></span> <span class='ocrx_word' id='word_1_472' title='bbox 1280 3770 1340 3827; x_wconf 92' lang='lat' dir='ltr'><strong>ﬁt</strong></span> <span class='ocrx_word' id='word_1_473' title='bbox 1368 3770 1623 3827; x_wconf 90' lang='lat' dir='ltr'><strong>ordinum</strong></span> <span class='ocrx_word' id='word_1_474' title='bbox 1654 3771 1878 3829; x_wconf 88' lang='lat' dir='ltr'><strong>collatio</strong></span> 
     </span>
    </p>
   </div>
   <div class='ocr_carea' id='block_1_70' title="bbox 254 3860 1879 3931">
    <p class='ocr_par' dir='ltr' id='par_1_70' title="bbox 254 3860 1879 3931">
     <span class='ocr_line' id='line_1_70' title="bbox 254 3860 1879 3931; baseline 0.006 -23"><span class='ocrx_word' id='word_1_475' title='bbox 254 3861 521 3928; x_wconf 84' lang='lat' dir='ltr'><strong>antequam</strong></span> <span class='ocrx_word' id='word_1_476' title='bbox 551 3864 711 3918; x_wconf 90' lang='lat' dir='ltr'><strong>Nona</strong></span> <span class='ocrx_word' id='word_1_477' title='bbox 748 3861 983 3929; x_wconf 88' lang='lat' dir='ltr'><strong>dicatur,</strong></span> <span class='ocrx_word' id='word_1_478' title='bbox 1033 3860 1131 3917; x_wconf 89' lang='lat' dir='ltr'><strong>sed</strong></span> <span class='ocrx_word' id='word_1_479' title='bbox 1179 3875 1277 3917; x_wconf 89' lang='lat' dir='ltr'><strong>sex</strong></span> <span class='ocrx_word' id='word_1_480' title='bbox 1324 3866 1418 3916; x_wconf 89' lang='lat' dir='ltr'><strong>aut</strong></span> <span class='ocrx_word' id='word_1_481' title='bbox 1463 3864 1674 3931; x_wconf 90' lang='lat' dir='ltr'><strong>septem</strong></span> <span class='ocrx_word' id='word_1_482' title='bbox 1726 3860 1879 3917; x_wconf 92' lang='lat' dir='ltr'><strong>horis</strong></span> 
     </span>
    </p>
   </div>
   <div class='ocr_carea' id='block_1_71' title="bbox 258 3943 1878 4021">
    <p class='ocr_par' dir='ltr' id='par_1_71' title="bbox 258 3943 1878 4021">
     <span class='ocr_line' id='line_1_71' title="bbox 258 3943 1878 4021; baseline 0.006 -25"><span class='ocrx_word' id='word_1_483' title='bbox 258 3943 404 4002; x_wconf 64' lang='lat' dir='ltr'><strong>Nona</strong></span> <span class='ocrx_word' id='word_1_484' title='bbox 433 3948 676 4008; x_wconf 86' lang='lat' dir='ltr'><strong>ofﬁcium</strong></span> <span class='ocrx_word' id='word_1_485' title='bbox 704 3952 1054 4021; x_wconf 90' lang='lat' dir='ltr'><strong>anticipatur.</strong></span> <span class='ocrx_word' id='word_1_486' title='bbox 1098 3950 1543 4007; x_wconf 83' lang='lat' dir='ltr'><strong>Admonitionem</strong></span> <span class='ocrx_word' id='word_1_487' title='bbox 1568 3950 1623 4006; x_wconf 90' lang='lat' dir='ltr'><strong>in</strong></span> <span class='ocrx_word' id='word_1_488' title='bbox 1656 3950 1878 4007; x_wconf 90' lang='lat' dir='ltr'><strong>ordina-</strong></span> 
     </span>
    </p>
   </div>
   <div class='ocr_carea' id='block_1_72' title="bbox 258 4030 1872 4110">
    <p class='ocr_par' dir='ltr' id='par_1_72' title="bbox 258 4030 1872 4110">
     <span class='ocr_line' id='line_1_72' title="bbox 258 4030 1872 4110; baseline 0.005 -20"><span class='ocrx_word' id='word_1_489' title='bbox 258 4030 476 4096; x_wconf 85' lang='lat' dir='ltr'><strong>tionibus</strong></span> <span class='ocrx_word' id='word_1_490' title='bbox 504 4041 841 4098; x_wconf 90' lang='lat' dir='ltr'><strong>clericorum</strong></span> <span class='ocrx_word' id='word_1_491' title='bbox 866 4040 986 4096; x_wconf 92' lang='lat' dir='ltr'><strong>ﬁeri</strong></span> <span class='ocrx_word' id='word_1_492' title='bbox 1016 4039 1235 4096; x_wconf 88' lang='lat' dir='ltr'><strong>solitam</strong></span> <span class='ocrx_word' id='word_1_493' title='bbox 1272 4043 1403 4110; x_wconf 90' lang='lat' dir='ltr'><strong>post</strong></span> <span class='ocrx_word' id='word_1_494' title='bbox 1450 4044 1611 4097; x_wconf 89' lang='lat' dir='ltr'><strong>notas</strong></span> <span class='ocrx_word' id='word_1_495' title='bbox 1656 4055 1724 4096; x_wconf 89' lang='lat' dir='ltr'><strong>ex</strong></span> <span class='ocrx_word' id='word_1_496' title='bbox 1771 4054 1872 4098; x_wconf 90' lang='lat' dir='ltr'><strong>ms.</strong></span> 
     </span>
    </p>
   </div>
   <div class='ocr_carea' id='block_1_73' title="bbox 256 4126 802 4187">
    <p class='ocr_par' dir='ltr' id='par_1_73' title="bbox 256 4126 802 4187">
     <span class='ocr_line' id='line_1_73' title="bbox 256 4126 802 4187; baseline 0.013 -9"><span class='ocrx_word' id='word_1_497' title='bbox 256 4126 424 4183; x_wconf 81' lang='lat' dir='ltr'><strong>codice</strong></span> <span class='ocrx_word' id='word_1_498' title='bbox 453 4131 802 4187; x_wconf 87' lang='lat' dir='ltr'><strong>exhibemus.</strong></span> 
     </span>
    </p>
   </div>
   <div class='ocr_carea' id='block_1_74' title="bbox 323 4215 1875 4290">
    <p class='ocr_par' dir='ltr' id='par_1_74' title="bbox 323 4215 1875 4290">
     <span class='ocr_line' id='line_1_74' title="bbox 323 4215 1875 4290; baseline 0.004 -19"><span class='ocrx_word' id='word_1_499' title='bbox 323 4215 461 4285; x_wconf 76' lang='grc'>(275)</span> <span class='ocrx_word' id='word_1_500' title='bbox 496 4223 564 4275; x_wconf 87' lang='lat' dir='ltr'><strong>In</strong></span> <span class='ocrx_word' id='word_1_501' title='bbox 595 4219 684 4275; x_wconf 87' lang='lat' dir='ltr'><strong>die</strong></span> <span class='ocrx_word' id='word_1_502' title='bbox 721 4233 841 4274; x_wconf 82' lang='lat' dir='ltr'><strong>vero</strong></span> <span class='ocrx_word' id='word_1_503' title='bbox 891 4219 1163 4274; x_wconf 86' lang='lat' dir='ltr'><strong>Dominica</strong></span> <span class='ocrx_word' id='word_1_504' title='bbox 1209 4219 1567 4290; x_wconf 85' lang='lat' dir='ltr'><strong>episcoporum</strong></span> <span class='ocrx_word' id='word_1_505' title='bbox 1613 4219 1875 4277; x_wconf 87' lang='lat' dir='ltr'><strong>ordinatio</strong></span> 
     </span>
    </p>
   </div>
   <div class='ocr_carea' id='block_1_75' title="bbox 257 4301 1878 4379">
    <p class='ocr_par' dir='ltr' id='par_1_75' title="bbox 257 4301 1878 4379">
     <span class='ocr_line' id='line_1_75' title="bbox 257 4301 1878 4379; baseline 0.006 -25"><span class='ocrx_word' id='word_1_506' title='bbox 257 4301 533 4366; x_wconf 79' lang='lat' dir='ltr'><strong>celebretur.</strong></span> <span class='ocrx_word' id='word_1_507' title='bbox 566 4309 747 4379; x_wconf 83' lang='lat' dir='ltr'><strong>Hujus</strong></span> <span class='ocrx_word' id='word_1_508' title='bbox 775 4308 1142 4364; x_wconf 89' lang='lat' dir='ltr'><strong>ordinationis</strong></span> <span class='ocrx_word' id='word_1_509' title='bbox 1170 4308 1333 4364; x_wconf 86' lang='lat' dir='ltr'><strong>ritum</strong></span> <span class='ocrx_word' id='word_1_510' title='bbox 1380 4314 1507 4378; x_wconf 92' lang='lat' dir='ltr'><strong>post</strong></span> <span class='ocrx_word' id='word_1_511' title='bbox 1542 4308 1878 4365; x_wconf 79' lang='lat' dir='ltr'><strong>observatio-</strong></span> 
     </span>
    </p>
   </div>
   <div class='ocr_carea' id='block_1_76' title="bbox 258 4396 1877 4455">
    <p class='ocr_par' dir='ltr' id='par_1_76' title="bbox 258 4396 1877 4455">
     <span class='ocr_line' id='line_1_76' title="bbox 258 4396 1877 4455; baseline 0.006 -9"><span class='ocrx_word' id='word_1_512' title='bbox 258 4403 340 4449; x_wconf 88' lang='lat' dir='ltr'><strong>nes</strong></span> <span class='ocrx_word' id='word_1_513' title='bbox 362 4410 389 4451; x_wconf 89' lang='lat' dir='ltr'><strong>e</strong></span> <span class='ocrx_word' id='word_1_514' title='bbox 425 4413 525 4455; x_wconf 89' lang='lat' dir='ltr'><strong>ms.</strong></span> <span class='ocrx_word' id='word_1_515' title='bbox 571 4398 770 4455; x_wconf 90' lang='lat' dir='ltr'><strong>codice</strong></span> <span class='ocrx_word' id='word_1_516' title='bbox 818 4397 1151 4455; x_wconf 88' lang='lat' dir='ltr'><strong>cathedralis</strong></span> <span class='ocrx_word' id='word_1_517' title='bbox 1196 4396 1448 4454; x_wconf 67' lang='lat' dir='ltr'><strong>ecclesia:</strong></span> <span class='ocrx_word' id='word_1_518' title='bbox 1473 4397 1582 4452; x_wconf 92' lang='lat'><strong>700</strong></span> <span class='ocrx_word' id='word_1_519' title='bbox 1609 4411 1877 4455; x_wconf 89' lang='lat' dir='ltr'><strong>annorum</strong></span> 
     </span>
    </p>
   </div>
   <div class='ocr_carea' id='block_1_77' title="bbox 258 4484 492 4543">
    <p class='ocr_par' dir='ltr' id='par_1_77' title="bbox 258 4484 492 4543">
     <span class='ocr_line' id='line_1_77' title="bbox 258 4484 492 4543; baseline 0.038 -8"><span class='ocrx_word' id='word_1_520' title='bbox 258 4484 492 4543; x_wconf 88' lang='lat' dir='ltr'><strong>eruimus.</strong></span> 
     </span>
    </p>
   </div>
   <div class='ocr_carea' id='block_1_78' title="bbox 318 4572 1876 4649">
    <p class='ocr_par' dir='ltr' id='par_1_78' title="bbox 318 4572 1876 4649">
     <span class='ocr_line' id='line_1_78' title="bbox 318 4572 1876 4649; baseline 0.003 -22"><span class='ocrx_word' id='word_1_521' title='bbox 318 4572 445 4647; x_wconf 87' lang='lat'>(276)</span> <span class='ocrx_word' id='word_1_522' title='bbox 476 4580 541 4634; x_wconf 89' lang='lat' dir='ltr'><strong>In</strong></span> <span class='ocrx_word' id='word_1_523' title='bbox 596 4576 836 4649; x_wconf 83' lang='lat' dir='ltr'><strong>Vcsperis</strong></span> <span class='ocrx_word' id='word_1_524' title='bbox 875 4576 1009 4632; x_wconf 82' lang='lat' dir='ltr'><strong>bime</strong></span> <span class='ocrx_word' id='word_1_525' title='bbox 1037 4580 1086 4632; x_wconf 91' lang='lat' dir='ltr'><strong>et</strong></span> <span class='ocrx_word' id='word_1_526' title='bbox 1115 4576 1249 4632; x_wconf 81' lang='lat' dir='ltr'><strong>bime</strong></span> <span class='ocrx_word' id='word_1_527' title='bbox 1272 4575 1545 4649; x_wconf 85' lang='lat' dir='ltr'><strong>pulsentur</strong></span> <span class='ocrx_word' id='word_1_528' title='bbox 1589 4591 1876 4648; x_wconf 68' lang='lat' dir='ltr'><strong>campanae.</strong></span> 
     </span>
    </p>
   </div>
   <div class='ocr_carea' id='block_1_79' title="bbox 260 4660 1882 4738">
    <p class='ocr_par' dir='ltr' id='par_1_79' title="bbox 260 4660 1882 4738">
     <span class='ocr_line' id='line_1_79' title="bbox 260 4660 1882 4738; baseline 0.004 -23"><span class='ocrx_word' id='word_1_529' title='bbox 260 4660 353 4718; x_wconf 82' lang='lat' dir='ltr'><strong>Hac</strong></span> <span class='ocrx_word' id='word_1_530' title='bbox 380 4664 465 4721; x_wconf 91' lang='lat' dir='ltr'><strong>die</strong></span> <span class='ocrx_word' id='word_1_531' title='bbox 495 4667 564 4723; x_wconf 91' lang='lat' dir='ltr'><strong>ad</strong></span> <span class='ocrx_word' id='word_1_532' title='bbox 594 4669 868 4738; x_wconf 79' lang='lat' dir='ltr'><strong>Vesperas</strong></span> <span class='ocrx_word' id='word_1_533' title='bbox 897 4680 1087 4723; x_wconf 92' lang='lat' dir='ltr'><strong>omnes</strong></span> <span class='ocrx_word' id='word_1_534' title='bbox 1115 4667 1259 4723; x_wconf 91' lang='lat' dir='ltr'><strong>sicut</strong></span> <span class='ocrx_word' id='word_1_535' title='bbox 1295 4666 1351 4722; x_wconf 89' lang='lat' dir='ltr'><strong>in</strong></span> <span class='ocrx_word' id='word_1_536' title='bbox 1402 4666 1683 4722; x_wconf 86' lang='lat' dir='ltr'><strong>Matutinis</strong></span> <span class='ocrx_word' id='word_1_537' title='bbox 1727 4680 1882 4722; x_wconf 88' lang='lat' dir='ltr'><strong>cam-</strong></span> 
     </span>
    </p>
   </div>
   <div class='ocr_carea' id='block_1_80' title="bbox 261 4756 734 4826">
    <p class='ocr_par' dir='ltr' id='par_1_80' title="bbox 261 4756 734 4826">
     <span class='ocr_line' id='line_1_80' title="bbox 261 4756 734 4826; baseline 0.008 -19"><span class='ocrx_word' id='word_1_538' title='bbox 261 4763 393 4818; x_wconf 71' lang='lat' dir='ltr'><strong>panae</strong></span> <span class='ocrx_word' id='word_1_539' title='bbox 421 4756 734 4826; x_wconf 90' lang='lat' dir='ltr'><strong>pulsantur.</strong></span> 
     </span>
    </p>
   </div>
   <div class='ocr_carea' id='block_1_81' title="bbox 325 4841 1876 4918">
    <p class='ocr_par' dir='ltr' id='par_1_81' title="bbox 325 4841 1876 4918">
     <span class='ocr_line' id='line_1_81' title="bbox 325 4841 1876 4918; baseline -0.001 -16"><span class='ocrx_word' id='word_1_540' title='bbox 325 4841 471 4916; x_wconf 73' lang='grc'>(277)</span> <span class='ocrx_word' id='word_1_541' title='bbox 494 4846 903 4918; x_wconf 84' lang='lat' dir='ltr'><strong>Responsorium</strong></span> <span class='ocrx_word' id='word_1_542' title='bbox 931 4845 1032 4901; x_wconf 88' lang='lat' dir='ltr'><strong>duo</strong></span> <span class='ocrx_word' id='word_1_543' title='bbox 1054 4845 1265 4917; x_wconf 87' lang='lat' dir='ltr'><strong>cappati</strong></span> <span class='ocrx_word' id='word_1_544' title='bbox 1301 4849 1514 4901; x_wconf 89' lang='lat' dir='ltr'><strong>canant.</strong></span> <span class='ocrx_word' id='word_1_545' title='bbox 1554 4846 1876 4916; x_wconf 83' lang='lat' dir='ltr'><strong>Responso-</strong></span> 
     </span>
    </p>
   </div>
   <div class='ocr_carea' id='block_1_82' title="bbox 262 4926 1879 5006">
    <p class='ocr_par' dir='ltr' id='par_1_82' title="bbox 262 4926 1879 5006">
     <span class='ocr_line' id='line_1_82' title="bbox 262 4926 1879 5006; baseline 0.005 -25"><span class='ocrx_word' id='word_1_546' title='bbox 262 4926 380 4986; x_wconf 88' lang='lat' dir='ltr'><strong>rium</strong></span> <span class='ocrx_word' id='word_1_547' title='bbox 428 4948 458 4989; x_wconf 90' lang='lat' dir='ltr'><strong>a</strong></span> <span class='ocrx_word' id='word_1_548' title='bbox 514 4938 759 5006; x_wconf 88' lang='lat' dir='ltr'><strong>quatuor</strong></span> <span class='ocrx_word' id='word_1_549' title='bbox 814 4934 870 4990; x_wconf 93' lang='lat' dir='ltr'><strong>in</strong></span> <span class='ocrx_word' id='word_1_550' title='bbox 928 4935 1138 5006; x_wconf 90' lang='lat' dir='ltr'><strong>cappis,</strong></span> <span class='ocrx_word' id='word_1_551' title='bbox 1197 4934 1341 4992; x_wconf 90' lang='lat' dir='ltr'><strong>sicut</strong></span> <span class='ocrx_word' id='word_1_552' title='bbox 1394 4934 1767 4991; x_wconf 90' lang='lat' dir='ltr'><strong>invitatorium</strong></span> <span class='ocrx_word' id='word_1_553' title='bbox 1824 4939 1879 4990; x_wconf 90' lang='lat' dir='ltr'><strong>et</strong></span> 
     </span>
    </p>
   </div>
   <div class='ocr_carea' id='block_1_83' title="bbox 262 5024 1878 5095">
    <p class='ocr_par' dir='ltr' id='par_1_83' title="bbox 262 5024 1878 5095">
     <span class='ocr_line' id='line_1_83' title="bbox 262 5024 1878 5095; baseline 0.006 -25"><span class='ocrx_word' id='word_1_554' title='bbox 262 5029 443 5078; x_wconf 89' lang='lat' dir='ltr'><strong>nonum</strong></span> <span class='ocrx_word' id='word_1_555' title='bbox 502 5025 920 5095; x_wconf 86' lang='lat' dir='ltr'><strong>responsorium</strong></span> <span class='ocrx_word' id='word_1_556' title='bbox 976 5024 1033 5079; x_wconf 92' lang='lat' dir='ltr'><strong>in</strong></span> <span class='ocrx_word' id='word_1_557' title='bbox 1090 5025 1403 5091; x_wconf 84' lang='lat' dir='ltr'><strong>Matutinis,</strong></span> <span class='ocrx_word' id='word_1_558' title='bbox 1463 5025 1715 5091; x_wconf 87' lang='lat' dir='ltr'><strong>canitur;</strong></span> <span class='ocrx_word' id='word_1_559' title='bbox 1777 5038 1878 5080; x_wconf 91' lang='lat' dir='ltr'><strong>nec</strong></span> 
     </span>
    </p>
   </div>
   <div class='ocr_carea' id='block_1_84' title="bbox 261 5112 1876 5185">
    <p class='ocr_par' dir='ltr' id='par_1_84' title="bbox 261 5112 1876 5185">
     <span class='ocr_line' id='line_1_84' title="bbox 261 5112 1876 5185; baseline 0.005 -25"><span class='ocrx_word' id='word_1_560' title='bbox 261 5114 430 5167; x_wconf 82' lang='lat' dir='ltr'><strong>cantor</strong></span> <span class='ocrx_word' id='word_1_561' title='bbox 454 5112 512 5168; x_wconf 90' lang='lat' dir='ltr'><strong>in</strong></span> <span class='ocrx_word' id='word_1_562' title='bbox 546 5114 823 5183; x_wconf 83' lang='lat' dir='ltr'><strong>Vesperis,</strong></span> <span class='ocrx_word' id='word_1_563' title='bbox 855 5112 952 5169; x_wconf 91' lang='lat' dir='ltr'><strong>sed</strong></span> <span class='ocrx_word' id='word_1_564' title='bbox 983 5114 1123 5169; x_wconf 87' lang='lat' dir='ltr'><strong>duos</strong></span> <span class='ocrx_word' id='word_1_565' title='bbox 1170 5118 1426 5170; x_wconf 88' lang='lat' dir='ltr'><strong>cantores</strong></span> <span class='ocrx_word' id='word_1_566' title='bbox 1469 5114 1526 5170; x_wconf 90' lang='lat' dir='ltr'><strong>in</strong></span> <span class='ocrx_word' id='word_1_567' title='bbox 1573 5113 1763 5185; x_wconf 87' lang='lat' dir='ltr'><strong>cappis</strong></span> <span class='ocrx_word' id='word_1_568' title='bbox 1808 5113 1876 5168; x_wconf 89' lang='lat' dir='ltr'><strong>ad</strong></span> 
     </span>
    </p>
   </div>
   <div class='ocr_carea' id='block_1_85' title="bbox 264 5198 1876 5275">
    <p class='ocr_par' dir='ltr' id='par_1_85' title="bbox 264 5198 1876 5275">
     <span class='ocr_line' id='line_1_85' title="bbox 264 5198 1876 5275; baseline -0.001 -14"><span class='ocrx_word' id='word_1_569' title='bbox 264 5198 478 5261; x_wconf 68' lang='lat' dir='ltr'><strong>Psalmos</strong></span> <span class='ocrx_word' id='word_1_570' title='bbox 508 5210 713 5275; x_wconf 84' lang='lat' dir='ltr'><strong>regunt</strong></span> <span class='ocrx_word' id='word_1_571' title='bbox 739 5204 989 5259; x_wconf 90' lang='lat' dir='ltr'><strong>chorum.</strong></span> <span class='ocrx_word' id='word_1_572' title='bbox 1022 5206 1082 5258; x_wconf 90' lang='lat' dir='ltr'><strong>1n</strong></span> <span class='ocrx_word' id='word_1_573' title='bbox 1108 5204 1385 5259; x_wconf 81' lang='lat' dir='ltr'><strong>Matutinis</strong></span> <span class='ocrx_word' id='word_1_574' title='bbox 1413 5205 1635 5260; x_wconf 90' lang='lat' dir='ltr'><strong>tertium</strong></span> <span class='ocrx_word' id='word_1_575' title='bbox 1666 5209 1721 5259; x_wconf 93' lang='lat' dir='ltr'><strong>et</strong></span> <span class='ocrx_word' id='word_1_576' title='bbox 1748 5218 1876 5259; x_wconf 88' lang='lat' dir='ltr'><strong>sex-</strong></span> 
     </span>
    </p>
   </div>
   <div class='ocr_carea' id='block_1_86' title="bbox 263 5288 1528 5362">
    <p class='ocr_par' dir='ltr' id='par_1_86' title="bbox 263 5288 1528 5362">
     <span class='ocr_line' id='line_1_86' title="bbox 263 5288 1528 5362; baseline 0.004 -21"><span class='ocrx_word' id='word_1_577' title='bbox 263 5288 354 5341; x_wconf 76' lang='lat' dir='ltr'><strong>tum</strong></span> <span class='ocrx_word' id='word_1_578' title='bbox 382 5304 635 5361; x_wconf 87' lang='lat' dir='ltr'><strong>respons.</strong></span> <span class='ocrx_word' id='word_1_579' title='bbox 668 5307 698 5348; x_wconf 90' lang='lat' dir='ltr'><strong>a</strong></span> <span class='ocrx_word' id='word_1_580' title='bbox 730 5293 906 5349; x_wconf 91' lang='lat' dir='ltr'><strong>tribus</strong></span> <span class='ocrx_word' id='word_1_581' title='bbox 935 5293 988 5348; x_wconf 90' lang='lat' dir='ltr'><strong>in</strong></span> <span class='ocrx_word' id='word_1_582' title='bbox 1020 5292 1211 5362; x_wconf 86' lang='lat' dir='ltr'><strong>cappis</strong></span> <span class='ocrx_word' id='word_1_583' title='bbox 1240 5299 1528 5348; x_wconf 89' lang='lat' dir='ltr'><strong>canuntur.</strong></span> 
     </span>
    </p>
   </div>
   <div class='ocr_carea' id='block_1_87' title="bbox 322 5376 1877 5455">
    <p class='ocr_par' dir='ltr' id='par_1_87' title="bbox 322 5376 1877 5455">
     <span class='ocr_line' id='line_1_87' title="bbox 322 5376 1877 5455; baseline -0.006 -10"><span class='ocrx_word' id='word_1_584' title='bbox 322 5376 447 5449; x_wconf 61' lang='lat' dir='ltr'><strong>i278)</strong></span> <span class='ocrx_word' id='word_1_585' title='bbox 481 5383 754 5438; x_wconf 88' lang='lat' dir='ltr'><strong>Diaconus</strong></span> <span class='ocrx_word' id='word_1_586' title='bbox 782 5398 949 5455; x_wconf 87' lang='lat' dir='ltr'><strong>cappa</strong></span> <span class='ocrx_word' id='word_1_587' title='bbox 982 5382 1191 5437; x_wconf 85' lang='lat' dir='ltr'><strong>indutus</strong></span> <span class='ocrx_word' id='word_1_588' title='bbox 1221 5396 1335 5436; x_wconf 91' lang='lat' dir='ltr'><strong>cum</strong></span> <span class='ocrx_word' id='word_1_589' title='bbox 1378 5382 1706 5452; x_wconf 88' lang='lat' dir='ltr'><strong>processione</strong></span> <span class='ocrx_word' id='word_1_590' title='bbox 1746 5396 1877 5454; x_wconf 89' lang='lat' dir='ltr'><strong>per-</strong></span> 
     </span>
    </p>
   </div>
   <div class='ocr_carea' id='block_1_88' title="bbox 260 5462 1880 5541">
    <p class='ocr_par' dir='ltr' id='par_1_88' title="bbox 260 5462 1880 5541">
     <span class='ocr_line' id='line_1_88' title="bbox 260 5462 1880 5541; baseline 0.001 -15"><span class='ocrx_word' id='word_1_591' title='bbox 260 5467 334 5526; x_wconf 71' lang='grc' dir='ltr'><strong>ραι</strong></span> <span class='ocrx_word' id='word_1_592' title='bbox 377 5468 445 5523; x_wconf 85' lang='lat' dir='ltr'><strong>ad</strong></span> <span class='ocrx_word' id='word_1_593' title='bbox 486 5473 929 5541; x_wconf 86' lang='lat' dir='ltr'><strong>pronuntiandum</strong></span> <span class='ocrx_word' id='word_1_594' title='bbox 979 5462 1105 5534; x_wconf 89' lang='lat' dir='ltr'><strong>I53</strong></span> <span class='ocrx_word' id='word_1_595' title='bbox 1154 5468 1515 5540; x_wconf 81' lang='lat' dir='ltr'><strong>Evangelium.</strong></span> <span class='ocrx_word' id='word_1_596' title='bbox 1563 5472 1694 5527; x_wconf 87' lang='lat' dir='ltr'><strong>Cum</strong></span> <span class='ocrx_word' id='word_1_597' title='bbox 1742 5485 1880 5541; x_wconf 91' lang='lat' dir='ltr'><strong>pro-</strong></span> 
     </span>
    </p>
   </div>
   <div class='ocr_carea' id='block_1_89' title="bbox 262 5556 1879 5629">
    <p class='ocr_par' dir='ltr' id='par_1_89' title="bbox 262 5556 1879 5629">
     <span class='ocr_line' id='line_1_89' title="bbox 262 5556 1879 5629; baseline 0.005 -19"><span class='ocrx_word' id='word_1_598' title='bbox 262 5556 512 5628; x_wconf 80' lang='lat' dir='ltr'><strong>cessione,</strong></span> <span class='ocrx_word' id='word_1_599' title='bbox 546 5560 603 5617; x_wconf 91' lang='lat' dir='ltr'><strong>id</strong></span> <span class='ocrx_word' id='word_1_600' title='bbox 634 5568 738 5629; x_wconf 89' lang='lat' dir='ltr'><strong>est,</strong></span> <span class='ocrx_word' id='word_1_601' title='bbox 770 5576 893 5618; x_wconf 86' lang='lat' dir='ltr'><strong>cum</strong></span> <span class='ocrx_word' id='word_1_602' title='bbox 923 5560 1275 5618; x_wconf 89' lang='lat' dir='ltr'><strong>thuriferario</strong></span> <span class='ocrx_word' id='word_1_603' title='bbox 1305 5565 1360 5617; x_wconf 90' lang='lat' dir='ltr'><strong>et</strong></span> <span class='ocrx_word' id='word_1_604' title='bbox 1408 5558 1624 5616; x_wconf 91' lang='lat' dir='ltr'><strong>duobus</strong></span> <span class='ocrx_word' id='word_1_605' title='bbox 1671 5559 1879 5618; x_wconf 86' lang='lat' dir='ltr'><strong>cerofe-</strong></span> 
     </span>
    </p>
   </div>
   <div class='ocr_carea' id='block_1_90' title="bbox 1965 3142 3612 3217">
    <p class='ocr_par' dir='ltr' id='par_1_90' title="bbox 1965 3142 3612 3217">
     <span class='ocr_line' id='line_1_90' title="bbox 1965 3142 3612 3217; baseline 0 -18"><span class='ocrx_word' id='word_1_606' title='bbox 1965 3146 2218 3215; x_wconf 89' lang='lat' dir='ltr'><strong>sequitur</strong></span> <span class='ocrx_word' id='word_1_607' title='bbox 2247 3160 2313 3201; x_wconf 85' lang='lat' dir='ltr'><strong>ex</strong></span> <span class='ocrx_word' id='word_1_608' title='bbox 2341 3145 2632 3202; x_wconf 88' lang='lat' dir='ltr'><strong>Ordinario</strong></span> <span class='ocrx_word' id='word_1_609' title='bbox 2689 3145 3082 3217; x_wconf 80' lang='lat' dir='ltr'><strong>Rotomagensi</strong></span> <span class='ocrx_word' id='word_1_610' title='bbox 3120 3158 3247 3210; x_wconf 91' lang='lat' dir='ltr'><strong>ms.,</strong></span> <span class='ocrx_word' id='word_1_611' title='bbox 3282 3160 3336 3215; x_wconf 93' lang='lat' dir='ltr'><strong>p.</strong></span> <span class='ocrx_word' id='word_1_612' title='bbox 3367 3142 3511 3200; x_wconf 84' lang='lat'><strong>254:</strong></span> <span class='ocrx_word' id='word_1_613' title='bbox 3546 3146 3612 3200; x_wconf 83' lang='lat' dir='ltr'><strong>In</strong></span> 
     </span>
    </p>
   </div>
   <div class='ocr_carea' id='block_1_91' title="bbox 1963 3233 3604 3307">
    <p class='ocr_par' dir='ltr' id='par_1_91' title="bbox 1963 3233 3604 3307">
     <span class='ocr_line' id='line_1_91' title="bbox 1963 3233 3604 3307; baseline -0.001 -17"><span class='ocrx_word' id='word_1_614' title='bbox 1963 3234 2062 3290; x_wconf 86' lang='lat' dir='ltr'><strong>isto</strong></span> <span class='ocrx_word' id='word_1_615' title='bbox 2090 3236 2221 3304; x_wconf 84' lang='lat' dir='ltr'><strong>festo</strong></span> <span class='ocrx_word' id='word_1_616' title='bbox 2261 3235 2501 3291; x_wconf 86' lang='lat' dir='ltr'><strong>dicuntur</strong></span> <span class='ocrx_word' id='word_1_617' title='bbox 2526 3235 2907 3291; x_wconf 85' lang='lat' dir='ltr'><strong>benedictiones</strong></span> <span class='ocrx_word' id='word_1_618' title='bbox 2931 3234 3180 3307; x_wconf 66' lang='lat' dir='ltr'><strong>proprias.</strong></span> <span class='ocrx_word' id='word_1_619' title='bbox 3215 3235 3392 3290; x_wconf 84' lang='lat' dir='ltr'><strong>Prima</strong></span> <span class='ocrx_word' id='word_1_620' title='bbox 3431 3233 3604 3299; x_wconf 88' lang='lat' dir='ltr'><strong>lectio,</strong></span> 
     </span>
    </p>
   </div>
   <div class='ocr_carea' id='block_1_92' title="bbox 1962 3322 3609 3394">
    <p class='ocr_par' dir='ltr' id='par_1_92' title="bbox 1962 3322 3609 3394">
     <span class='ocr_line' id='line_1_92' title="bbox 1962 3322 3609 3394; baseline -0.002 -15"><span class='ocrx_word' id='word_1_621' title='bbox 1962 3323 2212 3391; x_wconf 87' lang='lat' dir='ltr'><strong>secunda,</strong></span> <span class='ocrx_word' id='word_1_622' title='bbox 2244 3324 2418 3391; x_wconf 89' lang='lat' dir='ltr'><strong>tertia,</strong></span> <span class='ocrx_word' id='word_1_623' title='bbox 2450 3324 2692 3394; x_wconf 87' lang='lat' dir='ltr'><strong>septima,</strong></span> <span class='ocrx_word' id='word_1_624' title='bbox 2733 3329 2941 3389; x_wconf 85' lang='lat' dir='ltr'><strong>octava,</strong></span> <span class='ocrx_word' id='word_1_625' title='bbox 2982 3328 3032 3378; x_wconf 87' lang='lat' dir='ltr'><strong>et</strong></span> <span class='ocrx_word' id='word_1_626' title='bbox 3076 3337 3217 3377; x_wconf 88' lang='lat' dir='ltr'><strong>nona</strong></span> <span class='ocrx_word' id='word_1_627' title='bbox 3265 3322 3505 3390; x_wconf 83' lang='lat' dir='ltr'><strong>legantur</strong></span> <span class='ocrx_word' id='word_1_628' title='bbox 3551 3322 3609 3375; x_wconf 87' lang='lat' dir='ltr'><strong>in</strong></span> 
     </span>
    </p>
   </div>
   <div class='ocr_carea' id='block_1_93' title="bbox 1963 3408 3608 3484">
    <p class='ocr_par' dir='ltr' id='par_1_93' title="bbox 1963 3408 3608 3484">
     <span class='ocr_line' id='line_1_93' title="bbox 1963 3408 3608 3484; baseline -0.002 -16"><span class='ocrx_word' id='word_1_629' title='bbox 1963 3413 2165 3484; x_wconf 86' lang='lat' dir='ltr'><strong>cappis,</strong></span> <span class='ocrx_word' id='word_1_630' title='bbox 2215 3418 2415 3469; x_wconf 65' lang='lat' dir='ltr'><strong>caetera</strong></span> <span class='ocrx_word' id='word_1_631' title='bbox 2460 3413 2517 3466; x_wconf 87' lang='lat' dir='ltr'><strong>in</strong></span> <span class='ocrx_word' id='word_1_632' title='bbox 2559 3412 2956 3483; x_wconf 87' lang='lat' dir='ltr'><strong>superpelliciis.</strong></span> <span class='ocrx_word' id='word_1_633' title='bbox 3027 3412 3217 3466; x_wconf 88' lang='lat' dir='ltr'><strong>Omnes</strong></span> <span class='ocrx_word' id='word_1_634' title='bbox 3261 3408 3505 3465; x_wconf 85' lang='lat' dir='ltr'><strong>lectiones</strong></span> <span class='ocrx_word' id='word_1_635' title='bbox 3543 3410 3608 3464; x_wconf 88' lang='lat' dir='ltr'><strong>de</strong></span> 
     </span>
    </p>
   </div>
   <div class='ocr_carea' id='block_1_94' title="bbox 1961 3498 3606 3570">
    <p class='ocr_par' dir='ltr' id='par_1_94' title="bbox 1961 3498 3606 3570">
     <span class='ocr_line' id='line_1_94' title="bbox 1961 3498 3606 3570; baseline -0.003 -14"><span class='ocrx_word' id='word_1_636' title='bbox 1961 3502 2151 3570; x_wconf 87' lang='lat' dir='ltr'><strong>majori</strong></span> <span class='ocrx_word' id='word_1_637' title='bbox 2194 3501 2336 3556; x_wconf 85' lang='lat' dir='ltr'><strong>sede.</strong></span> <span class='ocrx_word' id='word_1_638' title='bbox 2397 3502 2631 3555; x_wconf 87' lang='lat' dir='ltr'><strong>Primum</strong></span> <span class='ocrx_word' id='word_1_639' title='bbox 2695 3499 3104 3569; x_wconf 83' lang='lat' dir='ltr'><strong>responsorium,</strong></span> <span class='ocrx_word' id='word_1_640' title='bbox 3152 3498 3452 3562; x_wconf 87' lang='lat' dir='ltr'><strong>secundum,</strong></span> <span class='ocrx_word' id='word_1_641' title='bbox 3501 3504 3606 3552; x_wconf 89' lang='lat' dir='ltr'><strong>ter-</strong></span> 
     </span>
    </p>
   </div>
   <div class='ocr_carea' id='block_1_95' title="bbox 1963 3585 3606 3657">
    <p class='ocr_par' dir='ltr' id='par_1_95' title="bbox 1963 3585 3606 3657">
     <span class='ocr_line' id='line_1_95' title="bbox 1963 3585 3606 3657; baseline -0.004 -13"><span class='ocrx_word' id='word_1_642' title='bbox 1963 3590 2109 3654; x_wconf 87' lang='lat' dir='ltr'><strong>tium,</strong></span> <span class='ocrx_word' id='word_1_643' title='bbox 2140 3593 2366 3654; x_wconf 71' lang='lat' dir='ltr'><strong>sextum,</strong></span> <span class='ocrx_word' id='word_1_644' title='bbox 2397 3592 2447 3643; x_wconf 93' lang='lat' dir='ltr'><strong>et</strong></span> <span class='ocrx_word' id='word_1_645' title='bbox 2474 3601 2663 3643; x_wconf 87' lang='lat' dir='ltr'><strong>nonum</strong></span> <span class='ocrx_word' id='word_1_646' title='bbox 2708 3587 2765 3641; x_wconf 88' lang='lat' dir='ltr'><strong>in</strong></span> <span class='ocrx_word' id='word_1_647' title='bbox 2810 3586 2992 3657; x_wconf 88' lang='lat' dir='ltr'><strong>cappis</strong></span> <span class='ocrx_word' id='word_1_648' title='bbox 3047 3589 3301 3640; x_wconf 84' lang='lat' dir='ltr'><strong>cantetur.</strong></span> <span class='ocrx_word' id='word_1_649' title='bbox 3354 3585 3606 3639; x_wconf 88' lang='lat' dir='ltr'><strong>Dominus</strong></span> 
     </span>
    </p>
   </div>
   <div class='ocr_carea' id='block_1_96' title="bbox 1963 3673 3607 3748">
    <p class='ocr_par' dir='ltr' id='par_1_96' title="bbox 1963 3673 3607 3748">
     <span class='ocr_line' id='line_1_96' title="bbox 1963 3673 3607 3748; baseline -0.003 -16"><span class='ocrx_word' id='word_1_650' title='bbox 1963 3677 2385 3748; x_wconf 83' lang='lat' dir='ltr'><strong>archiepiscopus</strong></span> <span class='ocrx_word' id='word_1_651' title='bbox 2441 3675 2579 3745; x_wconf 84' lang='lat' dir='ltr'><strong>legat</strong></span> <span class='ocrx_word' id='word_1_652' title='bbox 2630 3676 2856 3747; x_wconf 87' lang='lat' dir='ltr'><strong>primam</strong></span> <span class='ocrx_word' id='word_1_653' title='bbox 2901 3674 3189 3730; x_wconf 86' lang='lat' dir='ltr'><strong>lectionem.</strong></span> <span class='ocrx_word' id='word_1_654' title='bbox 3248 3673 3481 3729; x_wconf 88' lang='lat' dir='ltr'><strong>Primum</strong></span> <span class='ocrx_word' id='word_1_655' title='bbox 3524 3687 3607 3728; x_wconf 88' lang='lat' dir='ltr'><strong>re-</strong></span> 
     </span>
    </p>
   </div>
   <div class='ocr_carea' id='block_1_97' title="bbox 1959 3761 3602 3836">
    <p class='ocr_par' dir='ltr' id='par_1_97' title="bbox 1959 3761 3602 3836">
     <span class='ocr_line' id='line_1_97' title="bbox 1959 3761 3602 3836; baseline -0.002 -15"><span class='ocrx_word' id='word_1_656' title='bbox 1959 3766 2287 3836; x_wconf 86' lang='lat' dir='ltr'><strong>sponsorium</strong></span> <span class='ocrx_word' id='word_1_657' title='bbox 2344 3770 2449 3821; x_wconf 89' lang='lat' dir='ltr'><strong>tres</strong></span> <span class='ocrx_word' id='word_1_658' title='bbox 2498 3765 2563 3820; x_wconf 88' lang='lat' dir='ltr'><strong>de</strong></span> <span class='ocrx_word' id='word_1_659' title='bbox 2602 3763 2887 3834; x_wconf 74' lang='lat' dir='ltr'><strong>majoribus</strong></span> <span class='ocrx_word' id='word_1_660' title='bbox 2938 3764 2995 3819; x_wconf 88' lang='lat' dir='ltr'><strong>in</strong></span> <span class='ocrx_word' id='word_1_661' title='bbox 3049 3762 3250 3834; x_wconf 89' lang='lat' dir='ltr'><strong>cappis.</strong></span> <span class='ocrx_word' id='word_1_662' title='bbox 3302 3761 3602 3819; x_wconf 87' lang='lat' dir='ltr'><strong>Secundum</strong></span> 
     </span>
    </p>
   </div>
   <div class='ocr_carea' id='block_1_98' title="bbox 1959 3851 3605 3926">
    <p class='ocr_par' dir='ltr' id='par_1_98' title="bbox 1959 3851 3605 3926">
     <span class='ocr_line' id='line_1_98' title="bbox 1959 3851 3605 3926; baseline -0.002 -16"><span class='ocrx_word' id='word_1_663' title='bbox 1959 3855 2345 3926; x_wconf 85' lang='lat' dir='ltr'><strong>responsorium</strong></span> <span class='ocrx_word' id='word_1_664' title='bbox 2373 3854 2609 3909; x_wconf 87' lang='lat' dir='ltr'><strong>dominus</strong></span> <span class='ocrx_word' id='word_1_665' title='bbox 2656 3853 3094 3925; x_wconf 82' lang='lat' dir='ltr'><strong>archiepiscopus,</strong></span> <span class='ocrx_word' id='word_1_666' title='bbox 3143 3866 3254 3907; x_wconf 84' lang='lat' dir='ltr'><strong>cum</strong></span> <span class='ocrx_word' id='word_1_667' title='bbox 3286 3866 3347 3907; x_wconf 92' lang='lat' dir='ltr'><strong>eo</strong></span> <span class='ocrx_word' id='word_1_668' title='bbox 3376 3851 3605 3908; x_wconf 85' lang='lat' dir='ltr'><strong>decanus</strong></span> 
     </span>
    </p>
   </div>
   <div class='ocr_carea' id='block_1_99' title="bbox 1959 3941 3606 4015">
    <p class='ocr_par' dir='ltr' id='par_1_99' title="bbox 1959 3941 3606 4015">
     <span class='ocr_line' id='line_1_99' title="bbox 1959 3941 3606 4015; baseline -0.001 -17"><span class='ocrx_word' id='word_1_669' title='bbox 1959 3947 2008 3999; x_wconf 89' lang='lat' dir='ltr'><strong>et</strong></span> <span class='ocrx_word' id='word_1_670' title='bbox 2059 3949 2242 4000; x_wconf 89' lang='lat' dir='ltr'><strong>cantor</strong></span> <span class='ocrx_word' id='word_1_671' title='bbox 2294 3944 2349 3999; x_wconf 88' lang='lat' dir='ltr'><strong>in</strong></span> <span class='ocrx_word' id='word_1_672' title='bbox 2404 3943 2585 4015; x_wconf 87' lang='lat' dir='ltr'><strong>cappis</strong></span> <span class='ocrx_word' id='word_1_673' title='bbox 2644 3944 2867 3999; x_wconf 88' lang='lat' dir='ltr'><strong>Tertium</strong></span> <span class='ocrx_word' id='word_1_674' title='bbox 2930 3941 3319 4014; x_wconf 85' lang='lat' dir='ltr'><strong>responsorium</strong></span> <span class='ocrx_word' id='word_1_675' title='bbox 3382 3944 3490 3997; x_wconf 89' lang='lat' dir='ltr'><strong>tres</strong></span> <span class='ocrx_word' id='word_1_676' title='bbox 3540 3941 3606 3996; x_wconf 89' lang='lat' dir='ltr'><strong>de</strong></span> 
     </span>
    </p>
   </div>
   <div class='ocr_carea' id='block_1_100' title="bbox 1957 4032 3601 4106">
    <p class='ocr_par' dir='ltr' id='par_1_100' title="bbox 1957 4032 3601 4106">
     <span class='ocr_line' id='line_1_100' title="bbox 1957 4032 3601 4106; baseline -0.001 -18"><span class='ocrx_word' id='word_1_677' title='bbox 1957 4033 2243 4103; x_wconf 82' lang='lat' dir='ltr'><strong>majoribus</strong></span> <span class='ocrx_word' id='word_1_678' title='bbox 2295 4034 2353 4089; x_wconf 86' lang='lat' dir='ltr'><strong>in</strong></span> <span class='ocrx_word' id='word_1_679' title='bbox 2397 4034 2597 4106; x_wconf 87' lang='lat' dir='ltr'><strong>cappis.</strong></span> <span class='ocrx_word' id='word_1_680' title='bbox 2648 4035 2716 4090; x_wconf 84' lang='lat' dir='ltr'><strong>In</strong></span> <span class='ocrx_word' id='word_1_681' title='bbox 2757 4032 2984 4089; x_wconf 87' lang='lat' dir='ltr'><strong>secundo</strong></span> <span class='ocrx_word' id='word_1_682' title='bbox 3039 4036 3315 4099; x_wconf 82' lang='lat' dir='ltr'><strong>nocturno,</strong></span> <span class='ocrx_word' id='word_1_683' title='bbox 3372 4036 3479 4087; x_wconf 88' lang='lat' dir='ltr'><strong>tres</strong></span> <span class='ocrx_word' id='word_1_684' title='bbox 3534 4032 3601 4087; x_wconf 88' lang='lat' dir='ltr'><strong>de</strong></span> 
     </span>
    </p>
   </div>
   <div class='ocr_carea' id='block_1_101' title="bbox 1958 4120 3603 4195">
    <p class='ocr_par' dir='ltr' id='par_1_101' title="bbox 1958 4120 3603 4195">
     <span class='ocr_line' id='line_1_101' title="bbox 1958 4120 3603 4195; baseline -0.001 -18"><span class='ocrx_word' id='word_1_685' title='bbox 1958 4122 2248 4191; x_wconf 84' lang='lat' dir='ltr'><strong>majoribus</strong></span> <span class='ocrx_word' id='word_1_686' title='bbox 2284 4123 2340 4178; x_wconf 90' lang='lat' dir='ltr'><strong>in</strong></span> <span class='ocrx_word' id='word_1_687' title='bbox 2390 4124 2570 4195; x_wconf 88' lang='lat' dir='ltr'><strong>cappis</strong></span> <span class='ocrx_word' id='word_1_688' title='bbox 2614 4121 2841 4192; x_wconf 88' lang='lat' dir='ltr'><strong>(rubeis)</strong></span> <span class='ocrx_word' id='word_1_689' title='bbox 2883 4122 2922 4189; x_wconf 70' lang='lat' dir='ltr'><strong>ii)</strong></span> <span class='ocrx_word' id='word_1_690' title='bbox 2968 4122 3012 4177; x_wconf 93' lang='grc' dir='ltr'>Ο</span> <span class='ocrx_word' id='word_1_691' title='bbox 3058 4120 3367 4177; x_wconf 88' lang='lat' dir='ltr'><strong>constantia</strong></span> <span class='ocrx_word' id='word_1_692' title='bbox 3396 4125 3603 4192; x_wconf 84' lang='lat' dir='ltr'><strong>marty-</strong></span> 
     </span>
    </p>
   </div>
   <div class='ocr_carea' id='block_1_102' title="bbox 1956 4225 2097 4270">
    <p class='ocr_par' dir='ltr' id='par_1_102' title="bbox 1956 4225 2097 4270">
     <span class='ocr_line' id='line_1_102' title="bbox 1956 4225 2097 4270; baseline -0.014 0"><span class='ocrx_word' id='word_1_693' title='bbox 1956 4225 2097 4270; x_wconf 87' lang='lat' dir='ltr'><strong>rum.</strong></span> 
     </span>
    </p>
   </div>
   <div class='ocr_carea' id='block_1_103' title="bbox 2036 4293 3599 4373">
    <p class='ocr_par' dir='ltr' id='par_1_103' title="bbox 2036 4293 3599 4373">
     <span class='ocr_line' id='line_1_103' title="bbox 2036 4293 3599 4373; baseline -0.003 -18"><span class='ocrx_word' id='word_1_694' title='bbox 2036 4300 2183 4373; x_wconf 88' lang='grc'>(283)</span> <span class='ocrx_word' id='word_1_695' title='bbox 2251 4293 2384 4362; x_wconf 83' lang='grc'><strong>154</strong></span> <span class='ocrx_word' id='word_1_696' title='bbox 2440 4303 2563 4357; x_wconf 89' lang='lat' dir='ltr'><strong>Non</strong></span> <span class='ocrx_word' id='word_1_697' title='bbox 2609 4300 2816 4356; x_wconf 86' lang='lat' dir='ltr'><strong>dicatur</strong></span> <span class='ocrx_word' id='word_1_698' title='bbox 2861 4298 3078 4369; x_wconf 79' lang='lat' dir='ltr'><strong>hymnus</strong></span> <span class='ocrx_word' id='word_1_699' title='bbox 3106 4302 3197 4353; x_wconf 88' lang='lat' dir='ltr'><strong>aut</strong></span> <span class='ocrx_word' id='word_1_700' title='bbox 3224 4297 3599 4352; x_wconf 61' lang='lat' dir='ltr'><strong>uisitatorium.</strong></span> 
     </span>
    </p>
   </div>
   <div class='ocr_carea' id='block_1_104' title="bbox 1959 4384 3607 4461">
    <p class='ocr_par' dir='ltr' id='par_1_104' title="bbox 1959 4384 3607 4461">
     <span class='ocr_line' id='line_1_104' title="bbox 1959 4384 3607 4461; baseline -0.006 -14"><span class='ocrx_word' id='word_1_701' title='bbox 1959 4390 2308 4447; x_wconf 90' lang='lat' dir='ltr'><strong>Ordinarium</strong></span> <span class='ocrx_word' id='word_1_702' title='bbox 2339 4392 2740 4461; x_wconf 81' lang='lat' dir='ltr'><strong>Rotomagense</strong></span> <span class='ocrx_word' id='word_1_703' title='bbox 2768 4402 2871 4444; x_wconf 92' lang='lat' dir='ltr'><strong>ms.</strong></span> <span class='ocrx_word' id='word_1_704' title='bbox 2902 4386 3178 4445; x_wconf 71' lang='lat' dir='ltr'><strong>Matutine:</strong></span> <span class='ocrx_word' id='word_1_705' title='bbox 3217 4386 3296 4442; x_wconf 86' lang='lat' dir='ltr'><strong>ita</strong></span> <span class='ocrx_word' id='word_1_706' title='bbox 3338 4384 3607 4455; x_wconf 85' lang='lat' dir='ltr'><strong>incipian-</strong></span> 
     </span>
    </p>
   </div>
   <div class='ocr_carea' id='block_1_105' title="bbox 1961 4472 3608 4549">
    <p class='ocr_par' dir='ltr' id='par_1_105' title="bbox 1961 4472 3608 4549">
     <span class='ocr_line' id='line_1_105' title="bbox 1961 4472 3608 4549; baseline -0.006 -13"><span class='ocrx_word' id='word_1_707' title='bbox 1961 4485 2064 4536; x_wconf 88' lang='lat' dir='ltr'><strong>tur.</strong></span> <span class='ocrx_word' id='word_1_708' title='bbox 2100 4482 2215 4535; x_wconf 91' lang='lat' dir='ltr'><strong>Duo</strong></span> <span class='ocrx_word' id='word_1_709' title='bbox 2246 4479 2311 4534; x_wconf 91' lang='lat' dir='ltr'><strong>de</strong></span> <span class='ocrx_word' id='word_1_710' title='bbox 2337 4480 2528 4548; x_wconf 87' lang='lat' dir='ltr'><strong>majori</strong></span> <span class='ocrx_word' id='word_1_711' title='bbox 2553 4479 2677 4534; x_wconf 86' lang='lat' dir='ltr'><strong>sede</strong></span> <span class='ocrx_word' id='word_1_712' title='bbox 2714 4481 2897 4549; x_wconf 88' lang='lat' dir='ltr'><strong>regant</strong></span> <span class='ocrx_word' id='word_1_713' title='bbox 2927 4477 3139 4533; x_wconf 88' lang='lat' dir='ltr'><strong>chorum</strong></span> <span class='ocrx_word' id='word_1_714' title='bbox 3166 4478 3221 4531; x_wconf 89' lang='lat' dir='ltr'><strong>ut</strong></span> <span class='ocrx_word' id='word_1_715' title='bbox 3250 4475 3304 4530; x_wconf 86' lang='lat' dir='ltr'><strong>in</strong></span> <span class='ocrx_word' id='word_1_716' title='bbox 3343 4472 3608 4545; x_wconf 86' lang='lat' dir='ltr'><strong>Vesperis.</strong></span> 
     </span>
    </p>
   </div>
   <div class='ocr_carea' id='block_1_106' title="bbox 1965 4560 3613 4639">
    <p class='ocr_par' dir='ltr' id='par_1_106' title="bbox 1965 4560 3613 4639">
     <span class='ocr_line' id='line_1_106' title="bbox 1965 4560 3613 4639; baseline -0.006 -14"><span class='ocrx_word' id='word_1_717' title='bbox 1965 4571 2095 4625; x_wconf 82' lang='lat' dir='ltr'><strong>Ant.</strong></span> <span class='ocrx_word' id='word_1_718' title='bbox 2131 4569 2333 4639; x_wconf 88' lang='lat' dir='ltr'><strong>Dirige.</strong></span> <span class='ocrx_word' id='word_1_719' title='bbox 2366 4567 2511 4624; x_wconf 89' lang='lat' dir='ltr'><strong>Psal.</strong></span> <span class='ocrx_word' id='word_1_720' title='bbox 2562 4569 2739 4624; x_wconf 86' lang='lat' dir='ltr'><strong>Verba</strong></span> <span class='ocrx_word' id='word_1_721' title='bbox 2787 4581 2926 4635; x_wconf 89' lang='lat' dir='ltr'><strong>mea,</strong></span> <span class='ocrx_word' id='word_1_722' title='bbox 2976 4571 3074 4622; x_wconf 89' lang='lat' dir='ltr'><strong>etc.</strong></span> <span class='ocrx_word' id='word_1_723' title='bbox 3125 4564 3273 4620; x_wconf 90' lang='lat' dir='ltr'><strong>etin</strong></span> <span class='ocrx_word' id='word_1_724' title='bbox 3320 4560 3613 4619; x_wconf 86' lang='lat' dir='ltr'><strong>Breviariis</strong></span> 
     </span>
    </p>
   </div>
   <div class='ocr_carea' id='block_1_107' title="bbox 1962 4650 3605 4729">
    <p class='ocr_par' dir='ltr' id='par_1_107' title="bbox 1962 4650 3605 4729">
     <span class='ocr_line' id='line_1_107' title="bbox 1962 4650 3605 4729; baseline -0.007 -15"><span class='ocrx_word' id='word_1_725' title='bbox 1962 4660 2249 4729; x_wconf 83' lang='lat' dir='ltr'><strong>Rotomag.</strong></span> <span class='ocrx_word' id='word_1_726' title='bbox 2281 4670 2372 4713; x_wconf 90' lang='lat' dir='ltr'><strong>an.</strong></span> <span class='ocrx_word' id='word_1_727' title='bbox 2409 4656 2539 4711; x_wconf 89' lang='grc'>1491</span> <span class='ocrx_word' id='word_1_728' title='bbox 2574 4664 2630 4713; x_wconf 91' lang='lat' dir='ltr'><strong>et</strong></span> <span class='ocrx_word' id='word_1_729' title='bbox 2665 4656 2800 4711; x_wconf 78' lang='lat'><strong>1578</strong></span> <span class='ocrx_word' id='word_1_730' title='bbox 2822 4657 2943 4712; x_wconf 75' lang='lat' dir='ltr'><strong>haec</strong></span> <span class='ocrx_word' id='word_1_731' title='bbox 2986 4654 3279 4724; x_wconf 88' lang='lat' dir='ltr'><strong>leguntur:</strong></span> <span class='ocrx_word' id='word_1_732' title='bbox 3312 4650 3398 4707; x_wconf 86' lang='lat' dir='ltr'><strong>Ad</strong></span> <span class='ocrx_word' id='word_1_733' title='bbox 3427 4651 3605 4707; x_wconf 78' lang='lat' dir='ltr'><strong>Matu-</strong></span> 
     </span>
    </p>
   </div>
   <div class='ocr_carea' id='block_1_108' title="bbox 1961 4738 3601 4817">
    <p class='ocr_par' dir='ltr' id='par_1_108' title="bbox 1961 4738 3601 4817">
     <span class='ocr_line' id='line_1_108' title="bbox 1961 4738 3601 4817; baseline -0.004 -16"><span class='ocrx_word' id='word_1_734' title='bbox 1961 4746 2120 4815; x_wconf 85' lang='lat' dir='ltr'><strong>tinas,</strong></span> <span class='ocrx_word' id='word_1_735' title='bbox 2178 4745 2481 4817; x_wconf 83' lang='lat' dir='ltr'><strong>antiphona.</strong></span> <span class='ocrx_word' id='word_1_736' title='bbox 2541 4745 2744 4816; x_wconf 83' lang='lat' dir='ltr'><strong>Dirige.</strong></span> <span class='ocrx_word' id='word_1_737' title='bbox 2803 4746 2923 4800; x_wconf 89' lang='lat' dir='ltr'><strong>Non</strong></span> <span class='ocrx_word' id='word_1_738' title='bbox 2979 4741 3181 4813; x_wconf 86' lang='lat' dir='ltr'><strong>legitur</strong></span> <span class='ocrx_word' id='word_1_739' title='bbox 3226 4738 3601 4795; x_wconf 84' lang='lat' dir='ltr'><strong>iuvitatorium</strong></span> 
     </span>
    </p>
   </div>
   <div class='ocr_carea' id='block_1_109' title="bbox 1960 4828 3600 4906">
    <p class='ocr_par' dir='ltr' id='par_1_109' title="bbox 1960 4828 3600 4906">
     <span class='ocr_line' id='line_1_109' title="bbox 1960 4828 3600 4906; baseline -0.004 -15"><span class='ocrx_word' id='word_1_740' title='bbox 1960 4836 2104 4906; x_wconf 86' lang='lat' dir='ltr'><strong>apud</strong></span> <span class='ocrx_word' id='word_1_741' title='bbox 2150 4838 2415 4892; x_wconf 86' lang='lat' dir='ltr'><strong>Joannem</strong></span> <span class='ocrx_word' id='word_1_742' title='bbox 2472 4835 2795 4903; x_wconf 89' lang='lat' dir='ltr'><strong>Belethum,</strong></span> <span class='ocrx_word' id='word_1_743' title='bbox 2845 4848 2896 4888; x_wconf 92' lang='lat' dir='ltr'><strong>c.</strong></span> <span class='ocrx_word' id='word_1_744' title='bbox 2952 4829 3045 4883; x_wconf 87' lang='lat'><strong>161</strong></span> <span class='ocrx_word' id='word_1_745' title='bbox 3099 4828 3168 4885; x_wconf 91' lang='lat' dir='ltr'><strong>de</strong></span> <span class='ocrx_word' id='word_1_746' title='bbox 3214 4828 3600 4887; x_wconf 90' lang='lat' dir='ltr'><strong>Celebratione</strong></span> 
     </span>
    </p>
   </div>
   <div class='ocr_carea' id='block_1_110' title="bbox 1961 4918 3596 4993">
    <p class='ocr_par' dir='ltr' id='par_1_110' title="bbox 1961 4918 3596 4993">
     <span class='ocr_line' id='line_1_110' title="bbox 1961 4918 3596 4993; baseline -0.004 -12"><span class='ocrx_word' id='word_1_747' title='bbox 1961 4924 2127 4981; x_wconf 90' lang='lat' dir='ltr'><strong>ofﬁcii</strong></span> <span class='ocrx_word' id='word_1_748' title='bbox 2157 4930 2520 4992; x_wconf 89' lang='lat' dir='ltr'><strong>mortuorum,</strong></span> <span class='ocrx_word' id='word_1_749' title='bbox 2552 4938 2656 4980; x_wconf 91' lang='lat' dir='ltr'><strong>nec</strong></span> <span class='ocrx_word' id='word_1_750' title='bbox 2684 4921 2828 4993; x_wconf 91' lang='lat' dir='ltr'><strong>apud</strong></span> <span class='ocrx_word' id='word_1_751' title='bbox 2865 4922 2926 4975; x_wconf 89' lang='lat' dir='ltr'><strong>G.</strong></span> <span class='ocrx_word' id='word_1_752' title='bbox 2959 4918 3294 4990; x_wconf 89' lang='lat' dir='ltr'><strong>Durandum,</strong></span> <span class='ocrx_word' id='word_1_753' title='bbox 3326 4934 3429 4977; x_wconf 89' lang='lat' dir='ltr'><strong>nec</strong></span> <span class='ocrx_word' id='word_1_754' title='bbox 3450 4918 3596 4989; x_wconf 91' lang='lat' dir='ltr'><strong>apud</strong></span> 
     </span>
    </p>
   </div>
   <div class='ocr_carea' id='block_1_111' title="bbox 1962 5009 3597 5086">
    <p class='ocr_par' dir='ltr' id='par_1_111' title="bbox 1962 5009 3597 5086">
     <span class='ocr_line' id='line_1_111' title="bbox 1962 5009 3597 5086; baseline -0.004 -16"><span class='ocrx_word' id='word_1_755' title='bbox 1962 5015 2261 5070; x_wconf 88' lang='lat' dir='ltr'><strong>Honorium</strong></span> <span class='ocrx_word' id='word_1_756' title='bbox 2292 5015 2673 5086; x_wconf 84' lang='lat' dir='ltr'><strong>Augustodun.</strong></span> <span class='ocrx_word' id='word_1_757' title='bbox 2699 5032 2713 5077; x_wconf 90' lang='lat'><strong>;</strong></span> <span class='ocrx_word' id='word_1_758' title='bbox 2765 5010 2907 5066; x_wconf 89' lang='lat' dir='ltr'><strong>libro</strong></span> <span class='ocrx_word' id='word_1_759' title='bbox 2938 5010 3082 5066; x_wconf 92' lang='lat' dir='ltr'><strong>enim</strong></span> <span class='ocrx_word' id='word_1_760' title='bbox 3111 5026 3170 5066; x_wconf 74' lang='grc' dir='ltr'><strong>ιν</strong></span> <span class='ocrx_word' id='word_1_761' title='bbox 3196 5014 3346 5068; x_wconf 90' lang='lat' dir='ltr'><strong>Gem.</strong></span> <span class='ocrx_word' id='word_1_762' title='bbox 3377 5009 3597 5073; x_wconf 66' lang='lat' dir='ltr'><strong>animae,</strong></span> 
     </span>
    </p>
   </div>
   <div class='ocr_carea' id='block_1_112' title="bbox 1961 5097 3603 5174">
    <p class='ocr_par' dir='ltr' id='par_1_112' title="bbox 1961 5097 3603 5174">
     <span class='ocr_line' id='line_1_112' title="bbox 1961 5097 3603 5174; baseline -0.005 -14"><span class='ocrx_word' id='word_1_763' title='bbox 1961 5120 2010 5160; x_wconf 92' lang='lat' dir='ltr'><strong>c.</strong></span> <span class='ocrx_word' id='word_1_764' title='bbox 2051 5102 2170 5170; x_wconf 85' lang='lat'><strong>116,</strong></span> <span class='ocrx_word' id='word_1_765' title='bbox 2204 5105 2284 5159; x_wconf 92' lang='lat' dir='ltr'><strong>sic</strong></span> <span class='ocrx_word' id='word_1_766' title='bbox 2316 5104 2474 5174; x_wconf 88' lang='lat' dir='ltr'><strong>lego:</strong></span> <span class='ocrx_word' id='word_1_767' title='bbox 2510 5106 2573 5158; x_wconf 88' lang='lat' dir='ltr'><strong>In</strong></span> <span class='ocrx_word' id='word_1_768' title='bbox 2602 5101 2776 5173; x_wconf 80' lang='lat' dir='ltr'><strong>ofﬁcio</strong></span> <span class='ocrx_word' id='word_1_769' title='bbox 2814 5104 3131 5156; x_wconf 86' lang='lat' dir='ltr'><strong>mortuorum</strong></span> <span class='ocrx_word' id='word_1_770' title='bbox 3176 5101 3439 5155; x_wconf 88' lang='lat' dir='ltr'><strong>imitamur</strong></span> <span class='ocrx_word' id='word_1_771' title='bbox 3485 5097 3603 5168; x_wconf 79' lang='lat' dir='ltr'><strong>ofﬁ-</strong></span> 
     </span>
    </p>
   </div>
   <div class='ocr_carea' id='block_1_113' title="bbox 1961 5186 3604 5264">
    <p class='ocr_par' dir='ltr' id='par_1_113' title="bbox 1961 5186 3604 5264">
     <span class='ocr_line' id='line_1_113' title="bbox 1961 5186 3604 5264; baseline -0.004 -16"><span class='ocrx_word' id='word_1_772' title='bbox 1961 5194 2043 5249; x_wconf 85' lang='lat' dir='ltr'><strong>cia</strong></span> <span class='ocrx_word' id='word_1_773' title='bbox 2074 5194 2251 5249; x_wconf 82' lang='lat' dir='ltr'><strong>mortis</strong></span> <span class='ocrx_word' id='word_1_774' title='bbox 2278 5192 2359 5248; x_wconf 84' lang='lat' dir='ltr'><strong>vel</strong></span> <span class='ocrx_word' id='word_1_775' title='bbox 2398 5190 2678 5264; x_wconf 66' lang='lat' dir='ltr'><strong>sepulturae</strong></span> <span class='ocrx_word' id='word_1_776' title='bbox 2714 5189 2942 5257; x_wconf 88' lang='lat' dir='ltr'><strong>Domini,</strong></span> <span class='ocrx_word' id='word_1_777' title='bbox 2990 5190 3207 5261; x_wconf 87' lang='lat' dir='ltr'><strong>ideoque</strong></span> <span class='ocrx_word' id='word_1_778' title='bbox 3251 5186 3604 5242; x_wconf 84' lang='lat' dir='ltr'><strong>invitatorium</strong></span> 
     </span>
    </p>
   </div>
   <div class='ocr_carea' id='block_1_114' title="bbox 1960 5276 3594 5349">
    <p class='ocr_par' dir='ltr' id='par_1_114' title="bbox 1960 5276 3594 5349">
     <span class='ocr_line' id='line_1_114' title="bbox 1960 5276 3594 5349; baseline -0.005 -10"><span class='ocrx_word' id='word_1_779' title='bbox 1960 5299 2065 5339; x_wconf 88' lang='lat' dir='ltr'><strong>non</strong></span> <span class='ocrx_word' id='word_1_780' title='bbox 2101 5287 2361 5349; x_wconf 87' lang='lat' dir='ltr'><strong>cantatur,</strong></span> <span class='ocrx_word' id='word_1_781' title='bbox 2392 5286 2441 5336; x_wconf 89' lang='lat' dir='ltr'><strong>et</strong></span> <span class='ocrx_word' id='word_1_782' title='bbox 2480 5280 2859 5336; x_wconf 87' lang='lat' dir='ltr'><strong>benedictiones</strong></span> <span class='ocrx_word' id='word_1_783' title='bbox 2898 5280 2968 5336; x_wconf 91' lang='lat' dir='ltr'><strong>ad</strong></span> <span class='ocrx_word' id='word_1_784' title='bbox 3015 5280 3260 5335; x_wconf 84' lang='lat' dir='ltr'><strong>lectiones</strong></span> <span class='ocrx_word' id='word_1_785' title='bbox 3305 5291 3410 5331; x_wconf 89' lang='lat' dir='ltr'><strong>non</strong></span> <span class='ocrx_word' id='word_1_786' title='bbox 3454 5276 3594 5332; x_wconf 88' lang='lat' dir='ltr'><strong>dan-</strong></span> 
     </span>
    </p>
   </div>
   <div class='ocr_carea' id='block_1_115' title="bbox 1961 5363 3599 5428">
    <p class='ocr_par' dir='ltr' id='par_1_115' title="bbox 1961 5363 3599 5428">
     <span class='ocr_line' id='line_1_115' title="bbox 1961 5363 3599 5428; baseline -0.004 0"><span class='ocrx_word' id='word_1_787' title='bbox 1961 5377 2063 5428; x_wconf 89' lang='lat' dir='ltr'><strong>tur.</strong></span> <span class='ocrx_word' id='word_1_788' title='bbox 2098 5374 2229 5427; x_wconf 89' lang='lat' dir='ltr'><strong>ltem</strong></span> <span class='ocrx_word' id='word_1_789' title='bbox 2260 5384 2361 5425; x_wconf 90' lang='lat' dir='ltr'><strong>nec</strong></span> <span class='ocrx_word' id='word_1_790' title='bbox 2391 5369 2447 5423; x_wconf 89' lang='lat' dir='ltr'><strong>in</strong></span> <span class='ocrx_word' id='word_1_791' title='bbox 2478 5368 2663 5425; x_wconf 89' lang='lat' dir='ltr'><strong>rituali</strong></span> <span class='ocrx_word' id='word_1_792' title='bbox 2702 5369 3023 5425; x_wconf 85' lang='lat' dir='ltr'><strong>Lexoviensi</strong></span> <span class='ocrx_word' id='word_1_793' title='bbox 3052 5379 3142 5422; x_wconf 89' lang='lat' dir='ltr'><strong>an.</strong></span> <span class='ocrx_word' id='word_1_794' title='bbox 3180 5363 3307 5419; x_wconf 86' lang='lat'><strong>1661</strong></span> <span class='ocrx_word' id='word_1_795' title='bbox 3364 5364 3599 5421; x_wconf 88' lang='lat' dir='ltr'><strong>habetur</strong></span> 
     </span>
    </p>
   </div>
   <div class='ocr_carea' id='block_1_116' title="bbox 1962 5454 3600 5517">
    <p class='ocr_par' dir='ltr' id='par_1_116' title="bbox 1962 5454 3600 5517">
     <span class='ocr_line' id='line_1_116' title="bbox 1962 5454 3600 5517; baseline -0.003 0"><span class='ocrx_word' id='word_1_796' title='bbox 1962 5461 2333 5517; x_wconf 86' lang='lat' dir='ltr'><strong>invitatorium</strong></span> <span class='ocrx_word' id='word_1_797' title='bbox 2386 5459 2443 5514; x_wconf 91' lang='lat' dir='ltr'><strong>in</strong></span> <span class='ocrx_word' id='word_1_798' title='bbox 2490 5458 2582 5514; x_wconf 90' lang='lat' dir='ltr'><strong>die</strong></span> <span class='ocrx_word' id='word_1_799' title='bbox 2632 5455 3172 5517; x_wconf 88' lang='lat' dir='ltr'><strong>commemorationis</strong></span> <span class='ocrx_word' id='word_1_800' title='bbox 3215 5454 3457 5511; x_wconf 90' lang='lat' dir='ltr'><strong>omnium</strong></span> <span class='ocrx_word' id='word_1_801' title='bbox 3497 5455 3600 5512; x_wconf 93' lang='lat' dir='ltr'><strong>de-</strong></span> 
     </span>
    </p>
   </div>
   <div class='ocr_carea' id='block_1_117' title="bbox 1960 5544 3595 5620">
    <p class='ocr_par' dir='ltr' id='par_1_117' title="bbox 1960 5544 3595 5620">
     <span class='ocr_line' id='line_1_117' title="bbox 1960 5544 3595 5620; baseline -0.004 -12"><span class='ocrx_word' id='word_1_802' title='bbox 1960 5551 2272 5608; x_wconf 89' lang='lat' dir='ltr'><strong>functorum</strong></span> <span class='ocrx_word' id='word_1_803' title='bbox 2304 5552 2361 5605; x_wconf 92' lang='lat' dir='ltr'><strong>et</strong></span> <span class='ocrx_word' id='word_1_804' title='bbox 2389 5547 2445 5604; x_wconf 92' lang='lat' dir='ltr'><strong>in</strong></span> <span class='ocrx_word' id='word_1_805' title='bbox 2473 5547 2822 5620; x_wconf 90' lang='lat' dir='ltr'><strong>depositione</strong></span> <span class='ocrx_word' id='word_1_806' title='bbox 2851 5544 3118 5611; x_wconf 88' lang='lat' dir='ltr'><strong>defuncti,</strong></span> <span class='ocrx_word' id='word_1_807' title='bbox 3151 5557 3255 5601; x_wconf 92' lang='lat' dir='ltr'><strong>nec</strong></span> <span class='ocrx_word' id='word_1_808' title='bbox 3284 5544 3341 5601; x_wconf 92' lang='lat' dir='ltr'><strong>in</strong></span> <span class='ocrx_word' id='word_1_809' title='bbox 3371 5544 3595 5603; x_wconf 85' lang='lat' dir='ltr'><strong>Brevia-</strong></span> 
     </span>
    </p>
   </div>
  </div>
