4156 6196
530 244 628 299 115

522 370 608 427 rio
638 366 932 426 Parisiensi
960 378 1053 421 an.
1109 361 1264 429 1557,
1315 366 1371 418 et
1408 358 1642 416 manuali
1690 357 1820 413 item
1869 350 2237 415 ParisieusiA

529 459 686 526 1581,
717 471 822 513 nec
851 456 908 511 iu
938 452 1221 511 ordinario
1250 464 1352 506 ms.
1396 446 1787 504 canonicorum
1834 442 2168 514 regularium

523 550 580 605 S.
614 545 787 603 Laudi
817 540 1257 613 Rotomagensis.
1298 540 1416 594 Hoc
1454 532 1829 592 invitatorium
1875 533 1938 587 D.
1993 532 2167 586 Fran-

525 638 707 695 ciscus
735 650 766 692 a
792 636 994 705 Joyosa
1023 626 1445 700 Rotomagensis
1489 623 1948 694 archiepiscopus
1975 621 2033 677 in
2062 621 2170 676 Ma-

527 726 1014 794 nualiRotomag.,
1041 733 1131 776 an.
1166 715 1327 783 1612,
1377 713 1586 785 primus
1632 712 1894 778 instituit,
1944 714 2001 765 et
2046 722 2171 765 suc-

527 828 717 873 cessor
763 814 883 883 ejus
901 814 963 867 D.
1010 805 1336 864 Franciscus
1363 803 1434 859 de
1477 802 1675 874 Harlay
1720 803 1743 858 Ι
1789 801 1845 856 in
1892 797 2169 856 Breviario

527 901 916 973 Rotomagensi
944 909 1088 954 anno
1123 891 1258 949 1618
1291 892 1464 949 edito.

604 990 755 1062 (284)
786 991 901 1045 Duo
928 989 1111 1056 regant
1135 982 1366 1039 chorum.
1398 983 1602 1037 Cantor
1631 979 1859 1035 chorum
1907 977 2088 1047 regit:
2138 990 2170 1031 a

531 1080 749 1138 duobus
778 1079 835 1133 in
865 1075 1057 1146 cappis
1092 1071 1363 1129 Graduale
1410 1069 1648 1138 canitur,
1696 1083 1729 1123 a
1776 1066 1995 1124 duobus
2039 1067 2171 1123 item

531 1168 777 1240 cappatis
808 1167 1073 1230 Tractus;
1114 1161 1214 1218 sed
1243 1161 1301 1216 in
1348 1158 1585 1216 ecclesia
1632 1155 1936 1214 cathedrali
1966 1171 1997 1213 a
2025 1170 2168 1226 qua-

529 1264 655 1315 tuor
682 1260 955 1321 cantatur,
987 1252 1117 1324 quia
1144 1251 1203 1307 in
1232 1263 1298 1307 ea
1325 1262 1478 1305 more
1503 1245 1709 1318 triplici
1738 1246 1903 1303 missa
1931 1245 2173 1303 celebra-

527 1350 638 1403 tur.

605 1431 762 1506 (285)
817 1433 979 1488 Horae
1025 1430 1132 1485 diei
1185 1425 1480 1484 nullomodo
1520 1424 2002 1498 pratermittantur.
2035 1423 2174 1479 Hinc

529 1529 587 1581 et
614 1521 846 1580 interius
874 1524 1105 1591 apparet
1143 1517 1293 1588 quod
1332 1522 1464 1573 tunc
1511 1516 1570 1572 in
1615 1514 1864 1572 Ecclesia
1907 1515 2171 1571 Rotoma-

1653 229 1946 289 JOANNES
1981 225 2396 283 ARCHIEPISC.
2437 227 2770 285 ROTOMAG.

3787 220 3892 276 116

2326 351 2472 424 (292)
2503 353 2744 423 Ofﬁcium
2780 369 2895 409 cum
2924 351 3189 409 Laudibus
3241 354 3291 408 et
3340 349 3627 421 Sequentia
3654 348 3888 404 celebre-

2247 445 2352 496 tur.
2382 442 2458 497 De
2488 442 2610 498 istis
2639 442 2916 500 Laudibus
2945 441 3084 497 nihil
3122 441 3182 496 ﬁt
3228 440 3285 496 in
3332 438 3579 496 Ecclesia
3621 438 3892 495 Rotoma-

2249 531 2426 602 gensi,
2457 532 2782 603 Sequentias
2811 535 3021 589 tantum
3050 532 3108 588 in
3134 529 3289 588 festis
3318 527 3633 600 triplicibus
3661 529 3893 586 retinuit

2251 620 2583 676 cathedralis
2611 620 2863 678 ecclesia.

2326 707 2477 781 (293)
2524 710 2788 766 Matutine
2827 725 2931 766 non
2980 710 3205 766 dicatur.
3258 706 3508 766 Ofﬁcium
3559 713 3889 766 nocturnum

2252 798 2460 868 pariter
2488 804 2543 854 et
2571 798 2828 856 diurnum
2858 799 2928 855 de
2956 799 3079 856 istis
3106 797 3312 855 sanctis
3341 797 3522 869 agitur
3566 798 3622 854 in
3662 797 3888 855 dioecesi

2253 888 2663 959 Rotomagensi.

2329 975 2469 1041 I294)
2500 977 2737 1044 Romani,
2769 976 3027 1032 Audeoni.
3059 977 3192 1032 Cum
3240 975 3484 1032 auctoris
3528 988 3731 1047 scopus
3775 975 3892 1033 fue-

2254 1064 2327 1121 rit
2348 1065 2548 1122 librum
2576 1065 2725 1123 hunc
2753 1079 2864 1123 non
2893 1066 2950 1122 in
2981 1065 3145 1122 unius
3194 1063 3568 1135 metropoleos
3594 1064 3693 1123 sed
3721 1067 3893 1123 totius

2254 1156 2553 1225 provincia
2583 1170 2741 1212 usum
2771 1155 3104 1224 exscribere,
3136 1167 3299 1212 nemo
3328 1153 3558 1211 miretur
3588 1154 3641 1211 si
3689 1155 3892 1225 praci-

2254 1257 2394 1313 puos
2423 1243 2682 1300 Ecclesia
2711 1250 2917 1301 nostra
2955 1244 3219 1300 tutelares
3238 1243 3298 1299 in
3321 1241 3559 1299 intimam
3577 1249 3895 1301 sanctorum

2255 1333 2487 1390 classem
2514 1333 2810 1405 redegerit,
2842 1334 3121 1404 multaque
3170 1338 3442 1404 praterea
3489 1333 3573 1389 vel
3621 1333 3891 1401 omiserit,

2254 1423 2339 1480 vel
2369 1424 2550 1480 obiter
2578 1424 2983 1493 perstrinxerit,
3013 1424 3083 1480 ad
3114 1423 3421 1494 peculiares
3441 1423 3688 1493 ejusdem
3715 1424 3894 1481 eccle-

2254 1514 2353 1571 sia
2392 1512 2738 1569 carimonias
2767 1512 3120 1583 pertinentia,
3161 1525 3394 1583 quorum
3424 1511 3622 1569 notitia
3651 1514 3767 1583 peti
3795 1526 3895 1584 po-

529 1612 686 1684 gensi
743 1615 946 1681 prater
987 1607 1228 1665 officium
1270 1610 1609 1663 mortuorum
1672 1602 1912 1662 ofﬁcium
1960 1603 2031 1660 de
2081 1602 2228 1684 die__
2255 1609 2363 1659 test
2391 1617 2459 1658 ex
2486 1601 2797 1659 Ordinario.
2845 1601 3163 1672 Cujusmodi
3211 1607 3341 1658 sunt
3385 1600 3660 1658 solemnes
3705 1603 3891 1659 Domi-

531 1673 831 1768 diceretur,
864 1703 925 1756 ut
952 1699 1009 1755 in
1040 1697 1315 1755 Breviario
1345 1698 1593 1752 Romano
1621 1693 1789 1751 hodie
1813 1673 2233 1759 observatur;B
2255 1693 2393 1749 nica
2449 1690 2783 1759 Palmarum,
2842 1696 2899 1747 et
2952 1690 3293 1748 ascensionis
3347 1690 3734 1762 processiones
3755 1733 3771 1759 ,
3829 1705 3892 1748 ac

532 1790 683 1862 quod
712 1790 876 1847 etiam
896 1788 1221 1846 conﬁrmant
1238 1786 1405 1843 verba
1424 1783 1712 1855 sequentia
1739 1802 1753 1840 :
1785 1784 1900 1840 Has
1917 1780 2176 1854 ferialiler

533 1880 702 1936 dictas
730 1879 936 1950 agenda
963 1881 1281 1949 mortuorum
1316 1875 1508 1946 festiva
1534 1876 1806 1945 sequatur.

610 1967 766 2040 (286)
830 1971 897 2024 In
942 1964 1305 2039 Completorio.
1364 1965 1441 2020 De
1496 1962 1759 2019 secundis
1808 1961 2065 2032 Vesperis
2120 1964 2221 2017 et-

532 2057 904 2128 Completorio
934 2061 1273 2113 mortuorum
1305 2052 1457 2110 nulla
1485 2052 1546 2108 tit
1573 2050 1782 2108 mentio
1802 2050 1859 2107 in
1880 2050 2177 2107 ordinariis

533 2162 686 2214 mss.,
717 2160 820 2204 nec
858 2145 1029 2202 ullum
1082 2142 1413 2200 breviarium
1460 2143 1865 2212 Rotomagense
1904 2140 2167 2211 assignat.

602 2236 743 2307 (287)
772 2234 1050 2292 Festim'tas
1076 2232 1368 2289 nativitatis
1395 2233 1458 2289 S.
1498 2231 1719 2288 Joannis
1746 2230 2021 2301 Baptista,
2054 2236 2162 2287 etc.

530 2325 877 2382 Festivitates
905 2325 959 2380 8.
990 2321 1218 2380 Joannis
1255 2320 1536 2390 Baptista,
1569 2325 1625 2375 et
1654 2318 1927 2389 passionis
1955 2319 2045 2373 88.
2084 2320 2179 2376 Pe-

530 2414 602 2471 tri
632 2419 688 2470 et
717 2412 891 2480 Pauli,
923 2416 980 2468 et
1006 2413 1063 2467 8.
1094 2408 1378 2466 Michaelis
1406 2408 1464 2464 in
1511 2421 1698 2464 mense
1726 2407 2034 2477 Septembri
2065 2407 2174 2463 ritu

530 2502 737 2572 triplici
765 2501 801 2556 2
828 2500 1021 2558 classis
1050 2513 1150 2569 per
1180 2503 1352 2555 totam
1390 2496 1676 2554 diacesim
1705 2496 2081 2564 celebrantur,
2114 2502 2176 2553 ut

529 2589 728 2647 festum
756 2591 850 2646 SS.
880 2588 1182 2645 Trinitatis.
1816 2608 1823 2613 -

601 2678 750 2749 (288)
811 2676 1178 2733 Invitatorium
1236 2674 1291 2730 in
1344 2674 1620 2733 Matutinis
1676 2689 1713 2729 α
1759 2672 1924 2730 tribus
1969 2672 2174 2730 clericis

528 2771 784 2825 cantetur.
815 2768 878 2823 In
905 2765 1060 2822 festis
1089 2762 1403 2834 triplicibus
1431 2777 1462 2818 a
1491 2769 1749 2834 quatuor,
1774 2762 1830 2818 in
1859 2762 2174 2833 duplicibus

528 2864 584 2915 et
613 2855 1071 2926 semiduplicibus
1099 2868 1130 2912 a
1160 2854 1378 2911 duobus
1406 2854 1464 2909 in
1484 2853 1676 2924 cappis
1704 2853 1762 2908 in
1791 2853 1973 2909 medio
1992 2853 2169 2921 chori,

526 2948 585 3003 in
613 2945 958 3016 simplicibus
994 2950 1051 3000 et
1080 2942 1237 2998 feriis
1265 2943 1333 2998 ab
1364 2955 1476 2999 uno
1504 2942 1563 2997 in
1591 2942 1753 2999 stallo
1783 2956 1884 2999 suo
1905 2942 1963 2998 in
1983 2957 2173 3014 super-

527 3033 751 3105 pellicio
791 3031 1008 3088 canitur
1045 3029 1442 3098 invitatorium,
1497 3023 1625 3092 I55
1674 3043 1950 3101 nunquam
1995 3046 2026 3087 a
2076 3032 2171 3089 tri-

528 3124 632 3180 bus
658 3122 717 3178 in
745 3120 992 3178 Ecclesia
1015 3118 1428 3191 Rotomagensi.
1508 3169 1528 3178 -

598 3210 739 3282 (289)
783 3210 908 3266 Dies
959 3213 1172 3265 octavus
1225 3214 1283 3265 ut
1337 3207 1612 3265 Dominica
1661 3207 1966 3266 celebretur.
2013 3211 2170 3267 Nunc

526 3300 636 3357 ritu
664 3298 876 3371 duplici
905 3298 1127 3354 colitur.

601 3387 760 3460 (290)
791 3387 1063 3445 Dedicatio
1110 3386 1278 3445 sancti
1325 3384 1602 3444 Michaelis
1639 3384 1694 3441 in
1731 3386 1885 3443 mari.
1936 3389 2067 3456 Qua
2114 3393 2171 3446 et

521 3477 778 3549 festivitas
804 3477 870 3534 S.
909 3474 1187 3535 Michaelis
1214 3475 1286 3541 sin
1316 3473 1551 3547 periculo
1598 3475 1781 3543 matis,
1835 3476 1891 3532 in
1940 3477 2169 3547 antiquo

522 3566 776 3625 ecclesia
806 3565 1251 3637 metropolitaua
1280 3564 1669 3636 Martyrologio
1698 3571 2049 3637 nuncupatur
2076 3566 2167 3623 die

530 3656 592 3711 l6
621 3655 891 3713 Octobris.
923 3656 1054 3725 Ejus
1082 3658 1265 3710 autem
1290 3654 1571 3712 veneratio
1619 3654 1783 3711 etiam
1830 3654 1898 3711 ad
1947 3660 2167 3713 exteros

522 3744 762 3801 transiit.
822 3746 885 3799 In
940 3743 1179 3800 concilio
1232 3743 1378 3799 enim
1424 3743 1721 3800 Oxoniensi
1770 3744 1917 3813 apud
1963 3747 2169 3817 Anglos

522 3832 802 3889 celebrato
831 3843 921 3886 an.
953 3830 1157 3886 Christi
1202 3828 1340 3884 1222
1386 3836 1706 3887 recensetur
1758 3832 1905 3888 inter
1950 3831 2089 3890 festa
2134 3849 2167 3891 a

521 3920 833 3978 rectoribus
859 3918 1227 3975 Ecclesiarum
1255 3924 1312 3975 et
1339 3919 1639 3990 capellanis
1682 3919 1740 3976 in
1780 3921 2051 3992 obsequio
2082 3924 2169 3981 di-

520 4010 649 4067 vino
680 4013 737 4065 et
764 4007 928 4066 laude
947 4007 1279 4065 celebranda
1317 4023 1441 4066 cum
1469 4008 1861 4067 interdictione
1891 4011 2165 4069 minorum

518 4113 747 4170 operum
775 4096 1074 4155 servilium.
1107 4099 1203 4154 Pa.

592 4185 732 4257 (291)
763 4188 831 4242 In
869 4186 1105 4257 Vesperis
1133 4190 1183 4242 et
1209 4186 1486 4243 Matutinis
1535 4186 1723 4244 chorus
1775 4202 1881 4244 non
1924 4195 2162 4260 regatur.

2256 1784 2311 1838 S.
2343 1780 2593 1837 Audoeni
2638 1778 2924 1847 festivitas,
2974 1780 3200 1837 Joannis
3238 1784 3485 1850 tempore
3535 1778 3613 1849 (ut
3664 1794 3731 1837 ex
3777 1782 3894 1851 ejus

2256 1869 2498 1927 Historia
2553 1871 2784 1938 constat)
2845 1869 3243 1926 celeberrima:
3300 1869 3455 1937 Quod
3502 1869 3595 1925 hic
3641 1870 3894 1928 consulto

2256 1962 2505 2015 notatum
2532 1958 2823 2025 voluimus,
2847 1972 2916 2014 ne
2943 1959 3067 2029 quis
3085 1959 3214 2015 inde
3234 1957 3666 2029 sugillandorum
3691 1959 3894 2017 rituum

2258 2054 2574 2105 nostrorum
2602 2048 2948 2106 occasionem
2977 2048 3225 2119 arripiat.
3258 2049 3354 2104 Pa.

2331 2141 2547 2196 Festum
2577 2141 2632 2195 8.
2665 2138 2895 2196 Romani
2925 2139 3163 2195 civitatis
3210 2139 3630 2209 Rotomagensis
3676 2139 3895 2209 patroni

2257 2232 2314 2284 et
2342 2227 2746 2297 archiepiscopi
2776 2227 2884 2283 ritu
2914 2226 3120 2298 triplici
3174 2227 3230 2283 in
3278 2226 3513 2283 ecclesia
3553 2227 3893 2298 observatur,

2258 2330 2369 2373 non
2400 2317 2528 2373 item
2560 2317 2615 2372 in
2644 2315 2849 2387 populo
2878 2316 2974 2386 qui
3012 2320 3160 2373 totus
3192 2316 3551 2387 negotiationi
3601 2321 3657 2373 et
3702 2316 3894 2374 deam-

2258 2405 2524 2462 bulationi
2554 2406 2656 2460 hac
2687 2406 2776 2461 die
2805 2396 3095 2472 incumbit,
3120 2404 3195 2460 ita
3216 2411 3276 2460 ut
3299 2404 3532 2461 ecclesia
3548 2405 3674 2476 jure
3698 2406 3895 2462 merito

2255 2495 2443 2567 lugeat
2470 2510 2530 2550 eo
2560 2494 2697 2567 quod
2723 2510 2828 2550 non
2853 2494 2957 2549 sint
3001 2494 3090 2565 qui
3132 2493 3341 2550 ueniant
3387 2494 3459 2550 ad
3493 2493 3889 2551 solemnitatem.

2255 2584 2559 2643 Concilium
2589 2586 2992 2654 Rotomagense
3019 2596 3163 2640 anno
3217 2581 3372 2650 1581,
3405 2582 3739 2652 prasidente
3782 2585 3896 2640 Ca-

2254 2675 2375 2731 rolo
2405 2674 2681 2731 Borbonio
2711 2672 3131 2743 archiepiscopo
3161 2671 3547 2742 Rotomagensi
3593 2678 3649 2728 et
3695 2673 3752 2728 8.
3782 2673 3895 2729 Ro-

2255 2777 2431 2820 mana
2458 2761 2720 2818 Ecclesia
2759 2761 3045 2828 cardinali,
3085 2761 3155 2817 de
3185 2760 3336 2817 cultu
3365 2759 3548 2816 divino
3576 2759 3634 2815 in
3663 2774 3890 2832 genere,

2254 2860 2359 2910 art.
2394 2851 2428 2905 4
2452 2856 2509 2907 et
2536 2864 2654 2920 seq.
2688 2849 2757 2906 de
2785 2849 2908 2906 istis
2935 2849 3199 2906 nundinis
3219 2854 3273 2906 et
3293 2849 3625 2906 mercatibus
3654 2850 3896 2920 publicis

2255 2941 2311 2998 in
2341 2940 2537 2997 diebus
2564 2937 2720 2995 festis
2734 2939 2965 2995 maxime
2998 2938 3376 3009 conqueritur,
3409 2945 3465 2994 et
3492 2936 3730 2995 rebelles
3759 2932 3891 3002 156

2256 3027 2821 3086 excommunicatione
2852 3027 3063 3099 plectit.
3106 3029 3324 3084 Festum
3361 3040 3492 3085 vero
3540 3029 3595 3089 S.
3644 3028 3893 3085 Audoeni

2252 3118 2670 3190 Rotomagensis
2704 3118 2834 3174 item
2871 3117 3280 3188 archiprasulis
3328 3117 3438 3173 ritu
3489 3116 3697 3187 duplici
3743 3117 3897 3174 cele-

2254 3211 2445 3267 bratur
2501 3222 2600 3279 per
2655 3212 2825 3264 totam
2883 3205 3207 3272 dioecesim,
3243 3205 3565 3263 solemniter
3610 3212 3792 3264 autem
3840 3213 3895 3264 et

2253 3298 2460 3369 triplici
2495 3312 2646 3357 more
2676 3296 2732 3353 in
2762 3296 2997 3354 ecclesia
3024 3297 3080 3352 S.
3112 3294 3359 3352 Audoeni
3389 3294 3614 3366 propria
3642 3296 3893 3353 canonici

2253 3388 2584 3446 cathedralis
2620 3386 2870 3444 ecclesia
2908 3385 3209 3453 celebrant,
3260 3385 3327 3440 ad
3376 3398 3539 3454 quam
3585 3398 3651 3441 eo
3697 3384 3788 3441 die
3837 3386 3894 3443 tit

2252 3476 2534 3548 processio
2564 3489 2631 3532 ex
2660 3474 2961 3532 cathedrali
2990 3473 3246 3542 ecclesia,
3295 3488 3421 3544 qua
3468 3477 3594 3544 post
3640 3473 3895 3530 observa-

2252 3566 2432 3623 tiones
2494 3570 2712 3623 nostras
2773 3564 2830 3621 in
2902 3563 3099 3621 ordine
3181 3562 3595 3634 processiouum
3651 3568 3737 3619 est
3800 3576 3894 3619 ex-

2249 3662 2442 3715 trema.

2326 3747 2462 3819 (295)
2502 3745 2905 3819 Responsorium
2942 3760 2977 3801 a
3022 3742 3221 3800 duobus
3249 3741 3455 3800 clericis
3492 3742 3685 3815 absque
3710 3745 3894 3816 cappis

2249 3842 2505 3894 mutetur.
2537 3838 2597 3892 In
2628 3835 2878 3893 Sabbatis
2907 3849 3006 3906 per
3050 3847 3251 3890 annum
3287 3833 3509 3903 quando
3541 3834 3601 3890 in
3637 3834 3894 3905 Vesperis

2251 3926 2484 3983 habetur
2512 3922 2944 3995 responsorium,
2971 3920 3186 3978 scilicet
3215 3922 3269 3977 iu
3299 3921 3568 3988 Adventu,
3620 3926 3678 3978 et
3720 3936 3753 3978 a
3798 3923 3893 3978 Se-

2249 4014 2589 4086 ptuagesima
2616 4027 2790 4083 usque
2819 4012 2888 4068 ad
2935 4011 3275 4077 Trinitatem,
3308 4025 3339 4067 a
3369 4011 3586 4068 duobus
3613 4011 3671 4067 in
3699 4013 3893 4083 cappis

2248 4103 2483 4169 canitur,
2514 4101 2768 4157 similiter
2795 4099 2850 4155 in
2882 4099 3136 4155 omnibus
3164 4098 3463 4155 Dominicis
3492 4098 3889 4156 invitatorium.

2317 4189 2462 4258 (296)
2501 4193 2567 4247 In
2601 4189 2875 4249 Matutinis
2918 4204 3026 4245 una
3071 4193 3268 4245 tantum
3319 4188 3603 4260 autiphona
3629 4193 3889 4246 cantetur.

516 4279 577 4335 In
608 4276 696 4333 his
724 4274 978 4345 Vesperis
1005 4281 1062 4331 et
1084 4276 1368 4332 Matutinis
1415 4276 1620 4334 chorus
1648 4290 1679 4332 a
1708 4276 1925 4335 duobus
1968 4280 2399 4352 cappianunc
2444 4280 2760 4352 antiphona
2809 4291 3006 4335 novem
3059 4292 3229 4350 super
3284 4276 3522 4349 psalmos
3577 4284 3850 4336 canuntur
3873 4322 3888 4347 ,

2171 4324 2223 4386 D

513 4365 725 4423 indutis
751 4363 980 4436 regitur,
992 4363 1093 4421 sed
1103 4363 1173 4421 ad
1198 4366 1268 4420 Te
1286 4366 1453 4423 Deum
1480 4364 1653 4423 altare
1682 4379 1794 4424 non
1815 4366 2154 4427 incensatur.
2171 4363 2222 4386 "
2243 4373 2475 4441 excepto
2505 4372 2753 4439 tempore
2783 4364 3047 4437 paschali.
