4146 6182
485 298 587 353 119

1603 309 1897 366 JOANNES
1933 311 2348 368 ARCHIEPISC.
2386 311 2723 367 ROTOMAG.

3738 312 3838 367 120

478 430 937 520 aui-cantorum
980 426 1074 508 alii
1123 427 1303 495 Salve,
1344 432 1723 520 nostrajsalus.
1772 437 1888 502 Quo
1936 437 2112 520 finito,
2134 436 2491 520 Arevestitis,
2524 444 2579 492 et
2607 438 2924 520 pergantad
2955 437 3134 520 lqcum
3154 442 3498 520 consuetum,
3531 443 3585 493 et
3614 439 3840 520 ibi_can-

482 494 738 550 dominus
764 496 1234 569 archiepiscopus,
1278 508 1488 569 cantor,
1522 494 1871 563 diaconus'et
1898 494 2119 565 subdia;

483 579 658 650 genus
686 571 1028 650 .vertantuse
1076 570 1143 625 ad
1175 569 1454 650 feretrum,
1479 581 1552 650 et
1598 576 1885 635 incensent
1923 594 2125 650 corpus

482 637 1076 714 Dorpinihonorifice,
1109 649 1333 698 cantore
1382 637 1681 714 incipiente
1729 663 1849 704 cum
1899 637 2123 708 domino

483 708 903 786 archiepiscopo
954 717 1008 766 et
1055 714 1347 786 revestitis,
1402 708 1757 786 incensando,
1810 726 1865 776 et
1911 727 1997 778 ter
2044 739 2125 779 re-

484 785 822 860 petaturmet
852 781 1053 860 chorus
1102 784 1265 860 ducat
1308 786 1373 840 ad
1425 787 1584 843 finem
1635 781 1837 859 Dignus
1890 809 1971 860 es,
2023 797 2126 850 Do-

484 850 637 929 mine.
680 850 797 906 Alia
844 854 1144 929 antiphona
1201 858 1457 912 Hosanna
1501 860 1608 929 ﬁlio
1655 850 1847 920 David.
1897 850 2015 921 Hoc
2062 866 2123 921 fi-

484 922 601 976 nito
651 925 932 990 processio
964 922 1188 993 redeat,
1242 935 1466 984 cantore
1501 922 1824 1002 'incipiente
1871 937 2124 1007 antipho-

485 1025 607 1065 nam
666 1012 936 1092 asperant
1004 1029 1176 1092 omnes
1232 1017 1413 1092 turbis.
1488 1012 1620 1080 162
1680 1023 1990 1092 Sequantur
2045 1040 2122 1081 re.

483 1096 672 1163 spons.
705 1085 978 1163 Dominns
1001 1087 1203 1163 _.(es_us,
1254 1089 1289 1150 γὲν
1347 1092 1723 1163 Coni'enerunt,
1769 1085 1811 1163 iit,
1859 1098 1983 1152 Cum
2032 1113 2126 1152 au-

487 1153 646 1208 disset
695 1153 882 1232 tttrba,_
921 1153 957 1213 ii
987 1158 1057 1210 Et
1097 1153 1720 1232 duntiappropinquaret.
1755 1153 1888 1222 Cum
1941 1174 2123 1224 autem

487 1226 769 1307 processio
817 1225 884 1307 ad
944 1232 1158 1294 portam
1184 1225 1434 1307 civitatis
1482 1225 1735 1290 ordinata
1790 1237 1902 1307 [al.,
1962 1254 2127 1295 orna-

487 1295 611 1363 tam]
650 1296 879 1378 venerit,
914 1310 1011 1352 sex
1037 1301 1197 1378 pueri
1216 1303 1453 1378 Aturrim
1471 1295 1901 1378 ascendantk(3),'
1929 1316 1984 1366 et
2022 1311 2124 1366 hos

486 1380 674 1440 versus
706 1363 895 1440 festive
926 1363 1147 1426 cantent
1199 1372 1403 1440 Gloria,
1434 1374 1551 1430 laus
1580 1383 1627 1432 et
1655 1363 1840 1434 honor.
1862 1363 2125 1439 Dominus

385 1436 397 1451 ’
483 1436 957 1513 archiepiscopus,
983 1441 1064 1513 vel
1113 1436 1398 1511 sacerdos,
1427 1454 1638 1513 cantor,
1680 1464 1802 1504 cum
1851 1436 2126 1510 revestitis

484 1508 1082 1593 incensandoincipialt
1112 1514 1314 1593 Glorici,
1356 1508 1493 1584 laus,
1528 1508 1799 1577 ﬂectendo
1836 1538 2035 1593 genua,
2069 1508 2124 1581 et

485 1579 690 1660 chorus
719 1581 884 1660 ducat
929 1583 999 1638 ad
1043 1584 1229 1660 tinem.
1280 1579 1414 1660 Item
1472 1579 1567 1645 sex
1606 1596 1760 1660 pueri
1794 1579 2034 1651 rulsraet'
2069 1579 2124 1651 es

485 1655 693 1736 turea.
753 1652 985 1736 Chorus,
1036 1655 1192 1736 flexis
1245 1659 1509 1736 genibus,
1556 1652 1810 1719 dominus
1856 1667 2127 1736 archiepi-

486 1734 709 1805 scopus,
763 1730 956 1805 cantor
987 1732 1057 1805 et
1101 1727 1448 1805 aliiﬁloria,
1489 1730 1625 1805 laus,
1677 1740 1735 1789 ut
1772 1736 1943 1804 prius.
1986 1727 2119 1794 item

487 1794 644 1879 pu‘eri
678 1794 718 1856 ὲ
756 1796 925 1879 (fretus
972 1796 1033 1879 in
1075 1798 1320 1879 eaceisis,
1347 1794 1622 1879 dominus
1646 1794 2118 1879 archiepiscopus,

487 1864 990 1945 vel_sacerdes_,‘_et
1037 1869 1130 1945 alii
1168 1877 1227 1926 ut
1276 1864 1446 1941 prius.
1501 1877 1634 1930 Item
1683 1864 1854 1945 pueri.
1891 1879 1927 1939 ir
1976 1864 2127 1937 ﬁlebs

489 1935 751 2018 Heerfcaj
796 1936 999 2006 Gloria,
1037 1939 1177 2018 laus,
1222 1935 1291 2018 ut:
1315 1958 1501 2014 supra.
1536 1935 1834 2018 llocifinito
1873 1935 2128 2007 dominus

490 2006 940 2093 archiepiscopus
966 2011 1052 2093 vel
1092 2006 1400 2093 sacerdos;
1431 2030 1553 2072 cum
1584 2017 1712 2093 _[at.,
1754 2021 1878 2076 add.
1914 2006 2122 2093 cantor]

490 2082 784 2162 revestitis‘
809 2082 1036 2162 incipiat
1081 2090 1233 2162 ant.,_
1252 2091 1306 2141 et
1344 2100 1534 2162 omnes
1576 2082 1797 2146 flectant
1840 2107 2037 2162 genua,
2074 2082 2129 2150 et

492 2149 712 2231 chorus
754 2149 951 2231 finiat:
986 2149 1299 2231 In__nomine
1352 2159 1496 2231 Iesu.
1554 2162 1668 2227 Qua
1728 2149 1876 2219 finita
1936 2149 2129 2221 cantor

490 2223 719 2303 incipiat
777 2223 815 2289 1i
872 2224 1217 2303 Iagrediente_
1253 2230 1471 2284 Domino
1506 2273 1520 2296 ,
1552 2223 1628 2303 73‘
1694 2234 1817 2289 Cum
1875 2236 2125 2293 audisset.

491 2293 756 2374 Etintret
798 2296 1082 2374 processio
1137 2299 1349 2374 urbem.
1396 2293 1656 2370 Sequitur
1686 2304 1723 2373 ii)
1764 2306 2128 2374 Cogitaverunt

493 2366 683 2430 autem,
719 2369 755 2429 ψ
795 2366 1175 2422 Testimonium.
1207 2370 1287 2424 Ad
1335 2366 1623 2428 introitum
1670 2366 1797 2430 atrii
1826 2366 2019 2434 cantor
2046 2380 2129 2433 in-

493 2433 685 2517 cipiat.
711 2435 1034 2518 Coflegerunt
1065 2441 1383 2518 pontiﬁces._
1411 2445 1654 2518 Quatuor
1702 2433 2011 2518 presbyteri
2059 2450 2127 2505 de

494 2507 687 2589 majori
716 2507 848 2562 sede
877 2523 1000 2589 cum
1039 2507 1225 2589 rubeis
1254 2516 1309 2589 et
1334 2507 1602 2589 viridibus
1630 2507 1820 2587 cappis
1850 2507 1917 2589 (ἃ)
1951 2520 2128 2576 induti

494 2583 621 2657 ante
647 2579 843 2657 januas
882 2579 1130 2657 ecclesia:
1158 2588 1393 2657 eantent
1422 2585 1567 2641 hunc
1596 2579 1809 2643 versum
1847 2579 1990 2645 Unus
2027 2608 2129 2647 au-

495 2652 596 2701 tem
617 2663 692 2731 ea:
719 2650 845 2731 ipsis
865 2671 892 2731 ;_
924 2650 1229 2731 choruane
1254 2654 1406 2723 forte.
1435 2658 1564 2731 _Hoc
1602 2657 1776 2725 ﬁnito,
1804 2661 1973 2717 intret
2004 2677 2131 2731 pro-

489 2721 665 2776 cessio
696 2721 1003 2789 ecclesiam,
1036 2727 1091 2778 et
1117 2721 1398 2793 feretrum,
1431 2727 1486 2781 in
1526 2742 1636 2797 quo
1676 2721 1878 2801 corpus
1916 2721 2130 2789 Domini

490 2809 676 2892 fuerit,
707 2817 833 2892 ante
885 2818 1071 2880 portas
1118 2813 1366 2892 ecclesia
1400 2829 1431 2869 a
1479 2815 1695 2873 duobus
1738 2812 1867 2881 I63
1899 2822 2129 2892 presby-

490 2880 718 2953 terisiin
767 2888 1135 2937 transversum
1183 2883 1421 2940 ablatum
1465 2892 1737 2953 teneatur,
1769 2880 2043 2947 etclerus
2066 2880 2129 2948 et

485 2952 722 3031 populus
742 2952 1073 3031 subintrent.
1110 2955 1227 3010 lloe
1258 2954 1433 3031 finito,
1456 2960 1649 3031 statim
1689 2961 2129 3031 discooperiatur

481 3023 792 3101 crucifixus,
827 3030 882 3078 et
927 3024 1200 3101 dominus_
1224 3026 1674 3101 archiepiscopus
1711 3032 1794 3086 vel
1834 3023 2115 3101 sacerdos,

2206 514 2354 564 tetur
2382 510 2545 563 missa
2592 508 2660 563 de
2711 508 2943 577 jejunio.
2998 511 3060 563 Et
3106 510 3161 564 in
3207 510 3449 565 motione
3472 511 3842 579 processionis

2206 586 2399 635 cantor
2426 579 2655 648 incipiat
2676 587 2786 634 ant.
2812 580 3085 649 Propitius
3113 585 3243 647 esto,
3273 581 3491 636 demum
3511 581 3637 648 alia,
3670 583 3715 637 si
3745 596 3842 637 ne-

2206 665 2359 707 cesse
2380 650 2545 706 fuerit
2578 670 2590 704 :
2615 651 2679 704 In
2708 652 2921 705 nomine
2952 652 3186 706 Domini.
3220 653 3429 718 Quibus
3457 653 3689 708 cantatis
3718 666 3844 709 can~

2206 728 2353 778 tetur
2368 724 2407 790 ιῆ
2426 721 2649 794 velant.
2678 721 2746 777 de
2767 722 2992 794 sanctis,
3019 737 3117 792 per
3146 737 3379 791 quorum
3410 724 3699 793 parochias
3719 739 3842 794 pro-

2206 795 2383 849 cessio
2400 792 2699 864 transierit,
2719 793 2785 848 ad
2809 793 3065 862 placitum
3084 795 3352 859 cantoris;
3374 792 3429 850 et
3451 801 3575 864 post
3590 792 3845 851 dicantur

2206 871 2416 933 septem
2466 863 2658 933 psalmi
2717 864 3143 933 pmnitentiales,
3176 866 3376 935 quibus
3413 863 3583 921 finitis
3628 867 3844 922 dicatur

2206 942 2319 991 ant.
2354 938 2433 992 Ne
2455 936 2846 990 reminiscaris.
2882 938 2945 990 Et
2977 942 3103 1005 post
3132 937 3348 992 dicatur
3378 937 3445 992 de
3471 938 3682 1006 jejunio
3715 937 3837 992 ofﬁ-

2170 1018 2177 1021 ‘
2207 1008 2349 1062 cium
2373 1006 2676 1061 Emaudivit
2696 1007 2758 1060 de
2788 1005 2992 1077 templo,
3026 1014 3157 1074 etc.,
3179 1008 3323 1063 sicut
3351 1009 3407 1064 in
3438 1005 3570 1064 feria
3600 1010 3841 1064 secunda

2207 1078 2570 1147 Rogationum
2599 1077 2953 1150 habetur,ret
2991 1085 3115 1148 post
3160 1080 3377 1135 missam
3422 1080 3514 1135 fiat
3561 1080 3842 1150 processio

2206 1157 2333 1204 ante
2362 1150 2531 1203 altare
2557 1162 2677 1204 cum
2712 1149 2969 1218 precibus
2997 1156 3052 1205 et
3082 1150 3424 1207 orationibus
3445 1150 3522 1206 ibi
3555 1149 3841 1220 pertinen-

2206 1221 2375 1276 tibus.
2415 1220 2623 1276 Deinde
2672 1220 2968 1289 incipiatur
3013 1235 3044 1275 a
3101 1223 3280 1277 tribus
3326 1223 3395 1278 de
3432 1222 3675 1278 secunda
3709 1222 3842 1277 sede

2206 1292 2325 1347 haec
2355 1292 2543 1347 litania
2578 1312 2590 1347 :
2622 1292 2873 1363 Domine,
2895 1292 3117 1361 defende
3156 1309 3271 1360 nos,
3296 1298 3351 1348 et
3373 1294 3577 1349 chorus
3606 1308 3841 1363 respon-

2206 1363 2333 1420 deat
2360 1364 2602 1427 Domine,
2636 1362 2890 1429 defende.
2922 1364 3206 1431 Cantores,
3240 1366 3440 1421 Sancta
3468 1365 3665 1432 Maria,
3702 1362 3840 1430 etc.,

2204 1466 2305 1521 per
2360 1444 2493 1514 |65
2552 1451 2794 1506 litaniam
2836 1453 3143 1523 usquedum
3171 1453 3393 1510 veniant
3422 1453 3490 1509 ad
3530 1453 3841 1511 ecclesiam.

2568 1576 2928 1632 PROCESSIO
2964 1579 3052 1633 AD
3090 1579 3145 1634 S.
3186 1579 3478 1634 ELIGIUM.

2528 1696 2682 1737 FERIA
2732 1697 2973 1738 SECUNDA
3021 1700 3074 1739 1N
3121 1699 3520 1741 ROGATIONIBUS

2140 1772 2188 1830 Β
2280 1787 2456 1861 Finita
2486 1789 2646 1861 Sexta
2677 1795 2901 1861 paretur
2921 1791 3222 1861 processio,
3257 1790 3311 1846 in
3335 1805 3441 1861 qua
3461 1791 3643 1847 clerus
3671 1795 3727 1847 et
3750 1806 3848 1861 po-

2209 1859 2370 1929 pulus
2397 1860 2569 1933 totius
2600 1860 2835 1933 civitatis
2855 1875 2976 1915 eum
2996 1860 3235 1933 feretris,
3261 1859 3517 1918 crucibus
3547 1862 3651 1933 (5),
3676 1859 3849 1933 signis

2209 1937 2264 1986 et
2291 1929 2504 1986 vexillis
2532 1931 2923 1987 ecclesiasticis
2942 1932 3010 1987 ad
3032 1934 3505 1989 metronolitanam
3536 1929 3591 1989 et
3608 1929 3846 1989 matrem

2210 2002 2496 2074 ecclesiam
2519 2003 2814 2058 convenire
2846 2011 3121 2059 tenentur.
3155 2002 3234 2059 Ad
3266 2019 3424 2074 quam
3457 2006 3537 2060 sic
3567 2005 3846 2061 conﬂuen-

2209 2074 2376 2137 tibus,
2399 2073 2629 2129 honeste
2651 2074 3006 2129 extrahantur
3023 2074 3223 2131 feretra
3271 2073 3325 2131 et
3363 2077 3671 2133 sanctuaria
3718 2077 3849 2132 reli-

2210 2146 2460 2214 quiarum
2481 2145 2772 2214 portabilia
2793 2146 2861 2201 de
2883 2146 3141 2203 thesauro
3162 2146 3433 2214 ecclesiae,
3475 2154 3531 2204 et
3568 2146 3849 2204 deferatur

2209 2216 2521 2290 successive
2552 2223 2607 2271 et
2636 2231 2735 2290 per
2764 2217 3012 2290 ordinem
3037 2233 3206 2290 usque
3227 2219 3295 2273 ad
3313 2219 3539 2275 chorum
3559 2219 3849 2290 quodlibet

2209 2286 2470 2343 feretrum
2502 2301 2601 2357 per
2624 2286 2763 2344 duos
2783 2289 3101 2344 sacerdotes
3118 2286 3216 2355 Eat.
3250 2286 3848 2359 capellanosjcommu-

2210 2359 2352 2432 niam
2378 2359 2746 2432 percipientes
2775 2359 2843 2432 de
2872 2360 3113 2416 secunda
3141 2361 3273 2416 sede
3309 2362 3547 2432 scriptos
3575 2363 3630 2416 in
3661 2362 3848 2417 tabula

2209 2429 2276 2484 ad
2300 2430 2558 2499 placitum
2578 2431 2885 2500 scriptoris,
2920 2433 3209 2488 revestitos
3236 2432 3395 2499 albis,
3424 2429 3484 2489 et
3512 2447 3679 2559 super
3703 2432 3847 2488 alta-

2209 2501 2289 2555 ria
2320 2501 2474 2557 chori
2495 2501 2770 2557 situentur
2796 2501 3019 2559 feretra.
3045 2503 3146 2559 [(6)
3179 2518 3409 2559 auorum
3439 2518 3573 2559 cane
3598 2504 3847 2559 lanorum

2208 2501 2289 2555 ria
2313 2501 3019 2573 chorisituenturferetra,
3045 2503 3146 2570 [(6)
3179 2518 3409 2572 quorum
3439 2501 3847 2573 capellanorum

2211 2572 2449 2644 quilibet
2470 2572 2600 2627 inde
2628 2587 2725 2627 sex
2754 2572 3012 2629 denarios
3033 2575 3300 2644 percipiet
3329 2576 3396 2630 de
3446 2572 3608 2630 bursa
3638 2576 3849 2631 domini

2210 2643 2609 2716 archiepiscopi
2633 2658 2732 2716 pro
2755 2645 3000 2713 qualibet
3019 2645 3107 2701 die
3137 2643 3375 2715 ipsarum
3409 2648 3845 2716 processionum,

2212 2715 2455 2783 exceptis
2486 2713 2595 2768 illis
2624 2714 2717 2783 qui
2751 2716 3046 2784 portabunt
3066 2713 3323 2772 feretrum
3355 2713 3559 2773 sanetae
3581 2719 3769 2784 Anna,
3792 2725 3851 2773 et

2210 2785 2375 2857 etiam
2405 2784 2609 2857 debent
2638 2786 2839 2857 habere
2860 2788 3268 2856 quilibetunum
3294 2803 3391 2857 par
3405 2789 3845 2844 ebirothecarum

2210 2870 2242 2909 a
2270 2854 2531 2927 fratribus
2588 2854 3058 2925 confratria'rum;]
3102 2865 3157 2913 et
3202 2859 3258 2912 in
3294 2854 3601 2927 cujuslibet
3654 2859 3846 2915 feretri

2210 2926 2469 2999 exitude
2516 2927 2775 2983 thesauro
2823 2935 3015 2984 cantor
3062 2929 3287 2999 incipiat
3341 2926 3449 2985 alte
3487 2930 3845 2999 antiphonam

2212 2998 2503 3072 propriam
2520 2998 2614 3052 tali
2641 3001 2975 3072 sanetuario,
2999 3014 3121 3069 quae
3153 3014 3250 3068 per
3268 3001 3589 3072 assistentes
3609 3003 3847 3072 capella-

479 3070 995 3169 ιῖεὶὶὶῐὸῑζῖλίὶιὲὀηυὲ
1027 3070 1809 3169 εἶ’ἕῦδᾶἶέἔόἶιᾛξῖἶλῖςῖόίείἷί,
1834 3070 2115 3161 ῗὲἓίἓέιῖιῗ
2140 3083 2311 3169 cf“)?
2341 3078 2625 3169 ,Ῡοηίίηυίὶ
2676 3071 2985 3169 ίέ³1¹ί³δ¹ί¹¹ν
3023 3072 3347 3169 ῆδξοειεησο
3386 3071 3664 3169 ,ίὲνέίῗυω
3717 3089 3844 3129 cum

477 3177 673 3241 genua,
704 3166 956 3241 gve,_re.z:
996 3170 1191 3241 noster,
1224 3174 1275 3241 et
1314 3169 1517 3225 chorus
1547 3166 1819 3237 similiter,
1848 3178 1976 3241 Ave,
2018 3192 2118 3232 rex

475 3232 668 3288 noster.
710 3232 970 3315 Dominus
1013 3236 1466 3315 archiepiscopus
1515 3249 1569 3297 et
1616 3243 1708 3298 alii
1760 3232 2112 3315 dicant'A-ve,

475 3319 573 3382 rei:
608 3309 828 3382 τιοδίεν.Δ
860 3308 923 3382 bit.
980 3306 1184 3382 chorus
1208 3306 1379 3376 istae,
1428 3326 1546 3380 γεω,
1587 3319 1782 3382 noster,
1836 3324 1891 3371 et
1946 3306 2112 3374 totam

476 3376 959 3454 deinceps__tiniat_
1004 3379 1359 3454 antiphonam
1406 3376 1911 3454 Fili'lmvideua
1963 3389 2116 3445 finita

476 3447 961 3527 quatuor-diaconi
993 3449 1062 3503 de
1090 3447 1331 3527 secunda
1361 3454 1493 3509 sede
1524 3456 1697 3525 nigris
1716 3447 1906 3527 cappis
1935 3460 2113 3517 induti

478 3519 533 3572 in
584 3518 796 3587 pulpito
846 3524 994 3575 retro
1054 3522 1372 3579 crucifixum
1430 3518 1612 3581 versis
1658 3518 1897 3584 vultibus
1948 3532 2016 3587 ad
2056 3547 2115 3588 se

478 3589 630 3658 ipsos
674 3596 897 3646 cantent
946 3591 1069 3665 hoc
1093 3608 1238 3663 resp.
1289 3595 1767 3665 Circumdederunl,
1802 3615 1925 3657 cum
1956 3617 2115 3659 versu

478 3668 533 3717 et
564 3676 837 3731 regressu.
876 3665 993 3730 Quo
1045 3663 1220 3731 finito,
1253 3666 1320 3722 ad
1378 3668 1664 3725 introitum
1715 3663 1873 3727 chori
1923 3680 2118 3731 cantor

479 3735 708 3804 incipiat
736 3741 849 3791 ant.
881 3738 1149 3807 Principes
1175 3738 1523 3805 sacerdotum,
1566 3749 1621 3796 et
1649 3744 1922 3801 cantando
1948 3746 2117 3801 intret

477 3807 760 3878 processio
809 3807 1058 3878 chorum.
1109 3809 1369 3876 Sequitur
1423 3810 1529 3864 alia
1584 3821 1723 3878 ant.,
1782 3816 1830 3869 si
1888 3829 2114 3873 necesse

477 3877 661 3950 fuerit,
702 3877 873 3950 Multa
919 3877 1073 3950 turba
1121 3878 1440 3950 Iudaeorum,
1499 3895 1607 3950 qua
1649 3877 1819 3949 ﬁnita,
1858 3887 2117 3944 dominus

476 3947 946 4030 archiepiscopus,
996 3949 1042 4002 si
1092 3962 1336 4030 praesens
1381 3947 1566 4019 fuerit,
1616 3947 1907 4013 benedicat
1944 3972 2115 4030 pepu-

475 4017 608 4084 lum,
641 4023 696 4074 et
723 4019 1021 4088 incipiatur
1050 4020 1232 4075 missa.

787 4108 1147 4163 PROCESSIO
1200 4110 1289 4163 AD
1332 4110 1386 4163 S.
1428 4112 1794 4169 AUDOENUM

826 4211 880 4249 IN
902 4211 1064 4251 FESTO
1095 4212 1141 4251 S.
1166 4212 1330 4253 MARCI
1362 4214 1754 4258 EVANGELISTJE.

539 4286 618 4366 Ad
659 4286 1117 4366 Sextam_ant.41u
1153 4285 1471 4366 velumen_to,_
1491 4296 1598 4346 etc.
1634 4293 1869 4366 Interim,
1900 4310 2113 4366 praepa-

471 4364 626 4413 retur
658 4358 963 4426 processio,
1002 4361 1057 4413 et
1086 4366 1216 4413 nota
1248 4359 1395 4429 quod
1427 4361 1471 4415 si
1506 4365 1749 4421 evenerit
1787 4358 1931 4421 infra
1962 4358 2113 4424 oeta-

2198 3156 2462 3215 fratribus
2491 3158 2931 3226 confratriarum,
2966 3161 3060 3231 qui
3081 3165 3342 3216 tenentur
3384 3154 3399 3220 1
3418 3153 3520 3223 66
3550 3162 3839 3225 interesse,

2198 3243 2372 3299 usque
2394 3231 2460 3286 ad
2494 3231 2778 3286 introitum
2809 3232 2993 3298 chori;
3027 3246 3091 3286 ac
3122 3247 3220 3301 per
3249 3232 3732 3288 hebdomadarium
3754 3234 3837 3288 vel

2198 3301 2489 3356 dictarium
2520 3303 2834 3357 revestitum
2884 3303 3138 3357 omnibus
3194 3303 3627 3359 sacerdotalibus
3671 3305 3838 3359 vesti-

2198 3373 2397 3443 mentis
2417 3374 2540 3438 [al.,
2564 3374 2918 3438 indumentis]
2958 3380 3160 3443 praeter
3207 3375 3465 3441 casulam,
3498 3390 3619 3430 cum
3660 3377 3836 3431 thuri-

2200 3442 2351 3507 bulo,
2382 3458 2412 3498 a
2434 3458 2606 3513 puero
2631 3444 2818 3499 altaris
2846 3442 3207 3511 sibi’tradito,
3239 3446 3521 3501 incensum
3575 3446 3837 3502 offeratur

2199 3514 2425 3587 cuilibet
2447 3514 2650 3570 feretro
2672 3516 2739 3571 ab
2762 3516 2909 3571 exitu
2941 3516 3183 3571 thesauri
3204 3531 3376 3587 usque
3433 3517 3500 3572 ad
3549 3518 3834 3574 introitum

2199 3586 2377 3651 chori,
2401 3587 2900 3642 eoneomitantibus
2928 3587 3161 3643 diacono
3200 3594 3255 3644 et
3287 3586 3626 3645 Subdiacono
3648 3590 3838 3644 simili-

2200 3664 2285 3712 ter
2313 3658 2607 3723 revestitis,
2631 3672 2754 3713 cum
2811 3658 3027 3713 duobus
3074 3661 3261 3727 pueris
3308 3658 3711 3729 perferentibus
3740 3675 3835 3715 ar-

2199 3728 2393 3801 dentes
2413 3743 2606 3785 cereos
2626 3730 2682 3784 in
2715 3729 3060 3786 candelabris
3081 3745 3253 3800 usque
3275 3728 3342 3786 ad
3374 3731 3607 3801 primum
3636 3746 3837 3787 ascen-

2198 3814 2317 3854 sum
2339 3800 2545 3867 altaris,
2572 3802 2726 3870 juxta
2750 3801 3033 3857 introitum
3064 3802 3219 3857 chori
3241 3801 3309 3857 de
3339 3800 3509 3858 latere
3540 3802 3754 3869 dextro,
3782 3810 3839 3859 ct

2198 3870 2404 3943 ibidem
2435 3873 2621 3941 pueris
2677 3886 2801 3928 cum
2848 3873 3194 3929 candelabris
3240 3874 3672 3943 quiescentibus,
3733 3889 3839 3943 per

2198 3941 2620 4015 aliumpuerum
2643 3943 2904 3999 offeratur
2958 3941 3332 4001 collectarium
3388 3945 3682 4011 sacerdoti,
3734 3941 3835 4015 qui

2197 4013 2305 4068 alte
2335 4014 2483 4087 dicat
2501 4014 3061 4087 ibidemversiculum
3089 4021 3144 4071 et
3172 4017 3457 4073 collectam
3507 4013 3836 4087 appropria-

2196 4091 2306 4139 tam
2336 4084 2430 4139 tali
2451 4086 2785 4152 sanetuario,
2818 4085 3059 4142 finiendo
3089 4088 3247 4144 basse
3298 4091 3398 4144 Per
3445 4084 3700 4145 Christum
3733 4092 3839 4143 Do-

2196 4156 2385 4229 minnm
2411 4162 2660 4229 nostrum.
2685 4157 2892 4224 Quibus
2920 4159 3000 4213 sic
3021 4158 3272 4227 expletis,
3291 4174 3392 4229 pro
3410 4160 3585 4229 primo
3605 4158 3830 4226 feretro,

2196 4227 2449 4299 similiter
2479 4227 2571 4282 fiat
2600 4242 2699 4297 pro
2729 4229 2978 4299 quolibet
3006 4230 3201 4296 altero,
3234 4227 3328 4286 tali
3376 4227 3569 4287 ordine
3617 4239 3834 4286 servato

2196 4298 2344 4373 quod
2368 4299 2552 4373 primo
2582 4298 2849 4373 educatur
2878 4300 3137 4357 feretrum
3169 4303 3419 4373 corporis
3461 4308 3515 4358 et
3552 4302 3747 4372 capitis
3775 4305 3831 4357 S.

2197 4371 2403 4436 Severi,
2453 4371 2696 4427 secundo
2742 4371 2949 4429 feretro
2987 4373 3235 4428 Omnium
3272 4371 3627 4439 Sanctorum,
3668 4372 3835 4429 tertio

472 4443 589 4513 vam
638 4428 881 4514 Pasehte,
914 4429 989 4514 ita
1042 4428 1370 4514 celebretur.
1416 4433 1475 4487 ln
1534 4439 1685 4514 motu
1739 4437 2173 4514 processionisD
2194 4428 2401 4514 sanctae
2420 4444 2612 4509 Annae,
2645 4451 2842 4512 quarto
2873 4445 3049 4500 beata:
3079 4445 3280 4509 Mariae,
3314 4428 3507 4514 quinto
3528 4428 3703 4499 sancti
3723 4445 3835 4499 Ro-

476 4503 531 4557 in
570 4500 752 4557 eundo
783 4499 850 4555 ad
880 4499 1117 4571 aliquam
1156 4502 1444 4558 ecclesiam
1494 4499 1755 4561 cantetur
1775 4522 1806 4562 a
1837 4509 2012 4565 tribus
2042 4511 2112 4566 de

472 4589 667 4666 majori
700 4589 854 4666 sede
904 4590 981 4666 __de
1036 4589 1123 4666 his
1178 4592 1448 4666 versibus,
1482 4600 1747 4661 quantum
1799 4611 1939 4666 opus
1985 4592 2116 4660 |64

468 4659 1023 4735 fuerit,_Snlve,/est_a
1062 4661 1190 4735 dies.
1224 4662 1358 4717 Cum
1407 4659 1534 4719 vero
1581 4659 1899 4735 perventum
1950 4659 2115 4726 fuerit

469 4734 537 4788 ad
569 4732 856 4787 ecclesiam
887 4732 1034 4786 nulla
1085 4732 1161 4788 ibi
1208 4738 1460 4789 cantetur
1499 4732 1682 4803 missa,
1734 4740 1829 4794 sed
1863 4748 2114 4797 cantetur

472 4805 540 4858 de
581 4810 771 4858 sancto
812 4803 1062 4859 ecclesiae
1094 4803 1131 4862 ir"
1162 4804 1243 4858 vel
1286 4813 1399 4859 ant.
1434 4820 1554 4861 cum
1605 4823 1766 4864 versu
1817 4818 1871 4865 et
1910 4813 2114 4869 oratio-

473 4888 577 4948 ne;
614 4888 722 4941 qua
752 4872 922 4939 finita,
958 4875 1147 4931 redeat
1179 4876 1459 4944 processio
1494 4892 1592 4947 per
1621 4887 1832 4948 portam
1865 4883 2113 4943 orienta-.

467 4945 596 5010 lem,
641 4949 696 4997 et
739 4952 990 5001 cantetur
1040 4960 1071 5001 a
1120 4948 1295 5003 tribus
1346 4948 1413 5003 de
1461 4945 1704 5005 secunda
1743 4953 1873 5008 sede
1923 4953 2112 5011 litania

468 5017 706 5089 Domine,
748 5014 964 5089 deffnde
1004 5032 1119 5071 nos.
1168 5019 1222 5074 Si
1252 5018 1357 5073 alia
1406 5019 1525 5074 dics
1572 5019 1755 5089 fuerit,
1808 5031 2002 5081 cantor
2033 5027 2111 5083 in-

467 5088 637 5166 cipiat
665 5092 780 5166 alii.
802 5086 1154 5166 .Ewsurge,let
1174 5089 1390 5166 dicatur
1418 5106 1449 5145 a
1491 5086 1780 5166 sacerdote
1812 5095 1849 5155 Ῡ
1890 5096 2115 5153 Ostende

467 5159 641 5224 nobis,
673 5158 919 5221 Domine;
955 5158 1131 5213 oratio
1163 5162 1472 5217 Ascendant
1502 5163 1576 5218 ad
1604 5169 1671 5220 te.
1723 5167 1948 5224 Demum
1996 5183 2112 5225 mo-

466 5230 659 5303 veatur
680 5229 964 5303 processio
995 5241 1025 5282 a
1055 5229 1224 5303 choro
1248 5233 1499 5288 ordinata
1530 5249 1653 5292 cum
1693 5252 1878 5303 cruce,
1911 5241 2113 5295 cande-

467 5301 637 5356 labris
667 5307 721 5356 et
750 5301 943 5371 signis,
993 5300 1333 5371 presbytero,
1385 5304 1619 5362 diacono
1668 5312 1723 5363 et
1768 5300 2111 5369 subdiacono

571 5397 633 5467 3)
667 5400 822 5455 Nunc
851 5399 906 5454 in
938 5397 1134 5455 vicina:
1181 5400 1376 5457 domus
1424 5404 1737 5462 cubiculum
1784 5409 2109 5467 ascendunt.

571 5398 606 5451 3
667 5400 822 5455 Nunc
851 5399 906 5454 in
938 5398 1134 5455 vicina:
1181 5400 1376 5457 domus
1424 5404 1737 5462 cubiculum
1784 5421 1894 5464 ascr

668 5468 864 5536 l-Iodie,
897 5471 1087 5553 cappis
1116 5470 1306 5542 nigris.
1350 5544 1361 5556 .
1405 5544 1416 5556 ο
1882 5549 1894 5561 ο

576 5559 611 5594 o
668 5542 800 5606 Quae
830 5547 889 5598 ut
920 5542 1213 5611 plurimum
1242 5557 1273 5599 a
1294 5543 1448 5602 lancis
1477 5546 1817 5611 deferuntur.
1878 5565 1893 5605 ι

470 5542 636 5669 bus]?
663 5542 800 5669 ἓξὲξ
830 5547 889 5598 ut
920 5542 1213 5612 plurimum
1242 5557 1273 5599 a
1294 5543 1448 5602 laicis
1477 5546 1817 5617 deferuntur,
1878 5549 1934 5608 in
1992 5566 2113 5622 pro-

2199 4512 2362 4567 mani.
2387 4514 2594 4580 Quibus
2615 4517 2871 4583 peractis,
2905 4522 3097 4571 cantor
3140 4516 3194 4570 in
3234 4512 3348 4571 sua‘
3380 4516 3640 4572 cathedra
3678 4515 3833 4570 chori

2198 4583 2427 4655 incipiat
2455 4585 2561 4640 alte
2583 4587 2793 4655 antiph.
2826 4588 3090 4655 Exsurge,
3125 4586 3369 4654 Domine;
3396 4588 3538 4642 Psal.
3563 4589 3718 4653 Deus,
3742 4600 3833 4639 au-

2194 4654 2338 4709 ribus
2349 4676 2366 4720 ;
2398 4658 2521 4711 Ant.
2555 4654 2817 4726 Exsurge.
2844 4654 3111 4712 Sacerdos
3130 4659 3418 4713 revestitus
3439 4659 3492 4713 in
3516 4658 3684 4713 choro
3706 4664 3835 4712 ante

2195 4726 2453 4795 aquilam,
2481 4742 2605 4782 cum
2626 4729 2858 4782 diacono
2890 4735 2942 4782 et
2971 4728 3311 4785 subdiacono
3360 4730 3649 4793 revestitis,
3711 4742 3835 4783 eum

2196 4811 2360 4853 cruce
2381 4804 2436 4853 et
2455 4799 2820 4865 candelabris,
2843 4798 2990 4853 dicat
3011 4797 3047 4857 γι
3080 4800 3304 4855 Ostende
3322 4801 3489 4856 nobis.
3523 4798 3707 4855 Oratio
3737 4803 3838 4853 As-

2196 4888 2415 4942 cendant
2436 4887 2506 4942 ad
2525 4893 2595 4954 te,
2625 4888 2864 4943 Domine.
2899 4889 3015 4943 Hoc
3058 4880 3193 4949 167
3228 4889 3402 4956 finito,
3443 4895 3657 4945 moveat
3705 4904 3837 4958 pro-

2197 4959 2394 5031 cessio,
2427 4964 2481 5031 et
2502 4966 2588 5014 eat
2616 4959 2684 5014 ad
2717 4959 2895 5031 locum
2928 4960 3257 5015 destinatum
3319 4976 3439 5031 per,
3473 4960 3683 5031 portale
3703 4965 3836 5016 San-

2196 5029 2269 5101 cti
2308 5030 2589 5099 Stephani,
2641 5035 2696 5085 et
2753 5030 3033 5086 deferatur
3088 5029 3375 5100 quodlibet
3418 5029 3676 5087 feretrum
3734 5046 3836 5101 per

2196 5100 2698 5173 duossacerdotes
2755 5100 2874 5167 [al.,
2915 5102 3248 5172 capellanos]
3300 5103 3596 5173 praedictos
3658 5100 3833 5172 usque

2196 5171 2407 5244 portale
2458 5172 2728 5244 ecclesia),
2771 5180 2826 5228 et
2872 5173 2941 5229 de
2982 5171 3183 5244 portati
3229 5171 3401 5244 usque
3450 5175 3517 5230 ad
3548 5171 3835 5230 introitum

2196 5242 2443 5316 ecclesiae
2466 5243 2722 5316 adquam
2747 5244 2894 5299 vadit
2926 5242 3226 5313 processio,
3278 5242 3602 5316 deportetur
3630 5246 3703 5313 (7)
3735 5260 3839 5315 Per

2193 5311 2390 5369 fratres
2428 5311 2761 5386 confratriie.
2794 5318 2852 5372 In
2885 5311 2994 5386 quo
3025 5317 3253 5373 introitu
3276 5311 3471 5374 iterum
3520 5311 3840 5374 sacerdotes

2194 5386 2465 5455 recipiant
2493 5385 2775 5456 feretrum,
2809 5393 2863 5443 et
2884 5385 3237 5445 introducam
3276 5390 3417 5443 intra
3445 5391 3616 5458 ipsam
3659 5390 3837 5445 eccle—

2194 5458 2351 5524 siam,
2384 5464 2440 5514 et
2461 5459 2736 5515 situentur
2781 5461 2837 5515 in
2893 5460 3009 5514 suis
3056 5459 3192 5515 locis
3246 5460 3556 5527 consuetis;
3611 5468 3665 5515 et
3709 5468 3835 5517 ante

2291 5556 2346 5620 6)
2376 5558 2470 5613 Ms.
2495 5557 2827 5613 cathedralis
2857 5557 3105 5613 ecclesiae
3126 5556 3301 5612 addit.

2291 5626 2343 5699 7)
2376 5628 2553 5686 Hodie
2582 5644 2612 5685 a
2633 5628 2853 5686 clericis
2875 5629 2931 5685 in
2952 5627 3110 5685 albis.
