4156 6196
356 284 438 339 121
1760 284 1933 340 ACTA

2050 283 2259 340 ITERA.

348 406 620 536 guodlibet
690 409 951 491 teretrum
1026 407 1341 486 pracedant
1412 408 1523 463 duo
1565 478 1577 492 .
1612 408 1698 479 (8)
1778 407 2353 492 clericiAdevotione;
2405 413 2461 465 et
2494 409 2705 492 .chorus
2742 409 3093 493 respondeat,
3135 416 3190 466 et
3238 418 3489 470 cantetur
3517 428 3695 485 usque

381 495 409 536 e
435 479 695 536 oradtcta
729 479 824 536 tat.
856 479 1056 536 prima]
1093 481 1225 536 sede
1271 494 1396 536 cum
1433 492 1610 535 cereis
1637 492 1885 534 accensis
1913 487 1969 536 et
2052 481 2120 536 ad
2151 482 2408 536 Sanctum
2442 481 2723 536 Nicolaum
2754 481 2822 536 de
2848 481 2997 536 Bello
3028 484 3157 536 Vtsu
3184 482 3195 536 l
3207 483 3308 536 12).
3348 485 3479 536 Cum
3510 494 3691 536 autem

435 478 695 551 pradicta
729 479 835 551 [at._
856 479 1056 551 prima]
1093 481 1225 537 sede
1271 494 1396 536 cum
1433 478 1885 551 cereisiaCcensis
1913 487 1969 536 et

348 550 677 608 candelabris
704 549 1121 622 confratriarum
1152 566 1276 622 qua
1314 551 1563 622 venerint
1602 550 1671 605 de
1717 550 1972 607 domibus

350 625 571 693 ipsarum
630 621 1067 689 confratriarum,
1127 620 1249 680 cum
1305 623 1442 692 ipsis
1495 620 1754 677 fratribus
1796 637 1971 692 usque

346 694 406 750 ad
450 694 755 761 ecclesiam,
806 701 1008 764 prater
1036 695 1195 761 duos,
1245 697 1338 765 qui
1387 694 1656 763 recipiant
1684 707 1876 765 cereos
1918 700 1973 750 et

346 765 657 821 candelabra
702 766 757 820 in
787 767 905 835 ipsa
951 767 1204 833 ecclesia,
1236 764 1291 821 et
1320 766 1636 835 pracedant
1673 772 1800 820 ante
1830 764 1972 821 fere-

347 845 475 892 trum
530 837 705 892 beata
764 838 964 892 Maria.
1021 839 1086 893 Et
1142 839 1196 892 in
1251 851 1545 907 progressu
1602 837 1972 906 processionis

345 915 525 963 cantor
551 908 774 964 incedat
821 908 877 962 in
915 908 1097 965 medio
1144 906 1517 978 proceSSionis
1543 906 1689 964 inter
1726 908 1971 978 capella-

345 994 454 1045 uos,
487 984 506 1044 [
536 978 617 1049 (9)
665 985 719 1035 et
749 980 1063 1049 pracedant
1092 980 1270 1049 ipsum
1309 980 1482 1035 curati
1513 980 1696 1035 Sancti
1727 980 1971 1050 Dionysii

350 1056 399 1105 et
450 1051 631 1105 Sancti
676 1051 902 1122 vigoris
958 1052 1014 1106 in
1078 1052 1268 1106 habitu
1330 1051 1579 1107 ecclesia
1636 1066 1757 1106 cum
1804 1051 1972 1121 virgis

342 1121 624 1177 excoriatis
658 1120 778 1191 (10)
816 1122 883 1178 ad
915 1122 1334 1178 custodiendum
1365 1123 1614 1179 ordinem
1649 1123 1967 1191 capellano-

342 1206 471 1247 rum.
528 1192 629 1260 Qui
667 1194 841 1248 curati
896 1194 1150 1250 similiter
1200 1208 1322 1249 cum
1381 1194 1734 1264 processione
1781 1208 1970 1249 rever-

341 1270 540 1336 tuntur,
589 1265 728 1336 etin
777 1278 1070 1335 progressu
1103 1262 1617 1336 pradicto'cantor]
1656 1264 1883 1335 incipiat
1914 1267 1969 1320 in

336 1335 503 1408 choro
549 1335 904 1404 antiphonam
954 1338 1219 1408 Propitius
1267 1342 1398 1402 esto,
1440 1342 1496 1391 et
1541 1336 1610 1391 de
1650 1336 1774 1391 aliis
1820 1337 1968 1391 anti-

337 1405 532 1475 phonis
574 1412 844 1472 cantetur,
893 1405 1193 1464 secundum
1243 1408 1391 1477 quod
1440 1413 1655 1477 tempus
1693 1409 1966 1477 poposcit,

337 1422 532 1475 pnonts
574 1422 844 1472 cantetur,
893 1422 1193 1464 secundum
1243 1422 1391 1477 quoa
1440 1422 1655 1477 tempus
1693 1422 1966 1535 pOFOSCll,

334 1483 387 1532 et
412 1477 711 1533 secundum
739 1479 989 1534 ordinem
1020 1480 1402 1549 prascriptum
1432 1494 1532 1548 per
1569 1478 1726 1534 istam
1778 1480 1967 1545 eriam,

336 1569 387 1619 et
439 1565 506 1620 de
553 1566 927 1635 responsoriis
973 1573 1023 1622 et
1074 1568 1392 1638 antiphonis
1463 1560 1600 1629 I68
1654 1572 1968 1624 sanctorum

336 1649 428 1706 per
475 1649 710 1707 quorum
766 1638 1057 1707 parochias
1113 1639 1394 1709 processio
1442 1639 1717 1695 transibit.
1778 1640 1968 1695 Prius-

3596 286 3697 343 122

2052 481 2120 536 ad
2151 482 2408 537 Sanctum
2442 480 2723 537 Nicolaum
2754 481 2822 537 de
2848 481 2997 538 Bello
3028 484 3157 537 Visu
3184 482 3308 549 (l2).
3348 485 3480 539 Cum
3510 480 3692 542 autem

2053 554 2334 622 processio
2391 553 2602 608 venerit
2648 553 2716 609 ad
2766 552 3049 609 introitum
3097 554 3223 609 atrii
3267 557 3449 610 Sancti
3479 556 3690 613 Nicolai

2052 623 2358 695 dimittatur
2386 624 2595 690 litania,
2646 630 2700 680 et
2747 630 2938 680 cantor
2984 624 3211 694 incipiat
3256 625 3362 681 hoc
3394 640 3692 695 responso-

2052 694 2190 749 rium
2227 714 2239 751 :
2277 695 2517 762 Quadam
2545 696 2649 760 die,
2701 702 2757 751 et
2811 697 3146 752 transeundo
3210 711 3308 765 per
3354 694 3686 753 antedictam

2053 765 2340 820 ecclesiam
2373 771 2644 823 cantetur.
2678 767 2855 823 Finito
2905 768 3279 837 responsorio,
3313 769 3574 824 sacerdos
3612 769 3696 824 di-

2052 843 2141 890 cat
2198 851 2413 892 versum
2474 840 2583 893 Ora
2629 853 2724 908 pro
2780 838 2947 907 nobis,
3005 839 3151 894 beate
3207 838 3447 895 Nicolae.
3507 840 3693 896 Oratio

2051 909 2212 973 Deus,
2243 909 2331 978 qui
2379 908 2582 963 beatum
2611 908 2909 966 Nicolaum.
2956 912 3131 966 Finita
3164 912 3432 977 oratione,
3467 911 3692 966 recedat

2054 980 2357 1052 processio,
2399 985 2623 1052 cantore
2656 982 2954 1050 incipiente
2982 982 3089 1039 hoc
3119 984 3569 1052 responsorium:
3606 984 3697 1037 Ea;

2052 1051 2161 1119 ejus
2208 1049 2401 1105 tumba.
2462 1050 2640 1105 Finito
2702 1049 3076 1121 reSponsorio,
3136 1049 3249 1109 tres
3313 1055 3381 1109 de
3447 1053 3690 1109 secunda

2051 1121 2182 1195 sede
2220 1126 2436 1176 sumant
2494 1121 2755 1188 litaniam,
2809 1125 2902 1178 ubi
2951 1132 3063 1180 tres
3096 1125 3163 1180 de
3197 1124 3389 1195 majori
3436 1124 3566 1180 sede
3616 1125 3697 1180 di-

2051 1194 2337 1267 miserunt,
2380 1198 2456 1267 et__
2481 1199 2704 1267 cantent
2749 1208 2927 1267 usque
2976 1196 3043 1250 ad
3081 1194 3293 1267 portam
3337 1198 3516 1267 magni
3556 1198 3695 1251 Pon-

2052 1265 2124 1319 tis
2158 1264 2305 1336 (l3),
2337 1270 2392 1319 et
2423 1264 2499 1318 ibi
2548 1263 2640 1318 ﬁet
2672 1264 2836 1319 statio
2868 1266 3028 1336 rsicut
3064 1263 3132 1320 ad
3165 1263 3693 1323 Sanctum'Salvato-

2054 1350 2205 1401 rem;
2256 1341 2311 1391 et
2351 1340 2637 1405 postquam
2668 1335 2921 1391 monachi
2962 1336 3069 1406 (14)
3106 1339 3464 1403 cantaverint,
3500 1343 3694 1394 cantor

2052 1407 2281 1476 incipiat
2309 1414 2422 1462 ant.
2456 1407 2557 1461 Isti
2581 1411 2699 1461 sunt
2728 1408 2829 1461 viri
2849 1407 3038 1472 sancti,
3072 1415 3127 1461 et
3156 1408 3232 1462 ibi
3254 1410 3402 1464 dicat
3432 1409 3694 1465 sacerdos

2051 1492 2265 1533 versum
2322 1484 2377 1533 et
2408 1478 2732 1544 orationem,
2786 1484 2845 1532 ut
2885 1492 3049 1547 supra
3097 1478 3164 1532 ad
3213 1481 3470 1534 Sanctum
3516 1481 3696 1536 Salva-

2053 1554 2250 1605 torem.
2299 1550 2504 1605 Dehinc
2560 1553 2847 1620 separetur
2901 1549 3184 1619 processio
3231 1550 3375 1605 sicut
3424 1550 3579 1618 heri,
3642 1558 3697 1607 et

2054 1627 2308 1677 cantores
2338 1622 2578 1676 litaniam
2607 1624 2887 1677 resumant
2921 1621 3170 1676 Audoene
3217 1621 3335 1688 Dei,
3377 1626 3509 1689 etc.,
3550 1627 3605 1678 et
3638 1623 3693 1678 in

332 1692 510 1777 quam‘
527 1692 1037 1800 processi'o‘veniat
1082 1692 1205 1781 ρᾌῖ
1227 1692 1799 1800 'i'sgeg'o‘e;aiesga
1820 1692 1966 1794 'ieea
1982 1741 2029 1800 Β
2052 1694 2223 1750 (διλοτο
2256 1692 2493 1749 δαίδων·

331 1786 609 1847 consueta,
658 1795 759 1850 per
804 1784 918 1836 tres
953 1781 1074 1838 dies
1119 1782 1483 1852 procedentes
1529 1782 1780 1838 monachi
1812 1783 1964 1852 prius

332 1856 551 1907 cantent
606 1853 1018 1922 responsorium
1076 1853 1161 1909 vel
1215 1859 1329 1909 ant.
1377 1854 1447 1909 de
1494 1860 1686 1909 sancto
1717 1853 1966 1910 ecclesia

331 1935 447 1977 cum
476 1936 640 1995 versu
669 1928 724 1979 et
753 1924 1024 1991 oratione,
1060 1931 1116 1979 et
1143 1925 1347 1981 chorus
1374 1925 1686 1981 immediate
1716 1932 1842 1995 post
1870 1939 1969 1981 eos

330 1999 510 2066 cantet
557 1994 828 2066 similiter,
880 2000 936 2051 et
978 1996 1228 2052 oratione
1258 1997 1403 2051 dicta
1433 1996 1526 2052 ﬁat
1552 1994 1732 2051 sermo
1761 1996 1831 2051 ad
1861 2011 1966 2066 po-

330 2064 511 2133 pulum
537 2085 579 2137 ;r
606 2080 717 2135 quo
764 2065 908 2122 facto
960 2068 1217 2123 dicantur
1253 2082 1448 2137 preces
1483 2074 1609 2123 ante
1640 2067 1811 2123 altare
1841 2064 1965 2123 cum

328 2136 714 2222 prostratione.
736 2138 944 2221 Quibus
964 2139 1153 2222 ﬁnitis,
1185 2139 1241 2222 i_n
1254 2136 1515 2222 regressu
1539 2147 1661 2222 tres
1687 2139 1875 2222 clerici
1897 2139 1966 2195 de

325 2207 567 2279 secunda
600 2209 733 2264 sede
762 2210 1030 2279 incipiant
1058 2210 1299 2266 litaniam
1332 2207 1489 2266 istam
1530 2210 1787 2266 Salvator
1812 2226 1966 2265 mun-

325 2277 396 2343 di,
425 2278 582 2333 salva
609 2295 723 2335 nos.
754 2281 822 2334 Et
848 2277 930 2336 sic
957 2282 1181 2337 veniant
1223 2283 1292 2337 ad
1332 2282 1621 2338 ecclesiam
1668 2282 1962 2348 cantando,

323 2355 376 2402 et
429 2349 639 2423 chorus
701 2352 1034 2423 respondeat
1090 2354 1256 2423 Hyrie
1319 2352 1533 2409 eleison.
1593 2355 1726 2409 Cum
1782 2360 1964 2409 autem

323 2421 610 2491 processio
654 2422 867 2477 venerit
930 2423 997 2477 ad
1073 2421 1360 2480 ecclesiam
1415 2425 1591 2480 sancti
1646 2424 1960 2491 Salvatoris,

318 2488 394 2543 ibi
455 2490 742 2557 subsistat,
802 2500 1017 2547 etcum
1062 2496 1315 2550 monachi
1364 2496 1723 2559 cantaverint,
1781 2488 1965 2551 statim

314 2561 610 2635 canonicis
637 2568 693 2635 et
720 2561 939 2635 clericis
960 2564 1137 2635 rsimul
1169 2567 1477 2635 aggregatis
1507 2567 1562 2619 in
1594 2566 1793 2620 atrium
1822 2581 1967 2635 pra-

317 2631 485 2686 dicta
536 2632 810 2698 ecclesia,
860 2634 1089 2703 incipiat
1135 2631 1516 2691 cantor'hanc
1562 2631 1961 2704 antiphonam:

318 2704 412 2756 Isti
443 2706 635 2756 etenim
682 2705 911 2775 maximo
928 2726 947 2769 ;
982 2705 1133 2760 ﬁnita
1161 2706 1481 2775 antiphona,
1513 2707 1774 2762 sacerdos
1819 2708 1968 2763 dicat

319 2786 535 2849 versum
600 2774 884 2849 Easuttent
954 2776 1107 2845 justi.
1183 2774 1369 2833 Oratio
1438 2778 1737 2849 Propitiare
1794 2778 1962 2835 nobis.

321 2843 492 2899 Finita
552 2843 842 2917 oratione.
880 2843 1170 2915 separetur
1206 2850 1509 2917 processio,
1541 2843 1555 2849 ’
1578 2853 1635 2903 et
1688 2857 1968 2906 resumant

319 2922 576 2990 cantores
602 2915 865 2990 litaniam
894 2917 987 2972 ubi
1019 2915 1355 2990 dimiserant
1389 2938 1401 2973 :
1436 2933 1558 2974 cum
1607 2926 1789 2975 autem
1828 2934 1963 2990 pro-

320 2986 495 3041 cessio
546 2987 756 3042 venerit
800 2987 868 3043 ad
917 2988 1207 3044 ecclesiam
1254 2989 1443 3045 litania
1482 2990 1703 3045 finiatur
1735 2992 1793 3047 in
1823 2986 1966 3047 cho-

320 3070 400 3111 ro.
458 3056 607 3140 [(11)
642 3060 783 3140 Nota
810 3059 987 3140 _qu_od_
1024 3060 1081 3115 in
1121 3060 1367 3140 qualibet
1408 3061 1497 3140 dic
1544 3062 1707 3140 trium
1755 3060 2148 3140 dierumcbus
2190 3056 2624 3140 ﬁnitisjncipiat
2655 3066 2850 3140 cantor
2897 3056 3370 3140 postmonachos
3400 3059 3438 3126 ti)

2309 1846 2330 1870 ,
2400 1799 2758 1855 PROCESSIO
2793 1799 2882 1854 AD
2918 1800 2974 1853 S.
3014 1799 3349 1854 NlCASIUM.

2352 1904 2509 1944 FERIA
2575 1904 2787 1952 QVARTA
2856 1904 2907 1943 IN
2975 1902 3394 1944 ROGATIONIBL'S.

2379 1975 2513 2033 Olim
2544 1977 2613 2032 ad
2641 1977 2698 2031 S.
2737 1975 3040 2032 Trinitatem
3069 1977 3135 2032 de
3162 1978 3361 2033 Monte.

2133 2057 2249 2127 |7|
2300 2066 2479 2121 Tertia
2538 2066 2627 2121 die
2685 2066 2741 2119 in
2800 2064 3195 2136 Rogationibus
3247 2078 3438 2121 omnes
3490 2076 3695 2136 conve-

2047 2137 2291 2211 niantut
2332 2151 2517 2206 supra,
2551 2143 2606 2211 et
2635 2143 2849 2211 moveat
2883 2135 3184 2211 processio,
3226 2141 3282 2192 et
3318 2142 3408 2211 eat
3437 2135 3515 2211 ad“
3538 2147 3694 2211 mon-

2048 2213 2164 2287 tem
2204 2210 2415 2287 Sancta
2454 2207 2763 2287 Catherina
2812 2208 3044 2287 (Gallice
3093 2222 3261 2287 nunc,
3301 2207 3692 2287 Morti-Sainte-

2048 2279 2380 2349 Catherine),
2450 2286 2505 2335 et
2562 2286 2720 2335 exeat
2774 2293 2873 2348 per
2929 2280 3139 2348 portale
3205 2279 3389 2334 Sancti
3444 2278 3690 2341 Joannis,

2047 2357 2273 2407 cantore
2304 2351 2603 2420 incipiente
2624 2350 2979 2420 antiphonam
3002 2353 3265 2419 Exsurge,
3298 2349 3533 2420 Domine,
3558 2353 3690 2413 etc.,

2046 2430 2108 2477 ut
2164 2437 2348 2492 supra.
2399 2419 2518 2489 Quo
2562 2419 2753 2488 ﬁnito,
2800 2430 2994 2477 cantor
3049 2422 3279 2490 incipiat
3334 2419 3688 2492 antiphonam

2047 2490 2279 2563 Surgite,
2324 2496 2513 2549 sancti.
2562 2497 2687 2549 Ant.
2740 2495 3012 2563 Miserere.
3062 2495 3188 2548 Ant.
3239 2490 3412 2550 Multa
3446 2495 3585 2556 sunt,
3639 2496 3695 2544 et

2046 2564 2115 2619 de
2147 2565 2288 2642 aliis,
2317 2573 2598 2642 _quantum
2647 2579 2872 2642 necesse
2904 2562 3086 2621 fuerit.
3112 2566 3436 2642 Sequuntur
3482 2566 3692 2642 septem

2049 2636 2262 2703 psalmi.
2317 2632 2561 2691 latrante
2613 2636 2967 2704 processione
3010 2634 3299 2691 ecclesiam
3354 2632 3538 2688 Sancti
3596 2632 3692 2686 Mi-

2049 2705 2256 2783 chaelis
2310 2714 2503 2783 cantor
2536 2708 2763 2774 incipiat
2810 2724 2856 2776 ιγ
2897 2705 3585 2783 Te_sanctum___Dontinutn,
3638 2708 3693 2756 et

2048 2776 2309 2832 sacerdos
2347 2776 2503 2854 _dicat
2531 2791 2746 2854 versum
2776 2775 2839 2854 et
2860 2777 3186 2854 orationem.
3212 2775 3412 2854 ‘Finita
3442 2775 3692 2854 oratione

2044 2860 2253 2905 moram
2294 2848 2362 2902 ad
2412 2847 2672 2916 placitum
2710 2847 2893 2902 faciat.
2953 2850 3069 2913 Quo
3118 2845 3284 2911 iacto,
3334 2850 3528 2901 cantor
3556 2845 3690 2898 inci-

2047 2918 2163 2997 piat
2216 2919 2255 2985 ιῆ
2302 2917 2371 2973 de
2426 2921 2480 2973 S.
2540 2918 2802 2997 Michaele
2835 2919 3082 2997 Princeps
3118 2922 3316 2997 sancte,
3368 2923 3434 2997 et
3470 2918 3686 2997 egeant.

2047 2986 2225 3045 Finito
2257 2990 2633 3059 responsorio,
2675 2990 2930 3045 dicantur
2975 2986 3290 3058 quindecim
3322 2986 3535 3056 psalmi.
3568 2986 3693 3052 Qui-

2047 3060 2148 3112 bus
2190 3060 2359 3112 ﬁnitis
2394 3060 2624 3112 incipiat
2655 3066 2850 3112 cantor
2898 3065 3022 3112 nost
3060 3058 3360 3112 monachos
3400 3059 3438 3112 ἢ
3486 3058 3689 3112 Honor.

3539 3071 3689 3118 οηον,

322 3127 697 3194 processiOnis
744 3127 989 3201 religiosi
1037 3127 1214 3187 sancti
1247 3132 1496 3188 Audoeni
1546 3138 1804 3189 tenentur
1832 3136 1965 3190 mit-
1998 3127 2021 3128 ”
2046 3132 2225 3199 virtus,
2261 3138 2316 3187 et
2344 3131 2441 3199 ibi,
2483 3127 2632 3187 ﬁnita
2663 3127 2932 3197 oratione,
2966 3131 3058 3186 ﬁat
3085 3144 3266 3186 sermo
3304 3128 3371 3184 ad
3404 3127 3688 3201 populum,

323 3206 431 3255 tere
462 3215 568 3270 per
597 3215 729 3257 suos
760 3202 1056 3258 servitores
1076 3204 1143 3259 ad
1175 3204 1395 3260 domum
1426 3205 1670 3260 cantoris
1713 3205 1966 3262 ecclesia

320 3286 756 3361 Rotomagensis,
806 3290 888 3345 vel
937 3292 1057 3361 ejus
1102 3292 1284 3347 locum
1332 3294 1591 3360 tenentis,
1649 3287 1782 3356 |69
1833 3295 1967 3351 hora

326 3360 565 3436 prandii,
600 3374 764 3415 unum
797 3360 991 3436 panem
1032 3376 1305 3434 magnum,
1347 3378 1514 3419 unum
1553 3366 1804 3436 galonem
1834 3367 1965 3422 boni

322 3430 447 3509 vini,
480 3432 777 3509 honestum
807 3432 1091 3509 ferculum
1117 3430 1371 3509 piscium,
1409 3442 1465 3491 et
1503 3430 1671 3509 unum
1713 3450 1965 3509 magnum

320 3499 586 3579 ﬁaconern
616 3504 684 3558 de
716 3504 1049 3574 pinguedine
1080 3499 1257 3572 lactis,
1290 3499 1567 3575 sicquejn
1609 3499 1831 3564 duobus
1856 3510 1966 3579 pri-

320 3572 417 3627 mis
446 3574 648 3630 diebus
675 3572 1031 3645 reportantur
1084 3591 1231 3644 vasa,
1281 3585 1337 3635 et
1377 3572 1435 3634 in
1475 3580 1636 3636 tertia
1666 3581 1755 3637 die
1784 3572 1966 3636 dimit-

317 3651 526 3714 tuntur,
560 3652 615 3701 et
644 3648 921 3717 pertinent
940 3648 1195 3719 cautori.]

628 3754 993 3810 PROCESSIO
1031 3756 1116 3811 AD
1154 3757 1208 3811 S.
1250 3756 1653 3812 GERVASIUM.

667 3876 824 3916 FERIA
862 3877 1053 3917 TERTIA
1091 3878 1145 3918 1N
1185 3877 1608 3919 ROGATIONIBL'S.
1714 3902 1720 3907 ι

383 3965 638 4021 Secunda
689 3967 778 4023 die
830 3967 886 4022 in
943 3969 1342 4039 Rogationibus
1392 3970 1721 4026 conveniant
1775 3984 1967 4027 omnes

318 4034 380 4090 ad
417 4044 651 4093 matrem
683 4039 970 4094 ecclesiam
1001 4034 1061 4095 ut
1090 4042 1147 4096 in
1177 4039 1311 4097 feria
1347 4042 1611 4108 secunda,
1653 4047 1709 4097 et
1736 4042 1966 4112 incipiat

318 4113 504 4187 cantor
547 4116 660 4164 ant.
693 4112 940 4180 Exsurge
965 4113 1203 4187 Domine,
1244 4120 1387 4187 etc.,;
1427 4119 1488 4169 ut
1522 4114 1963 4187 supra.lnterim

325 4183 680 4255 _incensentur
708 4183 1041 4250 sanctuaria,
1074 4189 1131 4239 et
1159 4185 1450 4240 conveniat
1482 4186 1784 4255 processio,
1820 4186 1965 4241 sicut

321 4247 574 4306 hesterna
604 4252 715 4317 die,
765 4259 820 4307 et
849 4260 936 4309 eat
975 4247 1258 4323 processio
1307 4257 1375 4311 ad
1404 4247 1584 4313 locum
1616 4247 1959 4322 consuetum,

320 4326 371 4402 et
414 4328 579 4402 exeat
628 4338 727 4402 per
771 4325 1001 4402 portale_
1031 4328 1214 4402 Sancti
1261 4328 1512 4402 Romani,
1561 4336 1787 4402 cantore
1825 4328 1961 4402 inci-

320 4394 496 4463 piente
549 4394 904 4463 antiphonam
960 4398 1037 4452 De
1078 4397 1370 4453 Jerusalem
1415 4405 1623 4455 exeunt.
1664 4399 1780 4454 Alia
1810 4400 1956 4454 anti-

320 4461 496 4530 phona
558 4461 683 4521 Cani
728 4466 1081 4540 jucunditate,
1141 4475 1195 4524 et
1234 4469 1302 4524 de
1355 4470 1573 4525 cateris
1618 4470 1955 4540 antiphonis,

319 4542 580 4611 quantum
612 4550 837 4611 necesse
868 4536 1051 4605 fuerit,
1076 4546 1130 4595 et
1160 4545 1413 4596 cantetur
1440 4541 1506 4595 ad
1542 4536 1800 4611 placitum
1821 4536 1958 4597 cani-

320 4606 450 4682 toris
498 4609 583 4682 de
603 4608 809 4663 sanctis
846 4623 947 4679 per
983 4625 1215 4680 quorum
1247 4612 1509 4667 ecclesias
1542 4606 1803 4668 transibit
1836 4627 1963 4682 pro-

319 4679 513 4754 cessio.
569 4680 886 4754 Sequuntur
929 4679 1139 4751 septem
1198 4683 1391 4753 psalmi
1435 4704 1446 4738 :
1497 4698 1620 4739 cum
1679 4679 1960 4754 processio

318 4751 526 4821 venerit
575 4751 642 4805 ad
675 4751 854 4807 locum
885 4751 1211 4809 consuetum
1238 4761 1490 4810 cantetur
1517 4770 1547 4809 a
1579 4751 1802 4821 nostris,
1853 4756 1963 4811 im-

319 4820 556 4894 mediate
586 4829 707 4890 post
739 4824 1057 4889 monachos,
1092 4825 1159 4880 de
1189 4833 1380 4882 sancto
1422 4826 1692 4892 ecclesia,
1728 4820 1793 4894 ti).
1819 4828 1961 4883 Con-

318 4890 454 4945 cede.
484 4894 760 4965 Sacerdos
790 4908 1004 4950 versum
1043 4903 1098 4951 et
1127 4900 1433 4953 orationem
1473 4897 1640 4964 dicat,
1679 4890 1959 4965 'ut'debet,

319 4968 369 5016 et
399 4971 525 5031 post
560 4964 652 5019 ﬁat
698 4979 879 5021 sermo
917 4966 984 5021 ad
1033 4968 1316 5037 populum.
1362 4972 1479 5037 Quo
1512 4968 1676 5035 facto,
1710 4964 1964 5025 dicantur

320 5046 510 5100 preces
566 5050 687 5090 cum
719 5039 1120 5106 prostratione;
1172 5039 1373 5110 quibus
1420 5040 1608 5105 ﬁnitis,
1660 5041 1966 5096 cantorin-

319 5121 481 5191 cipiat
512 5126 930 5198 responsorium
960 5127 1029 5183 de
1059 5129 1266 5184 sanctis
1317 5120 1465 5190 I70
1510 5129 1547 5198 ti)
1587 5130 1633 5185 Ο
1673 5130 1967 5185 constantia

320 5200 715 5269 martyrumget
753 5197 1014 5254 recedant
1061 5200 1215 5255 ﬁnito
1273 5201 1650 5269 responsorio.
1710 5202 1841 5256 Tres
1897 5201 1965 5257 de

320 5266 508 5334 majori
540 5266 673 5323 sede
704 5268 970 5339 incipiant
1009 5270 1250 5325 litaniam
1286 5266 1478 5327 Ηιῐηιὶιὶ
1502 5287 1658 5344 prece
1686 5277 1734 5327 ct
1758 5273 1965 5328 sincera

390 5371 465 5447 (ἒξ
495 5374 653 5447 Nunc
683 5374 794 5447 duo
824 5376 947 5432 laici
978 5377 1384 5447 superpelliciis
1407 5379 1603 5435 induti.

516 5445 613 5501 Ms.
649 5446 987 5531 cathedralis
1011 5442 1260 5504 ecclesia
1299 5448 1472 5503 addit.

492 5514 519 5578 )
564 5517 820 5578 Hoc.non
851 5526 931 5575 est
972 5533 1028 5575 tn
1060 5535 1181 5576 usu.

390 5514 519 5654 8‘3

564 5517 820 5580 lloc.non
851 5526 931 5575 est
972 5520 1028 5575 in
1060 5535 1181 5576 usu.

562 5588 655 5644 bis.
698 5589 1032 5648 cathedralis
1070 5590 1321 5648 ecclesia
1346 5589 1519 5647 addit.

2046 3217 2157 3273 quo
2194 3210 2417 3272 peracto
2465 3203 2720 3259 dicantur
2760 3217 2954 3273 preces
2982 3216 3105 3257 cum
3142 3201 3529 3270 prostratione,
3566 3200 3693 3273 qui:

2047 3269 2150 3329 bus
2194 3269 2365 3329 ﬁnitis
2412 3275 2636 3330 recedat
2683 3269 2965 3344 processio
3015 3269 3239 3328 cantOre
3295 3272 3619 3344 incipiente
3655 3269 3692 3337 ii,

2048 3350 2273 3401 Summa
2323 3347 2596 3421 Trinitati;
2644 3341 2766 3421 _quo
2804 3346 2982 3421 ﬁnito,
3020 3350 3221 3421 _cautor
3254 3344 3484 3411 incipiat
3524 3342 3563 3407 ἡ
3595 3341 3692 3421 Ite—

2042 3432 2199 3485 gnum
2246 3418 2443 3473 mundi.
2489 3419 2607 3484 Quo
2637 3411 2813 3481 ﬁitito,
2864 3415 3162 3483 incipiatur
3210 3413 3328 3468 hac
3358 3425 3598 3485 sequens
3628 3411 3690 3464 li-

2047 3481 2194 3542 tania
2232 3502 2263 3543 a
2292 3488 2471 3543 tribus
2506 3481 2575 3543 de
2622 3487 2815 3555 majori
2844 3481 3200 3540 sede—Ardua
3242 3497 3362 3553 spes
3406 3481 3604 3547 mundi,
3638 3487 3693 3535 et

2047 3582 2272 3651 cantent
2322 3588 2783 3651 eam_qu_ou_squ_c
2832 3573 3139 3651 prccessio“
3170 3570 3354 3651 veniat
3432 3561 3693 3651 l72nin

2048 3646 2250 3720 bivium
2297 3646 2472 3700 sancti
2512 3636 2861 3720 'Micha'elis.'_
2889 3644 3039 3720 Iuno
3086 3640 3390 3720 dimittatur
3426 3636 3692 3720 praedicta

2048 3717 2258 3781 litania,
2314 3722 2368 3771 et
2397 3721 2510 3771 tres
2559 3713 2863 3785 presbyteri
2896 3714 2964 3769 de
2994 3711 3237 3769 secunda
3265 3710 3396 3785 sede
3426 3710 3695 3785 incipiant

2048 3789 2206 3843 istam
2246 3788 2527 3843 litaniam:
2559 3781 2695 3853 Rex,
2729 3781 2950 3856 'Kyrie;
3008 3785 3215 3841 chorus
3268 3783 3513 3856 reiteret.
3559 3781 3692 3856 Item

2047 3859 2249 3915 iidem:
2284 3861 2485 3916 Sancta
2530 3850 2727 3916 Maria.
2776 3850 2910 3913 Item
2936 3850 3062 3913 tres
3093 3854 3313 3911 diaconi
3350 3854 3419 3909 de
3447 3850 3690 3908 secunda

2045 3931 2213 3987 sede:
2250 3933 2366 3986 Rea:
2401 3931 2674 4000 virginum.
2706 3930 2839 3986 Tres
2866 3942 2995 3985 vero
3035 3925 3358 3983 subdiaconi
3400 3925 3467 3981 de
3492 3923 3690 4000 eadem

2045 4003 2214 4058 sede:
2250 4003 2454 4079 _Seruis
2482 3995 2626 4079 ἰιιὶτςζ
2668 4007 2727 4079 _et
2756 4001 3174 4079 sicﬂdeducant.
3219 4012 3408 4079 usque;
3441 3995 3509 4079 ad
3533 3996 3692 4079 _Sa‘n:

2044 4080 2192 4149 ctum
2249 4076 2517 4130 Macutum
2565 4066 2792 4144 (Gallice
2835 4066 3319 4149 Saint—Maclprﬁ,‘
3361 4074 3417 4149 et
3470 4066 3690 4149 ibinﬁat

2044 4146 2238 4222 statio;
2299 4152 2354 4201 et
2401 4159 2524 4222 cum
2580 4142 2934 4222 cantaverint
2977 4142 3270 4222 monachi,
3313 4146 3381 4222 _ct
3439 4142 3689 4222 oratione

2045 4216 2212 4291 dicta,
2263 4223 2465 4291 cantor
2502 4215 3047 4291 incipiat__in__a_t_rio_
3078 4212 3265 4291 Sancti
3311 4212 3508 4291 Macuti
3542 4212 3687 4291 anti-

2045 4287 2280 4356 phonam
2312 4288 2551 4344 Gaudent
2570 4282 2633 4342 in
2653 4285 2796 4341 caelis
2834 4284 2981 4356 (15).
3013 4286 3128 4350 Qua
3152 4282 3326 4356 ﬁnita,
3351 4287 3408 4336 et
3440 4282 3690 4356 oratione

1973 4392 2022 4450 D
2045 4349 2887 4450 δῖοὲνδν.δθ11³¹’ίὶίι¹¹“Ρνοὲθδὲίδν
2930 4349 2985 4409 δί
3033 4349 3692 4450 τθθῗΞἿΡίλ.⁰ῗξ¹ξῗξῗοέῖ¹ἷ

2044 4430 2282 4499 cipiente
2325 4426 2369 4497 ἢ
2426 4432 2490 4484 In
2537 4426 2753 4484 circuitu
2782 4431 2892 4493 tuo,
2927 4440 3050 4482 cum
3087 4437 3248 4479 versu
3296 4426 3353 4477 et
3392 4431 3686 4499 regressu;

2042 4494 2152 4570 quo
2201 4494 2375 4566 ﬁnito,
2427 4507 2681 4556 cantores
2729 4499 2972 4555 litaniam
3024 4496 3410 4570 resumant,_e_t
3437 4494 3691 4570 cantetur

2042 4560 2104 4626 tit
2154 4573 2306 4641 prius
2354 4560 2528 4644 usque
2575 4572 2644 4626 ad
2697 4571 2908 4644 portale
2944 4582 3141 4644 versus
3187 4561 3579 4644 Magdalenam.
3626 4560 3689 4644 ln

2044 4631 2274 4699 introitu
2316 4631 2565 4698 ecclesia
2613 4631 2808 4699 cantor
2845 4640 3074 4709 incipiat
3110 4638 3252 4692 hanc
3278 4631 3642 4703 antiphonam
3674 4650 3689 4685 :

2044 4713 2296 4772 Salvator
2324 4714 2519 4781 mundi,
2547 4719 2602 4770 et
2630 4715 2851 4769 ﬁniatur
2879 4714 2935 4769 in
2968 4710 3162 4766 choro.
3330 4758 3365 4791 ρ

2259 4821 2618 4877 PROCESSIO
2655 4820 2725 4876 IN
2760 4813 3168 4875 ASCENSIONE
3206 4810 3458 4868 DOMINI.

2116 4927 2376 4997 Sequitur
2405 4928 2685 4997 processio
2709 4947 2722 4992 ;
2757 4938 2857 4994 per
2873 4927 3133 4997 portam
3155 4917 3477 4997 orientalem
3507 4921 3686 4997 egeat,

2047 5004 2102 5053 et
2142 4984 2231 5054 eat
2260 5000 2327 5054 ad
2356 4984 2597 5055 veterem
2629 4984 2822 5053 turrim
2863 4984 3086 5065 (Gallice
3115 4991 3169 5047 la
3212 4984 3599 5065 Vieitle-Tour).
3631 4984 3691 5065 ln

2048 5071 2239 5140 primis
2288 5076 2483 5125 cantor
2531 5060 3110 5140 incipiat__t§'Te1npus
3155 5069 3232 5140 est
3282 5067 3336 5115 ut
3366 5060 3622 5140 revertar,
3653 5061 3690 5119 ψ

2047 5126 2235 5197 Ῥαεεηι
2262 5141 2516 5212 relinquo,
2550 5146 2608 5195 et
2637 5126 2705 5195 de
2736 5126 2859 5192 aliis
2888 5126 3257 5207 responsoriis
3291 5143 3413 5186 cum
3443 5126 3693 5182 versibus

2126 5239 2247 5312 (l2)
2289 5239 2490 5295 Gallice
2520 5237 2584 5293 de
2626 5234 2970 5305 Beaurcgard
3000 5235 3056 5291 in
3086 5227 3403 5290 eameterio
3433 5228 3488 5281 S.
3524 5223 3691 5280 Mauri

2052 5318 2385 5368 ιιιιιιςυυδῐο.

2158 5327 2521 5453 ὃδρῗιαιοοο
2561 5379 2659 5449 qui
2699 5377 2864 5453 hodie
2919 5377 3121 5453 Gallice
3150 5378 3391 5453 vocatur
3414 5370 3690 5453 Locrossf.

2160 5438 2246 5518 14$
2282 5454 2381 5509 Hic
2423 5463 2533 5508 non
2567 5438 2838 5518 monachi,
2887 5449 2983 5506 sed
3023 5457 3210 5503 eorum
3249 5443 3367 5498 vice
3405 5438 3600 5497 musici
3633 5438 3688 5491 S.

2051 5520 2297 5581 Maclovii
2326 5523 2681 5596 antiphonam
2713 5523 2920 5579 musice
2946 5520 3174 5596 canunt.

2125 5596 2246 5668 (15)
2280 5586 2459 5653 Hodie
2481 5600 2751 5662 cantatur,
2786 5596 2833 5651 0
2860 5606 3014 5665 quam
3041 5586 3321 5659 gloriosum
3348 5590 3449 5642 est.
