4156 6196
461 333 562 390 123

446 472 582 523 suis,
613 472 880 529 quantum
950 472 1201 512 tacuerit.
1252 472 1368 511 ηοο
1415 472 1634 524 expleto
1678 472 1793 508 tres
1821 472 1891 508 ue
1920 472 2091 521 majo-

448 530 602 586 ribus
638 533 863 585 cantent
910 472 1017 584 ﬁes
1044 541 1271 584 versus:
1332 524 1511 592 Salue,
1549 527 1687 595 festa
1718 523 1848 590 dies,
1890 536 2091 593 quous-

380 642 383 645 ν
450 633 559 691 que
612 609 746 681 I73
785 615 1039 691 venerint
1084 615 1154 671 ad
1172 615 1375 691 iocum
1424 615 1478 670 in
1509 612 1619 683 quo
1650 615 1973 691 consuetum
2015 614 2100 667 est

450 683 759 748 catenatum
795 688 952 746 solvi.
996 689 1064 743 Et
1092 686 1375 743 redeundo
1405 691 1660 741 cantores
1689 688 1914 740 cantent
1950 683 2099 740 hunc

449 776 706 819 versum:
759 759 915 818 Solve
961 762 1248 826 catenatos,
1280 762 1341 813 et
1381 756 1520 813 alios
1548 771 1757 822 versus,
1791 756 1969 812 donec
2008 769 2100 811 ve-

454 835 609 890 niant
655 832 724 889 ad
764 829 1136 888 occidentales
1164 834 1352 899 portas
1392 828 1664 894 ecclesia,
1707 828 1801 883 ubi
1833 827 1944 883 duo
1975 840 2100 896 pre-

455 905 664 976 sbyteri
704 903 956 976 canonici
985 901 1124 976 albis
1150 898 1335 976 induti
1343 899 1422 976 _in_
1453 904 1626 976 turre,
1658 898 1832 976 versis
1860 898 2100 976 vultibus

457 969 543 1033 ad'
584 975 873 1047 populum,
904 973 1170 1047 incipiant
1207 973 1257 1047 Διὶ)
1316 972 1424 1027 Viri
1460 969 1689 1047 Gntitai,
1741 975 1796 1025 et
1837 975 2013 1047 totum
2043 969 2089 1024 ﬁ-

459 1041 633 1104 nian't.
661 1041 800 1115 'Quo
848 1041 1034 1111 ﬁnito,
1073 1043 1328 1100 dominus
1365 1041 1837 1115 archiepiscOpus,
1894 1041 1979 1097 vel
2016 1054 2103 1115 sa-

461 1119 678 1184 cerdos,
708 1112 906 1174 cantor
937 1129 1058 1171 cum
1116 1115 1388 1171 revestitis
1416 1114 1684 1183 incipiant
1727 1115 1821 1179 Tu,
1870 1126 1969 1168 rex
1995 1112 2103 1182 glo-

460 1191 574 1257 rice,
625 1189 842 1246 Christe.
881 1189 1081 1243 Dexter
1109 1187 1312 1242 chorus
1358 1188 1433 1241 Tu
1474 1184 1644 1257 putris
1680 1184 2020 1257 sempiternus
2047 1199 2102 1257 es

461 1255 658 1326 Filius;
708 1260 931 1315 sinister
985 1258 1207 1325 chorus,
1270 1259 1345 1312 Tu
1390 1255 1490 1312 ad‘
1518 1255 1861 1311 liberandum.
1922 1257 1988 1311 Et
2023 1255 2104 1311 sic

460 1336 682 1388 cantent
718 1331 956 1387 vicissim
996 1343 1192 1398 usque,
1252 1332 1461 1399 (eterna;
1482 1328 1590 1399 fac,
1642 1327 1897 1399 dominus
1926 1326 2106 1382 archi-

461 1404 752 1473 episcopus
792 1407 847 1457 et
894 1401 1019 1473 alii;
1041 1470 1049 1473 _
1073 1397 1267 1473 cantor
1295 1397 1523 1473 incipiat
1553 1400 1599 1454 0
1634 1413 1733 1453 rex
1759 1397 1963 1473 gloria,
2001 1399 2107 1453 Do-

460 1470 595 1529 mine
621 1470 883 1530 virtutum.
934 1470 1111 1526 Finita
1155 1470 1455 1540 antiphona
1484 1471 1652 1525 intret
1696 1470 1978 1541 processio
2017 1483 2107 1525 ec-

461 1545 704 1612 clesiam,
773 1550 828 1600 et
886 1541 1149 1598 feretrum
1207 1541 1383 1596 sancti
1440 1542 1670 1597 Romani
1729 1546 1855 1596 ante
1908 1541 2104 1610 januas

461 1616 713 1672 ecclesia
756 1629 787 1670 a
816 1613 1033 1670 duobus
1061 1612 1442 1669 sacerdotibus
1474 1614 1531 1667 in
1561 1612 1702 1668 albis
1731 1612 1788 1667 in
1831 1616 2108 1667 transver-

461 1701 582 1743 sum
619 1692 891 1751 teneatur,
952 1689 1007 1740 et
1063 1685 1300 1754 populus
1346 1684 1638 1750 subintret,
1694 1688 1919 1739 cantore
1974 1683 2109 1738 inci-

457 1758 651 1827 piente
707 1774 755 1827 ιγ
779 1756 958 1813 Omnis
988 1756 1340 1827 pulchritudo,
1390 1770 1515 1811 cum
1560 1769 1721 1811 versu
1778 1760 1841 1827 et
1889 1769 2097 1826 regres-

463 1826 547 1893 Su,
599 1833 655 1884 et
701 1826 1005 1908 aScendant
1046 1827 1327 1908 processio
1375 1826 1443 1883 ad
1492 1827 1742 1883 chorum.
1787 1826 1966 1908 Finito
2005 1841 2099 1882 re-

463 1900 777 1970 sponsorio,
809 1899 1074 1970 incipitur
1093 1899 1277 1954 missa.

833 1988 1195 2044 PROCESSIO
1232 1987 1396 2042 POST
1433 1986 1749 2042 ΤΕΡιΤΙΑΜ.

870 2092 926 2133 IN
961 2091 1126 2133 FESTO
1167 2091 1432 2133 CORPORIS
1471 2090 1703 2132 CHRISTI.

535 2164 793 2235 Sequitur
821 2166 1103 2235 processio
1149 2164 1204 2220 in
1246 2165 1436 2235 cappis
1473 2179 1573 2235 per
1600 2163 1890 2231 atrium,et
1919 2167 2107 2234 porte-

463 2240 552 2293 tur
580 2235 843 2293 feretrum
894 2238 949 2293 in
1000 2250 1110 2306 quo
1160 2237 1235 2292 sit
1272 2250 1475 2306 corpus
1502 2235 1705 2291 Christi
1740 2235 2045 2292 honoriﬁce
2073 2250 2104 2291 a

461 2308 678 2365 duobus
728 2308 1109 2365 sacerdotibus
1164 2307 1374 2364 indutis
1418 2307 1619 2363 casulis
1665 2306 1824 2375 albis,
1876 2312 1933 2363 et
1979 2321 2104 2363 cum

459 2395 571 2452 illis
609 2401 846 2467 quatuor
896 2388 1038 2458 I74
1075 2397 1231 2467 pueri
1262 2397 1319 2451 in
1357 2396 1498 2453 albis
1526 2396 1622 2467 qui
1658 2397 1947 2452 incensent
1963 2395 2106 2452 fere-

460 2467 663 2550 tru_m.[
688 2467 809 2539 (16)
845 2469 919 2550 Et
933 2468 1026 2523 alii
1058 2470 1166 2523 duo
1199 2468 1387 2524 clerici
1416 2468 1511 2593 qui
1554 2471 1777 2537 portent
1820 2467 1957 2522 duas
1982 2473 2106 2550 .tor-

465 2538 619 2593 chias
680 2552 823 2593 cera
871 2553 1018 2593 circa
1073 2538 1402 2593 feretrum.l
1497 2543 1693 2593 ovente
1750 2551 2104 2593 nrocessnone

465 2538 823 2594 chias'c’era
871 2538 1018 2594 circa
1073 2538 1402 2608 feretrum]
1445 2538 1693 2594 Movente
1750 2539 2104 2608 processione

465 2614 660 2681 cantor
715 2608 945 2681 incipiat
979 2626 1027 2680 ιγ
1056 2611 1223 2681 Homo
1271 2609 1482 2681 quidam
1516 2610 1657 2680 fecit,
1692 2626 1739 2679 nr
1774 2611 1980 2666 Venite.
2011 2611 2108 2681 (Fi-

463 2680 581 2735 nito
610 2680 988 2749 responsorio,
1028 2685 1142 2735 tres
1189 2680 1258 2736 de
1281 2679 1606 2751 ‘majoribus
1661 2685 1883 2736 cantent
1919 2679 2103 2749 Salve,

461 2752 599 2821 festa
635 2751 766 2817 dies,
802 2751 919 2818 Qua
963 2753 1105 2807 Deus
1148 2752 1200 2807 in
1249 2751 1434 2808 cibum.
1495 2754 1554 2807 In
1601 2751 1837 2808 statione
1884 2751 2107 2808 Verbum

463 2836 588 2877 caro
632 2822 831 2891 factum
867 2825 944 2878 est
983 2822 1117 2953 (vel,
1162 2824 1277 2892 Ego
1324 2839 1439 2879 sum
1469 2823 1652 2895 panis)
1694 2829 1809 2879 tres
1837 2822 1906 2879 de
1936 2824 2107 2892 majo-

463 2893 618 2949 ribus
644 2893 701 2949 in
732 2893 946 2953 pulpito
1060 2897 1127 2949 In
1161 2894 1419 2953 principio
1460 2900 1595 2951 erat.
1642 2893 1856 2951 Plenum
1900 2897 2104 2953 gratim.

461 2893 618 2949 ribus
639 2893 946 2966 inpulpito
983 2893 1040 2966 ἦ
1060 2897 1127 2949 In
1158 2894 1419 2966 principio
1460 2893 1595 2951 erat.
1627 2893 1856 2951 Plenum
1899 2897 2104 2964 gratia.

459 2966 578 3033 Quo
627 2964 802 3032 ﬁnito,
836 2964 1113 3021 sacerdos
1158 2964 1295 3022 “cum
1324 2964 1559 3022 diacono
1610 2971 1666 3021 et
1719 2971 1946 3023 cantore
1984 2979 2111 3022 can-

574 3068 662 3128 16)
696 3072 793 3125 Ms.
827 3070 1158 3126 cathedralis
1187 3071 1438 3128 ecclesia
1467 3072 1640 3128 addit.

574 3068 638 3123 16
696 3072 793 3125 Ms.
827 3070 1158 3126 cathedralis
1187 3071 1438 3128 ecclesia
1467 3072 1640 3128 addit.

539 3068 667 3282 £17;
695 3142 817 3197 Non
846 3142 1135 3225 repetitur,
1179 3142 1277 3198 sed
1307 3143 1511 3226 chorus
1539 3142 1912 3213 prosequitur.

578 3210 642 3264 18
719 3212 833 3268 Hac
879 3212 970 3270 dte
1010 3218 1270 3282 antiquus
1303 3214 1554 3272 eccleSta
1593 3216 1879 3282 Rotomag.

465 3211 833 3340 un.(lutlis)u$Hac
879 3212 970 3270 die
1010 3212 1270 3284 antiquus
1303 3211 1554 3272 ecclesia
1593 3211 1879 3287 Rotomag.
1912 3213 2113 3272 retine-

1572 296 1865 387 JOANNES
1899 324 2318 383 ARCHIEPISC.
2360 326 2696 384 BOTOMAG.

613 460 880 529 quantum
910 455 1201 529 placuerit.
1252 456 1368 529 Hoc
1415 453 1650 529 expleto;
1678 457 1793 529 tres
1821 451 1891 508 de
1920 451 2295 521 majo-Atent
2338 455 2466 508 ante
2510 449 2792 529 feretrum,
2834 450 2983 522 quod
3039 450 3096 506 in
3147 450 3345 529 medio]
3367 450 3521 529 navis
3551 451 3609 507 in
3648 455 3822 529 trans-

3721 326 3819 384 124

2177 537 2394 579 versum
2426 529 2699 591 teneatur,
2749 523 2851 579 hos
2895 536 3087 578 versus
3122 528 3437 593 sequentes,
3481 523 3821 581 incensando

2180 595 2555 667 etiﬂectendo
2609 608 2806 667 genua.
2848 594 3078 667 j‘Ave,
3122 608 3325 667 rerum
3376 608 3566 667 corpus
3621 599 3820 652 natum.

2179 666 2392 723 Chorus
2409 666 2554 723 idem
2582 663 2796 737 repetat
2829 663 2977 738 (l7),
3010 664 3169 738 ﬂexis
3184 665 3436 738 genibus,
3463 663 3510 725 ii
3544 668 3674 723 Vere
3698 682 3822 738 pas-

2177 753 2311 793 sum.
2377 739 2590 795 Chorus
2624 735 2771 795 idem
2828 735 2866 798 1i
2927 735 3088 806 Cujus
3151 735 3307 793 latus.
3375 737 3589 794 Chorus
3648 735 3817 795 idem.

2179 809 2389 877 Quibus
2429 809 2620 877 ﬁnitis,
2651 810 2720 866 ad
2750 808 3035 865 introitum
3065 808 3222 864 chori
3262 809 3528 880 incipitur
3565 809 3822 880 antipbo-

2180 824 2389 877 uulnus
2429 824 2620 877 unius,
2651 824 2720 866 au
2750 824 3035 865 intronum
3065 824 3222 864 cnort
3262 824 3528 936 metuitur
3565 824 3822 880 anupno-

2180 894 2251 936 na
2299 882 2346 937 0
2401 897 2555 952 quam
2596 881 2779 937 suavis
2823 884 2901 937 est
2917 883 2952 952 ,νγ
2995 880 3172 952 Finita
3218 881 3369 952 antip
3412 894 3541 948 ona,
3597 881 3824 938 benedi-

2181 953 2293 1008 ctio
2323 951 2531 1010 domini
2553 951 2979 1022 archiepiscopi,
3000 951 3047 1007 si
3078 966 3325 1022 prasens
3342 951 3527 1009 fuerit.
3560 953 3824 1024 Sequitur

2183 1024 2366 1092 missa,
2401 1031 2509 1081 etc.

2494 1148 2853 1205 PROCESSIO
2888 1148 2977 1203 AD
3013 1147 3068 1204 S.
3118 1147 3502 1205 AUDOENUM.

2372 1288 2425 1329 IN
2464 1287 2630 1328 FESTO
2670 1287 2719 1329 S.
2757 1274 3006 1328 AUDOENI
3044 1286 3323 1328 ROTOMAG.
3365 1287 3624 1329 ARCHIEP.
3684 1288 3687 1291 “

2258 1380 2515 1450 Sequitur
2553 1379 2836 1449 processio
2882 1378 3028 1449 apud
3075 1380 3330 1435 Sanctum
3376 1379 3721 1445 Audoenum,
3773 1388 3828 1437 et

2186 1451 2264 1507 ibi
2311 1451 2567 1508 dicantur
2618 1453 2891 1521 (Vespera
2948 1450 3017 1506 de
3074 1456 3264 1521 sancto
3314 1450 3579 1507 Audoeno
3615 1450 3823 1509 festive.

2185 1522 2409 1592 Antiph.
2469 1520 2759 1579 Similabo.’
2806 1521 3003 1577 Psalmi
3066 1520 3187 1593 (18)
3239 1521 3477 1578 feriales.
3527 1526 3652 1579 Ant.
3698 1526 3829 1580 Con-

2184 1596 2355 1666 fessor
2405 1593 2633 1650 Domini.
2682 1595 2808 1648 Ant.
2830 1596 2962 1666 _Is_te
2995 1597 3087 1666 (est
3121 1593 3231 1666 (qui
3265 1598 3406 1666 ante.
3454 1594 3583 1649 Ant.
3620 1595 3830 1650 Antavit

2188 1663 2321 1720 eum.
2374 1668 2499 1720 Ant.
2557 1666 2759 1721 Iustum
2808 1663 3044 1719 deduxit.
3102 1663 3411 1733 capitulum
3464 1667 3605 1721 Ecce
3658 1679 3832 1721 sacer-

2149 1789 2160 1806 ,
2191 1743 2302 1792 .'.;s.
2338 1754 2384 1807 ιγ
2412 1734 2568 1795 Miles
2606 1735 2814 1792 Christi.
2857 1736 3101 1806 Hymnus
3146 1737 3256 1791 Iste
3303 1736 3589 1808 confessor.
3639 1737 3677 1795 it
3715 1737 3829 1793 Ora

2200 1816 2336 1886 I75
2400 1838 2499 1896 pro
2535 1823 2723 1896 nobis,
2773 1823 2939 1896 beate.
2988 1826 3115 1879 Ant.
3164 1825 3392 1896 Suscipe
3442 1830 3644 1893 nostra,
3704 1839 3829 1881 cum

2186 1897 2333 1952 trina
2369 1895 2720 1964 repetitione.
2765 1895 2909 1951 Psal.
2957 1895 3286 1966 Mngniﬁcat.
3334 1896 3520 1953 Oratio
3569 1897 3639 1952 de
3678 1898 3832 1953 Com-

2186 1968 2362 2025 muni.
2412 1967 2607 2023 Finitis
2652 1966 2927 2037 Vesperis,
2981 1967 3172 2023 redeat
3218 1969 3498 2036 processio
3540 1968 3609 2024 ad
3656 1968 3834 2025 cccle-

2186 2040 2343 2095 siam.
2393 2041 2459 2094 Et
2507 2039 2562 2094 in
2606 2039 2909 2110 crastinum
2946 2044 3034 2093 eat
3061 2039 3366 2110 processio
3395 2038 3540 2110 apud
3569 2041 3828 2095 Sanctum

2184 2110 2529 2177 Audoenum,
2570 2109 2715 2166 sicut
2751 2110 2806 2165 in
2847 2109 3121 2179 Vesperis,
3149 2108 3302 2165 ﬁnita
3337 2108 3520 2177 Sexta,
3561 2116 3687 2180 post
3723 2125 3832 2166 ma-

2182 2184 2360 2253 jorem
2400 2182 2619 2237 missam
2669 2180 2816 2252 (19),
2850 2187 2909 2236 et
2934 2182 3047 2236 sint
3083 2194 3275 2253 omnes
3312 2182 3749 2253 cummonachis
3777 2183 3834 2239 in

2196 2253 2577 2324 processione,
2629 2251 2692 2308 et
2720 2253 2887 2324 missa
2938 2253 3008 2324 in
3034 2252 3242 2324 cappis.
3309 2251 3468 2323 [(20)
3512 2255 3577 2308 Et
3621 2253 3826 2309 debent

2193 2322 2407 2382 solvere
2436 2323 2673 2380 dominis
2701 2322 2771 2379 de
2809 2322 3051 2393 capitulo
3081 2323 3250 2379 abbas
3279 2332 3335 2379 et
3361 2322 3672 2381 Conventus
3698 2327 3833 2381 San-

2188 2397 2262 2452 cti
2319 2396 2568 2452 Audoeni
2628 2409 2729 2465 per
2766 2400 3183 2465 procuratorem
3220 2400 3440 2452 centum
3498 2396 3709 2452 solidos
3756 2397 3825 2452 de

2187 2468 2387 2595 auibus
2423 2466 2659 2550 quilibet
2694 2466 2996 2523 canonicus
3046 2480 3292 2551 praesens
3338 2467 3504 2523 debet
3542 2468 3828 2537 percipere

2227 2554 2328 2595 uos
2374 2538 2603 2595 SOlidOB.
2659 2542 2716 2593 et
2752 2544 2963 2595 sentem
2996 2538 3241 2595 relnmosr
3290 2538 3358 2593 de
3405 2540 3604 2594 Sancto
3643 2539 3828 2595 Laudo

2227 2554 2328 2595 uos
2374 2538 2603 2606 solidos,
2659 2542 2716 2593 et
2752 2544 2963 2608 septem
2996 2538 3241 2609 religiosi
3290 2538 3358 2593 de
3405 2540 3604 2594 Sancto
3643 2539 3830 2595 Laudo

2228 2610 2422 2666 uilibet
2454 2610 2595 2665 duos
2622 2610 2853 2676 solidos,
2913 2614 2969 2665 et
3015 2609 3171 2679 pueri
3218 2609 3375 2666 chori
3425 2610 3670 2680 quinque
3703 2609 3835 2666 soli-

2230 2695 2329 2748 os;
2399 2681 2680 2737 residuum
2752 2680 2919 2737 debet
2982 2680 3238 2737 distribui
3306 2682 3452 2737 inter
3507 2680 3831 2752 capellanos

2190 2752 2553 2810 communiam
2593 2752 2999 2823 percipientes;
3035 2756 3089 2808 et
3127 2752 3290 2808 etiam
3328 2752 3486 2822 pueri
3518 2753 3707 2809 altaris
3736 2753 3836 2809 de-

2189 2825 2323 2881 bent
2360 2823 2649 2894 percipere
2675 2838 2791 2891 vas,
2831 2824 2889 2878 in
2919 2838 3029 2894 quo
3060 2828 3312 2893 portatur
3348 2838 3489 2894 aqua
3517 2824 3834 2889 benedicta,

2190 2896 2413 2966 plenum
2443 2895 2590 2951 bono
2619 2894 2746 2951 vino
2777 2894 2846 2950 de
2875 2894 3100 2951 cellario
3139 2894 3324 2966 Sancti
3352 2894 3626 2966 Audoeni.
3652 2895 3668 2965 ]
3704 2896 3838 2951 Post

2190 2965 2410 3023 missam
2468 2966 2677 3037 redeat
2716 2967 2997 3037 processio
3053 2966 3120 3022 ad
3170 2965 3478 3034 ecclesiam,
3518 2972 3574 3023 et
3614 2965 3673 3023 in
3703 2980 3843 3037 pace

2190 3038 2475 3105 recedant,
2508 3044 2564 3094 et
2591 3036 2722 3093 inde
2750 3038 2819 3093 ad
2858 3036 3236 3094 refectionem.

2195 3142 2551 3272 ecgllggaQua
2580 3143 2786 3200 dicitur
2815 3141 2885 3201 de
2924 3144 2980 3200 S.
3013 3142 3414 3200 Bartholomao
3454 3142 3511 3199 in
3542 3141 3843 3200 cathedrali

2271 3245 2523 3359 ἱέᾔῖίε.
2566 3245 2898 3343 cathedralis
2926 3285 3178 3343 ecclesiae
3214 3285 3388 3342 addit.

1516 3479 2199 3567 FRAGMENTA
2262 3479 2768 3580 QUjEDAM

1007 3630 1115 3695 Ex
1163 3628 1529 3696 Ordinario
1574 3649 1692 3695 ms.
1747 3628 2146 3694 cathedralis
2192 3626 2469 3692 ecclesia
2513 3626 2850 3711 Rotomag.
2904 3626 3271 3709 desumpta.

711 3832 984 3888 Dominica
1013 3847 1032 3887 1
1069 3832 1355 3898 Adventus,
1404 3833 1476 3889 ad
1512 3832 1848 3890 Matutinum.

529 3941 663 3996 Tres
692 3938 761 3994 de
792 3937 1034 3994 secunda
1062 3937 1194 3994 sede
1239 3955 1285 4009 ty
1324 3938 1599 4010 Aspiciens
1637 3954 1673 3994 α
1719 3937 1888 4008 longe,
1922 3942 1977 3995 et
2009 3938 2106 3995 de-

462 4028 597 4101 bent
624 4026 828 4101 habere
870 4024 1104 4101 quilibet
1141 4039 1308 4101 unum
1357 4018 1495 4088 I76
1536 4026 1786 4098 galonem
1823 4027 1934 4083 vini
1976 4028 2099 4101 (21)

458 4097 784 4180 de__cellari_o
814 4097 1241 4180 archiepiscopi.

527 4170 687 4227 Nono
718 4168 809 4225 die
854 4168 1192 4225 nativitatem
1239 4168 1454 4225 Domini
1504 4169 1851 4239 pracedente
1895 4171 2105 4228 cantari

457 4241 794 4312 incipiantur
848 4240 1165 4310 antiphona
1202 4254 1327 4311 qua
1384 4254 1483 4311 per
1538 4241 1584 4297 0
1642 4241 1924 4308 inchoant,
1967 4256 2104 4312 quas

457 4326 652 4385 preces
697 4325 812 4385 non
865 4312 1290 4385 subsequantur,
1332 4325 1443 4369 non
1480 4317 1664 4385 tamen
1703 4326 2104 4385 commemora-

457 4383 637 4441 tiones
683 4383 1047 4440 dimittantur.
1082 4383 1262 4439 Prima
1298 4397 1330 4438 a
1367 4383 1697 4441 cancellario
1727 4384 1977 4442 ecclesia
2011 4386 2103 4442 in-

458 4457 715 4527 cipiatur,
738 4456 786 4512 si
816 4468 1061 4526 praesens
1090 4453 1291 4523 fuerit;
1315 4455 1362 4527 si
1392 4468 1525 4527 non,
1549 4457 1617 4512 ab
1638 4470 1749 4512 uno
1775 4456 1845 4513 de
1873 4458 2104 4527 majori-
2148 4447 2163 4457 ’

455 4526 560 4586 bus
579 4541 692 4585 non
713 4532 936 4584 tenente
966 4527 1290 4599 dignitatem
1308 4526 1377 4583 de
1401 4526 1623 4599 sinistra
1652 4534 1836 4599 parte;
1861 4535 1916 4584 et
1934 4529 2015 4585 sic
2035 4529 2103 4584 de

457 4600 650 4657 dextra
699 4605 855 4670 parte
911 4597 1042 4654 ﬁat.’
1080 4597 1669 4670 Secundaantiphona
1697 4614 1729 4655 a
1774 4599 1985 4656 decano
2016 4614 2103 4656 ec-

457 4670 643 4728 clesia
671 4668 990 4742 incipiatur.
1031 4669 1216 4725 Tertia
1243 4668 1544 4742 antiphona
1590 4684 1623 4725 a
1661 4676 1887 4728 cantore
1927 4671 2106 4728 eccle-

458 4743 556 4798 sia
601 4739 916 4812 incipiatur.
949 4743 1153 4810 Quarta
1188 4739 1487 4812 antiphona
1517 4756 1549 4797 a
1585 4743 1815 4799 sacrista
1853 4742 2104 4799 ecclesia

461 4802 799 4882 incipiatur?
816 4802 1015 4882 Quinta
1061 4802 1362 4882 antiphona
1418 4813 1486 4869 ab
1544 4813 1937 4871 archidiacono
1975 4814 2103 4869 Vul-

459 4882 660 4956 cassini
709 4882 954 4940 Francia
991 4883 1306 4956 incipiatur.
1366 4884 1552 4956 Sexta
1582 4885 1883 4956 antiphona
1920 4886 1989 4941 ab
2018 4900 2107 4940 ar-

460 4953 790 5027 chidiacono
823 4956 1035 5025 majori.
1091 4953 1339 5027 Septima
1387 4953 1803 5026 antiphona'ad
1845 4956 2100 5027 placitum

457 5025 703 5084 cantoris
745 5039 779 5081 a
826 5032 981 5095 parte
1039 5025 1473 5083 hebdomadarii.
1509 5025 1601 5083 ’Et
1640 5025 1894 5084 dominus
1929 5028 2109 5085 archi-

458 5100 757 5226 episcopus
792 5095 1022 5165 incipiat
1052 5097 1097 5152 0
1128 5099 1273 5182 virgo
1302 5098 1557 5169 uirginum
1573 5120 1593 5165 ,-
1634 5105 1690 5154 et
1718 5112 1910 5156 omnes
1954 5100 2106 5183 auti-

458 5186 495 5226 n
536 5183 659 5226 oua
691 5181 815 5226 cum
844 5167 975 5225 bina
1019 5172 1388 5226 repetitione:
1430 5175 1487 5226 et
1516 5175 1641 5226 post
1670 5171 2099 5226 Comoletorium

458 5167 670 5241 phona'
691 5181 815 5227 cum
844 5167 975 5225 bina
1019 5167 1349 5238 repetitione
1373 5167 1398 5238 ς’
1430 5175 1487 5226 et
1516 5175 1641 5241 post
1662 5171 2099 5241 iCompletorium

460 5240 590 5313 eant
632 5241 701 5298 ad
734 5242 857 5300 loca
906 5244 1190 5313 consueta,
1230 5241 1343 5298 sive
1374 5242 1430 5298 in
1470 5240 1736 5313 capitulo,
1762 5247 1818 5298 et
1846 5242 1925 5298 ibi
1963 5243 2103 5298 inci-

462 5312 645 5386 piatur
679 5332 691 5368 :
734 5313 808 5379 0,-
849 5324 960 5384 quo
999 5311 1176 5380 ﬁnito,
1218 5313 1500 5370 moderate
1530 5311 1741 5383 bibant,
1785 5318 1841 5369 et
1877 5314 1933 5369 in
1972 5328 2107 5386 pace

465 5384 746 5441 recedant.
785 5386 978 5443 Amen.

535 5456 605 5513 Et
631 5458 782 5525 nota,
835 5469 902 5513 ex
940 5468 1052 5528 quo
1090 5453 1429 5526 incipientur
1482 5455 1801 5530 antiphona
1831 5456 1994 5516 ista:
2038 5457 2103 5525 0,

566 5582 663 5640 21)
701 5583 857 5639 Nunc
885 5582 1115 5640 solidos.

566 5582 630 5637 21
701 5583 857 5639 Nunc
885 5582 1115 5640 solidos.

536 5581 663 5729 £22;
692 5655 869 5723 Nunc,
898 5654 1162 5712 violacea.

2118 3831 2541 3893 Cincensentur
2595 3828 2788 3885 altaria
2837 3835 2893 3886 et
2948 3829 3151 3886 chorus
3190 3828 3318 3885 dum
3356 3829 3667 3886 cantabitur
3711 3833 3833 3888 Ma-

2192 3902 2426 3973 gnificat.

2624 3989 2811 4060 Vigilia
2838 3989 3148 4047 Nativitatis
3186 3989 3416 4046 Domini.

2256 4079 2541 4150 Expositio
2578 4078 2857 4151 Evangelii
2917 4078 3132 4150 legatur
3182 4093 3213 4135 a
3253 4078 3490 4135 diacono
3538 4080 3594 4135 in
3656 4094 3831 4150 cappa

2185 4169 2308 4225 alba
2338 4168 2459 4240 (22)
2492 4169 2547 4224 in
2578 4168 2792 4238 pulpito
2823 4182 2946 4224 cum
2978 4167 3329 4224 candelabris
3377 4160 3508 4240 I77
3551 4174 3607 4223 et
3661 4168 3838 4224 thuri-

2186 4241 2316 4297 bulo
2353 4238 2479 4296 Cum
2507 4245 2641 4295 esset
2679 4240 3018 4311 desponsata.
3060 4240 3201 4296 Psal.
3248 4238 3577 4295 Benedictus.
3610 4240 3836 4297 Interim

2185 4312 2543 4368 incensentur
2569 4311 2763 4367 altaria
2786 4317 2841 4367 et
2871 4311 3096 4367 chorus.

2689 4403 2750 4456 In
2779 4400 3071 4457 Nativitate
3098 4399 3327 4456 Domini.

2255 4489 2388 4545 Tres
2424 4487 2691 4545 lectiones
2720 4488 2971 4560 legantur
3014 4488 3083 4560 de
3132 4487 3464 4560 Prophetia,
3501 4492 3559 4543 et
3606 4491 3719 4560 tres
3750 4488 3837 4545 le-

2186 4560 2399 4616 ctiones
2424 4560 2492 4615 de
2518 4558 2799 4627 Sermone,
2842 4565 2898 4615 et
2927 4566 3038 4616 tres
3056 4558 3332 4614 lectiones
3362 4559 3430 4615 de
3456 4559 3837 4628 Expositione.

2185 4633 2318 4688 Tres
2337 4630 2527 4702 prima
2555 4631 2824 4688 lectiones
2848 4631 2916 4686 de
2946 4629 3189 4702 secunda
3216 4629 3370 4696 sede,
3402 4636 3621 4702 catera
3641 4645 3841 4687 secun-

2186 4702 2315 4758 dum
2339 4700 2603 4759 ordinem
2651 4703 2720 4758 de
2759 4702 2952 4773 majori
3001 4701 3172 4765 sede;
3227 4714 3427 4773 nonam
3466 4700 3842 4773 dominusar-

2186 4773 2594 4844 chiepiscopus.
2653 4772 2892 4829 Primum
2948 4772 3362 4844 responsorium
3419 4777 3473 4827 et
3524 4772 3837 4829 secundum

2185 4843 2328 4901 bini’
2350 4850 2406 4900 et
2444 4845 2559 4901 bini
2590 4844 2658 4900 de
2687 4844 2928 4900 secunda
2971 4843 3124 4911 sede,
3158 4843 3381 4898 tertium
3421 4844 3839 4912 responsorium

2185 4923 2299 4972 tres
2336 4916 2404 4971 de
2433 4915 2676 4998 secunda
2690 4915 2836 4998 .sede
2853 4916 2940 4998 in.
2954 4915 3178 4998 cappis;
3204 4919 3456 4998 quartum
3497 4920 3553 4998 et
3582 4916 3840 4998 quintum

2185 4988 2599 5056 responsorium
2647 4986 2763 5042 bini
2815 4992 2871 5043 et
2927 4983 3160 5042 bini‘de
3200 4983 3391 5054 majori
3428 4983 3580 5051 sede,
3600 4983 3842 5045 sextum

2184 5058 2596 5127 responsorium
2636 5056 2893 5114 dominus
2928 5057 3401 5128 archiepiscopus,
3452 5070 3577 5112 cum
3617 5070 3685 5113 eo
3737 5057 3836 5115 de-

2117 5143 2351 5225 I)canus
2406 5135 2461 5184 et
2493 5133 2711 5225 .cantur
2741 5128 2813 5211 .in
2847 5129 3116 5225 ιοξξκρρξδςιΔ
3133 5129 3426 5210 septimum
3474 5134 3531 5225 et
3570 5134 3827 5185 octavum

2190 5199 2601 5271 responsorium
2640 5199 2755 5255 bini
2812 5205 2868 5256 et
2905 5197 3019 5256 bini
3078 5200 3147 5256 de
3195 5197 3389 5267 majori
3429 5197 3582 5271 sede,
3634 5212 3840 5257 nonum

2189 5269 2600 5342 responsorium
2629 5275 2744 5327 tres
2771 5271 2839 5329 de
2869 5271 3169 5342 majoribus
3206 5271 3269 5342 in
3294 5269 3679 5342 cappis.Tres
3711 5271 3839 5328 ulti-

2190 5340 2298 5400 ma
2318 5342 2586 5399 lectiones
2614 5342 2725 5398 sint
2753 5343 2809 5399 in
2840 5340 3063 5414 cappis:
3126 5347 3183 5398 et
3227 5340 3310 5397 sic
3346 5341 3403 5414 in
3440 5341 3566 5414 aliis
3604 5342 3839 5414 triplici-

2190 5415 2312 5471 bus.
2378 5431 2425 5485 iy
2474 5413 2494 5467 l
2567 5414 2737 5470 Hodie
2785 5412 2958 5483 nobis,
3030 5418 3140 5471 stet
3174 5482 3183 5485 _
3212 5412 3394 5469 omnis
3444 5412 3650 5470 chorus
3701 5413 3834 5471 dum

2188 5499 2380 5544 versus
2404 5482 2719 5543 cantabitur
2748 5486 2933 5545 Gloria
2951 5488 3007 5543 in
3034 5482 3281 5542 excelsis.

2567 5580 2634 5634 In
2661 5578 3076 5651 Septuagesima,
3108 5576 3181 5632 ad
3208 5575 3442 5632 missam.

2258 5667 2688 5739 Responsorium
2734 5667 2814 5739 (id
2860 5670 2958 5735 est,
3010 5663 3292 5738 graduale)
3333 5664 3446 5722 duo
3483 5664 3555 5722 de
3588 5665 3836 5724 secunda
