4156 6196
389 264 485 321 1%

1806 264 1976 321 ACTA
2014 263 2301 320 VETERA.

3634 261 3736 319 126

386 390 509 451 sede
537 385 841 471 inpulpito
871 388 1009 470 etin
1038 386 1179 444 albis
1197 388 1421 459 Adjutor
1444 390 1499 444 in
1524 387 2015 515 ogpoi'iunitaiious.
2034 390 2153 451 Aet
2180 388 2263 474 sic
2298 388 2393 474 ﬁat
2439 389 2496 445 in
2525 387 2781 445 omnibus
2826 386 2981 473 festis
3026 388 3359 472 triplicibus,
3391 389 3520 447 dum
3551 393 3733 446 tamen

386 466 418 515 ὖ
446 462 702 515 Ouomam
738 474 841 514 non
882 474 938 514 in
982 460 1151 515 finem.
1201 462 1268 515 Et
1314 462 1519 515 debent
1586 460 1752 515 abere
1780 460 2020 515 quilibet
2097 461 2547 515 archuemsconus
2593 460 2952 515 celebraverit
2997 466 3299 515 servulum.
3348 461 3482 515 Tres
3526 462 3596 515 de
3638 476 3732 515 se-

383 466 418 526 i
446 460 702 529 Quoniam
738 474 841 514 non
882 459 941 531 in
981 460 1151 531 finem.
1201 462 1268 515 Et
1314 462 1519 516 debent

384 545 543 617 unum
596 531 849 615 galonem
895 530 1008 587 vini
1048 530 1156 602 (23)
1209 532 1278 587 de
1325 532 1550 587 cellario
1590 532 1798 588 domini
1838 532 2018 588 archi-

384 617 647 676 episc0p1.

994 672 1080 729 Ad
1119 676 1391 746 Vesperas.

477 753 616 824 178
663 760 816 817 Istud
863 775 1102 831 sequens
1162 762 1573 832 responsorium
1636 767 1888 818 cantetur
1947 761 2013 816 ad

380 837 640 905 Vesperas
685 832 997 905 usquead
1030 833 1536 905 Quadragesimam,
1592 834 1839 904 exceptis
1884 834 2018 889 Sab~

379 903 512 962 batis
549 912 606 961 et
642 917 837 960 novem
874 903 1173 959 lectionum
1219 903 1394 960 festis.
1446 907 1505 961 ln
1549 903 1833 961 Dominica
1874 918 2017 960 unus

377 977 442 1033 de
482 975 725 1048 secunda
762 973 924 1048 sede,
965 989 1064 1044 per
1100 974 1266 1032 ferias
1303 990 1446 1032 unus
1483 976 1553 1033 de
1593 978 1768 1047 prima
1821 976 1902 1048 (id
1940 980 2017 1031 est

377 1048 581 1118 inﬁma)
621 1047 776 1115 sede,
816 1047 951 1117 Spes
987 1061 1123 1103 mea.

851 1134 1013 1190 Feria
1050 1139 1241 1206 quarta
1278 1135 1535 1191 Cinerum.

441 1225 601 1291 Nota,
644 1225 772 1294 post
816 1220 1247 1294 Completorium
1295 1226 1795 1294 aspergatur'aqua
1852 1224 2018 1279 bene-

378 1295 522 1352 dicta
558 1309 590 1349 a
627 1293 838 1349 decano
865 1293 950 1349 vel
980 1293 1236 1361 dietario,
1273 1300 1328 1350 et
1362 1295 1442 1350 sic
1470 1293 1564 1350 ﬁat
1594 1308 1769 1364 usque
1797 1295 1866 1351 ad
1898 1309 2015 1351 cm-

375 1380 495 1423 nam
524 1365 760 1433 Domini,
793 1365 1044 1436 exceptis
1070 1365 1371 1421 Dominicis
1399 1366 1614 1423 diebus.

595 1453 867 1510 Dominica
904 1469 923 1509 1
962 1454 1417 1525 Quadragesimaz,
1457 1455 1528 1511 ad
1563 1455 1793 1511 missam.

439 1544 668 1599 Tractus
704 1548 944 1615 quatuor
979 1544 1283 1615 canonici,
1305 1544 1414 1600 duo
1452 1544 1522 1601 de
1560 1546 1753 1615 majori
1792 1544 1923 1600 sede
1962 1550 2018 1600 et

375 1614 482 1686 duo
517 1615 588 1670 de
628 1614 870 1670 secunda
911 1615 1043 1671 sede
1079 1615 1135 1669 in
1179 1614 1302 1686 (24)
1346 1616 1488 1671 albis
1526 1614 1657 1672 ante
1691 1616 1882 1681 altare,
1914 1617 2017 1683 Qui

1586 459 1752 515 abere
1780 460 2020 529 quilibet
2097 461 2547 532 archiepiscopus
2593 459 2952 516 celebraverit
2997 459 3299 516 servitium.
3348 461 3482 516 Tres
3526 462 3596 518 de
3638 476 3732 518 se-

2100 532 2279 589 cunda
2307 532 2439 589 sede
2472 554 2484 588 :
2517 532 2891 588 Benedicamus
2920 532 3163 587 Domino.

2720 624 2788 678 In
2813 620 3109 679 Matutinis.

2171 712 2443 781 Legantur
2490 716 2602 767 tres
2649 709 2915 767 lectiones
2960 708 3029 781 de
3076 706 3432 781 Expositione
3466 728 3478 763 :
3520 708 3585 765 Si
3620 710 3735 781 quis

2098 779 2267 849 diligit
2294 798 2392 845 me.
2427 788 2481 838 et
2509 783 2619 838 sint
2650 783 2706 838 in
2738 782 2925 852 cappis
2962 780 3317 852 diversorum,
3350 779 3733 852 colorum.’Ad

2098 853 2327 922 primam
2376 853 2667 909 lectionem
2706 850 3033 908 candelabra
3062 858 3117 908 et
3153 850 3512 906 thuribulum.
3544 851 3736 907 Omnia

2099 925 2450 993 responsoria
2498 924 2553 978 in
2603 926 2828 994 cappis;
2883 924 3114 994 primum
3161 922 3577 993 responsorium
3622 925 3737 994 tres

2099 995 2167 1050 de
2196 992 2459 1050 secunda
2504 992 2997 1061 sede,'s'ecundum
3050 993 3459 1065 responsorium
3508 1001 3620 1065 tres
3666 992 3735 1049 de

2099 1066 2260 1139 tertia
2296 1065 2449 1133 sede,
2491 1065 2711 1122 tertium
2750 1064 3160 1137 responsorium
3194 1064 3315 1139 (29)
3351 1072 3465 1122 tres
3506 1064 3576 1121 de
3615 1077 3735 1120 ma-

2092 1138 2327 1209 joribus.
2811 1208 2823 1209 ί
3200 1138 3217 1198 έ

2734 1208 2826 1262 Ad
2864 1208 3094 1264 missam.

2169 1314 2224 1369 Si
2280 1314 2728 1385 archiepiSCOpus
2774 1314 2975 1380 fuerit,
3034 1329 3220 1370 secum
3273 1315 3471 1370 habeat
3525 1318 3733 1384 septem

2098 1385 2364 1442 diaconos
2388 1393 2443 1441 et
2473 1384 2700 1442 totidem
2720 1384 3109 1451 subdiaconos,
3133 1385 3202 1441 de
3222 1386 3424 1455 quibus
3442 1385 3734 1441 duodecim

2097 1456 2209 1512 sint
2236 1457 2305 1514 de
2343 1457 2583 1513 secunda
2621 1457 2773 1522 sede,
2805 1463 2860 1512 et
2895 1456 3101 1512 debent
3147 1456 3399 1525 praedicti
3442 1455 3733 1513 duodecim

2101 1546 2371 1615 prandere
2400 1560 2522 1601 cum
2565 1538 2675 1607 l8|
2716 1544 2940 1601 domino
2965 1543 3405 1613 archiepiscopo,
3426 1544 3510 1599 vel
3531 1543 3734 1601 habere

2100 1614 2335 1689 quilibet
2365 1617 2505 1674 duos
2538 1617 2658 1689 (30)
2692 1616 2901 1672 solidos
2921 1616 2989 1671 de
3020 1616 3187 1689 bursa
3214 1614 3464 1685 praedicti
3494 1614 3731 1689 domini;

374 1684 608 1776 habitat,
648 1685 764 1769 bini
804 1692 859 1776 et
897 1684 1285 1776 binijcagntent'
1322 1701 1553 1769 versum.
1584 1701 1789 1776 διιμωὶ
1821 1684 2437 1776 omnesBethhrislus
2483 1684 2940 1776 vincit’uean‘tet‘ur
2983 1690 3013 1742 a
3060 1686 3279 1769 duobus
3319 1685 3629 1776 canonicis,
3678 1692 3734 1740 et

373 1757 532 1813 simul
571 1756 860 1826 incipiant,
893 1763 948 1813 et
984 1757 1053 1814 ad
1091 1758 1253 1814 tinem
1291 1772 1483 1814 omnes
1509 1758 1669 1815 simul
1704 1779 1717 1815 :
1757 1760 2010 1828 Longitu-

372 1828 519 1895 dine,
561 1834 618 1883 et
654 1828 734 1883 sic
772 1828 1012 1883 ﬁniatur.

414 1916 573 1971 Feria
606 1932 667 1983 ιι,
699 1916 841 1986 infra
870 1915 1249 1972 hebdomadam
1269 1916 1495 1988 primam
1523 1918 1969 1987 Quadragesinue.

436 2004 586 2060 Ordo
618 2004 720 2077 iste
752 2004 1110 2077 prtescriptus
1140 2019 1263 2060 cum
1294 2006 1484 2061 osculo
1515 2006 1725 2062 scdium
1761 2021 1792 2061 a
1821 2007 2014 2077 singu-

372 2074 437 2130 lis
484 2090 535 2147 a,
566 2076 746 2146 capite
788 2076 984 2147 jejunii
1025 2076 1081 2131 in
1125 2077 1229 2131 ista
1274 2078 1516 2132 secunda
1558 2077 1695 2133 feria
1732 2078 1801 2133 de
1841 2074 2012 2144 horis,

369 2146 715 2219 antiphonis,
766 2146 1021 2217 capitulis
1066 2154 1320 2219 teneatur
1365 2163 1538 2219 usque
1586 2150 1654 2204 ad
1704 2150 2015 2219 passionem

367 2218 603 2342 30mini,
636 2225 692 2274 et
719 2219 967 2275 osculum
996 2218 1208 2274 sedium
1240 2234 1413 2290 usque
1442 2218 1510 2275 ad
1543 2218 1811 2291 Vesperas
1839 2234 2013 2277 coena:

412 2302 608 2345 omini.

595 2332 608 2345 ’
762 2359 999 2416 Sabbato
1032 2362 1271 2428 Quatuor
1301 2364 1624 2434 Temporum.

437 2448 502 2503 ln
550 2447 654 2503 hac
699 2446 864 2502 missa
900 2448 970 2502 ad
1007 2450 1314 2505 orationem
1352 2451 1600 2519 epistolae
1639 2464 1750 2506 non
1798 2450 2015 2507 dicatur

362 2517 667 2573 Flectamus
695 2533 883 2587 genua,
914 2519 986 2574 ob
1016 2517 1458 2576 reverentiam'S.
1492 2522 1664 2587 Pauli,
1695 2528 1752 2576 et
1780 2527 2015 2591 quatuor

362 2607 567 2677 primm
606 2606 874 2679 lectiones
920 2607 990 2663 de
1050 2600 1186 2669 I79
1225 2608 1418 2677 majori
1464 2608 1594 2663 sede
1642 2608 1912 2679 legantur,
1961 2615 2017 2665 et

364 2678 562 2748 quinta
602 2677 769 2734 lectio
807 2678 875 2734 de
913 2679 1156 2733 secunda
1193 2679 1355 2742 sede,
1394 2680 1623 2747 Angelus
1661 2677 1887 2735 Domini.
1950 2681 2016 2734 Et

363 2754 609 2819 quatuor
656 2750 1009 2819 responsoria
1057 2750 1126 2805 de
1173 2751 1345 2819 prima
1392 2750 1523 2804 sede
1580 2751 1635 2804 in
1692 2750 1834 2805 albis
1889 2756 2015 2805 ante

365 2820 629 2890 aquilam,
671 2826 727 2875 et
764 2826 972 2875 tractus
1010 2820 1268 2888 Laudato,
1300 2821 1411 2876 duo
1450 2820 1519 2875 de
1555 2822 1747 2890 majori
1787 2820 1918 2876 sede
1959 2822 2013 2877 in

364 2891 506 2945 albis
541 2890 663 2962 (25)
698 2898 825 2947 ante
864 2891 1056 2956 altare,
1089 2898 1144 2946 et
1180 2891 1247 2962 ad
1288 2892 1530 2962 quinque
1565 2894 1769 2961 primas
1799 2894 2011 2949 oratio-

366 2976 462 3028 nes
492 2975 605 3018 non
638 2961 855 3018 dicatur
881 2964 1134 3018 Dominus
1164 2961 1566 3030 vobiscum,sed
1599 2963 1836 3019 Oremus.

599 3051 872 3108 Dominica
902 3067 941 3107 ιι
971 3050 1419 3120 Quadragesimw,
1451 3051 1523 3106 ad
1552 3052 1783 3106 missam.

432 3141 555 3195 Duo
603 3140 762 3210 pueri
807 3139 864 3196 in
910 3140 1126 3211 pulpito
1175 3139 1443 3210 incipiant
1494 3141 1571 3195 De
1597 3139 2008 3209 necessitatibus,

366 3216 420 3266 et
463 3212 675 3268 chorus
729 3212 877 3268 hunc
923 3225 1139 3268 versum
1187 3211 1360 3267 ﬁniat.
1417 3212 1535 3267 Duo
1582 3211 1740 3281 pueri
1788 3218 2012 3267 cantent

364 3284 577 3338 tantum
614 3297 829 3339 versum
866 3283 1169 3340 secundum
1206 3283 1293 3339 Ad
1328 3287 1397 3349 te,
1437 3283 1675 3350 Domine,
1717 3289 1772 3337 et
1809 3282 2012 3339 chorus

365 3351 527 3409 ﬁnem
574 3368 783 3411 versus.
835 3356 950 3411 Duo
999 3354 1156 3425 pueri
1203 3353 1471 3424 incipiant
1513 3353 1718 3409 Etenim
1762 3354 2009 3422 universi,

367 3430 419 3479 et
455 3425 681 3481 ﬁniatur
718 3440 749 3481 a
788 3426 980 3482 choro.
1030 3426 1301 3495 Sequatur
1329 3425 1469 3480 alius
1498 3430 1723 3481 tractus.
1768 3427 2012 3492 Quatuor

366 3496 641 3564 canonici,
692 3497 802 3553 duo
850 3497 919 3553 de
969 3498 1162 3564 majori
1211 3496 1341 3552 sede
1390 3502 1445 3551 et
1492 3498 1603 3551 duo
1651 3496 1720 3551 de
1768 3496 2012 3552 secunda

368 3574 863 3713 Slatertalztwgactum
898 3567 1213 3624 Benedicam
1249 3567 1542 3635 Dominum,
1574 3574 1700 3622 ante
1739 3567 1910 3624 altare
1954 3568 2012 3622 in

459 3653 509 3696 1s
682 3683 695 3696 .

459 3653 509 3696 lS
550 3653 695 3696 (ΖΟ).

694 3730 975 3785 Dominica
1002 3725 1325 3794 Palmarum,
1358 3725 1429 3781 ad
1456 3726 1691 3781 missam.

441 3818 874 3887 Responsorium
913 3818 1025 3874 duo
1054 3816 1124 3873 de
1170 3814 1416 3872 secunda
1443 3815 1575 3871 sede
1605 3815 1661 3870 in
1709 3814 1885 3872 albis:
1924 3816 2016 3887 Te-

368 3890 524 3945 nuiin
558 3886 789 3945 manum.
823 3897 862 3956 ψ
891 3890 1061 3957 Quam
1087 3888 1251 3944 bonus
1287 3900 1398 3943 non
1447 3888 1761 3943 reiteretur.
1812 3888 1879 3942 Et
1907 3886 2010 3943 de-

368 3959 499 4017 bent
528 3960 735 4017 habere
764 3960 999 4031 quilibet
1028 3974 1195 4016 unum
1224 3959 1476 4030 galonem
1506 3958 1616 4014 vini
1652 3958 1753 4029 (27)
1786 3973 1818 4014 a
1849 3958 2011 4031 cella:

365 4031 445 4088 rio
474 4032 690 4089 domini
726 4030 1150 4103 archiepiscopi.
1190 4032 1444 4087 Tractum
1484 4036 1724 4103 quatuor
1752 4030 2011 4103 canonici

365 4110 490 4159 ante
519 4104 717 4171 altare,
747 4104 859 4161 duo
889 4104 958 4160 de
997 4103 1191 4173 majori
1238 4102 1371 4158 sede
1403 4108 1459 4158 et
1505 4102 1615 4158 duo
1649 4102 1718 4158 de
1766 4102 2011 4158 secunda

367 4176 495 4232 sede
525 4177 587 4232 in
616 4176 757 4232 albis
783 4174 898 4247 (28)
930 4176 1090 4245 Deus,
1123 4178 1262 4231 Deus
1292 4188 1456 4241 meus,
1484 4174 1705 4245 respice.

860 4266 927 4321 In
953 4264 1271 4320 Ascensione
1300 4263 1523 4319 Domini.

438 4355 815 4411 lnvitatorium
859 4359 1096 4425 quatuor
1125 4353 1193 4409 de
1238 4352 1539 4422 majoribus
1566 4352 1660 4422 qui
1710 4366 1809 4422 per
1836 4353 2006 4408 Matu—
2024 4366 2074 4424 ι)

365 4441 509 4498 tinas
541 4442 773 4499 chorum
802 4446 1014 4512 regant,
1039 4440 1149 4497 duo
1180 4441 1417 4509 majores
1449 4432 1588 4501 180
1622 4439 1705 4496 vel
1736 4440 2008 4511 antiquio-

371 4526 457 4568 res
486 4528 592 4585 per
618 4511 947 4581 Nocturnas,
978 4519 1035 4569 et
1062 4512 1156 4567 alii
1185 4511 1295 4567 duo
1320 4512 1389 4567 ad
1418 4511 1651 4567 Laudes.

658 4605 723 4658 In
748 4604 883 4673 festo
911 4603 1258 4669 Pentecostes,
1292 4599 1364 4655 ad
1392 4615 1410 4655 1
1450 4601 1723 4671 Vesperas.

438 4692 585 4749 Psal.
630 4692 958 4763 Magniﬁcal.
990 4691 1225 4763 Interim,
1258 4690 1433 4760 majus
1478 4689 1649 4763 altare
1694 4688 2014 4763 incensetur

367 4776 397 4817 a
437 4763 666 4821 domino
708 4760 1149 4833 archiepiscopo;
1182 4761 1230 4817 si
1275 4774 1523 4832 praesens
1566 4760 1751 4829 fuerit,
1785 4769 1840 4818 et
1887 4769 2014 4833 post

369 4841 679 4892 revertatur
707 4836 763 4891 in
793 4834 1109 4891 cathedram
1139 4846 1313 4899 suam,
1345 4840 1401 4888 et
1430 4833 1786 4888 incensentur
1820 4834 2011 4903 sepul-

371 4911 508 4963 tura:
540 4920 732 4978 regum
761 4912 817 4963 et
846 4906 1018 4962 altare
1047 4905 1226 4978 beata:
1262 4903 1445 4978 Maria:
1474 4918 1506 4960 a
1530 4904 1748 4961 duobus
1778 4906 2011 4978 presby-

370 4979 505 5033 teris
544 4975 849 5045 cahonicis,
882 4983 939 5033 et
965 4977 1023 5033 in
1062 4975 1347 5033 redeundo
1394 4975 1751 5032 incensentur
1777 4977 1846 5033 ab
1876 4975 2013 5047 ipsis

368 5050 657 5107 canonicis
693 5050 950 5123 dominus
989 5048 1439 5123 archiepiscopus
1468 5053 1524 5104 et
1540 5047 1813 5123 dominus
1850 5048 2010 5123 deca-

368 5131 492 5188 nus,
525 5128 583 5177 et
620 5128 812 5192 postea
854 5121 1174 5177 incensetur
1213 5118 1418 5176 chorus
1452 5133 1485 5176 a
1521 5118 1740 5177 duobus
1784 5119 2008 5192 pueris;

438 5210 549 5352 $34)
576 5211 735 5268 Nunc
824 5209 935 5267 sol.

538 5287 557 5349 )
594 5283 751 5339 Nunc
780 5295 838 5338 1n
878 5296 935 5338 ca

464 5281 557 5354 24)
594 5283 751 5339 Nunc
780 5283 838 5338 in
878 5282 1089 5354 cappis.

460 5352 554 5439 ἓξ)
591 5354 746 5439 hunc
774 5354 841 5439 in.
861 5352 1070 5426 cappis.

443 5424 554 5494 (26)
594 5426 654 5482 In
683 5425 894 5551 capgis.
930 5424 941 5426 '

440 5494 556 5563 (27)
594 5497 749 5554 Nunc
842 5495 947 5553 sol.

442 5565 549 5636 (28)
589 5570 649 5625 ln
677 5570 889 5641 cappis.

2102 1758 2306 1815 debent
2335 1760 2537 1815 habere
2568 1759 2799 1829 quilibet
2824 1757 2944 1829 (31)
2980 1757 3223 1828 quinque
3252 1756 3463 1829 solidos
3482 1756 3549 1811 de
3572 1756 3735 1829 bursa

2098 1830 2305 1885 domini
2354 1826 2779 1900 archiepisc0pi,
2836 1826 3259 1900 quas‘ipse’met
3305 1827 3471 1882 debet
3517 1826 3734 1900 tradere

2137 1900 2380 1957 raedictis
2416 1898 2717 1958 canonicis
2741 1898 2963 1970 propria
2996 1914 3183 1955 manu.
3210 1899 3303 1954 Sin
3333 1904 3536 1965 autem,
3562 1898 3737 1967 major

2137 1916 2380 1957 raeorcus
2416 1916 2695 1958 canonicis
2741 1916 2963 1970 propria
2996 1916 3155 1955 manu

2098 1916 2309 2029 gonore
2340 1974 2624 2043 presbyter
2649 1980 2872 2043 peragat
2896 1970 3156 2026 ofﬁcium.

2414 2064 2478 2116 In
2505 2061 2635 2130 festo
2665 2061 2726 2116 S.
2766 2059 3056 2123 Trinitatis,
3090 2058 3159 2112 ad
3190 2057 3420 2111 missam.

2168 2149 2347 2207 Finito
2394 2149 2702 2219 Evangelio,
2735 2147 2901 2219 Credo
2938 2147 2993 2219 in
3038 2161 3195 2202 unum
3231 2146 3475 2219 dicatur,
3515 2144 3735 2201 interim

2098 2228 2280 2279 textus
2313 2221 2413 2291 (32)
2448 2215 2725 2276 deferatur
2747 2233 2783 2291 ea
2813 2218 3152 2291 subdiacono
3181 2215 3248 2271 ad
3290 2217 3562 2291 decanum‘
3596 2230 3737 2291 pra:-

2095 2286 2327 2349 cedente
2358 2292 2638 2347 thuribulo
2665 2306 2695 2345 a
2727 2290 2981 2344 diacono.
3032 2289 3086 2343 Si
3118 2288 3359 2343 decanus
3404 2300 3513 2342 non
3545 2286 3730 2353 fuerit,

2093 2364 2465 2421 subdiaconus
2503 2361 2713 2418 deferat
2742 2375 2842 2430 per
2871 2360 3098 2415 chorum
3142 2356 3520 2430 osculandum,
3564 2371 3734 2430 puero

2093 2436 2452 2499 incensante;
2504 2441 2560 2490 et
2588 2433 2668 2489 sic
2700 2428 2792 2488 ﬁat
2835 2432 2890 2487 in
2930 2431 3184 2486 omnibus
3232 2428 3405 2497 festis,
3438 2429 3495 2485 in
3535 2428 3736 2500 quibus

2094 2508 2261 2564 Credo
2291 2507 2344 2562 in
2372 2521 2527 2561 unum
2555 2504 2777 2561 dicitur.

2310 2597 2374 2649 In
2398 2593 2807 2676 festo_Co_rporis
2840 2591 3051 2676 Qhristi,
3084 2590 3156 2676 (ιᾴ
3184 2589 3518 2676 Μαξυιίιξιξῖιὲς
3548 2658 3589 2676 ι,

2167 2665 2300 2719 Tres
2329 2658 2516 2733 prima:
2543 2658 2809 2719 lectiones
2839 2664 2907 2718 de
2932 2661 3175 2717 secunda
3196 2660 3357 2733 sede,
3391 2660 3516 2715 aliae
3546 2658 3735 2715 lectio-

2096 2746 2197 2790 nes
2225 2734 2295 2789 de
2330 2731 2532 2803 'majori
2580 2734 2711 2789 sede
2749 2740 2806 2789 et
2848 2731 3491 2805 archiepiscopusdegat
3537 2743 3735 2785 nonam

2097 2805 2389 2861 lectionem
2420 2800 2475 2860 in
2507 2804 2768 2860 cathedra
2796 2819 2915 2868 sua,
2943 2804 2989 2858 si
3029 2800 3273 2871 praesens
3300 2800 3487 2856 fuerit.

2407 2896 2470 2948 In
2495 2893 2628 2964 festo
2654 2891 3061 2963 Purificationis,
3093 2889 3165 2945 ad
3193 2889 3423 2943 missam.

2170 2981 2554 3052 Unusquisque
2593 2980 2877 3037 ardentem
2914 2993 3134 3036 cereum
3174 2982 3377 3044 teneat,
3410 2989 3573 3047 quem
3611 2981 3738 3047 post

2032 3042 2079 3101 Ο
2097 3042 2445 3123 Evangelirlm
2464 3042 2688 3108 'oﬁ‘erat.

2236 3143 2298 3197 In
2324 3141 2690 3211 Assumplione
2717 3141 2782 3195 Β.
2818 3141 2873 3194 ν.
2907 3134 3115 3206 Μαι-ἕω,
3148 3136 3220 3193 ad
3249 3136 3583 3193 Matutinum.

2160 3230 2461 3300 lncipiatur
2487 3228 2680 3285 festive
2715 3231 2785 3284 Te
2808 3230 2984 3300 Deum
3012 3227 3309 3294 laudamus,
3336 3231 3392 3282 et
3418 3227 3737 3300 incensetur

2091 3301 2261 3359 altare
2281 3295 2322 3357 'a
2360 3300 2670 3366 sacerdote.
2702 3305 2758 3355 et
2786 3299 2896 3355 duo
2947 3300 3102 3369 pueri
3139 3299 3252 3369 sint
3280 3295 3616 3369 anteealtare
3652 3302 3735 3369 te-

2093 3378 2288 3430 nentes
2325 3372 2435 3428 duo
2474 3371 2824 3437 candelabra,
2857 3375 2915 3426 et
2948 3366 3032 3425 sic
3062 3369 3154 3424 ﬁat
3193 3368 3249 3423 in
3288 3367 3545 3424 omnibus
3580 3366 3738 3424 festis

2092 3444 2745 3588 trigllgobmlmemoralione
2782 3528 3008 3581 omnium
3045 3527 3422 3595 defunctorum,
3463 3525 3536 3580 ad
3581 3527 3676 3578 Ve-

2803 3611 3010 3668 speras.

2182 3681 2319 3749 182
2360 3687 2501 3742 Psal.
2533 3686 2863 3756 Magni/ient,
2898 3685 3215 3740 incensetur
3256 3682 3430 3753 majus
3476 3680 3647 3739 altare
3680 3685 3738 3738 et

2094 3759 2298 3817 chorus
2326 3758 2449 3829 [leg.
2477 3758 2785 3823 celebrans]
2825 3761 3057 3814 tantum.

2271 3852 2373 3905 Per
2401 3863 2611 3916 annum,
2644 3845 2871 3919 qualibet
2901 3846 3005 3914 die,
3036 3846 3107 3901 ad
3136 3843 3554 3917 Completorium.

2163 3939 2218 3995 Si
2248 3938 2490 3994 decanus
2519 3951 2764 4007 praesens
2792 3934 2977 4003 fuerit,
3002 3935 3214 3993 decano
3243 3934 3459 3991 dicatur
3478 3933 3737 4006 Conﬁteor

2091 4011 2161 4067 ab
2191 4014 2429 4080 utroque
2462 4008 2655 4066 choro.

2588 4096 2731 4154 Ordo
2769 4097 3010 4153 matutini
3038 4096 3235 4167 Ofﬁcii.

2162 4189 2222 4243 1n
2271 4185 2570 4243 Dominicis
2615 4200 2788 4255 usque
2831 4185 2899 4239 ad
2949 4185 3157 4240 Pascha
3203 4183 3576 4241 invitatoriam
3622 4182 3734 4255 duo

2092 4259 2161 4315 de
2193 4258 2436 4315 secunda
2464 4258 2597 4313 sede
2623 4278 2636 4322 ;
2677 4254 2994 4325 antipbonae
3024 4256 3092 4311 de
3126 4256 3414 4311 nocturnis
3440 4255 3512 4325 de
3540 4254 3735 4321 majori

2094 4330 2246 4396 sede,
2276 4336 2332 4386 et
2362 4330 2417 4384 in
2464 4326 2713 4399 singulis
2744 4324 3031 4399 nectnrnis
3059 4326 3250 4399 ultima
3278 4324 3574 4399 cujuslibet
3602 4337 3736 4399 noc-

2096 4392 2274 4458 turnae
2302 4414 2428 4457 cum
2465 4392 2661 4457 neuma
2691 4398 2931 4454 ﬁniatur.
2973 4398 3106 4453 Tres
3147 4392 3636 4465 primtelectiones
3658 4392 3733 4465 de

2095 4472 2270 4543 prima
2299 4472 2683 4546 sede._Quarta
2713 4469 2878 4546 lectio
2908 4474 2964 4546 et
2990 4463 3182 4546 quinta
3210 4466 3279 4522 de
3308 4463 3550 4546 secunda
3578 4463 3731 4546 sede,

2095 4532 2313 4617 caetera;
2345 4532 2612 4617 lectiones
2640 4541 2943 4617 deemajori
2961 4532 3112 4595 sede.
3141 4535 3511 4617 Responseria
3539 4532 3734 4617 eodem

2095 4614 2291 4672 ordine
2311 4614 2680 4671 celebrentur.
2713 4608 2984 4670 Hic'ordo
3015 4615 3263 4667 servetur
3285 4621 3384 4678 per
3402 4608 3732 4662 Dominicas.

2742 4702 2828 4758 Ad
2864 4699 3093 4757 Laudes.

2163 4790 2414 4868 Quinque
2444 4790 2764 4868 antiphona
2801 4789 2871 4845 de
2910 4785 3196 4868 Laudibus
3224 4782 3310 4868 de
3329 4783 3570 4841 secunda
3601 4782 3733 4840 sede

2092 4855 2448 4934 insipiantur,
2479 4868 2534 4919 et
2564 4855 2754 4934 ultima
2785 4873 2909 4915 cum
2939 4869 3137 4912 neuma
3165 4855 3386 4913 ﬁniatur
3415 4869 3530 4934 per_
3543 4869 3734 4934 omnes

2095 4926 2439 4992 Dominicas.
2473 4933 2868 4997 Benedicamus,
2901 4942 3045 4985 unus
3080 4942 3218 4998 puer
3255 4943 3286 4985 a
3324 4926 3479 5001 parte
3517 4926 3735 4983 hebdo-

2094 5005 2323 5062 madarii
2352 5018 2452 5076 per
2479 5008 2655 5061 totum
2685 5014 2906 5057 annum.

2598 5090 2685 5148 Ad
2712 5092 2889 5146 Horas
2918 5090 3218 5147 canonicos.

2165 5186 2326 5252 Nota,
2358 5195 2549 5240 omnes
2576 5179 2894 5251 antipbonaa
2924 5179 2994 5239 de
3023 5178 3189 5238 Horis
3216 5176 3380 5235 etiam
3408 5173 3467 5231 in
3495 5174 3737 5232 Domini.-

2170 5289 2279 5361 (29)
2318 5290 2473 5345 Nunc
2492 5286 2537 5361 :1
2561 5284 2835 5361 cantores.

2168 5356 2658 5437 (ἓφὶῌυηοβδοι-
2777 5428 2791 5437 .
2894 5429 2905 5437 .
3489 5422 3524 5437 ..

2168 5422 2277 5508 (31)
2307 5430 2591 5508 fraudem
2615 5443 2738 5508 cu_m
2758 5428 2982 5487 domino
3006 5422 3446 5508 archiepiscopo,
3470 5422 3737 5508 diaconus

2097 5512 2152 5562 et
2178 5495 2556 5560 subdiaconus
2579 5508 2635 5558 et
2662 5500 2697 5555 5
2725 5507 3002 5568 cantores,
3034 5495 3286 5555 canonici
3318 5509 3442 5555 cum
3470 5495 3572 5553 eis.

2170 5575 2271 5645 (32)
2313 5574 2373 5631 ld
2403 5579 2507 5642 est,
2539 5572 2683 5631 liber
2711 5572 3149 5644 Evangeliorum.
