4146 6182
382 246 478 303 127

1501 244 1794 299 JOANNES
1829 242 2245 301 ARCHIEPISC.
2287 223 2622 296 aorouA'c.

3639 234 3737 289 128

373 373 456 429 cis
483 376 540 427 et
568 369 779 426 festivis
806 369 1004 426 diebus
1031 368 1100 425 de
1129 369 1372 427 secunda
1409 368 1540 426 sede
1568 368 1924 440 incipiantur,
1957 370 2074 430 etA
2091 367 2399 440 Benedictus
2451 370 2509 440 et
2541 364 2893 440 _Maqniﬁ_cat,_
2940 362 3104 440 ‘[add.
3168 367 3223 419 et
3279 363 3435 417 Nunc
3497 360 3738 440 dimittis]

375 458 496 499 cum
528 456 724 498 neuma
754 441 1031 505 ﬁniantur.

995 531 1080 586 Ad.
1120 532 1391 601 Vesperas.

446 623 645 675 Omnes
700 619 1016 689 antiphonm
1065 618 1135 674 de
1182 618 1423 673 secunda
1473 616 1603 672 sede
1661 617 2013 688 incipiantur,

390 701 524 770 I83
568 715 624 764 et
664 723 788 765 cum
819 722 1014 764 neuma
1046 708 1306 764 ﬁniantur
1337 722 1436 777 per
1465 721 1656 763 omnes
1684 708 2014 764 Dominicas.

873 800 937 851 In
973 797 1141 867 feriis,
1172 810 1271 868 per
1308 811 1517 850 annum.

447 883 822 941 Invitatorium
852 898 994 939 unus
1024 885 1091 939 de
1122 883 1364 939 secunda
1401 883 1553 938 sede.
1586 882 1914 953 Antiphonta
1948 881 2016 936 de

379 964 650 1013 nocturno
676 957 744 1011 de
778 956 951 1026 prima
979 956 1131 1022 sede,
1166 956 1353 1010 ultima
1384 970 1506 1011 cum
1536 968 1751 1010 neuma.
1780 955 2017 1026 Primum

379 1025 792 1098 responsorium
841 1042 938 1097 per
977 1041 1168 1082 omnes
1215 1026 1378 1082 ferias
1416 1027 1494 1098 de
1538 1027 1711 1095 prima
1740 1025 1892 1091 sede,
1925 1039 2018 1080 se-

380 1097 618 1155 cundum
667 1099 1079 1169 responsorium
1119 1099 1186 1153 de
1226 1097 1467 1154 secunda
1504 1098 1656 1165 sede,
1698 1103 1753 1153 et
1799 1098 2019 1153 tertium

380 1172 791 1240 responsorium
823 1171 891 1225 de
918 1170 1110 1240 majori
1140 1170 1290 1225 sede.

439 1245 553 1368 ἕξι-
581 1256 773 1298 omnes
800 1240 965 1297 ferias
990 1242 1307 1311 antiphonae
1337 1241 1405 1296 de
1438 1240 1715 1296 Laudibus
1744 1239 1813 1295 de
1844 1239 2018 1310 prima

376 1327 527 1368 8806.

452 1388 651 1440 Omnes
702 1383 1018 1453 antiphonaa
1066 1384 1135 1438 de
1192 1382 1344 1438 feriis
1390 1388 1445 1439 et
1496 1383 1662 1439 trium
1722 1382 2019 1439 lectionum

380 1454 554 1522 festis,
604 1455 672 1510 de
718 1456 1033 1521 Nocturnis,
1084 1455 1378 1517 Laudibus,
1430 1456 1611 1519 Horis,
1648 1455 1920 1525 Vesperis,
1966 1458 2022 1508 et

379 1526 753 1597 Completorio
782 1531 913 1581 sunt
940 1526 1009 1582 de
1040 1526 1213 1595 prima
1241 1526 1393 1592 sede,
1428 1527 1675 1596 exceptis
1703 1526 2022 1597 antipbonis

456 1667 560 1739 (33)
595 1671 750 1724 Nunc
780 1682 905 1724 cum
934 1681 1129 1724 neuma
1158 1667 1380 1724 dicitur.

1366 1880 2017 1967 BENEDICTIO

2097 454 2221 510 quae
2252 439 2320 494 de
2361 437 2554 510 majori
2603 433 2756 510 sede
2781 434 3231 510 incipi_antur,_et
3273 446 3398 510 curn
3441 445 3645 510 _neur_n_a
3674 433 3741 487 ti-

2097 503 2340 576 niantur;
2373 503 2563 565 ultima
2592 508 2660 563 de
2698 503 2996 562 Nocturnis
3026 512 3081 561 et
3110 506 3301 561 ultima
3331 504 3399 559 de
3440 503 3739 562 Laudibus.

2100 588 2153 638 et
2183 596 2373 638 omnes
2414 580 2731 649 antiphonae
2762 579 2829 633 de
2878 578 3041 633 Horis
3078 592 3201 632 cum
3248 590 3466 649 neuma,
3514 583 3741 644 excepta

2100 653 2215 709 sola
2262 648 2561 721 antiphona
2610 653 2768 717 Deus,
2820 649 3036 715 arandi,
3082 663 3205 721 qua;
3254 654 3338 703 est
3379 648 3498 701 sine
3548 660 3740 701 ncuma

2106 724 2253 795 (33);
2286 731 2341 779 et
2369 720 2491 778 dua:
2540 722 2609 777 ad
2639 721 3089 795 Cojmpletorium,
3124 720 3298 790 prima
3348 732 3472 774 cum
3522 732 3740 783 neuma,

2100 793 2291 852 ultima
2319 794 2439 851 sine
2470 807 2667 850 neuma
2699 793 2938 848 ﬁniatur.

2732 884 2798 937 In
2834 879 3108 938 Sabbatis.

2172 977 2232 1029 In
2271 972 2523 1029 Sabbatis
2552 986 2727 1042 usque
2757 972 2822 1027 ad
2854 971 3158 1042 Adventum
3198 968 3428 1042 Domini,
3454 968 3547 1024 ﬁat
3574 968 3747 1023 servi-

2103 1047 2235 1102 tium
2267 1046 2335 1101 de
2364 1047 2561 1100 Sancta
2600 1039 2784 1110 Maria,
2818 1043 2922 1097 nisi
2962 1041 3160 1097 festum
3189 1054 3384 1096 novem
3414 1039 3737 1104 lectionum,

2100 1118 2183 1174 vel
2215 1123 2422 1173 octava:
2454 1116 2749 1181 solemnes,
2771 1114 2856 1170 vel
2877 1116 3121 1181 Quatuor
3149 1114 3415 1182 Tempora
3444 1112 3531 1167 his
3551 1110 3747 1167 diebus

2102 1190 2385 1246 evenerint
2410 1210 2424 1256 ;
2466 1192 2694 1258 propter
2722 1185 2861 1242 festa
2890 1186 3055 1241 trium
3085 1184 3385 1240 lectionum
3414 1197 3526 1238 non
3553 1182 3743 1238 dimit-

2101 1283 2267 1345 tatur,
2318 1281 2373 1333 et
2410 1279 2665 1347 Vespera":
2714 1277 2885 1331 sextae
2923 1272 3083 1347 ferite
3128 1272 3354 1347 sintne
3403 1272 3563 1347 beata
3604 1262 3747 1347 [84

2102 1342 2285 1414 Maria,
2318 1349 2424 1404 hoc
2464 1342 2666 1403 modo:
2705 1349 2830 1402 Ant.
2864 1345 3109 1402 Gloriosa
3147 1344 3398 1413 genitrix,
3439 1342 3582 1398 Psal.
3614 1344 3749 1400 Con-

2101 1421 2303 1492 fllebor,
2335 1426 2391 1476 et
2423 1420 2611 1475 caeteri
2642 1418 2835 1488 psalmi
2866 1417 2934 1473 de
2966 1417 3077 1484 die,
3108 1421 3207 1471 etc.

2696 1506 2781 1561 Ad
2819 1506 3151 1563 Matutinum.

2173 1599 2387 1654 Nonum
2443 1596 2854 1667 responsorium
2908 1595 3020 1651 duo
3081 1593 3165 1666 (in
3218 1590 3624 1665 supet‘pelticiis)
3677 1591 3746 1646 de

2109 1669 2299 1738 majori
2330 1668 2482 1725 sede.

2103 1878 2758 1966 CHRISMATIS

1498 2044 1697 2099 FERIA
1738 2044 1988 2111 QUINTA
2024 2044 2093 2099 IN
2132 2044 2346 2100 COENA
2384 2043 2616 2099 DOMINI

751 2167 883 2255 (Ex
932 2168 1294 2235 Ordiuario
1342 2189 1489 2235 mss.
1544 2170 1821 2235 ecclesiae
1866 2169 2038 2234 oath.
2092 2171 2428 2255 Rotomag.
2484 2179 2542 2233 et
2586 2167 2905 2235 Bibliot/t.
2959 2164 3389 2255 Bigotianm.)

449 2372 743 2428 Duodecim
785 2372 1090 2442 presbyteri
1121 2373 1422 2428 suburbani
1462 2387 1584 2429 cum
1614 2375 1823 2430 decano
1863 2375 2082 2437 Chri-B
2107 2374 2317 2430 Domini
2353 2373 2697 2430 consecratio
2738 2372 2849 2437 ﬁet,
2888 2372 3132 2428 decanus
3173 2369 3601 2425 Christianitatis
3632 2364 3751 2442 (35)

378 2442 671 2499 stianitatis
706 2445 818 2499 sint
856 2445 1029 2513 parati
1068 2458 1192 2499 cum
1229 2445 1649 2514 archiepiscopo
1690 2449 1905 2501 cunctis
1934 2460 2015 2501 sa-

379 2514 750 2569 cerdotalibus
780 2516 1135 2579 vestimentis,
1168 2530 1198 2569 a
1229 2516 1431 2584 quibus
1467 2517 1703 2571 chrisma
1744 2524 1799 2571 et
1839 2518 2021 2572 oleum

381 2599 502 2656 cum
534 2586 971 2656 archiepiscopo
1000 2592 1385 2650 consecretur;
1419 2592 1474 2642 et
1504 2587 1691 2656 plures
1738 2589 1933 2643 hostia:
1964 2588 2020 2642 in

380 2655 483 2710 hac
513 2655 616 2737 die
651 2662 1046 2737 consecrantur
1074 2658 1143 2737 de
1192 2659 1392 2737 quibus
1419 2658 1477 2712 in
1508 2655 1823 2737 crastinum
1864 2672 2021 2737 com-

381 2728 710 2794 municetur,
732 2733 789 2783 et
816 2728 951 2796 ipsae
973 2728 1168 2783 hostiae
1198 2730 1293 2797 qui
1324 2730 1688 2785 remanserint
1717 2730 2021 2785 honoriﬁce

382 2805 506 2867 post
536 2798 754 2853 missam
784 2806 1150 2854 reserventur.
1177 2802 1304 2855 Post
1333 2802 1559 2855 Sanetus
1588 2801 1787 2855 vadant
1817 2801 2024 2857 duode-

380 2870 483 2924 cim
537 2870 843 2939 presbyteri
876 2870 1069 2925 urbani
1118 2872 1361 2925 revestiti
1403 2872 1658 2926 omnibus
1686 2873 2023 2927 indumentis

377 2940 815 3012 sacerdotalibus
846 2955 967 3012 cum
1001 2941 1210 2996 decano
1231 2942 1656 2997 Christianitatis
1694 2958 1792 3012 per
1821 2944 2019 2998 ostium

379 3010 639 3083 sinistrae,
658 3011 829 3079 partis
862 3011 1016 3067 chori
1046 3012 1410 3083 adicapcllam
1440 3014 1623 3068 Sancti
1665 3010 1891 3069 Joannis
1922 3028 2019 3083 pro

380 3081 506 3155 oleo
552 3081 913 3155 inﬁrmorum,
950 3088 1004 3137 et
1041 3082 1269 3137 redeant
1316 3084 1371 3137 in
1412 3084 1583 3139 choro
1610 3098 1731 3155 per
1765 3081 2019 3155 magn—um

380 3152 602 3207 ostium.
653 3153 769 3219 Quo
801 3158 1124 3208 consecrato
1167 3160 1483 3222 reportetur
1513 3155 1568 3209 in
1608 3154 1789 3211 locum
1836 3152 2015 3212 suum.

381 3224 446 3298 Et
475 3223 691 3298 dicatur
742 3226 810 3298 Te
854 3225 1032 3298 igitur,
1065 3223 1471 3298 clementissime,
1506 3241 1678 3296 usque
1721 3230 1823 3282 Per
1870 3244 2018 3298 quem

380 3294 491 3348 hcec
514 3295 710 3366 omnia,
738 3295 973 3360 Domine,
1003 3310 1206 3366 semper
1228 3295 1365 3351 bona
1392 3311 1559 3351 creas.
1590 3294 1695 3352 llic
1724 3294 2015 3354 duodecim

382 3364 688 3440 presbyteri
712 3380 975 3440 cum‘sex
1005 3364 1253 3440 diaconis
1290 3374 1346 3422 et
1373 3382 1468 3422 sex
1506 3369 1860 3425 subdiaconis
1890 3370 2016 3440 (34),

381 3442 435 3491 et
464 3451 559 3508 sex
590 3437 808 3491 clericis
835 3437 904 3492 de
936 3438 1107 3507 prima
1146 3438 1297 3504 sede,
1330 3453 1562 3508 quorum
1596 3440 1705 3495 duo
1735 3441 1872 3496 duas
1898 3437 2022 3496 eru-

380 3521 473 3563 ces
501 3506 698 3577 ferant,
731 3516 787 3564 et
813 3508 908 3564 alii
938 3506 1049 3565 duo
1089 3509 1199 3565 duo
1231 3506 1529 3577 thuribula,
1562 3518 1618 3567 et
1645 3511 1738 3567 alii
1769 3512 1879 3568 duo
1909 3512 2020 3568 duo

380 3596 710 3672 candelabra
752 3590 885 3672 I85
910 3599 1063 3672 inter
1090 3599 1468 3672 duascruces.
1492 3600 1682 3656 Plures
1713 3602 2021 3672 presbyteri

381 3617 710 3653 cauueiaura
752 3617 885 3658 IOO
917 3617 1063 3653 llltel‘
1090 3617 1227 3655 uuas
1255 3617 1468 3655 cruces.
1492 3617 1682 3656 mures
1750 3617 2021 3672 resuytert

381 3669 625 3724 revestiti
666 3670 956 3725 chrismale
995 3671 1176 3725 oleum
1220 3670 1416 3737 ferant,
1449 3677 1504 3727 et
1532 3673 1677 3728 inter
1705 3617 1815 3729 guo
1846 3674 2021 3728 thuri-

381 3739 508 3821 bula
547 3740 637 3794 alii
680 3740 1214 3821 presbyterinoleum
1263 3743 1780 3821 ca‘tcchumenorum
1822 3743 2020 3821 ferant,

382 3816 438 3882 et
467 3811 543 3882 ita
583 3811 866 3879 processio
891 3811 1149 3882 ordinata
1183 3818 1339 3867 exeat
1376 3828 1477 3882 per
1504 3814 1786 3869 sinistrum
1824 3816 2023 3871 ostium

386 3880 582 3947 chori;
628 3886 683 3934 et
722 3886 809 3951 eat
838 3881 905 3935 ad
938 3883 1200 3950 capellam
1250 3880 1430 3938 Sancti
1472 3885 1717 3951 Joannis,
1753 3892 1807 3941 et
1836 3888 2027 3942 redeat

384 3957 511 4006 ante
541 3951 716 4020 majus
754 3950 924 4025 altare
973 3966 1072 4020 per
1110 3953 1346 4008 medium
1386 3954 1560 4020 chori,
1596 3962 1650 4010 et
1687 3950 1924 4025 positum
1954 3959 2026 4014 sit

380 4036 549 4091 super
578 4023 1185 4096 processionemunum
1216 4025 1435 4096 pallium
1468 4027 1615 4094 quod
1648 4023 1869 4096 portent
1891 4044 2025 4096 qua-

382 4097 508 4171 tuor
537 4093 865 4171 presbyteri,
900 4100 956 4149 et
979 4094 1088 4150 duo
1120 4093 1337 4151 diaconi
1370 4093 1844 4171 revestitiicappis
1872 4093 2021 4171 albis]

383 4169 607 4219 cantent
636 4164 739 4220 hos
765 4179 957 4241 versus
992 4170 1118 4221 ante
1164 4167 1573 4241 processionem
1604 4164 1661 4225 0'
1692 4164 2022 4241 Redemptor,

379 4250 524 4310 sume
552 4250 779 4310 carmen.
830 4238 896 4292 Et
938 4239 1310 4308 respondeant
1355 4247 1651 4310 sequentes
1689 4256 1811 4297 cum
1841 4238 2020 4298 stola:

384 4305 433 4364 Ο
482 4307 812 4378 Redemptor.
861 4305 1085 4365 Interim
1142 4310 1270 4367 dum
1328 4305 1581 4381 corporis
1637 4318 1692 4368 ct
1746 4314 2027 4384 sanguinis

458 4396 566 4467 (34)
606 4398 736 4454 Haec
766 4411 877 4455 non
907 4398 1271 4456 observantur
1298 4401 1353 4456 in
1385 4401 1627 4458 Ecclesia
1655 4403 1942 4474 Rotomag.

2102 2447 2396 2503 revestitus
2451 2445 2741 2515 ampullam
2789 2443 2897 2499 olei
2955 2443 3294 2498 inﬁrmorum
3351 2453 3535 2496 coram
3572 2440 3751 2515 altari

2105 2524 2311 2581 teneat,
2344 2530 2507 2585 quam
2542 2510 2853 2585 praesentet
2899 2515 3339 2582 archiepiscopo,
3372 2519 3427 2566 et
3473 2510 3748 2585 archiepi-

2104 2602 2310 2658 scopus
2340 2582 2461 2643 cum
2493 2582 2785 2642 duodecim
2816 2586 3153 2656 presbyteris
3182 2585 3330 2658 dicat
3350 2582 3749 2658 :_E.rorcizoAte,

2106 2661 2179 2715 ita
2208 2654 2269 2714 ut
2292 2659 2360 2713 ab
2385 2658 2496 2713 illis
2525 2658 2795 2713 audiatur.
2818 2654 3088 2726 Sequitur
3117 2657 3327 2720 Emitte,
3357 2655 3596 2720 Domine,
3629 2654 3752 2726 Spi-

2104 2733 2262 2787 ritum
2288 2728 2619 2785 Paractetum
2640 2729 2705 2783 de
2726 2727 2886 2784 cretis.
2920 2724 3101 2782 Finito
3131 2729 3291 2781 Pater
3317 2730 3510 2789 noster,
3538 2724 3755 2779 archic-

2106 2803 2367 2872 piscopus
2395 2815 2517 2856 cum
2547 2800 2838 2856 duodecim
2888 2797 3226 2872 presbyteris
3272 2795 3586 2872 cathedram
3626 2796 3745 2864 epi-

2105 2865 2382 2941 scopalem
2433 2879 2582 2927 retro
2630 2872 2800 2927 altare
2839 2865 3117 2941 ascendat,
3160 2872 3215 2922 et
3256 2874 3387 2922 tunc
3425 2865 3755 2941 ordinentur

2106 2936 2253 2999 circa
2296 2957 2418 2998 eum
2447 2943 2739 2999 duodecim
2789 2940 3116 3011 presbyteri,
3147 2952 3361 3003 cruces,
3394 2936 3747 3011 candelabra,

2106 3024 2161 3071 et
2191 3013 2488 3070 thuribula.
2523 3016 2638 3069 lloc
2677 3010 2852 3080 ﬁnito,
2886 3011 3335 3080 archiepiscopus
3373 3014 3549 3064 vertat
3591 3022 3650 3063 se
3679 3010 3746 3080 ad

2106 3087 2394 3151 orientem,
2453 3092 2508 3141 et
2564 3086 2734 3140 intret
2789 3085 2844 3139 in
2897 3079 3369 3139 consecrationem
3428 3079 3751 3151 principalis

2107 3158 2438 3223 chrismatis,
2482 3161 2537 3211 et
2580 3156 2757 3226 primo
2804 3155 3032 3210 misceat
3078 3153 3375 3208 balsamum
3426 3165 3549 3206 cum
3600 3150 3746 3226 oleo,

2105 3229 2305 3284 deinde
2338 3221 2432 3283 ter
2448 3221 2617 3293 balet,
2650 3235 2705 3283 et
2733 3226 2917 3281 dicat:
2954 3226 3217 3281 Exoreizo
3249 3228 3316 3290 te,
3349 3227 3593 3277 creatura
3622 3221 3745 3277 otei.

2105 3318 2312 3373 Deinde
2342 3316 2449 3372 alta
2477 3330 2610 3370 voce
2635 3336 2647 3371 :
2691 3308 2824 3376 186
2868 3318 2968 3371 Per
2996 3313 3168 3369 omnia
3195 3310 3389 3366 εωσιιιίι
3420 3309 3744 3365 swcutorum.

2105 3392 2288 3444 Amen.
2334 3386 2587 3443 Praefatio
2625 3408 2637 3441 :
2682 3388 2782 3455 Qui
2820 3387 2873 3441 in
2915 3385 3171 3457 principio
3198 3385 3345 3457 inter
3381 3387 3592 3457 calere.
3634 3383 3748 3436 lloc

2108 3461 2285 3527 linito,
2335 3452 2785 3528 archiepiscopus
2841 3452 3044 3513 nudum
3084 3452 3454 3528 'chrisma__sic
3497 3452 3695 3528 salu_tet
3731 3468 3743 3502 :

2104 3536 2234 3597 Ave,
2272 3524 2800 3595 sanetum'chrisima,
2835 3536 2938 3584 ter.
2990 3527 3251 3582 Similiter
3297 3524 3386 3579 alii
3431 3524 3748 3597 sacerdotes

2105 3596 2343 3657 salutent
2367 3602 2467 3656 sic.
2503 3603 2615 3656 lloc
2646 3602 2821 3667 linito,
2855 3600 3033 3655 oleum
3066 3596 3459 3653 benedicatur:
3487 3596 3747 3649 Exoreizo

2108 3679 2175 3737 te,
2220 3679 2462 3728 creatura
2502 3672 2622 3727 olei.
2673 3672 2790 3727 Alia
2827 3672 3003 3726 oratio
3046 3690 3057 3723 :
3109 3672 3249 3724 Deus
3293 3668 3744 3722 incrementorum.

2107 3736 2222 3799 Hoc
2254 3745 2427 3809 ﬁnito,
2461 3744 2910 3812 archiepiscopus
2939 3740 3144 3796 nudum
3174 3740 3356 3812 oleum
3369 3738 3464 3812 _sic
3501 3736 3699 3812 salutet
3727 3756 3740 3791 :

2106 3817 2234 3881 Ave,
2263 3808 2498 3870 sanctum
2529 3808 2715 3879 oleum,
2746 3808 2849 3869 ter.
2900 3812 3163 3867 Similiter
3195 3816 3250 3865 et
3288 3809 3381 3864 alii
3427 3808 3746 3881 sacerdotes

2108 3880 2347 3941 salutent
2376 3887 2475 3941 sic.
2518 3887 2632 3940 Hoc
2664 3885 2817 3940 ﬁnito
2857 3888 3173 3953 reportatur
3209 3881 3446 3953 chrisma
3473 3880 3745 3953 et_oleum

2106 3964 2355 4013 sanctum
2386 3957 2454 4012 ad
2486 3956 2667 4011 locum
2698 3956 2755 4010 in
2786 3969 2896 4025 quo
2923 3951 3096 4009 dividi
3126 3953 3311 4025 debet,
3344 3951 3592 4007 diaconis
3620 3965 3748 4025 cau-

2107 4029 2352 4085 tautibus
2390 4030 2446 4083 in
2495 4022 2979 4083 redeundo'sicut
3033 4026 3089 4079 in
3136 4024 3340 4089 eundo,
3394 4022 3746 4092 processione

2107 4101 2356 4156 ordinata
2412 4099 2556 4154 sicut
2609 4103 2852 4164 venerat,
2903 4097 3120 4153 caeteris
3176 4094 3639 4164 respondentibus
3697 4094 3741 4149 0

2108 4173 2446 4243 Redemptor.
2487 4172 2600 4226 Hoc
2646 4169 2823 4235 ﬁnito,
2864 4166 3510 4243 _archiepi_scopus_lavet
3556 4178 3748 4243 manus

2108 4258 2253 4310 suas,
2294 4236 2350 4298 et
2396 4241 2543 4297 dicat
2589 4244 2691 4297 Per
2737 4241 2911 4296 omnia
2955 4236 3149 4295 siccata
3193 4236 3520 4293 mentorum.
3560 4237 3745 4292 Amen.

2107 4317 2228 4373 Pax
2255 4313 2461 4369 Domini
2488 4313 2555 4368 sit
2582 4327 2784 4383 semper
2812 4311 3089 4378 vobiscum,
3120 4314 3226 4365 etc.

2184 4402 2304 4475 (35)
2349 4403 2407 4459 1d
2439 4408 2540 4470 est,
2576 4402 2819 4459 decanus
2850 4405 3164 4458 curatorum
3196 4396 3370 4454 urbis.

981 4607 1639 4748 SEQUUNTUR
1697 4614 2196 4714 QUZEDAM
2256 4613 2705 4699 NOTATU
2763 4610 3133 4711 DIGNA,

634 4773 959 4857 Excerpta
987 4796 1063 4840 ea:
1091 4776 1309 4842 eodem
1338 4796 1455 4843 ms.
1496 4778 1859 4843 Ordinario
1897 4780 1987 4846 ad
2014 4799 2207 4869 usum
2245 4778 2643 4844 cathedratis
2682 4774 2957 4841 ecclesia:
2985 4772 3491 4858 Rotomagensis.

1719 4910 1831 4982 (Ea:
1858 4913 2037 4969 eodem
2064 4928 2187 4968 mss.
2220 4910 2416 4981 Bigot.)

668 5102 1056 5169 MANDATUM,
1097 5105 1220 5159 SEU
1260 5106 1454 5161 LOTIO
1491 5107 1735 5171 PEDUM,

726 5224 899 5263 'FEIIIA
940 5223 1137 5271 QI'INTA
1179 5225 1229 5264 IN
1272 5226 1439 5267 COENA
1480 5229 1671 5268 DOMINI

462 5316 587 5372 l’ost
628 5316 936 5390 prandium,
969 5315 1277 5390 Mandatum
1317 5333 1615 5390 pauperum
1656 5319 1767 5387 ﬂat,
1801 5323 1857 5375 et
1886 5321 2031 5374 Man-

389 5386 575 5443 datum
605 5385 1047 5461 clericorumita
1089 5385 1441 5461 celebreturf
1461 5391 1724 5448 Dominus
1755 5385 2032 5461 archiepi-

391 5472 593 5540 sc0pus
640 5457 865 5540 indutus
910 5459 1033 5540 alba
1081 5459 1469 5540 cum_di_acono
1501 5469 1555 5518 et
1584 5457 2032 5540 subdiacono,_'et

392 5528 758 5597 ceroferariis,
792 5531 860 5587 ad
892 5532 1069 5589 navim
1100 5530 1351 5589 ecclesiae
1379 5541 1630 5605 pergant,
1664 5542 1718 5592 et
1747 5533 2030 5591 Dominico

2043 5095 2092 5151 D
2124 5097 2258 5167 I87
2302 5103 2552 5174 exemplo
2602 5103 2913 5159 Mandatum
2969 5102 3190 5169 iaciant,
3223 5106 3278 5157 et
3323 5107 3585 5174 quantum
3635 5099 3751 5170 pla-

2111 5177 2383 5233 cuerit‘ex
2412 5173 2712 5244 majoribus
2732 5175 2787 5230 in
2820 5174 2960 5230 albis
2990 5175 3159 5244 pedes
3188 5179 3513 5229 caeterorum
3546 5173 3745 5228 lavent.

2112 5251 2177 5304 Et
2223 5248 2389 5303 debet
2435 5247 2691 5302 dominus
2746 5247 3195 5317 archiepiscopus
3238 5244 3436 5317 iacere
3493 5244 3749 5317 distribui

2112 5319 2339 5375 cuilibet
2367 5318 2635 5374 canonico
2676 5316 3020 5375 praesentiet
3058 5316 3271 5373 custodi
3304 5316 3542 5371 vestiarii
3584 5328 3749 5370 unum

2112 5392 2338 5447 linteum
2389 5389 2607 5456 (Gallice
2657 5386 2956 5460 demutet),
3008 5402 3167 5445 unam
3216 5386 3483 5460 concham
3533 5386 3752 5460 (Gallice

2111 5460 2290 5532 gatte),
2324 5473 2484 5517 unam
2516 5460 2676 5517 ollam
2716 5456 2907 5527 terrm,
2933 5474 3099 5516 unum
3149 5457 3412 5532 scyphum
3452 5456 3749 5532 de_’salice.

2111 5528 2165 5591 et
2198 5528 2394 5590 habeat
2430 5533 2663 5604 quilibet
2691 5533 2991 5590 canonicus
3018 5544 3183 5589 unum
3216 5528 3475 5586 clericum
3516 5528 3584 5586 de
3618 5543 3754 5602 prie-
