4156 6196
381 277 474 331 129

1806 266 1977 322 ACTA
2020 264 2299 320 VETERA.

3635 274 3736 331 130

373 403 506 459 dicta
528 398 653 465 [al.,
685 397 880 469 prima]
903 394 1112 469 sedegin
1133 394 1524 467 superpellicio
1558 390 1625 449 ad
1654 391 2141 469 hauriendumAet
2182 404 2283 461 pro
2326 390 2552 469 perri-diss
2583 389 2799 446 Iudicis.
2850 392 2950 469 llic
3006 405 3133 469 non_
3169 394 3386 453 dicatur
3442 399 3737 459 Flectamus

393 473 484 538 aL,
514 466 857 541 sumendum]
889 469 994 525 sibi
1020 468 1091 541 de
1124 468 1249 541 vino
1282 474 1337 522 et
1366 479 1509 541 aqua
1525 479 1625 536 pro
1647 466 2003 541 pauperibus.

393 536 583 599 nterim
605 549 829 597 cantore
844 536 1159 610 incipiente
1189 540 1447 593 Dominus
1476 540 1653 610 Iesus,
1689 536 2010 592 Mandatum

2092 477 2279 538 genua.
2314 462 2665 538 omnipotens,
2710 463 3046 533 sempiterne,
3094 466 3258 534 Deus,
3296 469 3383 538 qui
3432 473 3589 529 etiam
3643 478 3737 531 Ju-

2092 534 2319 587 daicam.
2358 535 2479 588 Per.
2523 534 2737 606 Oremus
2774 540 2821 589 et
2854 550 2954 605 pro
2990 539 3243 606 paganis,
3287 534 3343 595 ut
3388 544 3527 597 Deus
3574 547 3740 602 omni-

373 631 585 669 novum.
617 613 762 668 Psal.
791 613 948 668 Beati
976 604 1334 666 immaculati.
1359 613 1482 685 Ant.
1518 609 1578 663 Si
1608 624 1702 675 ego
1732 610 2007 685 Dominus.
2086 612 2274 685 potens
2300 606 2524 685 auferat.
2558 604 2865 685 Flectamus
2886 604 3077 685 genua,
3110 611 3337 685 Levate.
3376 613 3733 685 Omnipotens,

373 686 504 742 Psal.
546 687 705 740 Beati
744 687 842 752 qui
878 687 1219 739 scrutantur.
1259 685 1385 737 Ant.
1427 682 1721 750 Postquam
1766 681 2011 752 surrexit

376 758 647 812 Dominus.
716 750 860 810 Deus
923 757 1267 822 misereatur,
1311 761 1366 808 et
1418 755 1526 809 los
1572 752 1772 805 vocatis
1818 766 1921 805 me.
1973 750 2011 808 1i

373 826 673 899 Exemplum
737 827 889 899 enim.
950 829 1075 899 Ant.
1136 828 1199 879 In
1246 825 1353 899 shoc
1408 828 1748 899 cognoscent._
1788 825 1913 877 Ant.
1944 822 2013 899 tu

373 895 545 955 diebus
726 898 868 953 Psal.
901 898 1175 955 Miserere.
1226 896 1264 956 ψ
1311 896 1655 951 Remittuntur
1699 895 1748 947 ei
1769 897 2007 963 peccata.

370 975 489 1027 Ant.
526 970 711 1028 Maria
737 984 860 1037 ergo
898 970 1049 1024 unxit
1074 968 1254 1039 pedes.
1304 966 1661 1039 Benedixisti.
1684 962 1828 1039 AAn’t.
1878 962 2012 1039 Dili-

370 1057 543 1112 gamus
585 1057 701 1097 nos.
734 1046 772 1112 ψ
802 1035 872 1095 Et
901 1040 997 1112 hoc
1034 1035 1365 1112 mandatum.
1414 1040 1539 1112 Ant.
1596 1036 1694 1090 Ubi
1730 1037 1921 1112 fratres
1958 1035 2013 1089 in

369 1107 536 1169 unum.
586 1114 623 1171 ii
678 1111 779 1167 Ubi
822 1116 897 1166 est
943 1111 1195 1167 charitas.
1246 1110 1390 1165 Psal.
1438 1111 1691 1164 Miserere
1734 1107 1851 1161 mei.
1885 1111 2009 1160 Ant.

371 1186 601 1251 Domine,
650 1188 703 1239 tu
750 1182 871 1237 mihi
911 1181 1079 1238 lavas.
1170 1182 1313 1237 Venit
1388 1180 1458 1235 ad
1533 1180 1814 1235 Simonem.
1845 1181 2010 1251 _Ant.

370 1249 602 1322 Domine,
635 1269 734 1310 non
763 1258 979 1309 tantum.
1021 1255 1059 1313 ii
1109 1251 1263 1320 Quod
1309 1267 1430 1321 ergo
1474 1251 1637 1322 facio.
1678 1252 1793 1316 Quo
1832 1249 2010 1322 linito,

370 1334 492 1383 eant
514 1328 569 1382 in
585 1320 885 1395 capitulum
917 1323 1032 1397 [ms.
1057 1321 1343 1397 capitulo[.
1360 1320 1440 1397 _iet
1469 1321 1851 1397 _i_bi_dia_conus
1892 1320 2014 1375 alba

368 1406 419 1455 et
440 1399 580 1454 stola
600 1392 844 1464 indutus,
882 1392 1006 1452 cum
1045 1392 1223 1452 cereis
1251 1392 1617 1450 et‘thuribulo
1665 1392 1831 1463 legat,
1864 1405 2014 1448 more

370 1471 640 1536 lectionis,
683 1463 995 1524 Ante'diem
1040 1469 1245 1537 festum.
1294 1466 1400 1522 Alii
1448 1464 1669 1520 diaconi
1712 1463 1798 1537 vel
1827 1476 2017 1537 sacer:

366 1542 521 1599 dotes
576 1534 760 1612 legant
807 1544 862 1595 et
899 1534 1094 1610 juvent
1151 1552 1275 1595 eum
1328 1551 1615 1609 quousque
1670 1536 1894 1591 veniant
1948 1534 2015 1589 ad

365 1631 593 1699 Surgite,
644 1644 821 1685 eamus
869 1629 1006 1684 hinc.
1058 1629 1210 1683 Tune
1245 1626 1474 1699 nebulai
1530 1640 1654 1699 cum
1718 1617 1854 1699 188
1891 1624 2018 1699 vino

365 1695 783 1787 άὲειῖδίιηιεηθυικ
836 1701 969 1787 9319
1006 1695 1606 1787 βρξξοηίειενμὲτξίξιρέ
1658 1695 2079 1787 Ῑῗῖέθέίέἒ-ΞΨΒ

365 1774 613 1901 ἓζιοωῐω,
636 1779 692 1829 et
711 1772 967 1843 sequenti
988 1772 1152 1828 modo
1182 1767 1612 1841 completorium
1649 1782 1772 1825 cum
1793 1767 2015 1824 silentio

402 1859 521 1901 ican
555 1888 568 1900 .

402 1859 568 1903 icant.

780 1930 939 1972 FERIA
977 1930 1139 1971 SEXTA
1182 1930 1232 1969 ΙΝ
1275 1927 1604 1969 PAMSCEVE.

430 2005 610 2062 Finita
630 2007 804 2072 Nona,
826 2005 895 2061 ad
926 2004 1107 2075 ignem
1136 2001 1573 2059 benedicendum
1624 2005 1853 2071 pergant
1888 2013 2018 2075 ver-

360 2077 628 2133 silicando
685 2078 787 2132 sub
834 2072 1056 2133 silentio
1108 2097 1120 2131 :
1171 2077 1427 2133 Miserere
1481 2074 1601 2136 mei,
1658 2076 1815 2138 Deus,
1874 2072 2018 2127 sicut

358 2148 413 2204 in
466 2149 662 2220 quinta
709 2147 864 2214 feria,
915 2163 1025 2218 quo
1075 2147 1369 2220 benedictio
1406 2146 1635 2220 redeant
1669 2144 1747 2220 ad
1787 2144 2016 2220 chorum

358 2215 723 2276 versiﬁcando
781 2215 1227 2290 psalfDominus
1282 2216 1614 2290 illuminatio.
1667 2216 1782 2271 Hoc
1836 2215 2012 2290 linito,

359 2290 616 2348 dominus
697 2286 1167 2361 archiepiscopus,
1252 2290 1338 2344 vel
1372 2359 1381 2361 ᾗ
1411 2287 1671 2343 sacerdos
1719 2286 2017 2361 __omnibus

355 2363 701 2419 vestimentis
730 2357 1273 2419 consacerdotalibus
1292 2359 1518 2416 indutus
1547 2373 1670 2414 cum
1701 2357 1935 2413 diacono
1962 2363 2016 2412 et

353 2436 705 2489 subdiacono
743 2434 800 2488 in
848 2434 990 2488 albis
1036 2432 1263 2488 accedat
1295 2431 1363 2487 ad
1394 2432 1584 2496 altare,
1627 2436 1682 2484 et
1720 2429 2017 2498 incipiatur

352 2506 431 2560 ita
455 2505 761 2559 servitium.
796 2505 984 2560 Lectio
1014 2503 1226 2573 legatur
1264 2504 1398 2573 sine;
1430 2502 1591 2556 titulo
1643 2500 2012 2573 adJaquilam,

354 2590 508 2631 unus
540 2575 837 2630 canonicus
866 2575 934 2630 de
955 2569 1196 2629 secunda
1225 2573 1357 2628 sede
1387 2571 1531 2642 legat
1572 2573 1639 2642 In
1659 2569 2011 2624 tribulatione.

353 2648 476 2701 Duo
500 2646 572 2701 de
602 2645 843 2701 secunda
872 2645 1003 2701 sede
1052 2646 1108 2700 in
1156 2644 1297 2699 albis
1335 2641 1461 2698 ante
1499 2641 1735 2710 aquilam
1786 2646 2016 2695 tractum

358 2719 604 2783 Domine,
637 2717 832 2772 audivi.
866 2718 1090 2771 Demum
1123 2713 1215 2785 [αι.
1252 2713 1378 2769 add.
1414 2726 1524 2783 quo
1548 2710 1722 2781 linito]
1754 2718 2017 2780 sequatur

355 2789 617 2843 Dominus
644 2786 927 2853 vobiscum,
963 2788 1201 2852 Oremus,
1236 2785 1528 2840 Flectamus
1556 2797 1746 2851 genua,
1800 2787 2009 2853 Levate.

358 2860 497 2914 Deus
544 2874 577 2914 a
626 2874 725 2929 quo
775 2863 823 2913 et
867 2852 1054 2929 ludas.
1106 2859 1210 2910 Per
1257 2853 1647 2929 omniastecula
1676 2852 2015 2929 steculorum;

357 2930 508 2986 dicto
540 2924 725 2996 Anien,
759 2935 872 2985 tum
897 2928 1271 2984 subdiaconus
1290 2928 1345 2981 in
1377 2925 1517 2981 albis
1546 2926 1691 2995 legat
1720 2924 2013 2980 lectionem

357 3002 476 3056 sine
531 2995 717 3057 titulo
758 3007 813 3056 et
869 3014 1019 3056 more
1095 2998 1350 3054 lectionis
1392 3002 1517 3052 ante
1565 2995 1803 3066 aquilam
1868 2996 2017 3050 Dicit

2091 676 2588 759 sempiterne‘Deus‘,
2638 678 2727 758 qui
2770 693 2873 731 non
2920 680 2997 759 eis
3043 686 3277 759 mortem.
3310 676 3747 759 Quibus‘linitis;

2095 747 2251 801 tollat
2277 747 2516 802 casulam
2547 747 2803 826 dominus
2831 749 3297 826 archiepiscopus,
3318 747 3415 826 vel
3454 747 3735 826 sacerdOs;

2094 826 2149 873 et
2179 826 2521 901 pergat‘cum
2551 819 2785 901 diacono
2816 826 2870 875 et
2890 819 3256 901 subdiacono;
3284 819 3400 901 illis
3418 819 3740 901 sedentibus

2095 890 2257 963 nudis
2286 890 2520 963 pedibus
2547 905 2715 963 super
2742 890 2977 963 formam
3034 895 3209 963 chori,
3245 890 3378 953 'duo
3421 900 3741 957 sacerdotes

2093 962 2267 1031 nigris
2322 962 2524 1017 casulis
2571 962 2752 1018 induti
2807 963 3037 1019 velatam
3087 962 3305 1023 cruCem
3362 975 3512 1025 retro
3568 972 3739 1028 altare

2093 1039 2338 1115 teneant,
2369 1039 2432 1115 et
2453 1033 2689 1115 supplici
2737 1037 3107 1115 voceudicant
3160 1038 3353 1115 Popule
3407 1057 3571 1098 meus.
3617 1045 3735 1101 Duo

2094 1104 2472 1183 diaconi_ante
2502 1105 2753 1183 aquilam
2772 1107 2902 1162 nudi
2934 1109 3122 1177 pedes,
3135 1104 3318 1183 nigris
3347 1116 3538 1183 cappis
3558 1115 3738 1170 induti

2094 1176 2487 1248 respondeant,
2520 1176 2793 1232 flectendo
2812 1176 3009 1248 genua,
3041 1176 3231 1248 Agios,
3258 1198 3286 1236 ο
3324 1176 3503 1240 Théos.
3548 1188 3739 1243 Domi-

2097 1262 2202 1302 nus
2221 1247 2672 1320 archiepiscopus
2701 1255 2755 1320 et
2784 1247 2877 1303 alii
2907 1250 3052 1306 sicut
3081 1247 3252 1320 prius,
3307 1255 3536 1311 Sanctus
3580 1260 3738 1313 Deus.

2096 1321 2246 1401 Igne
2267 1319 2727 1401 duopresbyteri'
2765 1334 2982 1401 crucem
3021 1319 3147 1401 ante
3196 1323 3368 1401 altare
3404 1331 3646 1401 teneant,
3687 1336 3742 1385 et

2098 1390 2285 1472 dicant
2306 1391 2443 1472 Quid
2471 1391 2626 1472 ultra_
2642 1390 2794 1472 ἀεᾲαὶ
2834 1394 3031 1472 facere:
3080 1394 3329 1472 Diaconi,
3380 1399 3524 1472 sicut
3567 1390 3740 1469 prius,

2096 1462 2280 1544 Agios,
2311 1478 2345 1544 ρ
2376 1462 2558 1544 Theos.
2590 1463 2851 1544 Dominus
2879 1463 3331 1544 archiepiscopus
3352 1476 3407 1523 et
3434 1462 3743 1535 alii,'sicut

2100 1534 2274 1603 prius,
2301 1534 2529 1611 Sanctus
2584 1535 2744 1611 Deus.
2794 1535 2911 1589 Hoc
2958 1534 3133 1603 finito,
3174 1535 3430 1611 dominus
3478 1534 3746 1611 archiepi-

2100 1619 2322 1683 scopus,
2355 1605 2437 1683 vel
2466 1604 2745 1683 sacerdos,
2775 1619 3159 1683 _crucem_cum
3202 1608 3407 1683 baculo
3454 1604 3746 1683 discoope-

2100 1678 2205 1750 riat
2252 1677 2483 1747 genibus
2534 1677 2706 1745 ﬂexis,
2757 1676 2949 1734 dicens
2995 1681 3131 1734 Ecce
3195 1678 3387 1749 lignum
3451 1676 3745 1750 crucisfet

2101 1748 2304 1823 chorus
2332 1754 2645 1823 prosternat
2682 1764 2740 1804 se
2788 1750 2843 1823 in
2874 1756 3074 1823 terram
3106 1754 3161 1806 et
3190 1748 3340 1807 finiat
3365 1748 3740 1823 antiphonam.

2098 1820 2378 1895 Psalmys:
2412 1822 2565 1895 βεαιὶ
2590 1820 2928 1895 ἰηῑχηασιιιαιί.
2961 1822 3172 1895 Chorus
3201 1825 3427 1879 reiteret
3481 1820 3743 1895 antipho-

2098 1905 2222 1947 nam
2250 1893 2389 1974 Doce
2411 1891 2623 1974 lignum.
2646 1894 2795 1974 Tunc
2826 1907 2960 1974 crux
2985 1894 3247 1974 adoretur
3285 1895 3437 1974 prius
3483 1910 3513 1951 a
3552 1891 3746 1974 domi-

2099 1976 2170 2019 no
2192 1963 2632 2033 archiepiscopo,
2667 1970 2858 2033 postea
2876 1966 2945 2021 ab
2965 1965 3089 2022 aliis
3118 1963 3420 2023 secundum
3469 1968 3742 2025 ordinem.

2098 2053 2359 2128 Adoratio
2394 2045 2506 2128 |9_|
2548 2054 2789 2128 omnium
2820 2054 2894 2128 ita
2925 2054 3017 2109 ﬁat
3046 2061 3105 2128 ut
3126 2057 3557 2128 uniuscujusque
3604 2072 3744 2114 ven-

2101 2131 2184 2199 ter
2204 2125 2260 2179 in
2281 2131 2428 2199 terra
2448 2125 2654 2199 haereat
2686 2124 2823 2196 (36),
2855 2125 2973 2199 dum
2997 2127 3141 2182 enim
3164 2129 3330 2197 {juxta
3358 2124 3745 2199 'Augustinum

2097 2197 2155 2272 in
2222 2196 2431 2272 psalmo
2488 2195 2645 2272 sun)
2716 2197 3090 2272 genuﬂeclitur,
3141 2195 3317 2272 restat
3375 2195 3547 2255 adhuc
3609 2201 3747 2272 quod

2097 2268 2410 2322 humilietur.
2479 2268 2579 2334 Qui
2635 2274 2806 2322 autem
2869 2270 2948 2322 sic
3011 2269 3313 2325 humiliatur
3374 2277 3429 2325 ut
3487 2268 3633 2326 totus'
3686 2272 3743 2326 in

2097 2344 2239 2394 terra
2297 2344 2515 2405 haereat,
2566 2338 2696 2393 nihil
2740 2338 2962 2409 amplius
3018 2341 3073 2394 in
3122 2356 3183 2395 eo
3226 2341 3531 2396 humilitatis
3559 2347 3744 2398 restat.

2098 2412 2162 2465 Et
2183 2410 2390 2465 oblatio
2420 2409 2559 2464 facta
2615 2410 2684 2465 ad
2733 2410 3112 2467 adorationem
3156 2413 3338 2467 crucis
3385 2412 3749 2469 distribuatur

2096 2481 2313 2537 duobus
2343 2482 2436 2550 qui
2468 2482 2807 2537 cantaverint
2836 2482 3031 2553 Popule
3060 2499 3221 2549 meus,
3281 2490 3336 2538 et
3393 2484 3503 2539 illis
3530 2485 3750 2540 duobus

2097 2553 2192 2621 qui
2213 2553 2550 2608 cantaveriut
2577 2554 2760 2621 Agios,
2792 2555 2967 2623 aaquis
2985 2555 3354 2624 portionibus.
3387 2556 3523 2610 Dum
3552 2556 3748 2612 adora-

2098 2629 2189 2677 tur
2208 2638 2340 2678 crux
2372 2631 2567 2678 cautor
2590 2624 2819 2693 incipiat
2848 2633 2960 2681 ant.
3012 2629 3227 2682 Crucem
3261 2632 3402 2681 tuam
3440 2627 3743 2682 adoramus.

2100 2693 2243 2749 Psal.
2272 2696 2413 2748 Deus
2442 2695 2766 2766 misereatur.
2825 2698 2958 2751 ltem
3014 2697 3120 2751 alia
3169 2698 3516 2766 antiphona:
3582 2700 3744 2753 Tuam

2100 2779 2324 2845 crucem.
2356 2766 2493 2845 Item
2506 2764 2651 2845 alia:
2686 2766 2975 2845 Adoremus
3015 2769 3189 2845 crucis
3209 2839 3219 2845 .
3230 2764 3575 2845 signaculum.
3607 2771 3743 2845 Dum

2096 2834 2447 2909 fabricator.__
2475 2836 2610 2890 Item
2675 2842 2789 2909 ant.
2857 2838 2902 2909 O
2930 2834 3547 2909 admirabile'pretium.
3608 2840 3742 2894 Item

2099 2907 2349 2986 hymnus
2394 2906 2611 2986 dicatur
2662 2907 2808 2961 Crua:
2828 2977 2848 2986 Α
2868 2906 3094 2986 ﬁdelis.“
3125 2906 3319 2986 Pange'
3350 2908 3745 2986 lingua._Crua:

2096 2976 2465 3051 ﬁdelisiltem,
2484 2978 2536 3051 si
2566 2990 2792 3033 necesse
2822 2976 3006 3051 fuerit,
3040 2976 3257 3035 dicatur
3292 2976 3525 3051 hymnus
3553 2983 3745 3037 Lustra

357 3047 711 3127 item:
737 3047 1844 3141 abun:"caesarianum:auiae
1868 3047 2076 3121 hic
2099 3047 2544 3141 unanimis:
2578 3050 3093 3141 «stemmata;
3130 3047 3378 3141 gelen.
3418 3059 3473 3108 ει
3510 3052 3739 3141 populo.

352 3145 459 3213 jori
490 3143 650 3211 sede,
692 3149 747 3199 et
795 3138 904 3198 duo
942 3142 1010 3199 de
1046 3138 1321 3207 Secunda,
1368 3140 1486 3213 bini
1536 3145 1590 3194 et
1634 3138 1748 3193 bini
1797 3152 2013 3194 versum

357 3211 540 3283 Suum,
592 3223 646 3271 et
690 3215 803 3270 sint
849 3214 906 3268 in
954 3213 1113 3281 albis,
1155 3220 1283 3269 ante
1331 3211 1499 3267 altare
1527 3216 1750 3283 cantent
1779 3216 2013 3283 tractum

356 3282 527 3353 Eripe
572 3301 669 3353 me,
718 3286 953 3342 Domine.
1013 3286 1291 3342 Diaconus
1343 3284 1399 3339 in
1456 3283 1578 3338 alba
1633 3282 1937 3353 (manipulo
1959 3288 2014 3337 et

358 3353 523 3430 stola)
592 3364 718 3414 ante
767 3357 935 3413 altare
983 3356 1128 3427 legat
1174 3356 1485 3427 passionem
1533 3366 1686 3409 more
1736 3353 2011 3419 lectionis,

360 3451 591 3517 excepta
651 3437 788 3507 |89
819 3459 953 3503 voce
978 3446 1213 3513 Domini,
1246 3460 1370 3514 quae,
1394 3457 1553 3517 more
1600 3441 1893 3517 Evangelii.
1928 3442 2011 3517 le-

359 3512 539 3587 gatur.
597 3519 849 3574 Dominus
904 3517 1164 3572 vobiscum
1221 3512 1334 3572 non
1376 3515 1617 3587 dicatur,
1668 3528 1771 3568 nec
1829 3512 2011 3587 gloria

361 3583 472 3655 tibi,
503 3592 725 3645 Domine
771 3588 1191 3658 respondeatur,
1241 3594 1296 3642 et
1338 3587 1412 3641 ita
1452 3584 1767 3654 incipiatur.
1827 3583 2011 3658 [fessio

363 3661 569 3715 Domini
600 3660 764 3716 nostri
788 3656 941 3715 Iesus
971 3659 1163 3716 Christi
1181 3658 1460 3712 secundum
1497 3659 1770 3711 Joannem.
1812 3656 2013 3719 Egres-

360 3745 451 3785 sus
498 3737 574 3787 est
628 3734 800 3798 Iesus,
863 3737 972 3787 etc.
1031 3733 1167 3785 Cum
1217 3735 1399 3785 autem
1453 3733 1674 3781 ventum
1732 3724 1898 3798 fuerit
1929 3724 2011 3798 ad

363 3800 542 3858 locum
573 3802 665 3857 ubi
697 3795 902 3858 dicitur
935 3822 948 3857 :
1001 3801 1200 3857 Partiti
1234 3805 1357 3855 sunt
1392 3798 1714 3863 uestimenta,
1752 3796 1862 3851 duo
1892 3795 2011 3850 cle-

362 3873 461 3928 rici
483 3874 696 3930 nudent
731 3874 903 3929 altare
932 3872 1262 3929 sindonibus
1289 3885 1413 3941 qua:
1450 3870 1604 3940 prius
1639 3882 1805 3938 super
1835 3866 2011 3941 altare

361 3943 577 4002 fuerant
614 3946 830 4015 positae.
880 3944 1063 4001 Altare
1120 3940 1331 4015 autem’r
1357 3942 1628 4015 significat
1691 3940 2007 4003 Dominum;

362 4012 649 4087 sindones,
677 4017 961 4087 apostolos
980 4015 1073 4086 qui
1096 4012 1553 4084 comprehensum
1598 4012 2012 4087 Jesum_omnes

363 4085 479 4160 [al.,
502 4082 900 4160 relinquentes]
928 4082 1204 4160 fugerunt.
1225 4082 1304 4141 'Et
1351 4099 1476 4160 cum
1512 4082 1807 4160 veneritad
1822 4082 2011 4160 locum

363 4153 470 4214 ubi
512 4153 723 4216 dicitur
754 4180 773 4213 τ
817 4153 900 4215 Et‘
938 4153 1191 4236 inclinato
1248 4155 1689 4236 capiteﬂtradidit
1751 4153 2007 4236 spiritum,

362 4242 552 4288 omnes
573 4236 929 4302 prosternant
965 4245 1024 4302 se
1068 4230 1136 4285 ad
1179 4224 1899 4302 terram._Finita_passione
1930 4224 2011 4302 di-

363 4296 887 4359 cantnr'orationes
932 4301 1206 4357 solemnes
1245 4300 1364 4355 sine
1412 4296 1720 4364 intervallo,
1743 4302 1799 4352 et
1827 4296 2011 4351 casula

364 4385 470 4447 non
501 4375 751 4441 tollatur,
781 4380 839 4447 et
867 4387 968 4444 pro
987 4372 1321 4447 Judzeisnon
1352 4370 1641 4447 ﬂectantur
1681 4382 1878 4439 genua.
1930 4367 2008 4422 Ad
2028 4388 2078 4447 D

362 4446 591 4512 primam
650 4440 957 4501 orationem
1012 4457 1125 4499 non
1183 4443 1433 4498 dicatur:
1484 4440 2013 4512 Flectamushgenua,

361 4510 570 4584 Lerate,
596 4530 699 4572 nec
729 4518 831 4571 Per
854 4517 1145 4571 Dominum.
1206 4514 1284 4569 Ad
1338 4529 1375 4567 ιι
1426 4512 1731 4584 orationem
1761 4510 1976 4584 dicatur
2001 4529 2013 4565 :

361 4582 657 4644 Flectamus
676 4603 864 4657 genua,
896 4589 1106 4653 Levate,
1166 4591 1221 4641 et
1264 4587 1368 4657 Per
1404 4583 1695 4657 Dominum.
1743 4582 2019 4657 Incipiunt

360 4660 475 4714 sic:
521 4653 763 4716 Oremus.
806 4657 1141 4714 Dilectissimi
1186 4655 1335 4711 nobis
1360 4670 1479 4727 pro
1509 4653 1749 4709 ecclesia.
1801 4654 2019 4727 Oremus

363 4729 725 4801 Omnipotens,
757 4731 1065 4801 sempiterne
1104 4732 1263 4795 Deus,
1296 4726 1383 4799 qui
1413 4726 1648 4801 Gloriam
1674 4731 1835 4780 tuam.
1877 4726 2015 4780 Ore-

360 4816 472 4872 mus
510 4797 562 4857 et
611 4816 710 4872 pro
750 4797 1049 4857 beatissimo
1084 4816 1225 4871 papa
1261 4797 1460 4854 nostro.
1500 4797 1797 4872 Flectamus
1825 4810 2015 4872 genua.

361 4870 705 4944 Omnipotens
758 4870 1097 4944 sempiterna
1122 4870 1280 4937 Deus,
1338 4873 1392 4944 in
1447 4870 1607 4944 cujus
1658 4870 2016 4944 manu._Per.

362 4938 581 5000 Oremus
608 4949 786 5016 etpro
807 4938 1195 5016 catechumenis
1226 4943 1437 5016 nostris.
1475 4945 1533 5016 ut
1568 4941 1706 4994 Deus
1746 4944 1794 4993 et
1834 4938 2017 5016 Domi-

358 5028 454 5069 nus
492 5012 702 5072 noster:
749 5014 1046 5071 Flectamus
1092 5030 1282 5084 genua.
1334 5013 1668 5083 Omnipotens
1708 5012 2020 5084 sempiterne

362 5085 521 5155 Deus,
554 5091 851 5142 naestorum
882 5082 1189 5142 consolatio.
1224 5088 1345 5141 Per.
1408 5082 1625 5141 Oremus
1655 5087 1703 5137 et
1724 5097 1827 5153 pro
1860 5082 2019 5135 haere-

359 5157 501 5213 ticis.
588 5158 886 5214 Flectamus
942 5173 1131 5227 genua,
1202 5159 1411 5212 Levate.
1477 5156 1832 5226 Omnipotens,
1890 5166 2022 5206 sem-

355 5247 570 5314 piterna
622 5239 761 5309 190
805 5250 968 5316 Deus,
1028 5248 1113 5318 qui
1158 5245 1336 5302 salvas
1385 5260 1577 5301 omnes.
1630 5245 1749 5299 Per.
1802 5244 2021 5299 Oremus

429 5390 547 5462 (36)
580 5391 659 5446 Ita
678 5389 825 5460 apud
853 5391 1121 5462 Joannem
1151 5387 1373 5462 Abrinc.

361 5458 728 5533 Augustinum
745 5461 909 5533 paulo
930 5461 1091 5533 aliter
1109 5458 1395 5514 habeatur.

433 5504 912 5605 (sarisam;
930 5504 1403 5589 Ἣὲῖὲὲἰῖιῖῖῖιῖιὶέ
1432 5527 1501 5584 ad
1548 5528 1883 5600 sepulcrum,
1916 5540 2017 5583 nec

362 5601 597 5663 lavatur.
617 5604 732 5676 AL,
756 5604 934 5662 deest.

1437 5402 1490 5456 p.
1540 5386 1631 5454 60,
1684 5385 1817 5443 licet
1874 5382 2019 5455 apud

2098 3119 2392 3200 cruciﬁxus
2437 3121 2512 3200 .in
2579 3123 3410 3200 commemorationesanguinis
3475 3119 3547 3200 et
3584 3119 3742 3194 aqua:

2099 3190 2319 3264 liuentis
2338 3190 2405 3245 de
2424 3190 2607 3264 latere
2636 3191 3024 3264 Redemptoris
3070 3194 3195 3250 vino
3232 3190 3299 3250 'et
3345 3209 3486 3264 aqua
3533 3190 3744 3252 lavetur

2096 3260 2242 3332 (37);
2303 3268 2358 3318 et
2405 3262 2534 3318 dum
2580 3263 2790 3320 lavatus
2844 3260 3012 3320 fuerit
3070 3265 3294 3321 tollatur
3338 3260 3413 3321 in"
3444 3265 3637 3333 altum,
3688 3271 3744 3321 et

2098 3338 2367 3407 cantetur
2404 3341 2518 3389 ant.
2576 3336 2757 3407 Super
2794 3338 2969 3391 omnia
3023 3335 3185 3405 ligna.
3227 3338 3404 3392 Finita
3442 3338 3743 3407 antiphona

2097 3404 2308 3461 deferat
2336 3405 2593 3461 dominus
2611 3404 3175 3475 archiepiscopus'aut
3196 3407 3477 3474 sacerdos,
3528 3404 3583 3464 et
3618 3421 3743 3463 cum

2097 3490 2164 3531 eo
2221 3476 2331 3531 duo
2381 3477 2687 3546 presbyteri
2732 3477 2828 3548 qui
2886 3478 3270 3532 cantaverint:
3329 3477 3525 3548 Popule
3579 3494 3742 3548 meus,

2098 3547 2415 3618 crucifixum
2473 3548 2558 3618 ad,
2589 3546 2922 3618 sepulcrum,
2969 3554 3194 3601 cantore
3268 3546 3565 3618 incipiente
3625 3547 3740 3618 [ηις.

2097 3617 2241 3671 cath.
2278 3637 2290 3670 :
2322 3619 2440 3682 Quo
2470 3616 2623 3670 linito
2653 3615 2933 3672 deferatur
2960 3618 3255 3673 cruciﬁxus
3282 3617 3348 3671 ad
3380 3615 3691 3686 sepulcrum
3714 3634 3745 3672 a

2098 3687 2315 3767 duobus
2336 3686 2692 3756 presbyteris,
2723 3688 2817 3756 qui
2838 3687 3197 3767 cantaverint]
3247 3706 3305 3767 ryﬂ
3321 3689 3470 3744 Sicut
3513 3690 3621 3767 ovis
3671 3689 3745 3767 ad

2098 3758 2425 3830 occisionem,
2477 3772 2600 3814 cum
2647 3772 2807 3813 versu
2846 3764 2901 3814 et
2950 3758 3223 3830 regressu.
3273 3758 3390 3827 Quo
3449 3759 3741 3827 collocato,

2098 3829 2315 3885 dicatur
2342 3830 2642 3899 antiphona
2664 3832 2736 3903 ‘In
2760 3846 2893 3902 pace
2918 3832 2973 3886 in
3000 3829 3223 3903 idipsum
3242 3832 3516 3888 dormiam.
3552 3833 3745 3889 Postea

2096 3918 2547 3990 archiepisc0pus
2597 3899 2733 3979 |92
2761 3899 2875 3975 aut
2921 3899 3182 3977 sacerdos
3228 3923 3370 3977 lavet
3420 3921 3620 3978 ostium
3659 3935 3745 3977 se-

2096 3990 2296 4073 pulcri,
2338 3991 2644 4073 lethbuniili
2689 4005 2824 4073 voce
2871 3993 3102 4073 incipiat
3162 4010 3207 4065 ιγ
3236 3992 3452 4073 Seputh
3502 3994 3744 4073 Domino.

2095 4062 2303 4135 Quibus
2332 4062 2520 4128 finitis,
2555 4062 2811 4119 dominus
2858 4062 3323 4135 archiepiscOpus'
3355 4065 3439 4121 vel
3485 4064 3747 4121 sacerdos

2096 4133 2287 4188 induat
2316 4135 2553 4190 casulam
2577 4135 2719 4205 nigri
2740 4135 2965 4203 coloris,
3017 4133 3071 4191 et
3118 4133 3248 4193 lotis
3302 4137 3574 4205 manibus,
3621 4150 3746 4192 cum

2096 4218 2288 4279 magna
2319 4206 2627 4279 reverentia
2643 4205 2711 4279 ad
2740 4208 3037 4279 sacrarium
3062 4214 3269 4279 pergat,
3304 4208 3749 4279 praecedentibus

2095 4276 2412 4348 thuribulis,
2437 4276 2783 4348 candelabris
2813 4282 2868 4331 et
2897 4278 3146 4343 torchiis,
3167 4276 3254 4333 'et
3300 4276 3503 4348 corpus
3533 4278 3747 4333 Domini

2095 4348 2165 4429 ab
2194 4347 2315 4403 heri
2337 4356 2610 4429 servatum
2652 4346 2843 4429 alie-rat
2870 4362 3039 4429 super
3083 4348 3371 4429 altarehet
3393 4346 3749 4429 reponantur

2098 4419 2281 4474 vinum
2312 4426 2368 4474 et
2396 4435 2537 4489 aqua
2574 4419 2630 4473 in
2661 4419 2852 4486 calice,
2904 4420 3047 4474 sicut
3091 4420 3148 4474 in
3205 4419 3329 4474 aliis
3375 4419 3577 4489 diebus
3617 4432 3751 4473 con-

2099 4495 2316 4545 suetum
2344 4488 2463 4557 est,
2484 4498 2539 4546 et
2568 4490 2721 4560 prius
2750 4497 2876 4548 ante
2915 4491 3087 4547 altare
3134 4489 3298 4546 faciat
3345 4488 3750 4560 confessionem

2106 4560 2242 4633 (38),
2294 4561 2530 4619 dicendo
2569 4559 2847 4633 Conﬁteor,
2898 4569 3005 4620 etc.
3046 4564 3163 4629 Quo
3204 4561 3347 4617 facto
3404 4559 3633 4633 accedat
3652 4559 3749 4633 ad

2101 4629 2293 4698 altare,
2344 4638 2400 4688 et
2449 4648 2637 4703 parum
2677 4629 2937 4690 moratus
2993 4633 3187 4689 humili
3243 4646 3377 4689 voce
3434 4631 3583 4687 dicat
3645 4629 3749 4699 (39)

2103 4704 2367 4760 Oremus:
2416 4705 2696 4776 Praeceptis
2758 4704 3101 4776 salutaribus,
3161 4708 3269 4759 etc.
3339 4706 3499 4776 Pater
3552 4707 3750 4759 noster.

2102 4776 2316 4847 Chorus
2343 4774 2676 4847 respondeat
2721 4777 2829 4833 Sed
2876 4775 3043 4847 libera
3068 4789 3163 4847 nos
3211 4790 3245 4829 a
3300 4774 3458 4831 malo.
3491 4776 3753 4831 Dominus

2101 4845 2570 4920 archiepiscopus,
2592 4847 2676 4905 vel
2694 4847 2976 4920 sacerdos,
3012 4845 3249 4902 demissa
3285 4862 3418 4904 voce
3461 4854 3515 4903 et
3564 4848 3751 4920 priva:-

2102 4918 2200 4973 tim
2230 4916 2378 4975 dieat
2403 4916 2588 4976 A‘men.
2621 4918 2972 4988 Libera_nos,
3016 4932 3323 4988 quazsumus,
3383 4916 3621 4976 Domine.
3670 4916 3753 4973 Ad

2100 4991 2204 5044 Per
2226 4991 2459 5046 eumdem
2484 4992 2758 5047 Dominum
2813 4986 2976 5043 faciat
3012 4986 3363 5058 fractionem;
3423 5003 3531 5060 qua
3571 4987 3751 5060 facta,

2101 5060 2294 5116 humili
2352 5076 2486 5119 voce
2534 5067 2717 5118 cantet
2762 5061 2866 5114 Per
2930 5062 3103 5117 omnia
3166 5057 3359 5119 secula
3423 5057 3751 5123 secutorum,

2101 5135 2285 5204 Amen.
2309 5134 2522 5189 Chorus
2541 5135 2597 5188 in
2629 5130 2819 5204 eadem
2849 5143 2984 5188 voce
3031 5134 3364 5204 respondeat
3403 5133 3588 5186 Amen.
3632 5132 3754 5204 Non

2104 5202 2320 5259 dicatur
2374 5207 2495 5260 Pan:
2540 5203 2767 5268 Domini,
2822 5216 2922 5258 nec
2958 5201 3139 5274 Agnus
3188 5207 3286 5259 Dei
3341 5208 3612 5274 cantetur,
3655 5201 3753 5257 sed

2103 5276 2350 5331 mittatur
2378 5290 2505 5346 pars
2524 5274 2777 5346 corporis
2795 5274 2998 5331 Christi
3016 5273 3084 5331 in
3116 5276 3306 5341 calice,
3353 5281 3413 5330 ut
3441 5273 3612 5331 moris
3648 5278 3752 5338 est,
3830 5282 3835 5285 '

2103 5353 2159 5419 et
2205 5346 2354 5403 dicat
2387 5345 2675 5402 sacerdos
2729 5346 3010 5402 orationes
3048 5347 3284 5419 Domine
3337 5352 3538 5419 sancte,
3598 5346 3757 5419 Fater

2103 5417 2447 5490 amnipotens,
2479 5422 2670 5473 aeterne
2697 5419 2838 5473 Deus
2847 5439 2867 5485 ;
2902 5418 3123 5475 Domine
3149 5419 3275 5474 Iesu
3320 5418 3542 5476 Christe.
3603 5417 3756 5471 Inte-

2176 5525 2287 5669 (38;
2312 5525 2487 5585 Hodie
2509 5540 2620 5584 non
2641 5527 2701 5584 lit
2720 5527 3017 5586 confessio.

2177 5596 2263 5669 [39
2313 5598 2414 5656 Hic
2443 5612 2558 5657 non
2584 5599 2645 5657 lit
2673 5600 2879 5660 mentio
2899 5598 3017 5655 elev

2177 5595 2287 5671 [39)
2313 5598 2414 5656 Hic
2443 5612 2558 5657 non
2584 5599 2645 5657 lit
2673 5600 2879 5660 mentio
2899 5595 3223 5656 elevationis
3250 5598 3469 5656 hostiae.
