4156 6196
382 234 485 291 133

1812 238 1985 295 ACTA
2024 237 2303 296 VETERA.

3647 243 3746 300 134

376 393 3749 425 mw

1497 519 1951 606 TABULA
2033 522 2634 611 PASCHALIS

1708 720 1891 785 Anno
1938 720 2186 786 Domini
2236 722 2407 788 1678

1283 887 1375 941 Ea:
1419 899 1567 941 ceree
1602 885 1845 957 paschali
1882 887 2115 944 cathedr.
2156 888 2388 945 ecclesia
2423 891 2838 960 Rolomagcasis.

374 1154 564 1206 Annus
591 1149 661 1223 ab
689 1148 912 1223 Origine
941 1151 1129 1223 mundi
1156 1151 1319 1209 5678.

374 1224 563 1277 Annus
590 1222 659 1278 ab
689 1221 985 1278 universali
1012 1223 1223 1279 Diluvio
1260 1222 1423 1278 4033.

372 1296 564 1349 Annus
590 1293 658 1349 ab
688 1294 1068 1350 lncarnatione
1104 1295 1316 1351 Domini
1361 1294 1517 1351 1678.

372 1368 565 1420 Annus
591 1379 622 1420 a
648 1365 909 1422 Passione
939 1366 1184 1437 ejusdem
1219 1365 1374 1437 1645.

372 1438 564 1492 Annus
591 1450 622 1491 a
650 1436 943 1493 Nativitate
968 1436 1040 1493 Β.
1074 1437 1256 1494 Maria
1294 1436 1447 1493 1692.

372 1509 563 1563 Annus
598 1508 667 1562 ab
689 1509 1075 1579 Assumptione
1105 1509 1352 1579 ejusdem
1387 1508 1541 1567 1628.

373 1582 563 1634 Annus
589 1579 917 1636 Indictionis
949 1580 998 1636 1.

373 1652 562 1705 Annus
584 1649 733 1720 Cycli
763 1650 969 1707 Solaris
1002 1651 1058 1707 7.

370 1723 561 1777 Annus
586 1721 735 1792 Cycli
764 1723 995 1778 Lunaris
1029 1723 1085 1778 7.

368 1795 560 1867 Annus
605 1807 851 1863 prasens
898 1808 931 1849 a
976 1793 1183 1850 Pascha
1231 1794 1579 1867 pracedente
1608 1809 1783 1867 usque
1812 1794 1879 1852 ad
1914 1798 2015 1852 Pa-

443 1863 575 1919 scha
602 1878 841 1936 sequens
870 1871 953 1922 est
981 1866 1286 1923 communis
1314 1866 1517 1924 abund.

371 1936 576 1991 Enacta
608 1936 665 1989 7.

417 1940 576 2006 pacta
608 1940 665 1989 7.

370 2010 583 2063 Aureus
607 2008 877 2064 Numerus
911 2008 968 2066 7.

373 2079 578 2134 Littera
604 2078 957 2136 Dominicalis
994 2081 1054 2136 B.

371 2150 578 2223 littera
615 2151 991 2223 Martyrologii
1014 2167 1068 2223 g.

368 2221 655 2293 Terminus
683 2221 1005 2278 Pascha'17
1023 2221 1205 2293 April.

365 2292 496 2347 Dies
522 2293 746 2349 Pascha
783 2294 847 2348 10
881 2293 1052 2363 April.

366 2364 517 2418 Luna
550 2364 725 2433 ipsius
754 2363 789 2416 5
818 2365 990 2433 April.

362 2436 703 2491 Annotinum
730 2434 991 2490 Paschale
1033 2434 1097 2488 18
1124 2435 1298 2506 April.

362 2506 496 2561 Dies
532 2506 900 2575 Rogationum
934 2506 999 2559 16
1025 2506 1167 2562 Maii.

362 2577 497 2631 Dies
524 2573 882 2632 A‘scensionis
916 2576 981 2629 19
1009 2577 1153 2632 Maii.

378 2655 519 2726 I99
560 2664 690 2719 Dies
718 2666 1074 2721 Pentecostes
1101 2665 1172 2719 29
1208 2666 1351 2722 Maii.

368 2736 499 2791 Dies
526 2736 887 2792 Eucharistia
925 2737 960 2789 9
995 2737 1163 2793 Junii.

368 2806 668 2862 Dominica
697 2821 728 2862 a
757 2809 1081 2864 Pentecoste
1111 2822 1284 2867 usque
1314 2807 1382 2864 ad
1410 2807 1716 2867 Adventum
1752 2809 1845 2866 25.

376 2878 658 2933 Dominica
686 2879 862 2948 prima
888 2879 1167 2935 Adventus
1192 2878 1265 2932 27
1288 2881 1425 2937 Nov.

374 2949 579 3004 Littera
604 2949 958 3006 Dominicalis
985 2951 1113 3006 anni
1143 2953 1426 3020 sequentis
1454 2953 1518 3008 A.

376 3024 564 3076 Annus
589 3034 829 3091 sequens
858 3028 941 3077 est
974 3021 1110 3075 1679
1138 3023 1443 3078 communis
1471 3022 1594 3080 ord.

379 3092 588 3165 Littera
612 3092 985 3164 martyrologii
1015 3094 1144 3149 anni
1173 3096 1457 3165 sequentis
1484 3100 1527 3150 t.

380 3163 675 3238 Dominica
731 3163 1086 3238 agnati’vitate
1134 3163 1349 3238 Domini
1395 3180 1569 3238 usque
1607 3165 1675 3223 ad
1712 3169 2015 3238 Septuage-

448 3234 640 3291 simam
668 3235 797 3291 anni
826 3238 1108 3307 sequentis
1144 3236 1198 3293 4.

376 3306 662 3380 Terminus
689 3306 1111 3379 Septuagesima
1141 3310 1269 3365 anni
1313 3309 1597 3380 sequentis
1654 3310 1712 3363 11
1747 3310 1905 3366 Febr.

376 3378 659 3434 Dominica
695 3378 1119 3451 Septuagesima
1158 3381 1287 3437 anni
1316 3378 1599 3452 sequentis
1625 3380 1697 3437 29
1723 3380 1941 3438 Januar.

2036 1156 2381 1218 ADominica
2427 1173 2446 1212 1

2495 1157 2933 1237 Quadragesima
2977 1163 3106 1237 anni
3147 1166 3430 1237 sequentis
3475 1166 3540 1223 19
3574 1170 3737 1228 Febr.

2099 1228 2226 1284 Dies
2254 1228 2477 1284 Pascha
2506 1229 2634 1284 anni
2663 1228 2946 1300 sequentis
2981 1233 3017 1287 2
3053 1236 3225 1300 April.

2096 1302 2286 1355 Annus
2315 1300 2382 1356 ab
2413 1301 2760 1357 institutione
2790 1304 2964 1359 sancti
2997 1300 3217 1362 Melloni
3254 1306 3408 1366 1419.

2097 1373 2287 1427 Annus
2314 1386 2345 1426 a
2373 1372 2605 1428 transitu
2635 1372 2879 1442 ejusdem
2909 1374 3062 1439 1368.

2096 1444 2285 1497 Annus
2304 1443 2372 1498 ab
2396 1443 2741 1499 institutione
2771 1446 2945 1501 sancti
2976 1447 3207 1503 Romani
3235 1447 3388 1506 1032.

2096 1515 2284 1568 Annus
2312 1528 2343 1569 a
2372 1517 2605 1570 transitu
2636 1515 2878 1584 ejusdem
2900 1516 3025 1573 989.

2096 1586 2286 1640 Annus
2315 1586 2382 1641 ab
2421 1586 2766 1642 institutione
2797 1589 2971 1643 sancti
2992 1588 3242 1647 Audoeni
3278 1589 3432 1648 1046.

2095 1658 2286 1711 Annus
2313 1671 2344 1711 a
2374 1658 2606 1713 transitu
2636 1658 2879 1728 ejusdem
2916 1658 3069 1716 1033.

2094 1729 2313 1853 Αηῐιέιέῗθ
2338 1728 2771 1853 aGltiedicatione
2838 1731 3002 1801 hujus
3069 1731 3322 1789 ecclesia
3405 1735 3734 1808 metropoli-

2095 1804 2758 1996 Αηέιὲἒὲἑὲὲιὶιυιὶοηθ
2801 1873 3052 1931 Rollonis
3076 1874 3239 1945 primi
3272 1874 3431 1933 ducis
3475 1877 3742 1938 Norman-

2208 1956 2224 1996 1
2425 1982 2439 1996 .

2168 1955 2276 1997 ma
2313 1955 2439 1996 mo.

2094 2016 2283 2070 Annus
2312 2030 2343 2069 a
2372 2014 2607 2093 transitu
2632 2015 2897 2085 ejusdem,
2929 2016 3058 2071 760.

2095 2105 2283 2159 Annus
2328 2118 2359 2158 a
2414 2106 2775 2162 coronatione
2829 2107 3102 2164 Guillelmi
3152 2108 3315 2179 primi
3373 2108 3532 2168 ducis
3586 2103 3747 2177 200

2164 2185 2513 2239 Normannia
2543 2185 2597 2239 in
2622 2199 2790 2256 regno
2815 2187 3024 2256 Anglia
3054 2187 3183 2243 604.

2092 2226 2282 2310 Annus
2310 2255 2378 2310 ab
2405 2256 2560 2311 obitu
2590 2226 2835 2326 ejusdem

2091 2336 2281 2390 Annus
2317 2350 2366 2416 ἐξ
2394 2336 2738 2416 Ieduqtione
2786 2337 3018 2416 ducatus
3064 2338 3413 2396 Normannia
3442 2340 3511 2397 ad
3540 2342 3747 2416 Philip-

2166 2420 2295 2475 pum
2316 2408 2361 2461 ΙΙ
2394 2409 2638 2464 Francia
2668 2423 2852 2479 regem
2887 2409 3014 2465 474.

2035 2488 2283 2551 BAnnus
2338 2487 2406 2542 ab
2445 2487 2551 2543 alia
2610 2489 2933 2545 reductione
2986 2488 3219 2545 ducatus
3274 2492 3628 2552 Normannia
3674 2497 3744 2553 ad

2166 2558 2417 2614 Carolum
2442 2561 2527 2614 Vll
2559 2561 2805 2617 Francia
2826 2575 3013 2632 regem
3039 2560 3166 2617 228.

2096 2635 2672 2762 Αηὲἓδχιίοῐὲιίηοδιυε
2708 2641 2799 2696 SS.
2850 2641 3023 2710 patris
3061 2646 3117 2697 et
3154 2642 3260 2698 DD.
3304 2643 3610 2702 Innocentii
3651 2660 3747 2718 pa-

2098 2709 2387 2864 “‘23;sz
2403 2709 2771 2864 _2instituti_one
2801 2792 2868 2845 R.
2904 2790 3076 2864 patris
3106 2796 3162 2847 et
3198 2793 3306 2847 DD.
3348 2794 3625 2852 Francisci
3654 2799 3745 2864 ιν,

2170 2858 2576 2982 ειόἕξὶθρὲευορὶ
2650 2858 3071 2932 Rotomagensis
3133 2866 3189 2918 et
3234 2864 3585 2923 Normannia
3634 2858 3749 2940 pri-1

2170 2942 2255 2982 ma
2282 2944 2349 2982 is.
2421 2970 2437 2982 .

2287 2934 2297 2940 .
2380 2934 2437 2987 7.
3634 2934 3649 2940 -

2095 2934 2707 3086 Αηῗιῗὲἒηηῆεἱνίωθ
2745 3011 3195 3086 Christianissimi
3242 3014 3523 3086 principis
3560 3018 3749 3076 Ludo-

2168 3080 2274 3135 vici
2302 3081 2434 3146 XIV,
2480 3082 2724 3138 Francia
2753 3090 2809 3138 et
2845 3085 3098 3140 Navarra
3136 3080 3302 3155 regis,
3334 3085 3426 3142 40.

2096 3161 2284 3215 Annus
2314 3162 2469 3231 regni
2498 3161 2672 3231 ipsius
2698 3162 2789 3216 35.
2836 3218 2839 3221 ,

2168 3241 2533 3319 ponsecratus
2572 3248 2655 3298 est
2685 3243 2800 3319 iste-
2824 3257 3021 3319 cereus
3048 3244 3115 3319 in
3145 3244 3358 3319 honore
3386 3248 3525 3319 Agni
3558 3249 3747 3307 imma-

2098 3311 2288 3439 ﬁiulati,
2322 3319 2377 3369 et
2416 3314 2471 3369 in
2508 3313 2719 3371 honore
2750 3314 3006 3385 gloriosa
3042 3317 3283 3388 Virginis
3313 3311 3749 3390 ejusvgenitricis

2150 3398 2303 3440 aria.

1714 3703 2395 3791 FRAGMENTA

1047 3904 1150 3970 Ex
1195 3901 1538 3971 Ordinario
1583 3923 1703 3970 ms.
1760 3902 2159 3972 cathedralis
2207 3902 2503 3971 ecclesia
2550 3903 3075 3991 Rotomagensis.

1213 4075 1501 4147 Sequenles
1528 4074 1849 4131 caremom'aa
1883 4088 1989 4130 non
2026 4072 2367 4131 observantur
2393 4073 2450 4130 in
2476 4072 2658 4129 eadem
2687 4071 2927 4130 ecclesia.

586 4357 680 4430 (In
707 4359 998 4419 Natim'talc
1025 4359 1254 4429 Domini,
1284 4360 1341 4416 in
1366 4359 1469 4432 ﬁne
1498 4374 1519 4415 ι
1546 4361 1828 4428 nocturni.)

455 4466 642 4522 Omnis
687 4466 756 4523 de
803 4467 1044 4524 secunda
1091 4467 1223 4524 sede
1272 4466 1329 4522 in
1359 4467 1672 4537 superliciis
1701 4467 1758 4523 in
1806 4467 2030 4525 modum

380 4550 610 4595 corona
640 4544 862 4596 cantent
906 4553 1145 4609 prosam.
1188 4541 1392 4595 Cantor
1439 4553 1563 4595 cum
1609 4553 1785 4610 cappa
1822 4554 1919 4597 sua
1946 4540 2034 4596 ni-

381 4639 488 4753 ira
522 4631 693 4708 .stans
737 4632 862 4684 ante
923 4620 1061 4689 201
1107 4626 1337 4685 formam
1393 4628 1549 4685 chori
1604 4628 1834 4699 incipiat
1878 4627 2033 4685 Felix

449 4712 589 4753 ana.

449 4712 589 4753 ana.

814 4808 938 4863 Post
973 4822 1163 4864 nonum
1197 4808 1603 4881 responsorium.

460 4914 660 4968 Omnes
686 4911 756 4969 de
784 4914 979 4983 majori
1024 4915 1155 4971 sede
1201 4916 1258 4970 in
1304 4914 1636 4985 superliciis,
1670 4918 1899 4984 excepto
1940 4913 2036 4970 de-

385 4997 551 5047 cano,
587 4985 644 5039 in
674 4985 895 5040 modum
924 5000 1147 5042 corona
1175 4993 1399 5043 cantent
1438 4999 1678 5056 prosam,
1711 4991 1767 5041 et
1794 4985 2036 5056 incipia-

387 5062 483 5111 tur
501 5071 532 5109 a
555 5061 777 5112 cantore
807 5056 965 5123 Quem
997 5058 1194 5114 wthcra
1221 5063 1272 5114 et
1299 5064 1463 5115 terra.

907 5166 986 5219 De
1014 5164 1262 5220 annotino
1291 5164 1518 5220 Pascha.

461 5269 711 5328 Ofﬁcium
741 5272 811 5329 de
838 5273 1105 5331 annotino
1146 5273 1351 5329 Pascha
1395 5285 1507 5330 non
1536 5276 1719 5342 potest
1753 5270 1894 5339 ﬁeri,
1928 5272 2036 5329 nisi

391 5343 641 5399 evenerit
667 5413 671 5414 ν
697 5349 823 5414 post
878 5352 1123 5401 octavam
1180 5343 1423 5400 Pascha.
1471 5344 1619 5401 Ordo
1666 5345 1725 5399 in
1770 5344 2035 5401 annotino

390 5414 621 5483 Pascha,
653 5413 850 5473 festum
881 5416 949 5473 de
977 5417 1144 5473 tertio
1172 5415 1526 5486 responsorio
1555 5414 1784 5485 duplici.
1804 5415 1885 5472 Ad
1908 5417 2039 5473 Ves—

391 5498 575 5559 peras
602 5487 922 5559 antiphona
978 5489 1049 5545 de
1104 5485 1299 5559 majori
1345 5485 1477 5559 sede
1533 5491 1590 5544 et
1636 5500 1759 5545 cum
1814 5501 2033 5545 neuma.

388 5556 739 5630 Antiphona.‘
758 5558 1013 5631 Alleluia,
1033 5556 1229 5634 psalmi
1257 5557 1327 5616 de
1355 5557 1469 5615 die.

2042 4360 2086 4422 C
2173 4359 2451 4417 Residuum
2496 4358 2655 4431 ofﬁcii
2680 4359 2792 4430 fere
2820 4355 3103 4413 concordat
3132 4370 3245 4411 cum
3274 4355 3446 4428 oﬂicio
3467 4357 3754 4414 Domiaica:

2107 4431 2164 4487 in
2189 4431 2359 4487 Albis.

2533 4520 2598 4575 In
2619 4520 2750 4590 festo
2769 4523 2965 4575 sanctae
2997 4517 3288 4574 Trinitatis.

2180 4629 2322 4708 Nota
2350 4627 2499 4697 quod
2528 4628 2596 4684 ad
2627 4644 2698 4708 ιι.
2734 4643 2767 4683 v
2809 4633 2863 4685 et
2910 4644 3006 4708 vin
3053 4625 3533 4708 lectionesmajus
3579 4623 3752 4708 altare

2111 4696 2410 4771 sepultura
2456 4713 2645 4771 regum
2683 4700 3057 4764 incensentur,
3099 4703 3155 4753 et
3194 4696 3652 4771 archiepiscopus
3697 4705 3753 4755 et

2112 4767 2374 4839 de'canus,
2406 4771 2453 4827 si
2484 4767 2787 4841 prasentes
2842 4771 3066 4835 fuerint,
3098 4782 3130 4823 a
3177 4767 3395 4841 duobus
3439 4768 3750 4841 sacerdoti-

2112 4842 2216 4898 bus
2245 4838 2527 4899 canOnicis
2572 4844 2627 4897 in
2677 4843 2887 4912 cappis,
2921 4847 2976 4896 et
3023 4843 3212 4912 postea
3244 4838 3446 4897 chorus
3473 4854 3504 4897 a
3533 4840 3752 4899 duobus

2114 4915 2320 4983 pueris.
2356 4916 2425 4970 Et
2457 4915 2538 4970 sic
2566 4915 2660 4969 ﬁat
2689 4909 2759 4968 in'
2777 4909 3032 4969 omnibus
3060 4909 3215 4966 festis
3243 4912 3572 4982 triplicibus.

2328 5024 2395 5076 In
2420 5021 2552 5091 festo
2582 5021 2826 5091 corporis
2846 5018 3056 5084 Christi,
3089 5018 3159 5074 ad
3194 5017 3217 5072 1
3263 5022 3535 5091 Vesperas.

2184 5090 2493 5163 Magnificat
2517 5097 2768 5147 cantetur
2795 5090 2865 5145 de
2894 5095 3050 5163 sexto
3080 5096 3135 5146 et
3163 5090 3369 5163 quinto
3384 5090 3552 5145 tonis.

2291 5161 2755 5233 Ia'Puriﬁcationc
2790 5164 2856 5218 B.
2896 5161 3089 5221 Maria
3126 5161 3196 5218 ad
3233 5178 3253 5217 1
3299 5163 3573 5231 Vesperas.

2186 5272 2444 5329 Memoria
2470 5272 2526 5326 S.
2548 5268 2732 5326 Severi
2759 5269 2853 5326 ﬁat
2882 5270 2954 5327 ob
2984 5269 3345 5342 reverentiam
3364 5268 3616 5340 corporis
3635 5268 3756 5342 ejus

2116 5343 2266 5416 quod
2294 5343 2352 5400 in
2382 5342 2616 5400 ecclesia
2644 5342 3032 5414 Rotomagensi
3061 5340 3378 5414 requiescit.

2759 5449 2849 5508 Ad
2873 5451 3105 5508 missam.

2190 5550 2350 5622 202
2378 5560 2650 5629 Sequatur
2675 5557 2861 5631 missa,
2888 5570 3081 5617 novem
3109 5569 3302 5629 cappa
3329 5556 3387 5615 in
3416 5555 3610 5614 choro.
