4156 6196
518 326 618 380 143

1648 305 1940 363 JOANNES
1975 301 2389 361 ARCHIEPISC.
2430 304 2761 361 ROTOMAG.

3777 305 3880 361 144

508 455 566 507 et
600 446 879 505 custodiat
905 448 960 500 te
989 446 1155 512 atque
1184 436 1510 496 corroboret
1544 408 1603 489 in
1633 430 1781 488 omni
1810 428 2076 485 bonitate.
2172 428 2503 512 Ainclinato
2528 444 2712 512 super
2765 428 2933 512 hunc.
2958 426 3217 512 famulum
3260 439 3418 512 tuum
3464 445 3640 512 cornu
3686 432 3876 512 gratia:

578 522 650 577 Et
673 517 1024 590 respondeant
1053 512 1538 590 atumaAm9n-..
1991 571 2006 590 ε

534 606 537 611 ·
578 568 1331 659 ῖνξιὲῆὖρἆὸ’”ὸνεάαιὲιαιὶ8.
1380 578 1593 643 Credis,
1640 571 1943 659 secundum
1991 568 2154 625 intel-

508 652 817 751 ligentiam-
841 682 915 751 et
939 674 1301 751 capacitatem
1347 653 1773 751 sensusntuiL?
1791 652 1865 751 [‘9
1890 664 2151 751 “segetem

508 734 850 816 Tiinitatem,
901 746 957 801 id
1006 734 1109 809 est,
1157 744 1496 816 Patrem,__et
1544 734 1760 816 Filium,
1793 738 1849 788 et
1889 734 2150 816 Spiritum

508 802 972 878 ééﬁéiiih'iihum
1024 802 1145 870 esse
1191 802 1513 867 naturaliter
1566 814 1731 885 atque
1784 802 2152 885 essentialiter

509 873 1183 959 Deirinwiimnipotentem,
1220 889 1485 938 aeternum
1524 884 1579 933 et
1626 873 2148 959 incommutabilem,

509 946 688 1034 ἷιὲιὶίὶὲ
719 946 898 1019 temeti
938 962 1114 1033 ipsum
1156 946 1369 1034 Panem
1410 965 1530 1034 055*?
1571 948 1677 1034 qui,
1704 946 2151 1034 Ὲιίηξξὲἒὲνέὶὲο

513 1020 709 1092 Filium
750 1036 925 1104 ipsum
952 1020 1093 1084 ’esse
1122 1025 1216 1104 qui
1249 1026 1694 1104 APater‘es‘t-Lnec
1737 1020 2152 1104 ‘Spirit‘u'm‘san:

510 1089 865 1175 ciu—miips'um
895 1089 1156 1175 esse_q__ui
1168 1098 1328 1151 Pater
1357 1100 1450 1149 aut
1481 1091 1650 1175 [ilius
1678 1089 2151 1175 est‘,_se.dﬁljatrem

508 1162 726 1248 semper:
755 1178 986 1248 Patrem,
1004 1162 1215 1248 .Filium
1245 1178 1463 1248 semper
1479 1162 2000 1248 ‘FigliumnSpiritum
2029 1171 2154 1213 san-

508 1231 653 1306 éiﬁiﬁ
676 1231 899 1315 semper
925 1231 1186 1315 spiritum
1216 1231 1501 1315 sanctum?
1530 1235 1569 1301 πῆ
1598 1231 1848 1315 Credo.“
2047 1305 2061 1315 Δ
2099 1299 2109 1310 _

576 1303 947 1385 Interrogatio.
966 1303 1173 1385 'Credjs
1202 1308 1350 1379 quod
1390 1308 1550 1385 Pater
1581 1304 1774 1385 plenus
1794 1303 1955 1385 .Deus
1983 1305 2078 1385 est‘
2094 1303 2151 1353 in

501 1405 580 1455 se,
607 1396 661 1445 et
692 1376 861 1443 Filius
892 1386 1087 1457 plenus
1116 1376 1260 1437 Deus
1280 1386 1363 1457 est
1395 1379 1448 1431 in
1472 1383 1635 1457 senet
1664 1376 1902 1457 Spiritus
1929 1376 2153 1457 sanctus

503 1451 700 1531 plenus
729 1451 996 1515 Deus'est
1041 1455 1115 1531 in_
1137 1467 1216 1516 se,
1251 1458 1306 1506 et
1344 1456 1547 1531 tamen“
1564 1451 1697 1501 istas
1736 1451 2153 1531 tresipersonas

502 1521 615 1588 non
663 1538 777 1586 tres
823 1532 985 1593 Deos,
1022 1524 1120 1580 sed
1151 1536 1317 1578 unum
1362 1534 1481 1597 esse
1512 1521 1679 1597 Deum
1709 1521 1907 1580 vivum,
1940 1527 2149 1597 verum,

502 1618 569 1659 ex
599 1616 709 1673 quo
741 1599 943 1673 omnia,
972 1590 1078 1673 per
1108 1608 1269 1664 quem
1303 1592 1518 1673 omnia,
1553 1590 1629 1673 in.
1657 1590 2151 1673 quo‘omnnianq‘uie

500 1657 633 1730 simi
658 1673 717 1727 in
747 1671 888 1726 coelo
920 1657 1060 1723 éi'in
1091 1657 1236 1721 terra
1265 1657 1509 1719 visibilia
1532 1666 1587 1717 et
1615 1658 1951 1715 invisibilia?
1981 1657 2021 1726 n
2047 1658 2153 1712 As-

501 1745 714 1801 sentior
743 1749 798 1797 et
826 1742 901 1816 ita
930 1738 1118 1816 credo.
1146 1807 1182 1816 __
1287 1807 1322 1816 ﬁ
1428 1804 1439 1816 .

575 1799 947 1882 Interrogatio.
1022 1807 1215 1864 Credis
1287 1804 1575 1882 Dominum
1650 1806 1899 1882 nostrum
1961 1799 2147 1853 Iesum

506 1871 808 1942 Christum"
821 1885 987 1938 Deum
1018 1893 1225 1957 verum,
1258 1877 1481 1946 plenum
1519 1879 1573 1929 et
1604 1871 1933 1957 perfectum,
1958 1882 2151 1957 coem-

506 1941 848 2027 nipotentem
880 1941 1299 2027 etgcoaiqualem
1326 1961 1445 2027 per
1469 1941 1653 2027 omnia
1683 1944 1829 2027 Patri
1859 1942 1916 1996 in
1947 1941 2149 2027 divinif

503 2013 635 2093 taie,
670 2025 1046 2096 temporaliter
1082 2013 1269 2096 natum
1307 2013 1375 2075 de
1414 2017 1635 2096 Spiritu.
1659 2021 1950 2096 sancto‘eii
1985 2013 2151 2096 Maria

502 2084 722 2168 semper
749 2084 960 2167 virgine
1000 2108 1122 2150 cum
1161 2091 1344 2168 anima
1385 2084 1660 2168 rationali,
1692 2084 2150 2168 duas-habentem

500 2155 866 2234 nativitates,“
883 2180 1043 2238 unam
1093 2178 1161 2238 ex
1208 2164 1367 2217 Patre
1437 2166 1735 2238 aeternam,
1769 2155 2011 2238 .alteram
2083 2168 2152 2209 ex

499 2247 672 2296 matre
702 2229 1081 2309 temporalem,
1112 2237 1282 2289 Deum
1311 2246 1501 2288 verum
1540 2236 1595 2285 et
1633 2229 1910 2284 hominem
1939 2240 2148 2309 verum,

497 2329 781 2402 proprium
908 2332 1140 2393 utraque
1181 2325 1595 2402 naturanatque
1635 2306 2152 2402 perfectum,

497 2392 621 2456 non"
649 2399 986 2469 adoptivum,
1020 2392 1132 2469 non
1172 2392 1599 2469 phantasticum,
1625 2392 1855 2469 _uuicum
1894 2392 1951 2469 et
1984 2399 2151 2440 unum

497 2472 690 2535 Deum,
726 2460 823 2524 Dei
860 2460 1077 2533 Filium,
1108 2460 1419 2539 in'duabus
1457 2460 1690 2539 naturis,
1723 2460 1779 2512 in
1819 2460 1981 2539 unius
2020 2470 2150 2539 per-

499 2556 652 2598 sona:
676 2528 1084 2610 singularitate,
1118 2532 1509 2610 impassihilem
1540 2528 1987 2610 et_i_mmorta|em
2015 2528 2154 2610 d_iv_i-

510 2613 704 2677 nitate,
737 2598 836 2665 sEd
883 2610 939 2663 in
983 2598 1320 2680 humanitate
1372 2616 1472 2680 pro
1520 2602 1683 2680 nobis
1730 2605 1785 2655 et
1831 2612 1932 2680 p‘ro
1977 2598 2152 2680 salute

504 2670 703 2739 nostra
726 2693 944 2752 passum
964 2691 1092 2733 vera
1112 2677 1295 2731 carnis
1325 2670 1598 2743 passione,
1622 2672 1711 2727 die
1733 2670 2152 2752 quadragesimo

508 2761 631 2824 post
651 2747 1114 2824 resurrectionem
1136 2760 1265 2824 cum
1276 2758 1439 2824 63Ple
1452 2759 1561 2813 qua
1581 2747 1883 2824 resurrexit
1902 2747 2154 2824 et'anima

504 2813 822 2880 ascendisse
866 2822 923 2876 in
974 2819 1194 2893 coelum,
1219 2822 1274 2871 et
1302 2814 1602 2893 sederead
1644 2813 1929 2893 dexteram
1955 2813 2150 2893 Patris,

496 2895 636 2951 "inde
665 2901 953 2950 venturum
997 2889 1249 2960 judicare
1278 2888 1429 2943 vivos
1468 2892 1524 2941 et
1569 2891 1848 2960 mortuos,
1884 2889 1948 2960 et_
1970 2881 2156 2937 reddi-

502 2974 686 3022 turum
714 2953 1016 3036 unicuique
1039 2958 1340 3036 secundum
1370 2969 1539 3036 opera
1566 2961 1708 3036 sua?
1737 2972 1784 3026 Ργ
1812 2953 2018 3036 Clyde:
2068 3024 2080 3035 .

576 3027 946 3103 Interrogatio:
978 3031 1171 3088 Credis
1200 3042 1415 3098 panem,
1439 3028 1534 3103 qui
1564 3027 1619 3080 in
1650 3039 1836 3081 mensa
1867 3027 2149 3080 Dominica

502 3099 856 3176 pr0ponitur,
887 3115 1082 3176 panem
1120 3099 1498 3176 tantummodo
1530 3111 1650 3176 esse
1689 3103 2150 3176 anteconsecra-

504 3165 736 3243 iioriem,
764 3165 861 3229 sed
889 3165 949 3227 in
978 3173 1096 3241 ipsa
1125 3169 1544 3225 consecratione
1583 3166 1853 3243 ineffabili
1903 3165 2151 3243 potentia

504 3237 810 3303 divinitatis
848 3237 1094 3300 converti
1138 3246 1386 3296 naturam
1418 3246 1472 3295 et
1515 3238 1873 3293 substantiam
1909 3237 2067 3306 panis
2097 3237 2153 3290 in

506 3324 756 3374 naturam
796 3322 851 3371 et
888 3312 1247 3371 substantiam
1279 3311 1481 3375 carnis,
1510 3310 1693 3365 carnis
1716 3321 1847 3364 vero
1880 3322 1991 3364 non
2021 3308 2157 3362 alte-

507 3390 643 3456 rius,
666 3388 764 3444 sed
796 3387 944 3442 illius
972 3398 1096 3455 quae
1125 3388 1398 3456 concepta
1428 3389 1511 3456 est
1540 3381 1609 3436 de
1629 3380 1835 3449 Spiritu
1864 3384 2078 3447 sancto,
2101 3385 2157 3435 et

507 3452 637 3516 nata
664 3474 730 3515 ex
759 3459 924 3533 Maria
954 3452 1216 3533 Virgine?
1243 3470 1290 3525 ηρ
1312 3452 1516 3533 Credo.
1611 3522 1626 3533 _
1910 3521 1922 3533 .
1958 3525 1969 3533 Δ
2104 3520 2115 3532 ο

579 3531 958 3600 Interrogatio.
990 3522 1458 3600 Siiniliter'vinum
1479 3522 1627 3593 quod
1664 3536 1821 3600 aqua;
1850 3522 2080 3600 mistnrn
2100 3522 2157 3574 in

507 3602 679 3659 calice
725 3592 1143 3675 sacriﬁcandum
1193 3592 1757 3675 preponituj',vere_et
1781 3592 2160 3675 essentialiter

510 3673 754 3731 converti
784 3674 838 3727 in
890 3685 1013 3727 eum
1058 3664 1380 3740 sanguinem
1411 3667 1506 3737 qui
1556 3680 1655 3740 per
1693 3665 1938 3740 lanceam
1968 3664 2159 3720 militis

512 3746 581 3801 de
601 3745 826 3801 vulnere
855 3741 1122 3799 Dominici
1154 3737 1339 3795 lateris
1368 3738 1679 3794 emanavit?
1706 3754 1753 3808 ιγ
1780 3737 1980 3792 Credo.

584 3815 955 3883 Interrogatio.
994 3811 1187 3883 Credis
1224 3824 1407 3883 unam,
1440 3813 1704 3883 sanctam,
1742 3808 2066 3883 catholicam
2105 3812 2162 3883 et

515 3878 873 3956 apostolicam
922 3881 1241 3946 Ecclesiam,
1273 3882 1330 3935 in
1361 3893 1468 3948 qua
1506 3879 1626 3934 haec
1656 3878 1949 3948 singularis
1986 3878 2161 3956 gratia

517 3973 774 4036 efﬁcitur,
806 3972 863 4025 in
893 3984 1001 4039 qua
1030 3982 1197 4024 unum
1247 3959 1377 4027 221
1421 3967 1595 4039 datur
1630 3966 1920 4039 baptisma,
1952 3973 2007 4021 et
2036 3959 2163 4022 vera

519 4043 761 4100 omnium
790 4037 1041 4096 remissio
1072 4045 1422 4108 peccatorum
1444 4044 1468 4093 ?
1506 4037 1545 4106 ii)
1572 4037 1769 4093 Credo.

589 4112 959 4180 Interrogatio.
1017 4109 1454 4165 Anathematizas
1509 4121 1724 4163 omnem
1773 4108 2025 4180 haeresim
2066 4123 2163 4163 ex-

522 4179 812 4241 tollentem
852 4197 911 4237 se
956 4181 1220 4237 adversus
1260 4180 1401 4235 hanc
1438 4185 1680 4235 sanctam
1730 4179 2029 4235 Ecclesiam
2068 4193 2165 4234 ca-

519 4254 820 4312 tholicam?
849 4269 896 4324 ιγ
922 4252 1351 4308 Anathematizo.

590 4320 963 4395 Interrogatio.
995 4324 1199 4381 Credis.
1214 4337 1395 4379 veram
1413 4320 1888 4395 resurrectionem
1919 4320 2166 4395 ejusdem

2234 500 2615 627 sacerdotalis,
2658 500 3062 557 benedictionis
3100 507 3209 558 tua:
3256 502 3312 557 in
3347 517 3414 559 eo
3454 502 3673 559 eﬁ'unde
3693 500 3879 559 'virtu-

2259 587 2365 627 em.
2442 587 2522 627 er.

2259 587 2365 628 em.
2400 587 2522 628 P8P.

2935 645 3153 701 Secreta
3164 689 3176 700 .

2304 743 2434 797 Haec
2480 741 2680 807 hostia,
2712 756 3047 811 quaesumus,
3088 742 3336 809 Domine,
3380 743 3643 798 emundet
3689 752 3878 799 nostra

2234 812 2457 879 delicta,
2506 819 2561 867 et
2607 812 2675 868 ad
2724 814 3049 869 sacriﬁcium
3092 813 3502 880 celebrandum,
3534 813 3877 870 subditorum

2232 884 2333 939 tibi
2365 898 2600 954 corpora
2629 891 2953 955 mentesque
2984 885 3309 941 sanctiﬁcet.
3344 886 3468 940 Per.

2896 1000 3229 1070 Infra-actio.

2308 1098 2460 1165 222
2507 1106 2657 1160 Hanc
2704 1105 2871 1175 igitur
2917 1104 3253 1160 oblationem
3312 1105 3592 1161 servitutis
3650 1113 3874 1174 nostrai,

2235 1177 2331 1231 sed
2363 1185 2419 1231 et
2443 1182 2655 1231 cuncta:
2684 1175 2903 1231 familiai
2933 1181 3062 1243 tuae,
3086 1190 3245 1245 quam
3279 1177 3377 1231 tibi
3410 1178 3691 1232 offerimus
3715 1179 3874 1234 etiam

2235 1261 2338 1316 pro
2385 1247 2586 1303 famulo
2633 1254 2729 1303 tuo
2777 1250 2841 1302 N.
2874 1261 3035 1316 quem
3084 1248 3151 1301 ad
3201 1247 3579 1317 episcopatum
3628 1250 3877 1305 ordinem

2236 1332 2559 1388 promovere
2588 1318 2843 1389 dignatus
2881 1333 2959 1381 es,
2992 1333 3328 1387 quaesumus,
3369 1321 3618 1385 Domine,
3660 1326 3720 1375 ut
3765 1320 3878 1388 pla-

2236 1395 2391 1444 catus
2419 1390 2677 1459 aecipias,
2707 1396 2761 1446 et
2791 1390 3063 1459 propitius
3092 1390 3147 1444 in
3178 1405 3245 1446 eo
3275 1397 3368 1447 tua
3397 1390 3541 1447 dona
3573 1391 3874 1457 custodias,

2236 1467 2296 1516 ut
2325 1461 2473 1530 quod
2513 1462 2697 1516 divino
2738 1474 2962 1515 munere
3002 1468 3332 1517 consecutus
3369 1469 3471 1529 est,
3515 1462 3716 1518 divinis
3752 1462 3880 1518 eﬁe—

2237 1532 2419 1587 ctibus
2447 1539 2837 1602 consequatur,
2871 1531 3101 1601 diesque
3132 1539 3372 1588 nostros.

2838 1649 3273 1704 Postcommam’o.

2169 1753 2218 1811 Β
2312 1748 2441 1801 Haec
2488 1758 2591 1817 nos
2626 1745 2938 1802 communio
2987 1752 3185 1817 purget
3212 1761 3243 1801 a
3272 1746 3523 1815 crimine,
3555 1752 3611 1804 et
3639 1747 3879 1805 caelestis

2238 1817 2467 1873 remedii
2497 1816 2659 1873 faciat
2688 1832 2808 1873 esse
2839 1816 3144 1873 consortes.
3178 1820 3300 1873 Per.

2657 1933 2743 1989 Ad
2766 1931 3009 2004 pollicem
3037 1933 3465 1989 consecrandum.

2304 2033 2448 2087 Deus
2477 2039 2532 2087 et
2560 2033 2719 2087 Pater
2742 2031 2961 2103 Domini
2988 2031 3163 2103 nostri
3190 2034 3318 2088 Jesu
3347 2032 3573 2098 Christi,
3596 2033 3692 2103 qui
3721 2037 3777 2089 te
3808 2034 3876 2089 ad

2234 2103 2603 2173 pontificalem
2632 2102 2916 2157 sublimari
2946 2102 3120 2157 voluit
3148 2103 3491 2173 dignitatem,
3516 2104 3632 2173 ipse
3663 2111 3717 2160 te
3739 2106 3880 2160 chri-

2232 2181 2404 2230 smate
2434 2182 2489 2229 et
2518 2175 2762 2244 mystica:
2810 2173 3168 2229 delibutionis
3214 2173 3430 2243 liquore
3470 2174 3783 2244 perfundat,
3817 2183 3872 2231 et

2232 2245 2536 2315 spiritualis
2574 2244 2979 2316 benedictionis
3016 2245 3265 2301 ubertate
3305 2244 3584 2311 fecundet,
3616 2252 3676 2301 ut
3713 2246 3879 2316 quid-

2234 2316 2368 2385 quid
2389 2315 2815 2371 sanctiﬁcaveris
2843 2317 3234 2381 sanctiﬁcetur,
3264 2322 3319 2371 et
3340 2323 3659 2373 consecrate
3690 2315 3881 2373 manus

2234 2387 2395 2513 {sitius
2423 2387 2507 2513 vel
2558 2387 2777 2457 pollicis
2824 2387 3105 2457 impositio
3136 2389 3351 2443 cunctis
3394 2388 3645 2458 proﬁciat
3682 2389 3750 2445 ad
3798 2403 3879 2445 sa-

2259 2473 2291 2513 u
2319 2472 2425 2513 em.
2503 2472 2584 2513 er.

2259 2463 2425 2514 utem.
2461 2463 2584 2514 Per.

2797 2547 3099 2603 Benedictio
3128 2546 3323 2603 baculi.

2305 2645 2664 2714 Omnipotens
2701 2649 2757 2699 et
2788 2645 3110 2716 misericors
3148 2646 3309 2709 Deus,
3343 2644 3437 2716 qui
3486 2644 3748 2702 ineffabili
3779 2647 3881 2703 bo-

2235 2714 2406 2771 nitate
2455 2717 2596 2771 votis
2641 2714 3067 2785 supplicantium
3125 2714 3373 2782 assistis,’
3406 2717 3611 2786 quique
3660 2732 3727 2773 ex
3774 2724 3884 2773 tua;

2237 2787 2458 2855 pietatis
2487 2786 2821 2842 abundantia
2850 2786 3101 2842 affectum
3133 2787 3356 2856 petendi
3388 2788 3662 2853 attribuis,
3686 2789 3883 2846 baculo

2236 2876 2558 2947 huicquem
2591 2875 2659 2947 ad
2709 2875 3000 2945 pastoralis
3047 2874 3213 2932 ofﬁcii
3252 2877 3466 2947 signum
3505 2878 3561 2932 in
3593 2869 3746 2939 223
3787 2885 3882 2934 tuo

2237 2946 2458 3019 nomine
2508 2946 2845 3014 dedicamus,
2888 2952 2995 3002 tua:
3042 2946 3450 3019 benedictionis
3494 2949 3601 3003 vim
3657 2950 3883 3019 copiose

2241 3016 2488 3083 infunde,
2521 3023 2582 3072 ut
2617 3031 2695 3089 eo,
2732 3025 2921 3087 pastor
2948 3017 3261 3089 insignitus,
3292 3019 3373 3074 sic
3421 3019 3686 3089 populum
3728 3016 3883 3076 iuum

2237 3088 2473 3144 sollicite
2505 3088 2782 3144 custodiat
2807 3088 3075 3159 quatenus
3092 3090 3160 3145 ab
3181 3091 3389 3145 unitate
3422 3088 3680 3147 Ecclesiae
3711 3092 3885 3148 nulla-

2237 3167 2398 3215 tenus
2442 3160 2660 3215 deviare
2704 3160 3004 3233 permittat,
3037 3160 3133 3216 sed
3183 3160 3475 3217 infractum
3524 3162 3883 3233 redintegret,

2239 3232 2929 3305 quassatumconsolidet,
2961 3246 3131 3305 seque
3170 3246 3277 3288 una
3307 3247 3429 3288 cum
3467 3248 3632 3305 grege
3671 3232 3772 3290 suo
3804 3235 3886 3289 in-

2239 3310 2451 3374 tegrum
2483 3302 2583 3357 tibi
2611 3308 2777 3372 atque
2807 3302 3211 3359 immaculatum
3240 3302 3548 3361 conservet.
3573 3302 3704 3361 'Per.

2804 3426 3103 3481 Benedictio
3132 3425 3333 3482 annuli.

2311 3524 2475 3589 Deus,
2505 3523 2674 3578 totius
2719 3531 2985 3596 creaturae
3034 3524 3364 3595 principium
3406 3529 3462 3579 et
3507 3524 3649 3593 ﬁnis,
3681 3525 3738 3580 in
3775 3540 3885 3596 quo

2242 3593 2426 3649 clausa
2455 3601 2583 3649 sunt
2612 3595 2813 3662 omnia,
2847 3595 2992 3650 hunc
3022 3593 3280 3651 annulum
3319 3596 3648 3651 benedicere
3678 3603 3733 3651 et
3761 3593 3886 3653 san-

2242 3666 2485 3721 ctiﬁcare
2506 3665 2790 3736 digneris;
2824 3673 2885 3721 ut
2905 3668 2999 3736 qui
3031 3681 3131 3736 per
3149 3681 3273 3721 eum
3304 3665 3505 3723 famulo
3535 3673 3629 3722 tuo
3661 3668 3893 3725 honoris

2243 3737 2478 3810 insignia
2520 3737 2803 3810 concedis,
2830 3738 3090 3810 ,virtutem
3122 3746 3176 3793 et
3215 3739 3439 3808 praemia
3479 3738 3750 3809 largiaris,
3783 3754 3894 3810 quo

2245 3815 2301 3864 et
2329 3809 2685 3863 discretionis
2713 3808 2960 3863 habitum
2988 3823 3207 3878 semper
3237 3809 3490 3876 retineat,
3515 3808 3732 3865 etveraa
3765 3808 3897 3867 ﬁdei

2246 3878 2469 3962 fulgore.
2492 3878 2835 3962 praefulgeat,
2858 3887 3064 3935 sanctae
3092 3880 3373 3962 Trinitatis
3401 3894 3623 3962 quoque
3653 3889 3898 3962 armatus

2244 3950 2753 4077 {nuniminekmliles
2782 3951 3221 4022 inexpugnabilis
3246 3952 3393 4008 acies
3413 3950 3617 4008 diaboli
3647 3960 3901 4009 constan-

2273 4036 2334 4076 er
2370 4035 2558 4077 evmca
2593 4061 2605 4073 .
2684 4035 2793 4077 er.-

2273 4036 2334 4076 er
2370 4035 2605 4077 evmcat.
2639 4035 2793 4077 P6P.-

2319 4146 2422 4201 Hic
2446 4146 2736 4201 immittitur
2763 4146 3034 4221 episcopus
3059 4146 3117 4221 in
3146 4145 3452 4221 cathedram
3478 4147 3822 4221 episcopalem

2747 4223 2796 4273 et
2825 4217 3019 4272 dicitur
3054 4217 3165 4272 huic
3201 4218 3393 4273 oratio.

2319 4323 2678 4393 Omnipotens
2705 4324 3038 4393 sempiterna
3062 4323 3225 4389 Deus,
3253 4323 3348 4393 qui
3378 4323 3655 4381 distinctis
3683 4324 3898 4382 ordini-

518 4397 699 4456 carnis
718 4410 880 4468 quam
909 4410 1055 4452 nunc
1074 4401 1276 4467 gestas,
1300 4404 1354 4450 et
1371 4394 1535 4450 vitam
1567 4399 1861 4449 aeternam?
1887 4410 1934 4465 ιγ
1960 4394 2158 4451 Credo.
2183 4394 2233 4454 D
2249 4394 2611 4468 busomnem
2625 4394 2875 4468 militiam
2896 4394 3177 4468 caelestem
3197 4394 3452 4468 dignatus
3480 4410 3540 4451 es
3562 4397 3619 4451 in
3638 4399 3899 4466 supernis

1240 4501 1446 4557 Oratio.

588 4604 719 4659 Haec
760 4601 862 4657 tibi
909 4598 1047 4655 ﬁdes
1097 4603 1362 4669 augeatur
1407 4612 1439 4653 a
1484 4598 1718 4669 Domino
1765 4597 1834 4654 ad
1881 4612 2065 4654 veram
2113 4604 2169 4654 et

519 4681 782 4731 aeternam
836 4672 1067 4728 salutem
1138 4668 1228 4741 [αι.
1288 4668 1752 4739 beatitudinem],
1811 4669 2167 4727 dilectissime

519 4745 709 4802 frater.

1076 4811 1259 4870 Oratio
1289 4812 1360 4867 ad
1387 4811 1618 4867 missam.

593 4911 819 4979 Adesto,
848 4911 1099 4979 Domine,
1131 4908 1631 4981 supplicationibus
1668 4909 1895 4981 nostris,
1930 4916 1986 4965 et
2015 4911 2165 4981 quod

524 4989 729 5040 nostrae
777 4983 1097 5039 humilitatis
1124 4981 1396 5053 agendum
1426 4986 1506 5037 est
1547 4980 1875 5048 ministerio,
1914 4986 2022 5037 tuae
2042 4980 2165 5037 'vir-

521 5056 656 5112 tutis
683 5053 976 5125 impleatur
1003 5054 1218 5109 effectu.
1253 5055 1375 5109 Per.

1272 5170 1312 5225 A
1324 5167 1419 5224 lia.

590 5268 917 5339 Propitiare,
967 5267 1217 5334 Domine,
1274 5266 1775 5338 supplicationibus
1832 5266 2058 5333 nostris,
2110 5270 2167 5321 et

2249 4466 2476 4522 sedibus
2515 4466 2792 4530 ordinare,
2824 4466 3028 4535 quique
3066 4465 3293 4537 beatum
3324 4466 3543 4521 Petrum
3581 4465 3895 4537 apostolum

2250 4538 2308 4593 in
2355 4537 2669 4593 cathedram
2708 4538 2937 4592 honoris
2974 4536 3144 4592 totius
3173 4536 3433 4592 Ecclesia:
3471 4536 3799 4606 subliinasti,
3842 4547 3900 4596 et

2251 4609 2529 4664 Matthiam
2576 4608 2820 4678 ejusdem
2868 4614 3180 4664 consortem
3230 4607 3288 4662 in
3336 4607 3536 4664 throno
3584 4609 3897 4679 apostolico

2252 4680 2496 4736 residere
2525 4680 2765 4744 voluisti,
2803 4692 3136 4749 quaesumus,
3171 4692 3271 4748 pro
3303 4685 3395 4733 tua
3432 4679 3696 4736 immensa
3726 4683 3901 4738 mise-

2252 4768 2513 4835 ricordia,
2546 4760 2703 4829 224
2734 4766 2951 4823 eﬁ‘unde
2988 4767 3216 4837 gratiam
3257 4772 3404 4823 tuam
3434 4768 3490 4823 in
3520 4768 3644 4825 loco
3674 4769 3803 4837 isto,
3837 4776 3900 4825 ut

2254 4842 2327 4895 sit
2354 4841 2473 4896 haec
2502 4840 2664 4896 sedes
2709 4837 2970 4894 cathedra
3018 4838 3246 4893 honoris
3284 4845 3339 4894 et
3367 4839 3653 4896 dignitatis
3680 4840 3735 4896 in
3766 4854 3901 4896 con-

2252 4919 2444 4981 spectu
2475 4911 2773 4980 majestatis
2801 4916 2931 4981 tua},
2963 4908 3032 4981 ad
3062 4908 3277 4964 laudem
3307 4915 3363 4964 et
3391 4908 3620 4980 gloriam
3652 4913 3895 4967 nominis

2248 4979 2350 5049 tui,
2382 4982 2450 5037 ad
2481 4979 2745 5037 honorem
2775 4979 3035 5052 Ecclesia:
3065 4985 3195 5046 tuae,
3228 4986 3289 5035 ut
3317 4979 3631 5052 quicunque
3657 4983 3715 5038 in
3745 4997 3809 5038 ea
3842 4989 3899 5038 te

2248 5054 2484 5124 eligente
2514 5052 2808 5124 resederit,
2835 5051 3145 5124 requiescat
3174 5064 3341 5119 super
3371 5066 3495 5107 eum
3524 5051 3700 5122 gratia
3726 5055 3902 5123 septi-

2248 5121 2439 5180 forinis
2467 5122 2705 5192 Spiritus
2734 5123 2833 5178 tui.
2874 5124 2980 5177 Per
3017 5121 3441 5191 Redemptorem
3478 5121 3764 5180 Dominum
3792 5121 3899 5181 no-

2248 5202 2421 5267 strum
2467 5196 2649 5267 Iesum
2698 5193 2993 5267 Christum,
3025 5194 3120 5263 qui
3148 5199 3329 5267 tec_um
3358 5193 3491 5267 vivit
3520 5200 3576 5250 et
3612 5202 3806 5267 regnat
3836 5196 3897 5251 in

2247 5265 2455 5322 unitate
2488 5264 2731 5334 ejusdem
2760 5265 2996 5335 Spiritus
3024 5265 3199 5321 sancti
3229 5264 3394 5321 Deus.
3428 5265 3551 5321 Per.
