4146 6182
474 318 596 391 ,147

487 505 703 573 abbates
760 505 1061 567 assistentes
1081 505 1109 576 ς’
1127 505 1199 564 "et
1256 512 1533 578 antequam
1594 505 1877 577 incipiatur
1933 508 2095 562 missa
2114 549 2128 574 ,

490 587 667 644 dicant
711 583 800 639 isti
846 583 1151 637 assistentes
1190 601 1205 634 :
1244 580 1414 635 Adest
1442 578 1671 644 electus,
1703 583 1811 633 etc.
1843 578 1983 633 Dicti
2008 592 2131 634 uero

488 674 702 731 abbates
748 671 1067 736 assistentes,
1108 666 1320 723 buculos
1370 656 1527 727 229
1583 670 1811 724 tenentes
1856 666 1911 722 εη
1952 666 2132 723 mani.

488 745 603 812 bus,
649 743 841 798 electus
885 756 1021 812 uero
1056 738 1293 812 baculum
1323 752 1425 792 non
1460 738 1618 812 ferat,
1641 738 1741 812 sed
1763 752 1920 812 super
1962 737 2133 812 altare

484 808 733 888 ponatur,
764 810 1107 888 donecjtlum
1135 810 1200 864 de
1239 823 1394 864 manu
1424 808 1649 888 episcopi
1676 809 1918 888 recipiat,

488 824 733 888 ponatur,
764 824 928 868 donec
962 824 1107 866 tuum
1135 824 1200 864 ae
1239 824 1394 864 manu
1424 824 1649 880 episcopi
1676 824 1918 935 recipiat,
1956 824 2130 880 sicque

488 889 704 961 sedeant
754 885 809 961 i_n
857 883 1038 961 ordine
1078 894 1546 961 super-“scamnum
1573 881 1768 961 ad‘gra
1808 879 2130 961 auditoris,

488 965 537 1015 et
577 958 714 1014 dicto
753 954 1031 1011 Confiteor
1060 967 1093 1007 a
1120 951 1380 1022 pontiﬁce,
1414 957 1546 1022 etc.,
1579 955 1855 1021 antequam
1892 950 2134 1008 introitus

488 1031 660 1086 missas
695 1026 996 1096 incipiatur,
1026 1021 1366 1096 dicantdicti
1386 1021 1719 1077 assistentes:

562 1100 745 1164 Adest,
778 1091 939 1151 Pater
967 1092 1287 1160 reverenda,
1321 1092 1529 1148 electus
1556 1098 1746 1149 noster
1777 1091 1845 1147 ad
1875 1092 2136 1149 benedic-

492 1173 695 1227 tionem
725 1180 877 1223 suam
914 1165 1341 1236 suscipiendam.

564 1239 913 1308 Interrogatio
956 1237 1022 1292 ab
1060 1233 1302 1308 episcopu
1327 1234 1570 1308 facienda
1594 1257 1630 1308 :_
1645 1234 1815 1308 Scitis
1845 1235 1991 1308 hunc
2018 1233 2139 1290 fra-

493 1320 631 1388 trem
671 1305 906 1388 electum
949 1305 1207 1388 idoneum
1230 1305 1306 1388 ad
1336 1306 1549 1388 abbatis
1579 1305 1863 1388 officium?
1903 1307 2137 1388 Respon-

490 1385 570 1438 sio
611 1403 626 1437 :
678 1382 909 1446 Scimus,
942 1384 1203 1448 quantum
1233 1377 1467 1433 humana
1496 1375 1761 1448 fragilitas
1789 1391 1952 1433 nosse
1981 1375 2131 1432 sinit.

564 1451 938 1521 Interrogatio.
989 1451 1083 1504 Est
1131 1449 1340 1505 electus
1377 1449 1679 1521 secundum
1717 1449 1958 1521 regulam
1988 1448 2134 1504 beati

494 1518 791 1580 Benedicti
824 1536 856 1576 a
902 1520 1163 1576 fratribus
1203 1525 1227 1575 ?
1273 1537 1320 1591 ιν
1347 1520 1623 1576 Canonica
1661 1520 1717 1575 in
1756 1518 1879 1576 eum
1910 1518 2135 1575 fratrum

496 1595 777 1651 consensit
806 1592 1025 1648 electio.

495 1738 538 1792 Η
563 1664 912 1791 Ibnterrogatio
959 1662 1243 1734 episcopi:
1288 1662 1517 1719 Habetis
1561 1661 1692 1719 inde
1738 1663 2005 1733 scriptum
2033 1667 2058 1717 9
2082 1678 2140 1733 ειν

543 1751 572 1792 a
615 1750 785 1792 emus.

543 1750 785 1792 abemus.

563 1808 854 1878 Episcopus
875 1824 891 1858 :
922 1806 1176 1878 Legatur.

570 1876 710 1934 Tunc
754 1876 941 1944 legitur
983 1876 1232 1947 scriptum
1266 1889 1360 1947 seu
1390 1890 1711 1947 processum.
1755 1877 1820 1933 Si
1855 1882 2026 1932 autem
2052 1893 2133 1933 ex

489 1950 789 2032 provisione
819 1945 1123 2032 lapostollicia
1287 1945 1477 2032 eiectus
1500 1990 1514 2015 ,
1574 1947 1789 2032 abbates
1819 1950 2133 2032 nassistentes

492 2017 661 2092 ipsum
703 2018 915 2092 eiectum
963 2019 1034 2072 ad
1079 2017 1478 2092 benedicendum
1511 2023 1887 2092 prasentantes
1917 2019 2131 2092 dicant:

496 2088 814 2147 Reverende
852 2090 1033 2154 Pater,
1056 2088 1213 2144 adest
1241 2088 1451 2146 electus
1470 2088 1666 2147 noster
1693 2090 1761 2146 ad
1791 2091 2131 2147 benedictio-

496 2176 618 2218 nem
649 2175 801 2217 suam
830 2159 1255 2229 suscipiendam.

566 2232 916 2301 Interrogatio
945 2230 1173 2303 episcopi
1201 2247 1237 2303 :7
1256 2231 1354 2286 Est
1381 2232 1645 2289 canonice
1673 2231 1920 2289 electus?
1950 2231 2135 2289 Abba-

499 2309 577 2430 tef
598 2301 987 2430 “Prii-visionis
1005 2301 1326 2373 apostolicae
1357 2304 1414 2359 in
1444 2318 1567 2360 eum
1606 2306 1872 2361 canonica
1902 2318 2136 2361 consen-

499 2391 543 2430 su
597 2390 626 2430 e
651 2389 715 2430 ec
740 2387 815 2430 ιο.
1382 2393 1388 2401 ·

497 2377 570 2431 sit
597 2375 815 2430 electio.
1382 2393 1388 2401 ·

574 2454 736 2524 230
805 2463 1143 2534 Episcopus:
1191 2463 1417 2518 Habetis
1443 2462 1574 2519 inde
1610 2464 1920 2533 scriptum?
1965 2464 2140 2521 Abba-

499 2542 575 2590 tes
597 2553 614 2588 :
646 2534 939 2606 Habemus.
970 2533 1300 2606 Episcopus:
1331 2537 1584 2605 Legatur.

575 2607 716 2660 Tunc
760 2603 968 2676 legatur
1006 2603 1323 2675 prouisionis
1366 2603 1633 2676 scriptum,
1676 2620 1774 2676 quo
1822 2604 1953 2661 lecto
1993 2606 2133 2662 dicat

497 2676 823 2756 episcopus:
870 2674 1007 2742 Quia
1054 2689 1185 2746 ergo
1234 2676 1291 2731 in
1339 2674 1737 2756 eum'fratrum
1780 2678 2142 2756 consentiunt

496 2747 651 2811 vota,
702 2747 857 2815 prius
913 2758 1035 2800 eum
1094 2759 1381 2803 censemus
1445 2747 1749 2817 apostolica
1814 2750 2142 2805 auctoritate

497 2817 936 2889 examinandum,
985 2817 1037 2889 si
1074 2830 1236 2873 suum
1286 2819 1628 2889 prdpositum
1667 2823 1722 2873 et
1748 2820 1933 2875 sancti
1970 2820 2145 2875 Bene-

500 2889 646 2960 dicti
664 2887 906 2960 regulam
934 2887 1066 2960 velit
1112 2889 1232 2960 ipse
1276 2887 1586 2955 observare,
1618 2889 1835 2959 sibique
1865 2891 2144 2960 subjectos

499 2967 561 3015 ut
597 2956 835 3027 idipsum
872 2956 1075 3031 faciant
1105 2956 1401 3031 diligenter
1424 2960 1722 3027 instruere,
1746 2956 2146 3031 resque'loco-

501 3042 618 3085 rum
669 3041 894 3101 suorum
942 3028 1229 3085 hactenus‘
1265 3030 1544 3099 dispersas
1589 3031 1790 3099 injuste
1817 3074 1830 3097 ,
1862 3028 2142 3101 "quantum

502 3078 793 3170 ῥῖἆέγᾱιέῐξ
810 3078 1208 3169 Ἑόηξὶἑέέῖνὲζ
1238 3078 1556 3170 unum.
1589 3078 2146 3159 ’ἇᾶζῖοοῖἕῇἴᾶ
2163 3078 2208 3138 C

503 3170 1115 3256 transmarinum
1174 3171 1361 3256 etiam,
1391 3176 1447 3226 ει
1486 3172 1918 3256 ,ρθηβνίιξρτυω
1966 3173 2148 3230 distri-

507 3242 706 3309 buere;
762 3242 952 3313 sicque
990 3254 1118 3313 csse
1167 3242 1391 3313 dignum
1435 3242 1503 3297 ad
1544 3242 1948 3313 ordinationem
1987 3259 2145 3301 accc-

505 3313 677 3377 dere;
728 3317 783 3366 et
804 3310 947 3383 ideo
982 3310 1384 3383 interrogamus
1427 3320 1503 3380 te,
1552 3312 1738 3379 frater,
1767 3315 1814 3370 si
1844 3316 1928 3371 vis
1956 3330 2149 3372 secun-

506 3383 635 3457 dum
664 3381 905 3453 regulam
949 3383 1123 3457 sancti
1152 3381 1217 3439 NI
1240 3384 1334 3457 _vel
1364 3384 1644 3457 Benedicti
1672 3386 1884 3453 vivere,
1936 3388 2147 3457 tibique

506 3455 786 3528 subjectos
832 3460 904 3528 ut
942 3453 1185 3528 idipsum
1231 3453 1435 3511 faciant
1490 3456 1817 3528 regulariter
1871 3453 2149 3515 edocere?

504 3525 829 3596 Responsio:
860 3523 1018 3581 Volo.

533 3598 927 3680 "Interrogatio
966 3596 1197 3680 qgiscopi
1235 3615 1253 3651 :
1301 3597 1389 3680 Yis
1426 3598 1601 3680 bonis
1618 3600 1869 3680 et_rebus
1900 3600 2150 3680 ecclesia:

506 3668 609 3723 tibi
654 3668 960 3723 commissae
1008 3668 1145 3723 inibi
1191 3669 1531 3725 coaduna‘tus
1566 3670 1808 3727 ﬁdeliter
1845 3673 2151 3729 custodiam

507 3738 811 3813 adhibere;
867 3745 922 3793 et
968 3739 1172 3813 injuste
1222 3739 1519 3813 dispersas,
1560 3749 1823 3811 quantum
1864 3744 2149 3813 praevales,

510 3809 854 3885 recolligere,
888 3822 1089 3885 easque
1118 3811 1176 3863 in
1207 3809 1338 3885 usus
1366 3809 1617 3885 ecclesifm
1648 3818 1702 3885 et
1732 3809 1978 3881 fratrum,
2022 3809 2153 3885 paué

507 3892 700 3961 petum
729 3882 784 3932 et
810 3880 1225 3961 peregrinorum
1254 3880 1491 3961 fideliter
1528 3882 1859 3961 distribuere
1877 3891 1901 3938 ?
1927 3880 1974 3957 ιγ
1994 3880 2148 3961 νφΙρ.

580 3951 931 4027 Interrogatio
950 3951 1231 4027 episcppi;
1261 3951 1356 4007 Vis
1385 3953 1719 4027 pauperibus
1749 3963 1803 4011 et
1846 3951 2154 4027 peregrinis

508 4018 844 4095 benevolens
873 4025 929 4095 et
950 4018 1246 4095 hospitalis
1272 4018 1429 4078 esse?
1456 4018 1510 4095 ni
1534 4024 1689 4081 Volo.

582 4090 934 4159 Interrogatio
983 4091 1212 4162 episcopi
1252 4111 1271 4147 :
1310 4094 1403 4149 Vis
1432 4090 1681 4152 ordinem
1712 4104 1862 4153 tuum
1892 4098 2154 4169 religioso

516 4169 671 4260 23d
732 4179 923 4260 habitu
962 4189 1017 4236 et
1053 4183 1557 4260 _sanctis__moribus
1594 4185 1901 4260 decorare?
1928 4190 2153 4260 anolo.

558 4252 951 4333 _Interrqgatio_
979 4254 1246 4325 episcopi:
1282 4256 1370 4333 Vis
1398 4263 1603 4333 sancta;
1634 4259 1697 4312 Ν.
1721 4252 2015 4333 Ecclesiae,
2058 4262 2159 4316 mi-

512 4321 682 4399 hique
729 4321 850 4399 (4_6)
904 4330 960 4378 et
1001 4321 1418 4399 successoribus
1464 4329 1600 4384 meis
1655 4321 2051 4399 subjectionem
2103 4340 2158 4389 et

1610 312 1904 369 JOANNES
1938 307 2356 368 ARCHIEPISC.
2397 306 2733 364 ROTOMAG.

486 443 611 518 puto
649 446 699 500 et
743 439 917 518 ειοὶᾳ,Δ
943 442 1003 518 et
1029 453 1200 518 cappa
1237 436 1350 518 loco
1396 433 1617 517 casulae,
1660 439 1710 516 et
1743 435 1933 518 eodem
1978 433 2203 515 ηιοάοΑ

3744 299 3851 356 ’148

2497 430 2584 488 Ad
2611 430 2823 486 missam
2849 428 3091 485 introitus
3306 426 3566 498 Oﬁia’um.

2284 521 2573 577 Protector
2601 522 2809 584 noster,
2841 517 3047 587 aspice,
3079 518 3242 573 Deus.
3274 515 3419 572 Psat.
3449 517 3618 584 Quam
3649 513 3852 570 dilecta

2213 591 2567 650 tabernacula
2596 596 2709 657 tua,
2738 589 2990 656 Domine,
3022 593 3130 645 etc.

2579 681 2814 736 Oremus.
3280 677 3484 733 Oratio.

2288 751 2563 817 Concede,
2615 764 2971 821 quaesumus,
3021 747 3278 821 Domine,
3330 746 3452 821 [al.,
3503 744 3654 812 add.,
3700 744 3846 821 huic]

2218 823 2396 881 e‘lecto
2443 816 2650 879 famqu
2689 830 2783 878 tuo
2823 822 2914 888 N.,
2960 826 3021 875 ut
3066 816 3418 889 praedicando
3450 823 3505 874 et
3543 816 3853 889 exercendo

2204 911 2343 967 quae
2372 902 2523 951 recta
2554 899 2682 949 sunt
2712 908 2813 963 per
2843 888 3152 961 exemplum
3180 891 3449 947 bonorum
3480 902 3709 958 operum
3738 888 3854 943 ani-

2217 1000 2337 1041 mos
2374 998 2595 1041 suorum
2635 984 2871 1038 instruat
2912 980 3277 1047 subditorum,
3338 970 3490 1040 232
3538 984 3593 1032 et
3631 982 3854 1033 aeternas

2216 1055 2678 1112 remunerationis
2705 1052 3015 1109 mercedem
3044 1066 3073 1108 a
3105 1060 3157 1108 te
3199 1051 3442 1122 piissimo
3476 1050 3699 1105 Pastore
3729 1062 3856 1118 per-

2217 1129 2404 1184 ciniat.
2438 1129 2560 1183 Per.

2272 1143 2734 1255 Ριξπῗῖιὲῑῖῗιίαιὶοηε
2762 1198 3092 1270 prosternunt
3129 1208 3187 1248 se
3223 1198 3344 1270 ante
3376 1190 3551 1270 citare
3587 1191 3856 1270 episcopus

2218 1276 2267 1327 et
2296 1270 2487 1326 electus
2509 1270 2666 1324 etiam
2695 1261 2809 1323 cum
2838 1264 3111 1322 abbatibus
3141 1261 3520 1328 assistentibus,
3550 1268 3598 1318 et
3614 1261 3860 1318 dicantur

2217 1349 2409 1413 septem
2434 1338 2989 1413 pmnitentialesiadd.
3022 1335 3259 1413 Rsaimz],
3291 1340 3339 1389 et
3360 1335 3494 1413 ﬁant
3522 1333 3737 1413 litatum.
3785 1335 3859 1413 Et

2220 1405 2334 1468 cum
2363 1405 2553 1467 dictum
2581 1411 2750 1482 fuerit
2791 1405 2862 1465 Ut
2904 1405 3515 1482 pontiﬁcem’nostrum,
3544 1409 3725 1482 surgat
3752 1405 3862 1475 cpi-

2217 1498 2405 1554 scapus
2422 1476 2589 1549 satus,
2614 1487 2664 1535 et
2700 1481 2876 1536 dicat:
2905 1476 2980 1554 Ut
3008 1479 3242 1535 electum
3279 1479 3442 1554 istum
3473 1476 3859 1554 bene—l—dicere

2221 1546 2485 1625 digneris,
2509 1546 2577 1608 te'
2590 1566 2864 1625 rogamus.
2898 1551 3095 1608 Chorus
3108 1550 3453 1625 prespondeat,
3471 1546 3853 1625 respondendo.

2216 1618 2574 1692 *Ut'electum,
2605 1618 2715 1679 etc.
2745 1623 3057 1694 Episcopus.
3108 1623 3177 1694 Ut
3203 1618 3439 1676 electum
3468 1618 3859 1694 istdmbene-i-

2221 1697 2407 1754 dicere
2438 1700 2493 1752 et
2521 1688 3212 1764 sanctiﬁ+care'digneris,
3245 1699 3298 1764 te
3321 1704 3600 1764 rogamus.
3644 1691 3709 1745 Ut
3750 1688 3861 1764 ele-

2147 1751 2573 1826 Bctum—istum
2621 1751 3040 1835 bene—idicem:
3079 1751 3499 1834 sanctiﬁ+c5re,
3541 1767 3596 1817 et
3632 1761 3859 1831 conse+

2216 1855 2371 1897 crare
2402 1839 2665 1910 digneris,
2697 1844 2750 1893 te
2782 1850 3055 1910 rogamus.
3075 1835 3370 1910 _Quo_dicto
3401 1835 3588 1910 iterato
3626 1847 3683 1910 se
3722 1846 3857 1903 pro-

2213 1917 2414 1968 sternat
2443 1905 2732 1982 episcopus,
2759 1912 2808 1982 et
2836 1905 3049 1977 ﬁniatur
3069 1906 3273 1973 (itania,
3301 1921 3403 1982 qua
3424 1905 3566 1982 dicta
3587 1905 3860 1974 episcopus

2217 1984 2357 2040 dicat
2385 1976 2485 2037 sub
2506 1976 2735 2038 silentio.
2768 1976 2930 2034 Pater
2958 1984 3168 2046 noster,
3198 1982 3247 2031 et
3276 1976 3347 2032 ad
3393 1976 3598 2031 modum
3623 1986 3855 2047 precum.

2216 2058 2282 2114 Et
2313 2067 2381 2110 ne
2412 2067 2531 2110 nos.
2566 2052 2764 2111 Chorus
2798 2071 2814 2104 :
2859 2049 2965 2105 Sed
2997 2050 3169 2106 libera
3199 2062 3321 2104 nos.
3358 2050 3427 2103 Et
3451 2051 3573 2118 post
3596 2045 3861 2101 {Salvum

2217 2126 2300 2182 fac
2348 2139 2563 2181 servum
2608 2131 2780 2179 tuum.
2832 2121 3076 2179 Chorus.-
3138 2120 3282 2174 Deus
3320 2133 3494 2175 meus.
3533 2118 3859 2188 Episcopus:

2215 2196 2480 2254 Dominus
2508 2194 2783 2251 custodiat
2819 2192 3104 2249 introitum
3142 2196 3295 2246 tuum
3342 2197 3397 2246 et
3443 2189 3647 2244 exitum
3683 2195 3858 2251 tuum.

2214 2268 2452 2328 Chorus:
2500 2268 2577 2322 Ex
2606 2267 2712 2322 hoc
2741 2277 2903 2321 nunc.
2936 2265 3261 2335 Episcopus:
3301 2260 3561 2335 Dominus
3587 2259 3868 2316 custodiat

2217 2349 2272 2397 te
2320 2340 2387 2395 ab
2447 2340 2595 2395 omni
2643 2336 2804 2394 malo.
2852 2332 3091 2393 Chorus:
3124 2332 3416 2390 Custodiat
3451 2332 3685 2388 animam
3715 2337 3865 2386 tuam

2219 2411 2500 2467 Dominus.
2552 2409 2896 2481 EpiscOpus:
2944 2406 3097 2481 Nihil
3120 2404 3373 2481 proﬁciat
3400 2404 3658 2481 inimicus
3684 2403 3740 2457 in
3759 2416 3860 2481 ea.

2220 2482 2420 2540 Chorus
2459 2500 2476 2535 :
2516 2472 2776 2536 Et'ﬁliu's
2821 2472 3148 2548 iniquitatis.
3190 2476 3490 2548 Episcopus
3520 2477 3709 2548 {Esto
3756 2472 3860 2548 illi,

2221 2553 2472 2620 Domine,
2496 2552 2667 2608 turris
2697 2543 3061 2607 fortitudinis.
3108 2543 3305 2605 Chorus
3339 2569 3353 2601 :
3384 2543 3430 2602 Ᾱ
3465 2543 3603 2620 facie
3633 2544 3864 2620 inimici.

2221 2617 2551 2696 Episcopus:
2584 2625 2848 2696 Exsurge,
2877 2621 3127 2696 Domine,
3160 2619 3355 2696 adj_uva
3385 2631 3504 2696 nos.
3530 2617 3726 2674 Chorus
3748 2634 3766 2670 :
3800 2617 3869 2671 Et

2224 2690 2397 2752 libera
2412 2690 2547 2750 "nos.
2579 2690 2873 2766 Episcopus
2898 2711 2915 2746 :
2945 2690 3194 2758 Domine,
3236 2692 3378 2746 Deus
3407 2690 3691 2755 virtutum,
3724 2700 3861 2743 con-

2223 2790 2375 2840 verte
2421 2797 2544 2840 nos.
2587 2774 2747 2844 233
2807 2782 3005 2839 Chorus
3045 2802 3059 2842 :
3109 2782 3176 2835 Et
3220 2779 3467 2836 ostende.
3526 2779 3819 2848 Episcopus
3847 2792 3869 2830 :

2225 2855 2473 2919 Domine,
2505 2854 2723 2910 exaudi.
2756 2853 2991 2912 Chorus:
3026 2853 3091 2908 Et
3120 2851 3344 2907 clamor.
3374 2849 3667 2921 Episcopus
3697 2867 3714 2903 :
3750 2849 3871 2921 Do-

2225 2927 2408 2982 minus
2436 2925 2738 2981 vobiscum.
2772 2924 2972 2980 Ohorus
3009 2944 3026 2977 :
3077 2924 3144 2978 Et
3183 2936 3306 2978 cum
3334 2920 3533 2991 spiritu
3566 2920 3683 2977 tuo.
3726 2920 3875 2975 Ora-

2226 2999 2392 3054 tiones
2418 3001 2688 3068 sequcntes
2716 2995 2789 3052 ad
2818 2994 3028 3052 modum
3057 2993 3333 3050 orationis.

2953 3083 3161 3141 Oratio.

2300 3175 2585 3240 Concede,
2638 3170 2983 3243 quaesumus,
3036 3172 3389 3242 omnipotens
3422 3172 3607 3243 Deus,
3655 3168 3875 3226 affectui

2231 3252 2422 3303 nostro
2456 3254 2563 3301 tum
2593 3245 2967 3302 miserationis
2996 3242 3268 3310 effectum,
3315 3248 3371 3298 et
3408 3242 3667 3299 famulum
3698 3248 3873 3309 tuum,

2232 3331 2393 3387 quem
2442 3317 2511 3372 ad
2565 3316 2807 3387 regimen
2848 3316 3151 3372 animarum
3200 3315 3484 3387 eligimus,
3525 3314 3727 3387 gratim
3765 3319 3876 3368 tuae

2232 3385 2379 3445 dono
2410 3385 2769 3458 prosequere,
2792 3394 2854 3442 ut
2880 3393 2936 3443 te
2966 3387 3231 3457 largiente
3262 3399 3385 3441 cum
3410 3386 3527 3455 ipsa
3556 3385 3657 3441 tibi
3687 3389 3879 3441 nostra

2233 3457 2505 3516 clectidne
2535 3459 2864 3529 placeamus.
2900 3460 3002 3514 Per
3038 3457 3332 3513 Christum.

2936 3548 3171 3603 Oremus.

2306 3637 2531 3694 Domine
2579 3639 2722 3693 Deus
2765 3636 3135 3706 omnipotens,
3178 3634 3375 3691 exaudi
3415 3648 3611 3704 preces
3638 3640 3879 3706 nostras,

2236 3715 2291 3765 et
2339 3723 2507 3780 super
2555 3708 2702 3765 hunc
2730 3705 2992 3780 famulum
3042 3715 3194 3780 tuum
3224 3706 3478 3780 spiritum
3518 3711 3625 3777 tua:
3654 3705 3883 3762 benedi-

2236 3777 2439 3837 ctionis
2492 3780 2701 3847 emitte,
2755 3786 2812 3834 ut
2850 3778 3063 3834 caelesti
3112 3792 3337 3833 munere
3395 3777 3618 3846 ditatus,
3669 3783 3723 3833 et
3771 3785 3881 3833 tum

2240 3852 2539 3921 majestatis
2583 3850 2757 3976 possit
2803 3851 3032 3922 gratiam
3063 3850 3374 3921 acquirere,
3408 3855 3463 3909 et
3492 3850 3631 3906 bene
3659 3848 3881 3905 vivendi

2240 3923 2360 3976 aliis
2390 3936 2583 3976 exemn
2609 3935 2697 3976 um
2730 3922 2999 3976 praebere.
3030 3922 3155 3976 Per.

2237 3923 2360 3978 aliis
2390 3922 2697 3991 exemplum
2729 3922 2999 3991 praebere.
3030 3922 3155 3978 Per.

2939 4011 3176 4067 Oremus.

2310 4099 2537 4165 Exaudi,
2569 4099 2817 4165 Domine,
2850 4114 3044 4169 preces
3073 4105 3293 4156 nostras
3331 4114 3467 4170 quas
3495 4101 3550 4155 in
3581 4105 3883 4170 conspectu

2240 4179 2348 4227 tuae
2379 4171 2679 4239 majestatis
2711 4185 2881 4240 super
2912 4171 3065 4227 hunc
3104 4171 3361 4227 famulum
3403 4179 3554 4227 tuum
3584 4171 3883 4240 fundimus,

2240 4244 2333 4313 qui
2364 4243 2482 4297 vice
2532 4242 2611 4297 tui
2656 4243 2897 4298 nominis
2933 4243 3001 4299 ad
3053 4244 3506 4313 gubernationem
3549 4244 3727 4299 ovium
3770 4250 3888 4299 tua-

2240 4328 2364 4369 rum
2412 4313 2698 4386 statuitur,
2751 4321 2810 4369 ut
2857 4328 2979 4369 eum
3028 4316 3335 4386 respicere,
3387 4321 3442 4370 et
3486 4315 3887 4372 interveniente

520 4384 893 4449 obedientiam
932 4396 1191 4452 exhibere
1228 4399 1529 4454 secundum
1570 4384 1887 4457 canonicam
1902 4384 2222 4461 vadet-oriLD
2245 4384 2733 4461 δθ³.ί(ἒ-θθηθά,ί,σῖ⁰
2780 4389 3012 4461 ὨδῖνοΠο
3054 4384 3512 4461 εξιέιιδθξηειοιῖε
3562 4392 3752 4442 nostro
3790 4387 3888 4443 be’

523 4469 698 4541 tatem
718 4472 773 4521 et
802 4465 1024 4541 decreta
1050 4476 1366 4541 sanctorum
1394 4469 1715 4540 pontiﬁcum
1733 4479 1757 4528 ?
1785 4474 1824 4541 ii,
1858 4474 2008 4531 Volo.

596 4536 886 4622 Episcopus
917 4556 934 4591 :
962 4540 1171 4609 Augeat
1199 4540 1307 4622 tibi
1330 4536 1474 4596 Deus
1494 4542 1749 4622 Aﬂd‘nemet
1776 4536 2160 4622 constantiam,

523 4613 585 4688 ut
631 4611 900 4676 promissa
942 4623 1172 4688 servare
1226 4611 1408 4668 valeas
1454 4620 1510 4669 et
1557 4613 1794 4671 ﬁdeliter
1838 4611 2159 4688 adimplere.

525 4676 705 4752 Cierus
732 4680 1044 4752 respondeat
1069 4698 1089 4734 :
1118 4684 1308 4738 Amen.

599 4750 710 4815 Quo
746 4750 883 4806 dicto
910 4752 1127 4826 incipiat
1171 4755 1440 4825 episcopus
1468 4756 1822 4826 antiphonam,
1854 4759 2010 4815 choro
2047 4776 2163 4816 eam

528 4828 882 4902 prosequente.
911 4824 1284 4902 umnam.-
1323 4824 1595 4902 Conﬂrma
1642 4827 1769 4895 hoc;
1812 4831 1972 4896 Deus,
2012 4833 2158 4902 quod

529 4896 790 4971 operatus
818 4907 879 4948 es
908 4894 1155 4971 inpubis
1174 4911 1205 4952 a
1234 4896 1438 4971 templo
1468 4902 1661 4971 sancto
1691 4905 1784 4955 tuo
1815 4894 1966 4970 quod
1995 4894 2078 4958 est
2105 4904 2164 4959 in

529 4961 906 5046 {lierusa’l‘emh
940 4965 1191 5046 alleluia,
1232 4961 1478 5046 aiieiuia.
1536 4969 1776 5046 Psaimys
1898 4974 2165 5046 Exsurgat

529 5033 693 5117 Deus.
742 5033 1040 5117 Et‘dicitur
1064 5033 1228 5117 _totus_
1263 5038 1495 5117 psalmus
1540 5055 1654 5095 cum
1690 5041 1880 5117 _Gloria
1919 5033 2104 5111 Patri:
2117 5050 2166 5117 et

530 5105 684 5161 Sicut
724 5110 861 5186 erat,
893 5105 1286 5186 ‘reincipiendoi
1308 5111 1642 5183 antiphonam
1669 5113 1968 5186 Conﬁrmat.
2008 5105 2082 5172 Et
2115 5116 2169 5173 in

532 5189 661 5258 casu
688 5177 1091 5258 quo_ﬁet_missa
1119 5180 1183 5235 de
1212 5180 1318 5258 aiio
1349 5177 1503 5253 quam
1528 5198 1626 5254 pro
1640 5182 1863 5258 abbate,
1892 5192 2011 5256 post
2039 5202 2167 5242 ora-

534 5246 723 5302 tionem
749 5246 859 5306 diei
894 5246 1085 5304 dicitur
1124 5251 1293 5309 oratio
1321 5246 1542 5325 sequens
1568 5253 1663 5309 sub
1700 5269 1801 5311 uno
1841 5246 1949 5315 Per
1992 5258 2173 5315 Domi

536 5330 687 5375 num.

2253 4456 2564 4526 nc+dicere
2596 4456 2878 4526 digneris;
2912 4463 2968 4512 et
2994 4458 3089 4526 qui
3120 4458 3186 4511 ad
3216 4457 3655 4527 redemptionem
3681 4465 3735 4513 et
3764 4470 3890 4526 pro-

2250 4528 2545 4584 tectionem
2576 4535 2817 4584 nostram
2846 4528 2916 4583 de
2945 4528 3101 4583 cuuis
3129 4528 3486 4594 descendisti,
3515 4537 3571 4585 et
3599 4528 3802 4585 mundo
3833 4535 3888 4585 te

2250 4602 2415 4656 Deum
2452 4607 2510 4654 et
2555 4612 2822 4654 summum
2872 4597 2986 4669 [al.,
3035 4613 3303 4655 summum
3350 4607 3405 4656 et
3446 4600 3653 4671 verum]
3702 4602 3889 4658 Pasto

2247 4703 2361 4745 rem
2387 4688 2703 4760 exhibuisti,
2736 4688 2961 4744 dicens:
3002 4690 3117 4758 Ego
3158 4680 3316 4751 234
3370 4704 3485 4744 sum
3512 4694 3700 4760 pastor
3727 4689 3892 4746 bonus

2247 4764 2530 4832 (Joan.x1,
2582 4758 2702 4832 l4),
2739 4765 2793 4814 te
2836 4760 3175 4826 invocamus,
3225 4766 3277 4816 te
3324 4758 3648 4830 suppliciter
3684 4761 3891 4832 depre-

2250 4834 2567 4902 camurput
2616 4831 2748 4902 huic
2790 4843 2948 4902 servo
2994 4838 3087 4887 tuo
3136 4846 3298 4902 quem
3339 4832 3731 4900 pastoralitatis
3771 4831 3891 4902 [al.,

2254 4901 2542 4972 pastoralis
2569 4900 2752 4970 ofﬁcii]
2786 4901 3002 4957 culmen
3032 4900 3217 4959 subire
3246 4903 3505 4971 voluisti,
3552 4910 3641 4959 tua
3674 4900 3896 4961 bonitas

2252 4974 2415 5039 adsit,
2455 4979 2511 5028 et
2546 4972 2861 5028 benedictio
2902 4974 3159 5029 omnibus
3194 4974 3390 5030 diebus
3424 4974 3550 5030 vitae
3578 4989 3731 5041 sum;
3766 4988 3897 5044 pro-

2255 5054 2375 5115 tege
2407 5057 2552 5108 eum,
2586 5044 2845 5115 Domine,
2868 5050 2921 5099 et
2952 5044 3187 5102 defende
3216 5045 3284 5101 ab
3313 5046 3569 5101 omnibus
3598 5047 3895 5103 visibilium

2253 5114 2325 5173 et
2365 5114 2726 5188 invisibilium
2782 5114 3207 5188 adversitatims
3262 5116 3608 5173 inimicorum
3633 5161 3647 5186 ,
3716 5118 3897 5188 dirige

2254 5199 2475 5256 gressus
2522 5187 2641 5260 ejus
2684 5187 2739 5260 in
2786 5187 2927 5242 viam
2977 5190 3128 5258 pacis
3175 5192 3229 5243 et
3275 5189 3542 5257 iustitiae;
3589 5196 3645 5246 et
3693 5187 3899 5260 largire

2258 5267 2470 5342 tuarum
2508 5256 2660 5342 dgna
2673 5258 2962 5342 .virtutum,
2978 5256 3287 5342 justitiam,
3318 5262 3734 5342 temperantiam
3761 5256 3896 5342 [αι.

2257 5328 2384 5385 add.
2430 5327 2805 5398 prudentiam,
2853 5327 3205 5397 charitatem,
3259 5327 3634 5400 sobrietatem,
3683 5327 3901 5404 patien-

608 5443 819 5535 De
846 5446 1474 5535 agbatumsubjectione
1504 5456 1570 5535 et
1596 5452 1913 5512 obedientia
1940 5452 2218 5526 episcopis
2247 5453 2363 5511 suis
2391 5452 2513 5511 vide
2542 5456 2596 5511 S.
2629 5454 2991 5522 Bemardum,
3022 5454 3059 5512 l.
3094 5471 3181 5535 tu.
3229 5457 3303 5511 De
3333 5458 3636 5525 consider.,
3664 5474 3720 5516 c.
3749 5460 3807 5528 3,
3841 5469 3897 5519 et

537 5514 704 5571 tract.
731 5517 807 5575 De
835 5514 982 5576 ofﬁc.
1015 5514 1421 5592 episcoporum,
1454 5537 1505 5579 c.
1536 5522 1590 5579 9.
