4156 6196
293 300 382 357 149

1692 305 1866 361 ACTA
1902 305 2186 365 VETERA.

3525 307 3629 366 160

282 410 438 508 'tiam‘],
470 414 863 508 fortitudinem
911 432 967 483 et
1010 422 1514 508 longanimitatem,
1541 429 1904 486 constantiam
1920 430 2046 508 Ain
2063 433 2283 508 torchiis
2309 432 2478 508 inﬁxa
2506 446 2664 508 usque
2692 432 2763 488 ad
2790 422 3109 508 devotionem
3133 433 3255 487 novi
3286 431 3491 508 abbatis
3522 434 3622 508 pro

288 496 716 570 insuperabilem,
749 498 913 555 ﬁdem
943 512 1055 556 non
1086 496 1287 568 fictam,
1318 513 1471 570 spem
1496 499 1901 569 inconcussam,

288 569 501 628 mentem
531 570 806 644 devotam,
839 569 1200 627 humilitatem
1231 569 1549 644 perfectam,
1583 572 1904 644 intelligen-

286 646 402 699 tiam
422 649 643 709 rectam,
664 642 1083 715 benignitatem,
1099 643 1441 710 modestiam,
1464 642 1902 712 unanimitatem,

316 728 472 781 acem,
506 714 883 787 concordiam,
935 714 1261 787 castitatem,
1310 715 1719 783 abstinentiam,
1760 716 1903 787 vigi-

299 787 501 851 antiam,
526 784 939 859 discretionem,
964 786 1371 859 rectitudinem,
1403 787 1709 853 scientiam,
1730 784 1905 859 pieta-

278 864 397 923 tem,
428 857 733 922 consilium,
757 863 812 912 et
841 857 897 912 in
928 859 1143 913 cunctis
1160 857 1375 913 actibus
1395 859 1559 914 bonis
1586 857 1902 915 inviolatam

282 929 743 999 perseverantiam.
792 927 978 995 Aufer,
1010 929 1238 984 Domine
1268 930 1399 984 lesu
1427 930 1663 997 Christe,
1721 931 1789 986 ab
1833 944 1900 986 eo

279 999 528 1072 quidquid
558 1014 784 1070 parvum
832 1007 888 1055 et
916 1000 1230 1067 distortum,
1262 1008 1317 1055 et
1353 999 1465 1072 [al.,
1498 1002 1596 1072 est]
1630 1002 1900 1072 quidquid

277 1070 425 1143 saluti
452 1072 808 1138 contrarium,
841 1072 1111 1141 quidquid
1141 1073 1338 1127 animae
1358 1070 1595 1128 noxium
1609 1070 1723 1143 [a’t.,
1748 1070 1902 1129 noci-

278 1142 430 1213 vum],
458 1143 791 1212 superbiam,
819 1144 1157 1214 jactantiam,
1202 1157 1394 1199 vanam
1424 1142 1675 1214 gloriam,
1708 1145 1900 1200 elatio-

277 1211 409 1279 nem,
442 1211 710 1285 quidquid
757 1211 831 1269 ad
884 1211 1134 1270 ultimum
1185 1211 1485 1284 displicens
1526 1229 1647 1271 esse
1692 1221 1895 1285 potest.

275 1286 551 1357 Circumda
596 1300 717 1341 eum
765 1285 998 1357 interius
1027 1292 1083 1342 et
1110 1287 1351 1343 exterius
1388 1292 1497 1342 tua:
1535 1288 1901 1357 protectionis

274 1356 483 1423 auxilio,
519 1363 579 1429 ut
607 1362 659 1412 te
688 1356 978 1413 defensore
1006 1358 1079 1413 sit
1109 1363 1278 1429 tutus,
1304 1364 1358 1416 te
1388 1356 1711 1429 protegente
1742 1373 1901 1414 secu-

270 1441 374 1493 rus,
406 1433 457 1483 te
504 1428 739 1484 docente
786 1429 954 1484 scius.
1004 1428 1243 1485 Ostende
1300 1429 1352 1485 ei
1396 1428 1691 1500 viam’per
1736 1444 1898 1500 quam

273 1515 518 1589 ambulet,
552 1516 735 1572 tribite
766 1516 817 1572 ei
848 1517 1136 1573 thesauros
1165 1517 1452 1589 sapientia:
1482 1523 1542 1574 ut
1572 1510 1733 1589 235
1761 1503 1900 1557 δοίθῐ
1934 1565 1938 1568 .

274 1594 324 1642 et
348 1586 540 1643 habeat
588 1589 734 1644 unde
769 1602 908 1645 nova
938 1594 994 1643 et
1022 1594 1206 1645 vetera
1229 1586 1509 1659 proferat,
1559 1587 1645 1645 fac
1688 1605 1812 1646 eum
1841 1592 1898 1647 in

272 1658 511 1731 omnibus
552 1663 647 1714 tua
675 1661 833 1729 sequi
865 1660 1112 1731 vestigia,
1156 1667 1212 1716 et
1245 1658 1315 1716 de
1351 1675 1449 1716 sua
1496 1662 1899 1719 ministratione

1988 505 2267 564 oblatione.
2302 502 2593 576 Oblatione'
2620 505 2765 576 facta
2804 502 3114 576 remaneant
3156 516 3319 558 novus
3366 502 3539 560 abbas‘
3573 512 3623 563 et

1987 579 2289 634 assistentes
2333 579 2389 631 in
2435 575 2563 632 locis
2608 572 2718 631 suis
2764 579 2883 631 ante
2932 572 3121 641 altare,
3153 579 3202 629 et
3249 580 3369 629 tunc
3406 576 3622 632 domnus

1986 650 2257 722 episcopus
2300 648 2550 719 procedat
2596 646 2650 702 in
2696 647 2875 714 missa,
2923 652 2970 702 et
3013 645 3149 701 lavet
3177 660 3361 700 manus
3389 660 3515 701 suas
3543 648 3623 702 di-

1985 720 2145 776 cendo
2180 738 2196 773 :
2233 719 2443 774 Lavabo
2492 719 2638 774 inter
2691 719 3034 776 innocentes.
3066 724 3173 772 etc.
3205 719 3276 772 Et
3304 721 3423 771 tunc
3451 718 3620 773 admi-

1985 726 2145 776 cendo
2180 738 2196 773 :
2233 726 2443 774 Lavabo
2492 726 2638 774 inter
2691 726 3034 784 innocentes,
3066 726 3173 772 etc.
3205 726 3276 772 Et
3304 726 3423 771 tunc
3451 726 3620 773 admi-

1983 793 2238 848 nistratur
2264 805 2370 844 una
2394 790 2563 845 hostia
2591 804 2686 861 pro
2717 789 2904 846 abbate
2939 803 3090 844 novo.
3122 788 3369 861 Sequitur
3390 794 3613 845 secreta.

2055 865 2296 927 Munera,
2346 859 2681 930 quaesumus,
2728 862 2978 926 Domine,
3010 860 3227 929 suscipe
3264 859 3532 929 placatus,
3565 865 3622 915 et

1988 933 2102 1003 [al.,
2128 932 2254 988 add.
2288 932 2452 1002 hunc]
2498 932 2733 987 electum
2786 932 3043 987 famulum
3073 938 3222 986 tuum
3252 945 3471 1000 semper
3503 930 3617 1003 [al.,

1983 1002 2110 1060 add.
2146 1004 2216 1073 et]
2268 1003 2473 1073 ubique
2520 1003 2955 1059 misericorditer
3002 1009 3246 1073 protege.
3298 1003 3403 1057 Per
3429 1002 3622 1058 Domi-

1982 1090 2130 1203 nugt'
2145 1150 2264 1218 post
2287 1145 2616 1218 fractionem
2652 1144 2709 1218 fit
2755 1143 3054 1218 benedictio
3067 1145 3138 1199 ad
3161 1145 3431 1218 populum,
3457 1148 3618 1214 prout

1979 1214 2462 1273 missa'celebratur
2489 1215 2560 1270 ad
2587 1214 2900 1270 voluntatem
2927 1214 3255 1286 celebrantis.
3284 1217 3407 1271 Post
3431 1219 3617 1286 Agnus

1979 1290 2076 1345 Dei
2106 1290 2376 1361 episcopus
2406 1287 2497 1342 dat
2528 1300 2713 1356 pacem
2758 1300 2889 1340 nouo
2938 1285 3136 1353 abbati,
3187 1291 3236 1341 et
3281 1287 3621 1342 communicat

1980 1376 2398 1489 wgommunio:
2458 1428 2629 1485 Unam
2686 1426 2820 1497 petii
2870 1439 2903 1483 a
2946 1425 3199 1494 Domino,
3246 1428 3387 1484 hanc
3435 1410 3620 1499 requi-

1980 1517 2116 1571 ram,
2150 1508 2259 1558 etc.

2192 1598 2625 1655 Postcommunio.
3200 1594 3406 1652 Oratio.

2054 1691 2184 1745 Haec
2213 1702 2315 1767 nos
2342 1686 2677 1767 communio,
2708 1684 2958 1767 Domine,
2991 1690 3188 1767 purget
3212 1698 3248 1767 _a
3276 1682 3530 1753 crimine,
3560 1699 3625 1767 a_c

270 1730 757 1827 ifﬂdiERPS’i‘l‘H
766 1731 1286 1827 395?}??‘3J1‘3f’ﬁ‘.
1297 1732 1897 1827 Pﬁi“s§f’§.c“li..?3599.{:
1913 1763 1962 1822 B
1981 1730 2748 1818 ele‘EE‘EnWSIEEiB'JYHHm"
2755 1730 3023 1827 ΐἑὶιῖᾇίιὲ
3032 1730 3263 1827 “suae
3279 1730 3625 1815 “etiam.

267 1815 396 1875 sum,
428 1816 552 1875 cum
582 1809 709 1858 ante
741 1803 982 1875 tribunal
1004 1810 1159 1875 tuum
1188 1803 1419 1875 venerit,
1456 1818 1580 1859 cum
1610 1805 1900 1875 multiplici

268 1869 434 1945 fructu
462 1874 768 1929 animarum
816 1874 953 1929 illud
997 1873 1113 1945 [al.,
1155 1874 1283 1930 add.
1317 1875 1385 1945 ei]
1405 1869 1706 1945 praemium
1736 1869 1899 1933 etiam

267 1942 504 2021 largiaris
535 1959 660 2021 cum
688 1945 947 2021 omnibus
977 1942 1116 2015 quos
1133 1946 1245 2021 tibi
1278 1942 1717 2021 rep'raesentabit,
1742 1948 1900 2021 quod

266 2012 509 2088 ﬁdelibus
540 2012 1018 2088 dispensatoribus
1064 2017 1176 2073 tuis
1228 2032 1329 2088 pro
1342 2012 1455 2074 ‘tuo
1486 2012 1711 2075 nomine
1740 2012 1900 2076 labo-

264 2086 502 2161 rantib‘us
544 2086 602 2143 in
636 2086 939 2161 ’terrishte
986 2086 1289 2158 promisisti
1340 2088 1454 2160 [al.,
1515 2090 1896 2161 repromisisti]

264 2155 505 2213 daturum
530 2173 652 2214 esse
673 2161 729 2215 in
751 2158 908 2215 etelis
930 2179 944 2225 ;
969 2155 1063 2230 qui
1085 2175 1207 2216 cum
1228 2155 1541 2228 Deo'Patre,
1576 2155 1683 2217 etc.
1707 2155 1899 2219 Amen’.

299 2229 467 2310 .Tunc
495 2230 677 2286 tradat
704 2233 753 2287 ei
778 2230 1017 2301 regulam
1044 2232 1335 2304 episcopus,
1382 2231 1598 2301 legendo
1642 2234 1898 2303 regulam,

320 2371 529 2441 Accipe
582 2371 825 2443 regulam
860 2386 892 2427 a
919 2373 1126 2428 sanctis
1152 2373 1409 2429 Patribus
1433 2375 1597 2431 nobis
1638 2375 1902 2443 traditam

257 2439 321 2522 ad
345 2439 671 2513 regendum
685 2451 740 2499 et
768 2443 1191 2522 custodiendum
1211 2459 1432 2517 gregem
1461 2447 1563 2522 tibi
1582 2442 1755 2522 a‘Deo
1786 2462 1904 2522 cre-

258 2509 462 2585 ditum,
503 2521 767 2585 quantum
814 2515 934 2584 ipse
982 2514 1083 2569 tibi
1134 2509 1279 2571 Dens
1307 2509 1680 2585 constituerit,
1721 2525 1777 2573 et
1805 2519 1904 2575 hu-

256 2595 402 2639 mana
433 2581 710 2654 fragilitas
732 2581 1066 2654 permiserit.

464 2656 662 2727 Postea
691 2656 775 2710 det
803 2658 852 2710 ei
890 2654 1156 2722 baculum,
1188 2654 1425 2727 legendo,
1459 2658 1634 2713 dicens
1674 2680 1689 2712 :

315 2724 835 2800 Accipe__haculum
875 2727 1168 2800 pastoralis
1221 2724 1387 2800 ofﬁcii
1436 2742 1599 2799 quem
1643 2728 1906 2800 praeferas

258 2803 483 2852 catervae
506 2797 611 2852 tibi
643 2798 952 2869 commissae
981 2797 1048 2853 ad
1071 2799 1380 2869 exemplum
1402 2797 1566 2869 justas
1596 2797 1907 2857 severitatis

260 2872 309 2921 et
337 2868 726 2924 correctionis.

323 2940 526 3014 Deinde
571 2944 920 3014 prosequatur
950 2940 1188 3014 missam,
1221 2940 1520 3014 etudicatur
1566 2941 1807 3014 Epistola
1836 2944 1908 2999 ad

265 3009 623 3084 Timotheum:
658 3029 686 3063 ((
725 3009 912 3084 Omnis
938 3012 1241 3084 Scriptura,
1261 3011 1524 3077 divinitus
1553 3009 1839 3084 inspirata,
1872 3033 1901 3066 »

262 3086 361 3164 etc.
394 3081 480 3164 ςΙΙ
513 3082 648 3164 Tim.
670 3082 890 3164 1n,_l§.)
916 3085 986 3138 Et
1005 3082 1351 3164 Euangelium
1369 3081 1861 3164 secundumiucam
1883 3088 1959 3150 :‘G

261 3153 443 3227 gQuis
491 3159 659 3227 putas
704 3153 885 3210 ﬁdelis
930 3161 1161 3227 servus?
1192 3173 1221 3207 ››
1255 3153 1401 3224 (Luc.
1452 3171 1550 3222 xu,
1581 3156 1691 3227 42.)
1722 3157 1901 3213 Credo

261 3222 507 3303 inunum
555 3226 727 3281 Deum
768 3227 1003 3281 Patrem.
1058 3222 1425 3301 opertorium;
1457 3234 1505 3283 et
1551 3222 1685 3284 tunc
1717 3228 1902 3299 offerat

254 3309 614 3387 meliusnam
642 3314 774 3387 duos
804 3329 1021 3387 magnos
1039 3328 1226 3387 panes,
1253 3307 1409 3387 236
1460 3315 1592 3372 duos
1614 3322 1768 3387 potos
1797 3318 1903 3371 vini

260 3380 373 3450 {al.,
401 3385 504 3440 duo
534 3380 735 3441 barilia
762 3380 1105 3457 uirio'plena},
1128 3380 1262 3442 duas
1281 3386 1512 3443 torchias
1538 3380 1654 3443 cum
1679 3389 1903 3458 pecunia

1981 1835 2088 1889 Per
2106 1833 2417 1887 Dominum.

2052 1906 2223 1959 Missa
2258 1903 2357 1958 rite
2396 1904 2636 1972 peracta,
2688 1904 2965 1972 antequam
2982 1970 2991 1972 _
3011 1900 3282 1972 episcopus
3318 1897 3533 1953 recedat
3562 1897 3629 1972 ab

1983 1974 2166 2040 altari,
2197 1975 2299 2030 duo
2329 1969 2546 2030 abbates
2574 1969 2875 2028 assistentes
2903 1969 3084 2027 abbati
3114 1969 3379 2038 ordinato,
3402 1985 3534 2025 unus
3558 1969 3631 2026 ad

1983 2048 2228 2103 dextram
2264 2050 2312 2102 et
2355 2045 2489 2102 alter
2518 2044 2590 2101 ad
2616 2045 2905 2110 sinistram,
2938 2044 3132 2099 ducant
3159 2042 3327 2113 ipsum
3360 2042 3431 2096 ad
3460 2055 3631 2113 majus

1984 2118 2155 2175 altare
2184 2122 2303 2174 ante
2331 2120 2655 2188 conspectum
2703 2114 2952 2187 episcopi,
2984 2119 3034 2170 et
3061 2110 3249 2188 ibidem
3276 2114 3442 2188 faciat
3467 2110 3634 2188 abbas

1983 2190 2254 2245 ordinatus
2280 2182 2656 2260 professionem
2697 2182 2849 2243 suam
2873 2182 3051 2258 super
3081 2184 3252 2243 altare
3277 2182 3380 2240 ad
3425 2182 3629 2239 modum

1981 2261 2072 2333 qui
2108 2262 2343 2333 sequitur
2371 2278 2389 2315 :

2531 2397 2783 2471 Sequitur
2804 2397 3085 2470 professio.

2085 2527 2241 2597 237
2294 2535 2406 2605 Ego
2453 2532 2635 2605 frater
2670 2534 2735 2587 N.
2785 2529 3308 2605 humilisiabbasy.
3343 2529 3468 2605 talis
3496 2531 3629 2605 loci,

1982 2609 2097 2662 Deo
2128 2613 2183 2662 et
2228 2601 2433 2661 sanctae
2482 2603 2641 2660 matri
2671 2602 2953 2669 Ecclesiae,
2985 2603 3051 2658 N.
3103 2608 3158 2657 et
3204 2601 3326 2669 tibi,
3375 2603 3536 2657 Pater
3563 2602 3631 2658 N.

1986 2679 2207 2755 tuisque
2237 2676 2656 2755 successoribus
2697 2674 2944 2755 debitam
2984 2673 3381 2755 subiectionem
3413 2680 3469 2728 et
3499 2673 3634 2755 obe-

1988 2744 2250 2804 dientiam
2290 2762 2321 2801 a
2363 2747 2569 2802 sanctis
2617 2745 2868 2800 Patribus
2914 2744 3289 2810 constitutam,
3329 2744 3633 2799 secundum

1988 2818 2231 2890 regulam
2260 2817 2437 2890 sancti
2466 2816 2769 2890 Benedicti,
2802 2830 2899 2890 ore
2929 2815 3190 2884 promitto
3221 2820 3277 2869 et
3305 2827 3468 2890 manu
3499 2828 3634 2883 pro-

1989 2884 2105 2960 pria
2137 2888 2420 2945 confirmo.
2438 2889 2599 2960 ,Tunc
2622 2887 2788 2960 faciat
2808 2884 2974 2960 abbas
2993 2900 3106 2960 cum
3122 2900 3295 2960 penna
3322 2890 3371 2940 et
3400 2885 3635 2940 incausto

1993 2956 2231 3032 [Gallice,
2281 2959 2449 3029 encre]
2499 2956 2702 3032 crucem
2737 2958 2794 3011 in
2822 2957 2951 3032 ﬁne
2986 2956 3193 3032 pedatu:
3239 2956 3304 3010 de
3347 2971 3512 3032 manu
3536 2972 3637 3011 sua

1982 3027 2202 3105 propria
2226 3049 2242 3097 ;
2274 3035 2323 3085 et
2346 3027 2535 3105 postea
2565 3029 2788 3084 ducatur
2812 3028 2873 3105 in_
2907 3028 3031 3083 sede
3057 3042 3165 3105 sua
3180 3042 3285 3105 per
3302 3027 3636 3105 arcuidiaco-

1980 3096 2100 3159 nam
2131 3096 2383 3159 dicentem
2406 3119 2424 3154 .-
2455 3100 2566 3166 Sta,
2601 3106 2654 3155 et
2694 3104 2820 3155 tene
2859 3099 3038 3154 locum
3072 3113 3103 3153 a
3131 3096 3243 3154 Deo
3269 3096 3373 3152 tibi
3403 3098 3637 3169 delega-

1986 3182 2132 3239 tum;
2164 3178 2365 3243 potens
2416 3179 2499 3227 est
2552 3170 2694 3243 enim
2740 3172 2883 3243 Deus
2926 3177 2985 3225 at
3015 3176 3211 3243 augeat
3235 3168 3336 3243 tibi
3372 3168 3625 3243 gratiam.

1983 3240 2277 3316 Statimque
2305 3248 2488 3300 cantor
2534 3242 2791 3316 incipiat:
2822 3242 2894 3297 Te
2941 3240 3111 3316 Deum
3159 3240 3465 3316 laudamus.
3517 3242 3630 3309 Quo

1983 3317 2128 3389 ﬁnito
2159 3313 2280 3372 dent
2323 3316 2372 3370 ei
2418 3328 2593 3370 omnes
2616 3313 3083 3389 fratresosculum
3106 3314 3280 3384 pacis,
3320 3324 3488 3381 genua
3511 3319 3636 3380 [tec-

1985 3384 2148 3444 tentes
2166 3392 2286 3443 ante
2308 3392 2514 3458 patrem
2545 3401 2579 3440 a
2607 3384 2716 3441 Deo
2735 3384 2838 3439 sibi
2865 3386 3217 3439 constitutum.

925 3650 1577 3742 BENEDICTIO
1648 3653 2120 3739 ABBATIS
2187 3650 2982 3741 CANONICORUM

1538 3825 1657 3900 (Ea:
1685 3826 1867 3884 eodem
1891 3825 2187 3899 Pontiﬁcali
2215 3804 2337 3899 ms.)

331 4059 531 4117 Electio
565 4058 786 4133 abbatis
804 4059 1172 4133 canonicon
1204 4058 1383 4133 eodem
1412 4059 1595 4116 ordine
1624 4075 1723 4133 quo
1761 4075 1911 4133 supe-

394 4133 707 4203 digesta-est
737 4130 917 4187 electio
948 4131 1155 4187 abbatis
1177 4130 1568 4203 monachorum,
1600 4130 1648 4187 et
1676 4130 1911 4188 omnibus

1991 4061 2163 4118 ctioni
2218 4060 2317 4117 Dei
2360 4066 2416 4117 et
2472 4060 2705 4132 proximi
2734 4073 2953 4131 semper
2996 4065 3154 4116 vacet
3197 4059 3333 4131 [ms.,
3366 4060 3634 4132 vocetur],

1991 4134 2123 4189 vitia
2160 4133 2548 4203 reprehendat,
2599 4138 2793 4189 contra
2840 4132 3112 4201 superbos
3157 4138 3378 4188 erectus
3415 4134 3634 4200 existat,

268 4202 434 4259 eodem
470 4207 592 4286 ritu
633 4203 876 4286 capietis,
904 4202 1143 4286 psalmis,
1175 4202 1375 4259 litanias
1402 4208 1452 4259 et
1479 4204 1738 4275 precibus,
1769 4204 1912 4261 dicat
1929 4202 2259 4286 Derrantes
2284 4205 2352 4260 ad
2382 4206 2544 4286 viam,
2574 4204 2820 4260 veritatis
2850 4203 3097 4286 reducat,
3120 4204 3311 4286 _bonis
3360 4219 3433 4286 se;
3445 4218 3639 4286 parem

267 4275 655 4346 supereteetm
682 4274 1201 4332 tiasbenedictiones.

471 4375 717 4430 Oremus.
1487 4372 1697 4429 Oratio.

336 4466 541 4528 Adesto
573 4470 1072 4540 supplicationibus
1108 4469 1335 4537 nostris,
1367 4470 1720 4540 omnipotens
1748 4472 1911 4537 Deus,

273 4546 323 4594 et
362 4543 511 4611 quod
563 4542 890 4598 humilitatis
926 4548 1133 4598 nostrae
1162 4541 1463 4612 gerendum
1493 4548 1579 4597 est
1607 4541 1914 4598 ministerio

269 4632 371 4685 tute
408 4623 574 4694 238
610 4630 830 4686 virtutis
874 4630 1170 4702 impleatur
1196 4628 1418 4687 effectu.
1469 4631 1574 4686 Per
1604 4631 1910 4687 Dominum.

928 4756 1248 4812 Benedictio.

332 4861 653 4936 Bene—Hic,
702 4863 952 4936 Domine,
1002 4863 1150 4936 hunc
1179 4860 1439 4936 famulum
1466 4866 1625 4936 tuum
1648 4860 1910 4936 N._qu_em

272 4931 331 4985 ad
359 4931 611 5007 regimen
659 4935 961 5007 animarum
992 4934 1264 5007 eligimus,
1297 4941 1356 4989 ut
1385 4934 1457 4989 sit
1504 4934 1573 5007 ei
1597 4931 1912 4989 ﬁdelissima

271 5016 391 5059 cura
420 5006 777 5061 subditorum
822 5006 891 5061 ad
941 5005 1085 5062 bona
1125 5018 1446 5075 provocare,
1496 5005 1735 5075 seipsum
1766 5007 1914 5061 irre-

272 5076 695 5148 prehensibilem
744 5077 1044 5143 custodire,
1095 5078 1239 5133 bona
1282 5091 1500 5148 semper
1529 5091 1713 5148 agere,
1746 5090 1911 5146 prava

271 5144 452 5215 vitare,
485 5148 734 5203 studium
782 5150 838 5203 in
868 5147 1070 5204 divinis
1095 5148 1320 5204 habere.
1353 5144 1624 5213 lllumina,
1658 5144 1908 5215 Domine,

267 5229 359 5272 cor
382 5220 509 5288 ejus
546 5220 723 5290 gratia
750 5219 987 5289 Spiritus
1015 5215 1116 5285 tui,
1167 5221 1326 5290 cujus
1350 5220 1693 5290 plenitudine
1722 5219 1910 5290 reple-

268 5292 352 5343 tas
376 5291 660 5362 mundana
708 5291 996 5361 despiciat,
1048 5304 1312 5362 prospera
1357 5297 1693 5360 contemnat,
1727 5292 1783 5347 in
1812 5290 1910 5348 ad-

267 5362 437 5433 versis
485 5360 652 5418 fortis
707 5368 763 5418 et
817 5360 1208 5433 insuperabilis
1250 5362 1466 5429 existat,
1524 5364 1654 5420 odio
1710 5363 1911 5419 habeat

267 5432 605 5501 superbiam,
652 5433 846 5503 diligat
893 5432 1309 5496 humanitatem.
1340 5433 1702 5503 amplectatur
1729 5435 1909 5492 chari-

267 5507 448 5569 tatem,
490 5514 612 5574 prae
654 5504 836 5562 oculis
881 5519 1102 5577 semper
1150 5504 1350 5561 habeat
1405 5504 1731 5574 castitatem,
1762 5506 1908 5563 dile-

333 5609 442 5679 t47)
473 5610 585 5667 Hic
599 5610 807 5684 aliquid
836 5612 1031 5670 deesse
1054 5610 1290 5691 videtur.

1994 4274 2177 4331 faciat.
2220 4276 2479 4345 Expande
2531 4276 2667 4346 [ms.,
2699 4273 3368 4346 expandi]_ei,A_Domine,
3420 4273 3642 4330 thesau-

1996 4361 2117 4403 rum
2147 4343 2433 4417 sapientiae
2463 4343 2571 4402 tuae
2602 4354 2662 4402 ut
2700 4346 2838 4401 sciat
2867 4351 2923 4400 et
2959 4343 3250 4417 intelligat,
3293 4350 3640 4417 caeterosque

1996 4419 2195 4474 doceat
2216 4416 2387 4474 verba
2417 4433 2589 4473 sacrae
2619 4417 2756 4487 legis
2779 4422 2910 4481 tuae,
2942 4421 3004 4471 ut
3033 4416 3215 4471 Veteri
3247 4420 3302 4487 et
3330 4416 3482 4487 Novo
3511 4417 3640 4487 Tes-

1997 4496 2239 4545 tamento
2300 4491 2602 4545 instructus
2646 4484 2981 4545 voluntatem
3040 4493 3187 4542 tuam
3242 4484 3427 4553 faciat,
3478 4490 3534 4541 et
3580 4486 3639 4541 in

1996 4561 2157 4617 tinem
2215 4575 2387 4630 usque
2432 4560 2699 4631 perﬁciat.
2750 4560 3069 4615 Dominator
3112 4558 3359 4631 Domine,
3409 4571 3440 4611 a
3481 4558 3639 4626 cujus

1996 4644 2223 4688 munere
2252 4627 2402 4687 venit
2430 4627 2592 4688 omne
2635 4631 2784 4702 quod
2833 4632 3169 4702 bonumest,
3203 4627 3272 4682 da
3302 4628 3357 4702 ei
3388 4633 3636 4696 potesta-

1995 4710 2104 4759 tem
2136 4703 2343 4775 ligandi
2390 4710 2555 4773 atque
2600 4699 2850 4775 solvendi
2899 4701 3173 4775 subditos,
3205 4704 3261 4753 et
3296 4699 3373 4775 ita
3402 4713 3516 4755 rem
3546 4713 3639 4756 ec-

1994 4769 2355 4831 clesiasticam
2404 4769 2677 4831 moderari
2723 4779 2783 4829 ut
2813 4774 2869 4828 in
2900 4772 3052 4827 nullo
3083 4769 3372 4825 dissentiat
3400 4784 3432 4825 a
3459 4785 3591 4829 vero
3618 4793 3634 4840 ;

1993 4848 2090 4903 sed
2121 4847 2195 4902 ita
2226 4847 2391 4902 ducat
2421 4847 2675 4903 subditos
2712 4849 2774 4902 ut
2802 4842 3044 4899 cmlestis
3072 4841 3265 4911 patriae
3295 4840 3460 4899 faciat
3487 4843 3636 4901 colo-

1992 4949 2115 5001 nos,
2165 4936 2394 5006 ipseque
2436 4927 2586 4997 239
2628 4936 2685 4990 in
2716 4933 2896 5006 ﬁnem
2926 4936 3049 5006 a_te
3088 4936 3365 4988 mereatur
3392 4932 3584 5006 audire
3618 4952 3632 5006 ξ

1990 5009 2160 5084 Euge,
2186 5002 2355 5062 ‘serue
2383 5006 2522 5084 bone;
2569 5010 2633 5084 et
2654 5002 3019 5084 ﬁdelis,nquia
3065 5017 3227 5084 supra
3268 5018 3446 5084 pauca
3488 5004 3639 5084 fuiin

1991 5074 2162 5148 ﬁdelis
2204 5092 2367 5149 supra
2398 5077 2561 5134 multa
2616 5074 2665 5131 te
2720 5074 3047 5149 egnstituam,
3076 5074 3236 5149 intra
3270 5074 3337 5129 in
3390 5074 3639 5149 gaudium

1994 5144 2199 5226 Domini
2227 5144 2306 5226 tui
2330 5149 2537 5226 (Matth.
2562 5161 2705 5226 _xxv,
2738 5144 2849 5209 21).
2870 5146 3038 5226 Quod
3071 5148 3189 5217 ipse
3219 5150 3487 5226 praestare
3517 5144 3638 5226 dig-

1991 5221 2163 5285 neris,
2214 5221 2308 5291 qui
2338 5220 2473 5276 vivis
2520 5224 2577 5275 et
2604 5230 2821 5288 regnas,
2870 5219 3037 5286 Deus,
3088 5232 3188 5288 per
3223 5219 3406 5272 omnia
3434 5219 3639 5273 sarcula

1991 5292 2343 5350 saeculorum.
2375 5294 2566 5348 Amen.

2062 5364 2164 5420 Hic
2213 5363 2390 5419 tradat
2448 5362 2496 5416 ei

1989 5433 2227 5507 legendo,
2260 5434 2402 5507 dicat
2432 5449 2447 5488 :
2485 5431 2578 5504 (47

2058 5500 2261 5578 Accipe
2289 5500 2511 5576 virgam
2540 5500 2872 5576 pastoralem
2901 5500 3316 5569 sollicitudinis,
3348 5506 3406 5559 et
3433 5501 3516 5558 sic
3544 5501 3632 5559 vi-

2622 5360 2822 5433 iscopus
2874 5359 3110 5431 regulam
3166 5359 3554 5427 canonicorum,
3585 5363 3637 5415 et
