4156 6196
523 306 615 360 151

1621 298 1912 354 JOANNES
1948 297 2361 355 ARCHIEPISC.
2405 297 2739 353 ROTOMAG.

3778 292 3879 348 152

516 430 656 504 giles
682 443 853 501 super
918 442 976 484 re
1017 440 1101 483 em
1130 425 1474 483 Dominicum
1496 421 1597 479 tibi
1624 400 2003 490 commissum,
2027 437 2162 494 qua-
2182 422 2445 505 Aduobus
2511 422 2609 478 otis
2646 421 2770 505 uini.
2821 419 3064 504 (tollecta.
3098 434 3252 503 vero,
3298 422 3522 485 secreta,
3553 422 3603 474 et
3625 422 3876 502 postcom-

519 510 679 555 tenus
707 501 852 555 sicut
880 442 1061 555 ﬁdetis
1090 513 1281 554 servus
1310 506 1365 553 et
1396 494 1635 555 prudens
1665 495 1928 550 merearis
1955 496 2161 551 intrare
2244 510 2415 550 munia
2447 437 2689 549 dlicantur
2715 508 2770 547 in
2798 507 2978 555 missa,
3018 497 3150 547 sicut
3196 492 3388 547 dictum
3426 496 3502 545 est
3546 505 3784 555 superius
3828 507 3876 546 in

519 494 679 559 tenus
707 494 852 557 sicut
883 494 1061 555 ﬁdelis
1090 513 1281 554 servus
1310 506 1365 553 et
1395 494 1635 567 prudens
1665 495 1928 550 merearis
1955 496 2161 551 intrare

517 575 574 631 in
603 573 861 645 gaudium
886 571 1105 645 Domini
1128 571 1237 645 tui.

590 636 715 701 Fest
745 644 855 699 hac
881 642 1085 712 legatur
1115 638 1375 712 Epistula,
1402 642 1451 692 et
1470 636 1777 712 perficiatur
1804 636 1970 712 missa
2002 653 2162 709 usque

519 716 591 772 ad
620 706 974 786 offertorium';
1023 717 1072 768 et
1099 706 1394 786 tuncdebet
1422 706 1582 763 novus
1612 706 1777 786 abbas
1804 706 2089 786 accedere,
2111 714 2160 765 et

518 778 868 857 idem"oﬁ'erre
896 778 1029 857 duas
1058 782 1301 857 Atorchias
1339 795 1479 857 cum_
1497 780 1717 850 pecunia
1750 780 1820 857 ad
1847 778 2160 857 uoluntatem

520 859 682 928 ipsius
709 849 764 912 in
790 857 919 928 ipsis
949 855 1172 926 depicta,
1203 867 1316 907 cum
1355 849 1555 906 duobus
1600 851 1802 920 magnis
1831 850 2076 921 panibus,
2110 856 2159 907 et

2244 494 2415 573 munia
2446 491 2691 573 dicantur
2715 495 2778 573 in.
2798 493 2978 559 missa,
3018 492 3150 573 sicut
3196 492 3388 573 dictum
3412 496 3502 573 .est
3546 491 3784 573 superius
3807 491 3877 573 .in

2238 566 2573 639 ordinatione
2602 564 2805 620 abbatis
2834 563 3221 639 monachorum,
3244 567 3292 617 et
3321 563 3377 639 in
3404 562 3521 634 ipsa
3547 562 3705 639 missa
3736 562 3876 639 debet

2242 634 2403 693 novus
2431 636 2595 691 abbas
2644 637 3059 700 communicare;
3108 640 3298 690 cwtera
3342 634 3496 705 ﬁant,
3530 638 3600 705 ~ut
3638 635 3877 705 superius

2242 709 2433 765 dictum
2462 713 2558 763 est.
2579 709 2659 778 ,Et
2689 711 2966 778 antequam
2989 708 3229 778 ponti/ex
3248 703 3459 778 recedat
3489 703 3555 759 ab
3594 703 3772 778 altari,
3791 707 3878 778 fa-

2240 782 2517 835 ciatnovus
2536 777 2701 833 abbas
2710 775 3083 850 professionem
3102 775 3285 833 eodem
3297 776 3527 850 modo,et
3549 776 3723 850 omnia
3747 775 3874 842 alia,

2240 866 2338 922 quo
2357 865 2518 922 supra
2530 846 2723 905 dictum
2731 846 2871 905 estin
2900 849 3229 906 ordinatione
3253 846 3461 904 abbatis
3489 846 3870 902 monachorum.

1517 1077 2166 1163 BENEDICTIO
2243 1076 2884 1162 ABBATISS/E

1819 1243 1927 1309 \Ea'
1954 1241 2133 1296 eodem
2162 1241 2460 1312 Ponti/lculi
2491 1242 2605 1311 ms.)

619 1442 786 1511 240
823 1451 885 1503 In
922 1447 1250 1502 ordinatione
1289 1445 1570 1500 abbatissa:
1598 1445 1745 1501 debet
1769 1447 2009 1517 pontifex
2037 1447 2158 1501 mis-

510 1537 624 1577 sam
656 1520 941 1584 celebrare,
974 1522 1023 1573 et
1070 1532 1185 1572 eam
1231 1516 1532 1571 benedicere
1576 1532 1691 1571 cum
1719 1516 1925 1573 duabus
1953 1517 2034 1571 uel
2063 1518 2157 1572 tri-

512 1593 607 1647 bus
639 1590 939 1647 abbatissis.
994 1590 1058 1659 Et
1106 1591 1382 1659 antequam
1406 1588 1717 1659 incipiatur
1745 1589 1905 1643 missa
1950 1587 2032 1643 vel
2077 1589 2157 1643 in-

513 1663 698 1718 troitus
751 1662 941 1728 missae,
993 1658 1183 1729 aliqua:
1220 1657 1472 1713 moniales
1525 1657 1592 1713 de
1631 1658 1845 1714 abbatia
1887 1660 2034 1729 cujus
2079 1664 2156 1715 est

2239 1442 2548 1498 precamur,
2596 1428 2846 1494 Domine,
2886 1428 3115 1498 spiritus
3143 1429 3433 1498 sapientia
3463 1434 3518 1483 et
3547 1428 3877 1495 intellectus,

2238 1500 2467 1568 spiritus
2497 1499 2715 1555 consilii
2758 1507 2813 1554 et
2842 1498 3204 1565 fortitudinis,
3256 1500 3486 1569 spiritus
3516 1500 3803 1571 sapientia:
3828 1507 3879 1555 et

2239 1572 2480 1640 pietatis,
2514 1578 2569 1626 et
2601 1571 2810 1639 repleat
2840 1585 2957 1626 eam
2987 1571 3215 1641 spiritus
3245 1571 3458 1626 timoris
3479 1572 3711 1627 Domini.
3741 1573 3879 1626 Con-

2239 1641 2374 1697 cede
2433 1643 2483 1696 ei
2532 1655 2753 1711 quoque
2819 1643 3136 1713 gravitatem
3188 1648 3429 1709 actuum,
3481 1656 3874 1712 censuramque

513 1712 697 1812 Elea;
732 1712 961 1812 ἀῇάτίί.
979 1712 1201 1812 έέειῖιαπι.
1247 1712 1657 1812 examinandae
1683 1712 1875 1812 ,εονςιθη
1908 1712 2153 1812 bene
2173 1753 2220 1810 B
2238 1712 3045 1812 Xi‘i‘imifammll‘.l‘f.%f.“l?.ﬂ§‘3
3195 1714 3705 1812 ηΛομθέΞςξίὲθίΞΞίῗὲἓτς
3713 1727 3877 1812 193‘."

510 1802 899 1876 pontificalibus
944 1802 1123 1876 induto
1153 1805 1202 1855 et
1233 1800 1435 1876 casula,
1468 1806 1517 1855 et
1545 1800 1693 1876 debet
1718 1800 1925 1876 sedere
1946 1800 2151 1876 inloco

515 1871 920 1930 nominationis
970 1874 1126 1928 dorso
1174 1886 1321 1927 verso
1361 1872 1432 1926 ad
1459 1873 1629 1941 majus
1675 1871 1865 1939 altare,
1898 1878 1946 1927 et
1977 1873 2154 1928 dicant

517 1952 637 2002 tunc
690 1944 941 2000 moniales
997 1943 1269 1998 antedictis
1310 1960 1328 1997 :
1374 1943 1563 2010 Adest,
1624 1944 1924 1999 reverende
1971 1945 2150 2010 Pater,

517 2018 693 2072 electa
722 2023 908 2072 nostra
938 2015 1005 2071 ad
1054 2014 1495 2069 benedictionem
1541 2028 1691 2069 suam
1723 2015 2149 2085 suscipiendam.

590 2088 937 2155 Interrogatio
976 2086 1204 2157 episcopi
1236 2106 1251 2139 :
1281 2087 1377 2140 Est
1422 2084 1597 2157 electa
1643 2086 1943 2141 secundum
1992 2100 2154 2155 regu-

519 2158 623 2213 lam
661 2158 834 2213 sancti
867 2156 1153 2213 Benedicti
1177 2171 1208 2211 a
1254 2156 1584 2213 sororibus?
1618 2157 1983 2228 Respondeant
2008 2171 2154 2212 soro-

516 2244 601 2284 res
634 2249 645 2283 :
678 2230 952 2285 Canonica
980 2229 1037 2283 in
1067 2241 1184 2283 eam
1205 2240 1455 2285 sororum
1482 2229 1765 2283 consensit
1795 2228 2015 2284 electio.

586 2302 655 2355 Et
714 2301 994 2369 interroget
1042 2301 1313 2371 cpiscopus
1345 2320 1360 2353 :
1393 2299 1619 2355 Habetis
1666 2299 1794 2355 inde
1842 2300 2153 2371 scriptum?

516 2371 877 2441 Respondeant
902 2383 1149 2426 sorores:
1180 2371 1474 2426 Habemus.
1557 2387 1567 2401 ι

584 2442 876 2512 Episcopus
906 2463 921 2495 :
953 2444 1205 2510 Legatur.

588 2511 700 2579 Quo
740 2511 890 2576 tecto,
932 2512 1072 2566 dicat
1094 2512 1361 2583 episcopus
1383 2533 1399 2566 :
1428 2511 1564 2579 Quia
1599 2525 1730 2581 ergo
1756 2512 1812 2567 in
1842 2525 1960 2567 eam
1990 2524 2153 2568 soro-

516 2596 635 2637 rum
681 2589 808 2639 vota
856 2583 1229 2649 consentiunt,
1262 2584 1415 2652 prius
1461 2596 1578 2638 eam
1626 2597 1933 2651 censemus,
1966 2588 2014 2638 et
2060 2597 2157 2638 caa-

519 2657 635 2708 tera
690 2668 804 2724 quae
828 2658 1131 2724 sequuntur,
1158 2659 1310 2724 prout
1364 2655 1603 2724 superius
1661 2654 1867 2722 digesta
1928 2659 2048 2710 sunt
2102 2655 2158 2709 in

517 2723 850 2780 ordinatione
894 2723 1103 2780 abbatis
1148 2723 1534 2781 monachorum.
1590 2727 1661 2780 Et
1717 2725 1949 2781 omnibus
1978 2726 2159 2781 eodem

513 2795 619 2869 ritu
645 2795 889 2869 expletis,
919 2795 1155 2867 psalmis,
1189 2795 1407 2860 litaniis,
1430 2795 1720 2865 versiculis,
1752 2798 1893 2854 dicat
1917 2797 2158 2869 pontifex

512 2864 610 2920 has
635 2864 1015 2923 benedictiones
1038 2881 1153 2939 qua:
1178 2870 1479 2938 sequuntur.

1237 2983 1444 3039 Oratio.

2239 1784 2364 1838 data
2412 1788 2505 1839 tua
2551 1785 2847 1850 custodiat,
2881 1784 3046 1840 dictis
3076 1784 3185 1840 tuis
3214 1786 3457 1851 obediat,
3488 1785 3662 1840 sacris
3691 1785 3876 1840 lectio-

2234 1856 2399 1910 nibus
2427 1855 2665 1921 insistat,
2699 1862 2919 1911 terrena
2962 1861 3017 1910 et
3046 1856 3362 1912 transitoria
3394 1856 3683 1925 despiciat,
3715 1861 3875 1926 atque

2235 1927 2382 2009 omni
2416 1932 2664 1995 tempore
2695 1927 2877 2009 bo_nis_
2904 1927 3168 2009 operibus
3196 1927 3478 2009 inserviat,
3510 1940 3727 2009 omnem
3757 1926 3877 2009 libi-

2234 1997 2416 2052 dinem
2466 2010 2646 2066 prava:
2695 1997 2992 2067 voluptatis
3037 2004 3280 2068 superet,
3343 2012 3582 2054 amorem
3631 1998 3874 2054 honesta:

2233 2068 2502 2123 castitatis
2541 2072 2750 2135 teneat,
2780 2074 2841 2123 ut
2887 2069 2986 2124 tibi
3017 2083 3223 2138 sponso
3253 2069 3495 2125 venienti
3525 2083 3648 2124 cum
3678 2068 3877 2139 lampa-

2233 2140 2395 2195 dibus
2439 2139 2554 2195 suis
2622 2140 3166 2211 inexstinguibilibus
3222 2142 3397 2210 possit
3452 2154 3767 2206 occurrere,
3825 2147 3876 2195 et

2232 2229 2562 2300 prudentum
2611 2220 2767 2290 243
2806 2229 3075 2300 virginum
3122 2229 3293 2285 choro
3336 2230 3530 2299 jungi:
3563 2235 3619 2285 et
3656 2243 3726 2285 ne
3756 2243 3874 2285 cum

2233 2299 2415 2355 stultis
2438 2370 2443 2371 ί
2470 2300 2815 2368 excludatur,
2848 2300 3087 2371 regalem
3126 2302 3348 2370 januam
3387 2315 3512 2356 cum
3538 2299 3878 2370 sapientibus

2232 2370 2537 2442 virginibus
2567 2371 2801 2427 licenter
2818 2370 3077 2428 introeat.
3109 2372 3365 2428 Abundet
3393 2372 3448 2427 in
3470 2386 3533 2427 ea
3562 2372 3733 2427 totius
3766 2371 3876 2427 for-

2234 2456 2319 2497 ma
2348 2443 2584 2513 virtutis,
2617 2443 2919 2499 auctoritas
2956 2442 3224 2508 modesta,
3269 2442 3449 2513 pudor
3494 2449 3772 2509 constans,
3804 2444 3879 2498 in-

2234 2518 2387 2569 tenta
2438 2512 2551 2583 [al.,
2602 2514 2953 2583 innocentiae]
3006 2514 3235 2584 puritas,
3266 2521 3320 2569 et
3348 2514 3652 2583 spiritualis
3681 2514 3873 2571 obser-

2236 2584 2417 2639 vantia
2447 2584 2776 2654 disciplinae.
2800 2587 2860 2640 In
2891 2586 3139 2641 moribus
3159 2586 3279 2655 ejus
3308 2590 3583 2655 prmeepta
3614 2585 3874 2655 fulgeant,

2239 2664 2296 2711 ut
2325 2669 2439 2711 sua;
2487 2657 2755 2712 castitatis
2803 2656 3053 2726 exemplo
3092 2657 3306 2712 cunctis
3334 2657 3440 2712 sibi
3468 2657 3732 2727 subjectis
3761 2658 3877 2711 imi-

2237 2727 2499 2783 tationem
2526 2726 2770 2797 praabeat
2798 2742 3009 2797 puram,
3035 2732 3090 2782 et
3118 2728 3322 2783 bonum
3343 2726 3698 2784 conscientiae
3728 2728 3876 2783 testi-

2238 2798 2479 2854 monium
2510 2799 2829 2866 ostendens,
2878 2799 2936 2854 in
2982 2798 3199 2855 Christo
3244 2801 3372 2854 Jesu
3400 2799 3551 2854 ﬁrma
3581 2805 3637 2855 et
3665 2799 3877 2854 stabilis

2239 2874 2572 2996 perseveret,
2599 2876 2764 2940 atque
2803 2869 2878 2924 ita
2908 2874 3229 2940 perceptum
3250 2870 3611 2926 ministerium
3650 2877 3704 2926 te
3726 2871 3878 2925 auxi-

2262 2942 2408 2996 iante
2439 2945 2683 2996 peragat.
2715 2947 2986 2996 quatenus
3003 2941 3070 2996 ad
3092 2946 3352 2996 aeternam
3383 2942 3878 2996 remunerationem

2262 2942 2408 3012 iante
2439 2945 2683 3012 peragat,
2715 2947 2986 3011 quatenus
3003 2941 3070 2996 ad
3092 2946 3352 2998 aeternam
3383 2942 3878 2998 remunerationem

2240 3018 2294 3067 te
2322 3011 2561 3081 donante
2585 3011 2897 3083 pervenire
2950 3017 3246 3069 mereatur.
3278 3015 3382 3069 Per
3428 3014 3713 3070 Dominum
3751 3026 3877 3069 nos-

588 3088 722 3168 24]
786 3094 1015 3168 Εξίθιιάί,
1062 3095 1320 3168 Domine,
1371 3110 1564 3165 preces
1611 3101 1850 3168 nostras,
1883 3102 1939 3153 et
1988 3079 2407 3168 super-atrum.
2439 3088 2546 3139 θῐϐ·

513 3166 656 3236 hanc
684 3164 937 3236 famulam
987 3171 1134 3221 tuam
1180 3164 1442 3236 Spiritum
1479 3172 1588 3223 tua:
1636 3164 2155 3226 benedictionis'in-

511 3235 700 3308 funde,
750 3241 809 3308 ut
839 3235 1051 3308 ccelesti
1098 3235 1323 3292 munere
1373 3237 1564 3305 ditata,
1598 3243 1654 3293 et
1698 3241 1997 3308 majestatis
2043 3247 2153 3298 tua:

513 3306 659 3379 dona
692 3306 805 3378 [al.,
837 3307 1088 3379 gratiam]
1124 3309 1318 3379 possit
1363 3310 1651 3379 acquirere
1682 3316 1737 3365 et
1764 3306 1905 3366 bene
1935 3312 2152 3369 vivendi

510 3377 634 3434 aliis
663 3377 971 3448 exemplum
1002 3378 1273 3449 praebere.
1305 3381 1410 3435 Per
1437 3377 1731 3437 Christum.

722 3451 970 3505 Oremus.
1732 3453 1936 3509 Oratio.

579 3520 1041 3594 Omnipotentiam
1089 3527 1256 3594 tuam,
1290 3522 1536 3594 Domine,
1583 3523 1865 3581 humiliter
1892 3523 2152 3594 implora-

508 3606 646 3658 mus,
680 3600 739 3648 ut
767 3607 934 3662 super
962 3593 1103 3649 hanc
1152 3592 1403 3649 famulam
1436 3600 1603 3660 tuam,
1637 3610 1796 3664 quam
1836 3596 1903 3651 ad
1934 3592 2149 3653 sacrum

505 3665 756 3720 ordinem
786 3664 862 3734 (id
895 3670 998 3730 est,
1032 3679 1240 3720 sacram
1289 3665 1753 3723 benedictionem.
1804 3683 1896 3722 seu
1928 3668 2150 3724 ordina-

504 3736 727 3804 tionem)
786 3746 1062 3791 assumere
1120 3735 1378 3806 dignatus
1435 3751 1513 3803 es,
1574 3738 1983 3795 benedictionis
2040 3746 2148 3795 tuae

502 3806 707 3878 donum
748 3806 1041 3878 dignanter
1083 3806 1359 3878 infundas,
1402 3808 1566 3878 eique
1596 3811 1824 3878 gratiam
1856 3825 2148 3866 consecra-

501 3876 929 3950 tionis_tribu_as,
956 3881 1017 3950 ut
1044 3877 1191 3950 quod
1224 3876 1536 3947 percipitte
1563 3876 1885 3950 protegente
1915 3882 2147 3937 illaesum

502 3946 797 4002 custodiat.
832 3948 935 4001 Per
964 3946 1253 4003 Dominum
1284 3946 1531 4005 nostrum
1561 3946 1750 4005 Jesuni
1776 3952 2071 4007 Christum.

574 4019 680 4072 Per
708 4018 889 4072 omnia
919 4017 1120 4073 saecula
1150 4019 1500 4075 saeculorum.
1531 4022 1722 4076 Amen.
1754 4023 2016 4083 Dominus
2054 4037 2148 4080 vo-

503 4088 836 4167 ltiscym..Et
865 4102 1004 4167 cum_
1019 4088 1216 4167 spiritu
1246 4094 1363 4145 tuo.
1395 4090 1838 4167 Sur_sum_corda'.
1873 4094 2147 4150 Habemus

502 4159 570 4233 ad
612 4159 918 4233 Dominum.
967 4160 1179 4215 Gratias
1226 4175 1448 4233 agamus
1495 4162 1726 4220 Domino
1771 4166 1882 4220 Deo
1932 4171 2142 4223 nostro.

500 4231 734 4302 Dignum
763 4236 818 4302 et
840 4231 1047 4300 justum
1069 4236 1170 4287 est.

574 4301 713 4375 Vere
744 4301 968 4372 dignum
999 4308 1055 4359 et
1077 4305 1283 4374 justum
1316 4308 1421 4372 est,
1451 4320 1666 4375 aequum
1698 4311 1749 4362 et
1778 4307 2016 4363 salutare
2044 4320 2148 4364 nos

501 4373 1650 4467 ἓξίξθπέιζθξξε.ΡΡξαυεβξιζὲιὲθεηξςςτθι
1676 4378 1909 4467 Parim:
1924 4386 2138 4467 ante
2160 4409 2209 4467 1)

502 4448 671 4520 Pater
715 4445 1087 4520 omnipotens,
1153 4454 1358 4520 aeterne
1408 4445 1573 4520 Deus.
1621 4450 1827 4506 Adesto
1885 4445 2144 4520 precibus

497 4517 723 4584 nostris,
756 4517 947 4574 adesto
977 4519 1140 4585 votis,
1173 4518 1364 4575 adesto
1396 4518 1765 4588 famulatibus,
1798 4517 1989 4578 adesto
2020 4537 2148 4579 con-

491 4588 922 4655 secrationibus,
971 4589 1065 4658 qui
1100 4591 1281 4645 omnia
1331 4605 1430 4659 per
1458 4592 1695 4648 Verbum
1735 4598 1887 4649 tuum
1928 4594 2150 4649 mirabi-

495 4660 624 4716 liter
652 4660 944 4731 dispensas
973 4667 1028 4715 et
1058 4660 1430 4730 dispensanda
1467 4664 1770 4732 ministras,
1792 4666 1887 4734 qui
1918 4666 2150 4721 diversis

495 4748 728 4805 ﬂoribus
772 4740 926 4810 242
970 4756 1115 4806 tuam
1147 4764 1366 4820 semper
1394 4766 1629 4808 exornas
1656 4754 1976 4820 Ecclesiam,
2019 4755 2149 4811 dum

493 4825 718 4900 eamnet
775 4821 1019 4900 virorum
1071 4821 1336 4900 exemplis
1383 4830 1438 4879 et
1479 4823 2150 4900 _illust_rium_feminarum

497 4889 732 4972 irradias
782 4891 1071 4972 institutis,
1096 4889 1412 4972 _qui‘_etiam
1461 4894 1530 4951 de
1560 4895 1809 4972 inferiori
1845 4897 1959 4968 [al.,
1992 4898 2149 4953 inﬁr-

496 4959 675 5040 miori]
727 4975 864 5040 scitu
898 4959 1063 5040 hanc
1090 4959 1344 5040 famulam
1395 4971 1541 5040 tuam
1576 4959 1871 5040 servitutis
1910 4959 2017 5025 tua}
2048 4983 2150 5040 ap-

497 5032 705 5111 plicare
754 5031 1014 5104 dignatus
1062 5049 1121 5090 es
1158 5035 1480 5111 famulatui;
1532 5037 1748 5111 effunde
1795 5055 1963 5111 super
2009 5031 2149 5097 hanc

492 5103 752 5161 famulam
797 5103 964 5170 tuam,
1016 5119 1177 5175 quam
1226 5109 1283 5165 in
1331 5103 1572 5166 officium
1620 5103 1880 5168 divinum'
1913 5112 2153 5169 ﬁdeliter

492 5174 841 5243 dedicamus,
890 5174 1120 5250 gratiam
1180 5180 1416 5250 Spiritus
1477 5183 1674 5248 sancti,
1728 5188 1788 5238 ut
1844 5183 1945 5239 tibi
2002 5185 2149 5241 omni

493 5253 746 5326 tempore
793 5250 916 5319 ejus
944 5249 1181 5326 servitus
1210 5249 1504 5326 dignanter
1529 5253 1888 5324 eomplaceat,
1922 5269 2151 5326 eamque

490 5317 724 5401 dextera
754 5317 1023 5401 potentiae
1070 5327 1188 5401 tu_ae_
1228 5317 1707 5401 bene-[dicereet
1753 5317 2152 5397 sancti-Hieme

489 5388 856 5474 digneris'in
883 5406 1027 5474 opus
1057 5394 1347 5474 ministerii
1380 5388 1848 5474 tui_condignum,
1880 5388 2154 5468 quatenus

488 5468 686 5539 actum;
726 5464 1154 5539 ministrationis
1193 5467 1301 5539 sibi
1331 5468 1558 5526 creditae
1608 5464 1847 5526 fideliter
1893 5464 2155 5539 exsequa-

486 5539 607 5615 tur,
639 5537 690 5615 et
740 5535 993 5615 ejusdem
1040 5537 1519 5615 saneti_Spiritus
1577 5540 1915 5612 septiformis
1962 5535 2153 5612 gratim

484 5608 698 5661 virtute
744 5608 1166 5666 corroboretur.
1231 5610 1565 5680 Requiescat
1620 5608 1752 5685 ergo
1798 5608 2151 5685 super'eam,

2467 3191 2608 3245 Tunc
2636 3191 2721 3246 det
2749 3192 2799 3246 ei
2824 3189 3079 3261 regulam,
3112 3196 3161 3247 et
3201 3190 3417 3261 legendo
3446 3190 3589 3247 dicat
3627 3209 3644 3245 :

2303 3277 2504 3347 Accipe
2552 3279 2795 3349 regulam
2843 3286 3049 3336 sanctze
3100 3280 3555 3345 conversationis,
3604 3278 3877 3349 simulque

2231 3349 2459 3419 gratiam
2513 3354 2719 3407 sanctae
2768 3352 3210 3417 benedictionis;
3243 3359 3300 3407 et
3328 3358 3388 3407 ut
3436 3366 3536 3420 per
3564 3350 3705 3405 hanc
3754 3365 3877 3406 cum

2231 3433 2397 3490 grege
2434 3420 2535 3475 tibi
2566 3422 2779 3478 credito
2812 3423 2869 3477 in
2909 3422 3146 3478 districti
3176 3422 3266 3478 die
3299 3422 3495 3491 judicii
3533 3422 3764 3477 Domino
3796 3423 3877 3476 in-

2232 3492 2600 3563 contaminata
2656 3494 3042 3562 repraesentari
3092 3494 3292 3560 valeas,
3344 3495 3462 3563 ipse
3512 3498 3564 3548 te
3619 3492 3876 3561 adjuvare

2232 3560 2507 3635 dignetur,
2532 3563 2627 3633 qui
2655 3560 2786 3619 vivit
2804 3572 2859 3620 et
2889 3569 3081 3635 regnat
3109 3566 3164 3619 in
3197 3560 3406 3620 unitate
3431 3565 3669 3631 Spiritus
3690 3560 3872 3619 sancti

2228 3634 2393 3698 Deus,
2428 3648 2526 3703 per
2554 3636 2736 3690 omnia
2765 3634 2969 3691 saecula
2996 3635 3342 3692 saeculorum.
3375 3638 3564 3691 Amen.

2339 3707 2480 3778 Tunc
2507 3705 2593 3778 det
2621 3707 2673 3778 ei
2696 3707 2966 3778 episcopus
3003 3706 3261 3774 baculum,
3292 3706 3505 3775 legendo
3535 3705 3713 3778 dicens
3742 3726 3759 3759 :

2300 3777 2501 3849 Accipe
2520 3776 2774 3833 baculum
2796 3776 3207 3847 pastoralitatis,
3232 3792 3394 3849 quem
3413 3776 3672 3847 praeferas
3693 3783 3869 3832 cater-

2226 3860 2308 3927 vge
2337 3847 2776 3927 tibi_cor_nmissae
2814 3850 2882 3904 ad
2927 3849 3233 3919 exemplum
3250 3847 3265 3849 “’
3277 3852 3441 3920 Ῑιιδῐίθ
3478 3849 3786 3904 severitatis
3815 3855 3872 3903 et

2229 3920 2612 3975 correctionis.

2256 4060 2265 4069 .
2298 3990 2548 4069 Sequitur
2566 3992 2760 4058 oratio,
2784 3996 2833 4047 et
2853 3991 3061 4047 dicatur
3089 4008 3123 4047 a
3146 3991 3390 4063 pontiﬁce
3418 3991 3491 4046 ad
3522 3990 3727 4046 modum
3755 4004 3874 4045 ora-

2228 4061 2383 4115 tionis
2414 4082 2430 4115 :

2301 4141 2460 4210 244
2482 4150 2708 4206 Domine
2730 4152 2878 4207 Deus
2899 4151 3270 4221 omnipotens,
3290 4151 3384 4220 qui
3404 4150 3876 4221 sororemHoysis

2229 4221 2817 4293 Mariampraaeuntem
2856 4236 2980 4278 cum
3010 4220 3229 4279 caeteris
3264 4223 3568 4293 virginibus
3602 4220 3715 4293 [al.,
3757 4235 3878 4293 mu-

2232 4291 2474 4365 lieribus]
2508 4292 2657 4365 inter
2683 4307 2969 4363 aaquoreas
2988 4295 3182 4350 undas
3209 4307 3332 4350 cum
3355 4291 3635 4365 tympanis
3662 4298 3725 4365 et
3746 4292 3879 4365 cho-

2231 4364 2308 4417 ris
2338 4362 2517 4417 laetam
2546 4364 2614 4419 ad
2646 4362 2802 4419 littus
2829 4366 2995 4420 maris
3013 4366 3201 4421 venire
3230 4362 3429 4431 fecisti,
3459 4362 3512 4420 te
3549 4364 3880 4433 suppliciter

2232 4433 2546 4559 Lsupplices]
2607 4435 2967 4506 deprecamur
3024 4451 3125 4506 pro
3146 4436 3293 4492 fideli
3350 4436 3549 4491 famula
3597 4441 3708 4501 tua,
3749 4449 3877 4504 qua:

2272 4504 2397 4559 odie
2444 4506 2501 4559 in
2544 4506 2806 4559 cathedra
2841 4514 3086 4559 materna
3128 4522 3294 4559 super
3320 4508 3604 4559 universas
3626 4506 3877 4559 subditas

2272 4504 2397 4581 odie
2444 4506 2501 4581 in
2534 4504 3086 4581 cathedramaterna
3128 4522 3297 4581 super
3320 4508 3609 4581 universas
3626 4506 3879 4581 subditas

2236 4575 2524 4645 [universis
2561 4578 2667 4633 sibi
2696 4578 2948 4648 subditis]
2982 4579 3088 4634 sibi
3119 4575 3394 4635 abbatissa
3432 4576 3879 4642 constituitur,ut

2232 4648 2307 4702 ita
2328 4649 2593 4704 canonica
2619 4647 2959 4714 [monastica]
2978 4663 3166 4705 norma
3181 4656 3399 4706 tueatur
3411 4654 3639 4704 cunctas
3650 4647 3881 4704 famulas

2233 4724 2367 4791 tuas
2387 4718 2501 4789 [al.,
2525 4718 2651 4774 add.
2684 4720 2791 4775 sibi
2829 4721 3187 4791 commissas],
3212 4728 3485 4791 quatenus
3514 4721 3581 4777 ad
3616 4725 3880 4775 aeternam

2232 4789 2462 4873 glpriam
2495 4797 2547 4846 te
2576 4791 2874 4873 auxiliante
2899 4789 3302 4873 cumpmbibps
3322 4793 3430 4849 illis
3459 4792 3698 4873 introeat
3726 4792 3878 4856 laeta,

2232 4861 2421 4935 ibique
2442 4861 2725 4935 exsultans,
2752 4862 2867 4933 [al.,
2896 4862 3249 4935 exsultantes]
3274 4879 3398 4921 cum
3419 4862 3650 4935 angelis,
3675 4876 3883 4935 canens

2237 4932 2529 5003 [canentes]
2583 4932 2799 4989 cantiCa
2845 4948 3003 5006 nova,
3065 4932 3328 5005 sequatur
3390 4932 3513 5006 [al.,
3555 4933 3878 5003 sequantur]

2231 5007 2471 5132 {sgnumA
2488 5018 2821 5076 quocunque
2850 5005 2996 5061 ierit.
3019 5007 3124 5063 Per
3146 5005 3425 5063 Christum
3442 5006 3733 5063 Dominum
3752 5017 3885 5061 nos-

2257 5090 2398 5132 rum.
2478 5089 2623 5132 men.

2233 5082 2398 5132 trum.
2430 5082 2623 5132 Amen.

2952 5166 3159 5223 Oratio.

2303 5251 2794 5325 Famulamtuam,
2853 5268 3188 5325 quaesumus,
3240 5256 3488 5320 Domine,
3522 5259 3616 5310 tua
3663 5266 3884 5325 semper

2230 5324 2405 5395 gratia
2434 5324 2802 5398 bene+dicat,
2826 5324 2885 5382 et
2910 5326 3299 5398 inculpabilem
3329 5327 3397 5383 ad
3427 5327 3593 5382 vitam
3615 5324 3885 5397 perducat

2234 5402 2514 5451 aeternam.
2548 5397 2653 5453 Per
2679 5396 2975 5454 Christum.

2304 5466 2533 5523 Coliecta
2565 5468 2755 5537 missas,
2794 5474 2997 5525 secreta
3035 5475 3084 5526 et
3106 5470 3527 5541 postcommunio
3549 5468 3813 5534 dicantur,
3832 5471 3885 5541 et

2234 5542 2421 5594 cetera
2452 5542 2625 5612 omnia
2663 5542 2844 5596 eodem
2880 5542 2985 5597 ritu
3012 5538 3159 5612 ﬁant,
3192 5541 3325 5598 sicut
3355 5546 3475 5598 ante
3496 5540 3689 5596 dictum
3720 5543 3798 5594 est
3826 5538 3887 5592 in

2233 5611 2621 5668 consecratione
2651 5612 2875 5668 abbatis.
