4156 6196
374 292 478 348 159

1500 285 1794 341 JOANNES
1830 280 2249 339 ARCHIEPISC.
2289 278 2628 337 ROTOMAG.

3639 280 3738 336 160

365 418 515 475 sorio
543 416 613 473 de
658 418 852 472 sancto
879 412 1069 470 Laudo
1113 426 1145 467 a
1191 410 1399 482 priore,
1446 410 1531 466 vel
1576 408 2079 482 hebdomadarioA
2163 407 2226 461 ln
2252 404 2437 482 vigilia
2484 406 2782 482 nativitatis
2828 406 3063 482 Domini.
3092 409 3221 482 Ipsa
3245 405 3335 462 die
3365 410 3494 476 post
3519 406 3741 482 missam

368 495 421 555 [a
448 486 716 558 cantore],
746 487 793 543 si
842 484 999 558 deest
1028 479 1532 558 prior,__processio
1559 481 1750 558 redeat
1776 479 1835 535 in
1865 480 2007 536 cho-

364 551 505 616 rum.
540 551 812 615 Sacerdos
853 556 923 613 ad
952 551 1154 628 gradus
1200 551 1348 610 dicat
1390 565 1604 628 versum
1650 551 1761 608 Ora
1782 564 1882 622 pro
1920 566 2013 628 no-

367 631 466 696 bis,
514 630 663 687 beate
707 629 904 685 Laude.
955 622 1143 684 Oratio
1177 646 1190 681 :
1234 622 1497 696 Exsultet,
1549 637 1859 696 quassamus,
1911 624 2011 678 Do-

368 694 524 767 mine,
555 707 612 758 et
649 701 863 757 dicatur
908 698 1176 764 canendo,
1224 696 1301 751 ibi
1351 700 1409 767 et
1442 694 1646 767 ATertia
1690 694 2007 767 incipiatur.

368 764 577 848 Deinde
615 772 864 848 pulsetur
910 769 1225 848 classicum,
1249 765 1645 848 et‘incipiatur
1673 764 2010 848 missteoflj-

370 846 516 901 cium
549 864 562 900 :
593 836 681 899 Ᾱά
708 848 757 899 te
803 840 989 907 levavi,
1021 845 1149 905 etc.,
1181 838 1325 893 sicut
1352 838 1409 892 in
1438 836 1596 892 libris
1625 836 1916 893 habentur.
1947 837 2009 891 In

370 916 479 972 fine
510 914 693 971 missae
738 912 1130 969 Benedicamus.
1170 910 1320 964 Tunc
1348 908 1576 965 accedat
1602 908 1779 963 lector
1808 920 2010 963 mensae

371 1003 438 1059 ad
468 1002 674 1074 gradus
701 1006 893 1074 petens
921 997 1384 1074 benedictionem,
1417 996 1654 1051 dicendo
1686 987 1853 1074 260
1877 1001 2006 1074 ter_:_

370 1067 607 1142 Domine,
656 1067 802 1128 labia
848 1085 962 1125 mea
1009 1068 1232 1139 aperies,
1268 1068 1441 1124 choro
1489 1068 1861 1192 respondente
1895 1087 1907 1122 :
1941 1067 2011 1121 Et

372 1161 431 1192 ns
467 1160 650 1192 meum-
710 1141 976 1192 Sacerdos
1040 1139 1108 1192 ad
1192 1139 1363 1192 altare
1402 1146 1441 1192 ψ
1496 1140 1575 1192 Sa
1598 1154 1712 1192 cum
1760 1140 1846 1192 fac
1899 1152 2011 1192 ser-

372 1161 431 1201 os
467 1139 651 1201 meum.
710 1141 976 1199 Sacerdos
1040 1139 1108 1194 ad
1192 1139 1363 1195 altare
1402 1146 1441 1205 ψ
1496 1139 1712 1195 Saluum
1757 1140 1846 1209 fac
1899 1152 2012 1193 ser-

370 1231 508 1283 vum,
542 1222 673 1280 etc.,
723 1226 844 1268 cum
891 1211 1162 1276 oratione,
1197 1211 1412 1265 scilicet
1458 1212 1666 1283 Aperte,
1699 1224 2009 1283 quaesumus,

372 1279 604 1342 Domine.
660 1279 778 1340 Hoc
833 1288 1083 1352 tempore
1123 1286 1178 1337 et
1223 1296 1253 1336 a
1301 1279 1720 1350 Septuagesima’
1738 1294 1911 1350 usque
1942 1279 2011 1335 ad

373 1358 595 1422 Pascha,
626 1355 693 1410 ad
746 1355 1009 1423 majorem
1049 1353 1267 1408 missam
1314 1352 1580 1408 diaconus
1605 1358 1683 1423 _et
1720 1352 2013 1423 subdiaco-

372 1442 475 1483 nus
512 1421 712 1482 casulis
740 1421 990 1490 utu'ntur,
1050 1424 1155 1478 nisi
1200 1424 1363 1478 missa
1392 1424 1457 1478 sit
1494 1424 1563 1478 de
1593 1421 1753 1490 festo,
1788 1422 2014 1493 privatis

368 1511 497 1554 vero
528 1498 725 1554 diebus
754 1498 809 1552 in
841 1496 982 1551 albis
1009 1496 1121 1551 sint
1156 1500 1404 1563 tempore
1429 1494 1572 1559 isto;
1614 1494 1670 1548 in
1707 1494 2014 1564 Quadrage-

367 1570 504 1624 sima
559 1574 740 1625 autem
793 1567 996 1623 casulis
1054 1572 1312 1633 utantur;
1371 1564 1440 1620 ad
1498 1566 1716 1621 missam
1764 1580 1895 1621 vero
1943 1567 2009 1618 (lc

369 1639 551 1697 medio
599 1639 741 1695 festo
788 1638 872 1695 vel
920 1651 1115 1694 novem
1164 1637 1461 1693 lectionum
1509 1650 1632 1692 cum
1662 1637 1894 1693 solemni
1920 1651 2013 1706 ap-

370 1716 584 1806 paratp,
616 1711 673 1767 id
704 1715 789 1767 est
825 1709 1009 1806 tunica
1038 1716 1102 1806 et
1122 1708 1642 1806 da‘lmaticailmissae
1672 1708 2003 1806 deserviant.
2028 1748 2076 1806 Β

368 1779 596 1850 Quando
625 1795 754 1837 vero
803 1780 1002 1836 casulis
1047 1785 1293 1845 utuntur,
1343 1779 1715 1835 subdiaconus
1770 1779 2008 1836 casulam

373 1868 528 1909 suam
558 1852 845 1923 epistolam
884 1851 1127 1908 lecturus
1157 1851 1416 1923 deponat,
1444 1865 1566 1923 qua
1595 1850 1738 1923 lecta
1767 1864 1885 1906 eam
1921 1864 2014 1905 re-

373 1929 570 1980 sumat.
592 1920 898 1980 ‘Diaconus
942 1925 1093 1989 vero,
1137 1920 1267 1978 dum
1314 1920 1544 1976 Alleluia
1573 1921 1656 1977 vel
1689 1927 1897 1977 tractus
1926 1935 2017 1976 ca-

373 1997 542 2062 nitur,
576 2009 728 2051 suam
785 1994 1025 2051 casulam
1062 2008 1230 2064 super
1275 1993 1557 2048 sinistrum
1589 1992 1874 2048 humerum
1914 1992 2019 2062 pli-

374 2072 550 2151 catam
577 2066 820 2151 adaptet,
852 2066 1043 2137 sicque
1073 2078 1198 2151 eam
1220 2078 1394 2151 usque
1424 2070 1551 2133 post
1579 2065 2018 2151 communionem

375 2142 578 2207 portet,
648 2133 898 2194 dicturus
953 2133 1095 2193 ‘vero
1150 2133 1547 2207 Benedicamus,
1605 2135 1880 2207 reinduat.
1923 2133 2019 2207 _Ad

373 2205 588 2264 Sextam
618 2213 675 2266 et
700 2211 931 2275 Nonam,
981 2208 1124 2263 sicut
1171 2209 1227 2263 in
1274 2206 1451 2262 libris.
1482 2208 1543 2261 In
1569 2205 1864 2262 refectorio
1922 2205 2022 2261 ho-

375 2281 522 2351 milia
570 2282 697 2338 Cum
743 2280 1231 2351 appropinquasset.
1271 2280 1409 2334 Item
1453 2277 1594 2351 alius
1617 2291 1834 2351 _sermo
1872 2278 2022 2351 Satis

376 2350 602 2418 abunde,
667 2347 869 2422 quibus
906 2347 1114 2415 _fini’tis,
1172 2351 1220 2405 si
1281 2347 1677 2422 _opus_fuerit,
1724 2348 2023 2422 incipiatur

374 2423 559 2477 Isaias.
592 2419 986 2492 Ad'Vesperas
1036 2427 1151 2476 ant.
1184 2420 1325 2477 Sede
1369 2436 1403 2475 a
1434 2420 1659 2485 dextris,
1703 2419 1841 2489 psal.
1875 2419 2023 2474 Dixit

374 2495 646 2559 Dominus,
699 2499 807 2548 etc.
857 2492 1165 2562 Capitulum
1213 2493 1365 2546 Hora
1405 2495 1503 2562 est.
1533 2507 1580 2561 ιγ
1612 2492 1696 2562 Tu,
1714 2504 2021 2560 exsurgens.

377 2565 623 2633 Hymnus
681 2560 951 2620 Condier
1007 2566 1044 2628 ιι
1100 2565 1315 2629 Rorate,
1382 2560 1517 2615 caeli.
1560 2560 1889 2631 'Antiphona
1941 2563 2027 2619 Ne

376 2635 581 2689 timeas.
613 2634 799 2689 Oratio
829 2634 1047 2689 Excita.
1953 2647 1972 2667 ι

451 2722 555 2777 Per
582 2725 756 2778 totum
802 2722 1106 2777 Adventum
1164 2734 1291 2776 esus
1338 2720 1584 2777 camium
1632 2725 1689 2777 et
1736 2713 1871 2782 261
1931 2734 2026 2776 sa-

376 2792 600 2863 giminis
630 2793 943 2858 dimittitur,
977 2806 1170 2847 caseus
1198 2798 1254 2847 et
1281 2805 1381 2863 ova
1410 2792 1811 2849 conceduntur.

445 2864 727 2920 Dominica
778 2864 1040 2919 secunda.
1070 2865 1211 2919 Nota
1239 2862 1387 2932 quod
1414 2863 1471 2919 in
1500 2864 1703 2920 talibus
1730 2862 2030 2921 Dominicis

375 2942 435 2991 et
472 2948 667 2991 novem
707 2934 1061 3003 lectionibus,
1094 2941 1148 2989 et
1206 2934 1262 2989 in
1294 2935 1491 2990 mediis
1527 2934 1704 3005 festis,
1736 2936 1793 2990 in
1825 2936 2031 3003 Vespe-

377 3006 476 3072 ris,
535 3006 834 3072 Matutinis,
904 3013 959 3062 et
1028 3005 1326 3071 Laudibus,
1386 3010 1643 3063 cantores
1705 3006 2026 3075 septimanae

2094 476 2467 549 matutinalem
2515 478 2730 547 signum
2786 479 3009 549 capituli
3057 476 3294 534 celerius
3331 484 3387 535 et
3417 478 3744 548 productius

2092 548 2256 604 solito
2295 548 2461 621 debet
2510 549 2736 619 pulsari,
2787 548 2867 605 ut’
2899 548 3095 606 fratres
3139 549 3475 621 adinitium
3511 549 3742 621 capituli

2092 633 2286 691 omnes
2332 618 2699 691 undecunque
2745 621 2961 677 valeant
3010 620 3342 688 convenire;
3394 626 3450 676 et
3501 618 3743 691 ne'quis

2093 690 2257 774 desit,
2293 690 2470 774 pridie
2512 691 2577 774 in
2626 693 2868 774 capitulo
2917 693 3172 774 omnibps
3201 692 3603 774 denuntietur;
3631 690 3743 774 pri-

2094 762 2184 818 die
2225 762 2391 828 enim,
2443 762 2528 817 vel
2575 770 2702 819 ante
2760 765 2943 831 etiam,
2994 764 3041 819 si
3097 763 3379 819 Dominica
3438 763 3739 830 obstiterit,

2092 831 2289 888 fratres
2327 832 2614 889 raduntur.
2647 836 2759 889 Hac
2801 835 2892 891 die
2932 835 3001 891 ad
3033 835 3278 891 laetitiam
3308 840 3363 890 et
3391 835 3742 891 devotionem

2093 905 2341 960 cordium
2401 905 2904 972 demonstrandam,
2965 912 3021 961 et
3066 907 3123 961 in
3174 919 3411 961 amorem
3469 907 3747 962 venientis

2092 977 2186 1031 Dei
2242 982 2298 1031 et
2332 975 2728 1047 Redemptoris
2776 978 2950 1034 nostri
3004 979 3131 1032 Jesu
3177 976 3378 1032 Christi
3423 976 3743 1047 ﬂagrantius

2093 1046 2458 1114 excitandam,
2539 1047 2695 1103 locus
2769 1062 2880 1118 quo
2955 1047 3267 1104 denuntiari
3326 1046 3515 1103 debet
3556 1056 3745 1104 nostra

2093 1134 2424 1205 redemptio,
2484 1134 2745 1191 videlicet
2807 1136 3144 1206 capitulum,
3205 1128 3363 1197 263
3419 1150 3581 1204 quam
3644 1136 3747 1192 ho-

2093 1207 2303 1261 nestius
2349 1212 2729 1277 praeparetur;
2764 1207 2856 1263 ubi
2905 1221 3027 1263 cum
3076 1207 3251 1263 lector
3308 1208 3744 1276 pronuntiaverit

2094 1278 2285 1332 dicens
2320 1276 2363 1331 :'
2394 1279 2459 1331 In
2498 1276 2761 1332 Bethleem
2804 1279 2956 1340 Iuda:
3000 1280 3152 1333 Iesus
3183 1279 3415 1334 Christus
3459 1278 3623 1333 Filius
3653 1280 3746 1333 Dei

2092 1349 2344 1415 nascitur,
2396 1362 2586 1403 omnes
2642 1349 2825 1405 statim
2882 1352 2939 1405 in
2987 1355 3188 1405 terram
3244 1364 3305 1405 se
3346 1354 3735 1418 prosternent;

2094 1420 2355 1489 prostrati
2407 1433 2559 1485 vero,
2622 1428 2787 1489 prout
2843 1421 3063 1478 devotio
3122 1421 3373 1490 ratioque
3431 1421 3744 1487 dictaverit,

2094 1499 2334 1557 orantes,
2366 1491 2632 1546 innuente
2680 1491 2911 1561 praelato
2960 1498 3209 1563 surgant,
3241 1499 3297 1547 et
3325 1492 3503 1547 lector
3532 1491 3748 1562 reliqua

2098 1569 2479 1631 prosequatur.
2535 1564 2663 1618 Post
2709 1563 2828 1619 haec
2880 1564 3236 1633 pronuntiato
3284 1562 3598 1633 Evangelio,
3639 1565 3749 1619 sci-

2096 1635 2225 1688 licet
2253 1634 2380 1689 Cum
2419 1638 2553 1687 esset
2583 1634 2921 1703 desponsata,
2965 1634 3217 1704 lectaque
3266 1634 3452 1689 tabula
3485 1633 3748 1704 prmlatus

2098 1705 2245 1759 dicat
2291 1704 2607 1777 Benedicite.
2655 1705 2949 1777 _Tractatis
2995 1706 3165 1777 igitur
3211 1719 3334 1776 qua:
3390 1706 3448 1760 in
3482 1705 3748 1777 capitulo

2100 1775 2385 1831 tractanda
2430 1782 2577 1842 sunt,
2638 1775 2707 1830 de
2757 1778 2938 1832 missis
2994 1775 3158 1832 etiam
3213 1775 3269 1832 in
3327 1776 3623 1832 crastinum
3664 1777 3750 1833 di-

2100 1847 2310 1919 cendis,
2365 1847 2458 1919 qui
2507 1861 2601 1902 eas
2664 1846 2868 1904 dicturi
2915 1855 3042 1904 sunt
3095 1846 3231 1919 (49),
3269 1848 3528 1918 praelatus
3558 1849 3747 1918 provi-

2099 1918 2246 1973 deat.
2283 1918 2342 1972 ln
2374 1918 2480 1973 ﬁne
2510 1929 2641 1973 vero
2682 1918 2909 1989 capituli
2942 1925 3046 1975 tam
3085 1918 3249 1989 hujUs
3277 1919 3387 1975 diei
3417 1933 3579 1989 quam
3617 1926 3746 1976 octo

2098 1989 2572 2059 subsequentium,
2625 1989 2762 2058 psal.
2803 1990 3041 2046 Laudate
3069 1991 3361 2057 Dominum,
3411 2006 3585 2045 omnes
3613 2005 3745 2059 gen-

2098 2066 2195 2127 tes,
2246 2060 2479 2132 dicatur.
2530 2059 2744 2117 Abhinc
2784 2063 3082 2132 prostratio
3139 2062 3205 2117 ad
3266 2064 3443 2117 Horas
3488 2075 3598 2132 non
3630 2061 3743 2127 fiat,

2100 2131 2425 2203 hincietiam
2456 2133 2620 2188 Hora:
2668 2132 2844 2189 beatae
2892 2133 3095 2201 Maria,
3127 2133 3256 2188 hinc
3286 2132 3480 2203 psalmi
3508 2131 3746 2188 familia-

2100 2218 2191 2274 res
2220 2202 2592 2271 dimittuntur,
2641 2217 2810 2274 super
2851 2204 3026 2261 Horas
3077 2202 3430 2274 responSoria
3476 2218 3599 2259 cum
3648 2203 3749 2259 Al-

2102 2273 2259 2329 leluia
2307 2274 2598 2341 dicantur;
2653 2273 2723 2331 ut
2767 2281 2949 2332 autem
3006 2273 3281 2346 spatiatim
3344 2282 3401 2331 et
3457 2274 3753 2346 diligenter

2103 2346 2729 2471 cugctgtcompleantur,
2762 2348 2948 2403 statim
2996 2353 3122 2417 post
3151 2346 3450 2417 capitulum
3481 2346 3752 2403 lectiones

2103 2431 2171 2471 au
2214 2430 2265 2471 1a
2332 2431 2415 2471 ur.

2102 2416 2415 2472 audiantur.

2177 2488 2348 2558 Igitur
2393 2493 2520 2543 ante
2570 2489 2789 2544 missam
2820 2490 2924 2544 rite
2956 2490 3279 2559 praeparatis
3308 2487 3585 2554 omnibus,
3627 2502 3751 2558 quae

2104 2558 2437 2615 intrinsecus
2486 2559 2598 2614 sive
2646 2560 2992 2616 extrinsecus
3039 2560 3397 2630 prmparanda
3443 2566 3592 2625 sunt,
3624 2566 3749 2614 ante

2106 2630 2325 2702 missam
2363 2635 2539 2686 totum
2584 2630 2873 2687 classicum
2921 2631 3187 2702 pulsetur.
3238 2631 3320 2686 Ad
3362 2632 3502 2685 hanc
3532 2630 3747 2686 missam

2106 2701 2367 2775 sacerdos
2394 2702 2699 2775 honorifice
2747 2701 3028 2770 induatur,
3062 2703 3347 2775 diaconus
3363 2702 3434 2775 sit
3462 2703 3519 2757 in
3549 2702 3751 2775 dalma-

2106 2773 2235 2840 tica,
2269 2773 2641 2829 subdiaconus
2688 2774 2743 2829 in
2793 2774 2977 2830 tunica
3010 2795 3021 2829 :
3056 2772 3231 2830 totum
3262 2772 3497 2829 officium
3557 2772 3749 2828 festivo

2108 2844 2469 2914 persolvatur,
2538 2845 2864 2904 submissius
2912 2852 3091 2901 tamen
3149 2858 3311 2915 quam
3384 2844 3441 2899 in
3509 2845 3753 2899 crastino

2108 2936 2379 2989 cantetur.
2428 2933 2509 2989 Ad
2558 2934 2797 3002 missam,
2848 2934 3087 2992 ofﬁcium
3133 2935 3305 2990 Hodie
3353 2924 3513 2993 264
3555 2932 3749 2987 scietis.

2108 3005 2297 3079 Qratio
2326 3007 2485 3072 Deus,
2518 3007 2620 3079 _qui
2664 3021 2760 3079 nos
2806 3008 3193 3079 redemptionis.
3241 3006 3441 3079 Lectio
3480 3005 3539 3079 in
3573 3004 3753 3079 supel-

377 3066 584 3132 debent
614 3066 831 3145 primas
855 3076 1185 3147 antiphonas
1212 3066 1496 3147 inchoare,
1529 3083 1585 3132 et
1613 3066 1845 3134 caeteras
1873 3089 2028 3133 com-
2046 3066 2089 3128 Ο
2110 3075 2240 3131 licio
2270 3066 2483 3147 legatur
2513 3066 2659 3132 inter
2687 3077 2915 3134 chorum
2946 3066 3002 3134 et
3024 3078 3215 3143 altare,
3248 3090 3372 3146 quae
3398 3076 3479 3131 sic
3508 3066 3703 3147 incipit
3735 3095 3747 3130 :

379 3147 640 3202 mendare
697 3146 1108 3214 descendendo,
1140 3161 1172 3202 a
1201 3146 1514 3203 senioribus
1544 3153 1662 3214 [ms.
1689 3148 2024 3217 junioribus]

378 3218 729 3287 incipientes.

451 3289 688 3345 Sabbato
733 3289 977 3355 Quatuor
1021 3289 1371 3358 Temporum,
1430 3288 1624 3344 eodem
1671 3288 1762 3344 die
1792 3288 1860 3345 ad
1889 3290 2024 3346 mis-

379 3373 495 3415 sam
551 3359 792 3416 ofﬁcium
873 3360 1000 3414 Veni
1061 3365 1110 3415 et
1187 3359 1417 3414 ostende.
1493 3361 1789 3416 Sciendum
1844 3368 2026 3416 autem

380 3431 551 3500 quod,
585 3445 709 3487 cum
756 3435 882 3486 ante
912 3430 1212 3500 Epistolam
1260 3430 1516 3486 dicantur
1562 3432 1665 3487 hac
1695 3431 1785 3487 die
1814 3433 2029 3488 oratio-

381 3516 497 3567 nes,
523 3503 579 3557 in
613 3502 762 3558 nulla
792 3502 997 3557 dicitur
1015 3503 1265 3557 Dominus
1288 3501 1569 3571 vobiscum,
1600 3503 1705 3558 nisi
1735 3503 1793 3558 in
1815 3502 2024 3570 ultima,

380 3574 595 3644 scilicet
621 3575 781 3639 Deus,
832 3574 921 3644 qui
957 3573 1121 3631 tribus
1166 3573 1361 3644 pueris.
1405 3575 1518 3629 Hac
1566 3574 1656 3629 die
1688 3580 1744 3630 et
1772 3575 2028 3631 omnibus

379 3643 631 3701 Sabbatis
666 3643 911 3712 QuatuOr
955 3643 1302 3716 Temporum,
1337 3649 1393 3700 et
1443 3645 1691 3713 Paschaa,
1742 3652 1797 3701 et
1827 3648 2030 3702 Pente-

380 3722 583 3780 costes,
634 3716 728 3786 qui
775 3716 844 3771 ad
894 3717 1112 3773 missam
1154 3716 1427 3773 lectiones
1454 3716 1539 3773 vel
1570 3722 1778 3773 tractus
1824 3717 2027 3774 dicturi

380 3793 528 3851 sunt.
570 3786 626 3841 in
682 3786 868 3842 tabula
924 3801 1083 3843 cerea
1139 3788 1333 3857 scripti
1392 3788 1648 3857 primitus
1701 3790 2024 3856 recitentur,

381 3873 505 3928 qua:
535 3858 741 3928 tabula,
773 3858 850 3911 ita
879 3857 1044 3914 debet
1074 3858 1214 3913 fieri.

454 3927 630 3983 Hodie
659 3928 728 3982 ad
757 3928 996 3983 missam.

452 3997 687 4070 Primam
707 3998 1003 4055 lectionem
1023 3998 1178 4070 talis,
1199 3999 1413 4055 scilicet
1441 4012 1585 4055 unus
1607 3999 1677 4055 de
1692 4000 2026 4070 junioribus.

454 4068 758 4125 Secundam
1135 4069 1294 4137 alius,
1336 4068 1708 4127 ascendendo.

455 4139 692 4196 Tertiam
1141 4140 1303 4196 alius.

454 4212 709 4279 Quartam
1136 4211 1296 4268 alius.

454 4281 686 4352 Angelus
722 4281 951 4350 Domini,
1134 4297 1278 4356 unus
1338 4282 1407 4339 de
1457 4282 1809 4356 senioribus,
1858 4297 2031 4356 usque

1130 4355 1199 4411 ad
1228 4354 1268 4416 ψ
1295 4354 1606 4412 Benedictus
1636 4370 1711 4412 es.

455 4427 709 4483 Tractum
737 4425 1048 4483 Benedictus
1076 4440 1153 4495 es,
1184 4426 1316 4483 duo.

455 4517 701 4583 Quatuor
726 4514 973 4587 gradalia
1000 4529 1124 4571 cum
1152 4515 1403 4571 versibus
1443 4515 1559 4571 suis
1585 4515 1845 4573 similiter
1874 4508 2029 4578 262

2105 3149 2236 3220 Haec
2281 3146 2702 3220 didthominus
2746 3151 2905 3205 Deus.
2970 3151 3192 3220 Propter
3237 3148 3381 3204 Sion.
3422 3149 3538 3213 Qua
3560 3146 3750 3220 Afinita,

2107 3218 2289 3290 statim
2327 3218 2583 3290 iEpistola
2629 3220 2927 3290 incipiatur
2977 3241 2988 3276 :
3045 3216 3240 3275 Paulus
3303 3232 3482 3290 servus
3539 3216 3749 3290 Christi.

2107 3287 2394 3345 Graduale’
2421 3290 2593 3345 Hodie
2637 3287 2832 3358 scietis,
2871 3306 2903 3346 a
2954 3291 3171 3347 duobus
3218 3291 3274 3345 in
3323 3288 3515 3360 cappis
3560 3287 3753 3343 sericis

2109 3366 2382 3429 cantatur,
2470 3369 2527 3416 et
2597 3362 2944 3432 reincipitur.
3014 3361 3360 3432 Evangelium
3427 3362 3552 3432 Cum
3615 3363 3751 3432 esset

2109 3432 2444 3499 desponsata,
2495 3445 2618 3488 cum
2657 3430 3003 3491 candelabris
3040 3438 3096 3488 et
3125 3430 3372 3488 incenso.
3403 3430 3751 3487 Offertorium

2116 3501 2298 3574 Tollite
2321 3508 2526 3574 portas.
2575 3505 2896 3562 Communio
2944 3504 3291 3560 Revelabitur.
3344 3502 3540 3574 lnﬁne
3569 3501 3752 3574 missae

2111 3571 2338 3645 nullum‘
2367 3574 2579 3645 signum
2622 3575 2890 3645 pulsetur,
2923 3576 3020 3631 sed
3061 3582 3186 3645 post
3214 3576 3375 3630 breve
3404 3571 3748 3629 intervallum

2109 3644 2219 3701 duo
2249 3646 2318 3701 de
2343 3644 2647 3718 majoribus
2676 3647 2847 3718 signis
2876 3646 2944 3703 ad
2973 3644 3203 3703 Nonam.

2181 3717 2241 3772 In
2271 3716 2566 3774 refectorio
2596 3715 2882 3774 Cum'esset
2912 3719 3249 3789 desponsata,
3290 3715 3489 3772 deinde
3517 3727 3699 3789 sermo
3733 3733 3747 3767 :

2108 3789 2451 3845 Nativitatem
2500 3790 2736 3855 Domine,
2787 3796 2893 3846 etc.
2942 3786 3018 3845 De
3059 3789 3245 3859 regula
3274 3795 3462 3844 nostra
3489 3786 3701 3842 scilicet
3734 3805 3747 3838 :

2109 3860 2245 3914 Ante
2288 3860 2481 3926 omnia,
2525 3860 2720 3930 fratres
2765 3860 3077 3928 charissimi,
3119 3859 3370 3929 diligatur
3416 3860 3573 3924 Deus,
3626 3869 3750 3930 quae

2111 3944 2211 3999 per
2255 3925 2638 4002 septimanam,
2664 3932 2832 3987 semel
2880 3947 2948 3989 ex
2992 3925 3273 4002 praecepto
3320 3931 3553 4002 legitur;
3602 3925 3753 4002 quod

2111 3946 2211 3999 per
2255 3946 2613 4000 septimanam
2664 3946 2832 3987 semet
2880 3947 2948 3989 ex
3032 3946 3273 4001 raacepto
3320 3946 3553 4002 legitur;
3642 3946 3753 3982 uou

2111 4006 2326 4081 restat,_
2352 4001 2530 4081 pridie
2577 4001 2645 4057 ad
2668 4016 2899 4081 _cmnam
2927 3946 3026 4059 vel)
3041 4009 3188 4071 ante,
3223 4003 3367 4081 utin
3399 3946 3754 4081 quartaieria

2112 4076 2239 4127 ante
2289 4072 2516 4145 Pascha,
2566 4073 2920 4145 perlegatur;
2990 4081 3170 4131 tamen
3236 4073 3376 4129 infra
3434 4078 3653 4145 octavas
3700 4072 3755 4145 _si

2114 4156 2255 4216 opus
2328 4141 2493 4199 fuerit
2546 4141 2615 4199 ad
2673 4141 3113 4216 cténam'potest
3158 4145 3287 4215 legi,
3339 4150 3394 4199 et
3439 4142 3668 4199 maxime
3696 4141 3756 4196 in

2113 4214 2374 4293 Sabbatp,
2405 4215 2452 4270 si
2483 4223 2853 4293 opportunum
2884 4214 3070 4293 fuerit.
3128 4287 3144 4293 _
3220 4214 3235 4215 ί
3295 4287 3305 4293 _
3420 4285 3452 4293 __
3618 4284 3630 4293 ,
3713 4282 3725 4293 ,

2184 4285 2265 4357 Ad
2314 4284 2601 4357 Vesperas,
2652 4289 2883 4357 primum
2940 4289 3051 4345 duo
3112 4287 3181 4344 de
3234 4285 3542 4343 minoribus
3585 4284 3759 4357 signis

2116 4354 2437 4427 pulsentur;
2478 4354 2745 4427 secundo,
2800 4361 2966 4416 tertio
3028 4365 3083 4415 et
3137 4364 3354 4429 quarto,
3397 4358 3508 4412 duo
3550 4354 3757 4429 et_duo

2046 4400 2097 4458 Β
2113 4400 2436 4485 ἕίὶἶῖζιῖἱιί
2478 4400 2965 4500 ”ὖέἱ““ἷ›ἲέιίῆῖείἱι“,”
2991 4400 3083 4487 εἴ
3103 4400 3760 4500 άὲἶτῖὰζόὦῖιῖεζϊιιιετ

2112 4500 2268 4583 signa
2297 4500 2438 4567 haec,
2498 4498 2682 4558 omnia
2730 4503 3017 4558 luminaria
3066 4502 3315 4558 ecclesiae
3355 4498 3757 4563 accenduntur,

2115 4572 2329 4627 scrltcet
2377 4572 2445 4628 ad
2492 4574 2696 4628 gradus
2741 4574 2895 4628 chori
2935 4587 3185 4628 magnum
3216 4570 3606 4628 candelabrum
3636 4580 3757 4623 cum

2115 4586 2329 4627 SClllcel
2377 4587 2407 4627 a

384 4570 689 4645 caseum;
726 4570 999 4643 sedendo.
1046 4570 1323 4642 mam
1350 4570 1834 4658 ’[m;,“maus1‘
1857 4570 2031 4643 ῖεῑιεῖ
2115 4570 2329 4658 scilicet
2377 4572 2445 4628 ad
2492 4574 2696 4658 ετθάμξ
2741 4574 2895 4658 cum
2935 4570 3606 4658 magnum,9andelal>f}ly
3631 4580 3761 4658 ,9le

385 4640 665 4727 ἆξᾶίζξέξ
709 4640 1543 4731 (ᾖδ’ᾗᾶίςςέρἀέξέῇριῖάβέιι
1567 4640 1814 4731 έῖιῇέίιῖδὲ
1842 4640 2034 4716 ἦξέίιε
2115 4649 2327 4714 septem
2374 4640 2570 4713 cereis,
2619 4646 2766 4701 inter
2794 4640 3332 4731 chorum'e_t‘a_ltare
3379 4647 3589 4731 septem
3630 4640 3764 4731 lam-

387 4724 672 4799 repetente
729 4733 799 4788 Et
855 4724 1157 4787 laudabilis.
1194 4724 1270 4785 ’ln
1318 4724 1834 4801 fine'reincipiatur
1861 4733 2035 4786 Bene-
2119 4732 2308 4802 pades,
2340 4737 2466 4788 ante
2496 4735 2671 4804 majus
2698 4734 2870 4790 altare
2899 4739 3013 4790 tres
3062 4724 3223 4794 265
3262 4732 3409 4788 cerei
3440 4730 3497 4785 in
3529 4728 3760 4796 bacinis,

388 4800 556 4855 dictus
592 4817 668 4856 es.
713 4804 942 4859 Tractus
988 4802 1090 4869 Qui
1137 4802 1298 4869 regis,
1347 4802 1416 4857 ab
1463 4806 1699 4869 utroque
1749 4802 1921 4859 choro
1961 4802 2038 4857 al-
2119 4804 2267 4859 circa
2296 4804 2614 4862 crucifixum
2666 4811 2903 4869 quatuor
2946 4807 3118 4869 cerei,
3167 4818 3265 4869 per
3311 4801 3525 4869 singula
3571 4799 3763 4855 altaria

389 4816 556 4855 atcms
592 4817 668 4856 es.
713 4816 942 4859 tractus
988 4816 1090 4869 υια
1137 4816 1298 4871 regis,
1347 4816 1416 4857 an
1463 4816 1699 4872 utroque
1749 4816 1921 4859 cnoro
1961 4816 2038 4857 al-
2119 4818 2267 4859 circa
2296 4816 2614 4862 crucmxum
2666 4816 2903 4875 quatuor
2946 4816 3118 4874 cerei,
3166 4818 3265 4874 per
3311 4816 3525 4873 Sngllla
3571 4816 3763 4855 altaria

389 4871 946 4960 perpetimAcanLtetur,
970 4872 1557 4960 primoversuieggilla
1585 4874 2036 4960 pagrteii‘pcmpto,
2120 4875 2325 4960 singuli
2354 4878 2521 4933 cerei.
2573 4878 2690 4960 Duo
2736 4877 2793 4933 in
2840 4877 3031 4960 cappis
3067 4875 3763 4960 sericischorumregagt.

390 4946 724 5024 qua'cantor
768 4943 1232 5024 hebdomadarius
1269 4944 1563 5002 exstiterit.
1614 4946 1674 5000 In
1718 4943 2034 5012 refectorio,
2120 4943 2476 5024 antiphonam
2516 4949 2770 5024 primam
2806 4943 3068 5024 praelatus
3104 4946 3367 5024 incipiat,
3394 4957 3582 5024 ‘qpam
3626 4954 3766 5024 can:-

392 5012 608 5097 lec}i9,3
630 5014 794 5097 ,Αηηο
824 5016 998 5097 αυξηεο
1029 5017 1247 5074 deamo-
1272 5088 1287 5097 _
1384 5088 1435 5097 __
1551 5086 1597 5097 η
1675 5091 1685 5097 _
1778 5087 1815 5097 __
1932 5092 1940 5097 _
2121 5026 2212 5075 tor
2239 5012 2434 5097 dexter
2478 5012 2861 5097 eidempriori
2889 5020 3162 5097 imponit,
3195 5012 3559 5097 scilicet—Rea:
3580 5012 3769 5097 pacifi-

463 5084 794 5163 Antiphopte
834 5083 936 5163 ’0_,_
988 5101 1151 5163 _qua3_
1221 5088 1289 5145 ad
1370 5086 1685 5163 Magniﬁcat
1761 5087 2035 5163 dicantur,
2122 5105 2234 5156 cus,
2288 5091 2426 5163 psal.
2473 5083 2731 5159 Laudate,
2747 5091 2919 5163 pueri.
2968 5083 3603 5163 Caeterasantiphonas:
3631 5083 3771 5140 inci-

463 5100 794 5213 anupnonze
870 5100 936 5152 υ,
1015 5101 1139 5156 qua;
1221 5100 1289 5145 ad
1370 5100 1685 5158 Mcgmpcat
1761 5100 2035 5155 dicantur,
2122 5105 2234 5156 cus,
2288 5100 2426 5163 psal.
2473 5100 2919 5163 Laudate,pueri.
2968 5100 3209 5148 caeteras
3254 5100 3583 5158 anupnonas
3631 5100 3771 5140 incr-

399 5152 462 5233 l'_7
490 5159 589 5233 “lia
617 5198 631 5212 .
695 5156 948 5233 Januarii
984 5157 1357 5233 incipiantur,
1393 5164 1449 5216 et
1496 5159 1552 5214 in
1608 5160 1865 5233 Yesperis
1915 5166 2041 5215 ante
2125 5162 2277 5232 piant
2314 5165 2571 5233 majores,
2631 5163 2774 5218 sicut
2832 5168 2960 5220 sunt
3014 5164 3071 5218 in
3137 5160 3351 5226 ordine,
3407 5157 3695 5233 impositas
3738 5168 3771 5233 _a

394 5225 631 5305 vigiliam
680 5229 982 5305 nativitatis
1022 5225 1237 5305 Domini
1267 5225 1550 5305 finiuntur.
1600 5225 1860 5305 Nonnulli
1892 5235 2044 5301 post-
2125 5225 2467 5305 regentibus,
2497 5225 2746 5305 chorum.
2819 5234 3129 5305 Capitulum
3195 5225 3564 5305 Pr0pter__lioc
3619 5227 3771 5305 sciet.

396 5295 557 5368 quam
607 5300 705 5380 has
733 5300 1099 5380 __antiphona_s_
1148 5300 1478 5380 increperint
1533 5295 1934 5380 prostrationes
1988 5309 2044 5359 et
2125 5295 2386 5380 praelatus
2416 5304 2563 5360 dicat
2610 5304 2676 5380 in
2714 5295 3114 5380 cappa‘serica,
3146 5295 3534 5380 assistentibus
3562 5295 3775 5380 cerofe-

397 5383 594 5445 preces
629 5372 686 5428 in
733 5372 989 5445 Vesperis
1037 5371 1371 5445 dimittunt:
1423 5390 1454 5431 a
1508 5371 1672 5432 nobis
1735 5387 1864 5430 vero
1932 5387 2042 5430 non
2126 5371 2305 5431 rariis.
2342 5371 2862 5445 Responsorium'b
2907 5378 3069 5445 Iuda,
3102 5371 3215 5432 tres
3243 5377 3468 5431 cantent
3495 5373 3553 5428 in
3584 5371 3777 5445 cappis

304 5475 314 5495 .
399 5440 799 5520 dimittuntur,_
822 5440 919 5520 sed
963 5444 1193 5520 solitum
1239 5459 1458 5520 cursum
1507 5446 1877 5517 exsequimur,
1911 5459 2044 5516 qua-
2127 5446 2333 5520 rubeis.
2383 5440 2653 5518 Hy‘mnum
2711 5450 2853 5517 Veni,
2903 5440 3231 5520 Redeinptor,
3265 5450 3579 5520 praecentor
3629 5441 3776 5520 inci-

402 5527 521 5569 rum
555 5516 725 5584 prima
754 5515 834 5571 sic
865 5516 1061 5589 incipit
1094 5536 1106 5571 :
1142 5516 1188 5572 Ο
1214 5517 1493 5587 sapientia,
1525 5523 1632 5575 etc.
1655 5512 1673 5517 “
1928 5512 1947 5516 ⁷
2127 5517 2227 5586 pit.
2277 5518 2415 5573 Nota
2436 5512 2451 5518 ⁷
2472 5520 2619 5589 quod
2677 5512 2990 5591 ubicunque
3046 5512 3120 5575 sit
3173 5512 3500 5588 septimana,
3550 5512 3776 5584 quando

478 5611 594 5685 (49)
632 5614 774 5686 Ergo
804 5627 915 5671 non
944 5616 1090 5673 idem
1119 5614 1382 5672 sacerdos
1411 5615 1598 5685 plures
1625 5616 1819 5673 missas
1856 5613 2190 5673 celebrabat.
