4156 6196
452 317 550 373 163

1546 310 1839 367 JOANNES
1874 309 2290 371 ABCHIEPISC.
2331 306 2664 365 ROTOMAG.

3705 303 3813 359 164.

443 442 621 497 donec
649 435 801 510 quod
830 435 1047 510 canitur
1085 434 1332 503 finiatur;
1357 434 1432 510 _a_d
1461 434 2338 510 _quam_prpcessionemAsuisti,_
2385 432 2621 510 Domine,
2670 442 2833 501 quem
2872 427 3312 510 praelatusrdicit:
3354 428 3798 510 adBenedicius,

441 498 1100 578 dicatur'rcsponsorium
1138 498 1413 569 Descendit
1442 498 1507 560 de
1534 498 1695 578 cretis.
1730 507 1788 561 In
1839 508 2075 563 statione
2136 498 2269 563 ant.
2303 498 2459 576 Impii
2488 498 2664 574 super,
2687 498 2867 578 quam
2895 499 3152 578 praelatus
3197 500 3304 555 sibi
3355 498 3589 557 delatam
3622 514 3660 578 a_
3683 500 3797 578 dia:

442 581 694 640 ecclesiae
749 576 945 650 incipit
1010 584 1321 650 praecentor
1375 576 1783 650 responsorium
1847 578 2077 650 Verbum

442 669 591 721 caro,
635 658 750 709 tres
778 653 832 707 in
865 648 1076 721 pulpito
1120 662 1334 721 versum
1364 648 1548 703 dicant
1578 650 1641 702 In
1682 649 1960 721 principio.
1993 650 2074 706 Ad

442 719 727 783 intraitum
783 719 1254 791 chori’praelatus
1307 719 1552 791 imponat
1632 719 1984 790 antipho’nam
2046 735 2074 775 a

442 802 668 854 cantore
697 795 801 850 sibi
848 789 1081 848 delatam
1130 791 1297 846 Hodie
1334 789 1564 845 Christus
1609 789 1763 846 natus
1810 797 1905 859 est,
1951 797 2079 862 post

442 869 561 925 haec
601 865 879 938 praelatus,
910 863 1265 934 pronuntiato
1311 874 1491 929 versu,
1531 862 1949 938 Ipse‘invocarii
1974 879 2073 931 me,

441 934 618 995 dicat'
644 936 945 993 orationem
1003 938 1104 997 Da,
1163 947 1470 1004 qutesumus,
1531 934 1848 1004 omnipotens
1910 936 2069 990 Deus.

440 1012 590 1066 Tunc
637 1007 886 1077 pulsetur
930 1002 1236 1077 classicum.
1291 1002 1540 1077 Ofﬁcium
1595 1002 1733 1077 Puer
1776 1009 1930 1077 natus
1975 1011 2073 1070 est,

437 1073 794 1152 Hyrie—Deus
823 1081 1029 1152 creator
1077 1074 1319 1152 omnium.
1342 1073 1554 1152 ‘Gloria
1579 1076 1656 1152 _in
1701 1075 1929 1152 eatcelsis
1965 1079 2073 1152 Deo

445 1146 686 1219 a'tribus
728 1149 783 1204 in
836 1147 1024 1218 cappis
1069 1146 1283 1219 sericis.
1332 1146 1520 1201 Oratio
1563 1146 1814 1219 Concede.
1864 1148 2073 1219 Lectio,

440 1216 660 1294 Propter
686 1220 781 1276 hoc
818 1216 955 1274 sciet
980 1216 1223 1289 populus,
1256 1217 1313 1271 in
1342 1230 1515 1286 cappa
1552 1217 1727 1272 serica
1755 1218 1810 1272 in
1862 1218 2074 1288 pulpito

440 1311 673 1387 legatur,
714 1322 844 1387 _qua_
881 1306 1035 1387 ﬁnita
1080 1309 1265 1387 statim
1312 1297 1795 1387 Epistola:_272_
1824 1306 2072 1387 hiultifa-

436 1376 535 1449 rte,
568 1376 674 1437 etc.
706 1376 972 1435 Graduale
1000 1392 1032 1432 a
1062 1376 1281 1449 duobus
1307 1376 1363 1431 in
1402 1376 1676 1449 cappisin
1705 1377 1917 1447 pulpito
1947 1376 2077 1434 can-

440 1446 587 1510 tetur
626 1451 892 1517 Viderunt,
953 1455 1008 1504 et
1054 1447 1431 1516 reincipiatur.
1471 1446 1719 1516 Alleluia,
1763 1446 1887 1505 Dies
1941 1465 2072 1504 san-

438 1524 714 1595 ctiﬁcatus,
745 1520 949 1595 ibidem
980 1519 1208 1595 atribus
1237 1520 1292 1573 in
1319 1518 1531 1595 cappis.
1560 1520 1854 1595 sequentia
1885 1520 2074 1576 Christi

438 1589 713 1658 hodierna,
740 1591 958 1662 interim
989 1590 1098 1662 duo
1130 1589 1199 1645 de
1227 1590 1526 1662 majoribus
1552 1590 1725 1662 signis
1765 1591 2069 1662 pulsentur.

509 1664 738 1732 Quando
767 1661 1033 1732 festivitas
1059 1660 1183 1728 ista,
1225 1660 1309 1717 vel
1337 1660 1444 1732 alia
1471 1661 1682 1732 Duplex
1711 1660 1779 1718 in
1793 1664 2075 1719 Dominica

2158 590 2299 634 cono
2331 571 2772 644 ca’ntum‘agente
2798 571 3062 644 incipiat.
3102 572 3254 644 Tunc
3291 579 3378 626 eat
3416 572 3699 644 processio
3729 572 3796 644 ad

2156 648 2349 713 altare,
2406 642 2635 703 interim
2676 643 2937 714 praelatus
2966 645 3139 711 majus
3167 642 3337 714 altare
3379 650 3434 714 et
3481 643 3797 709 matutinale

2157 712 2424 785 incenset,
2458 722 2647 788 postea
2677 712 2846 788 altare
2877 714 3019 769 beati
3053 712 3353 788 Stephani;
3395 713 3549 788 linito
3590 714 3799 788 psalmo

2155 785 2487 854 Benedictus,
2547 794 2603 844 et
2636 786 2957 856 antiphona,
2989 786 3240 855 sequitur
3286 786 3463 841 oratio
3515 788 3599 842 Da
3627 785 3795 851 nobis,

2158 875 2487 933 quwsumus,_
2533 858 2769 933 Domine,
2828 857 3045 912 diaconi
3074 877 3097 933 :_
3127 856 3502 933 Benedicamus
3554 857 3795 912 Domino.

2157 926 2217 988 in
2247 934 2426 991 reditu
2457 931 2525 985 de
2551 929 2843 1003 Nativitate
2873 928 3135 1003 memoria
3174 926 3388 1003 Verbum
3418 942 3561 1003 caro
3599 933 3798 1003 factum

2156 1011 2251 1061 est.
2303 1002 2342 1063 ψ
2388 1001 2698 1059 Benedictus
2745 999 2831 1070 qui
2885 1001 3040 1055 venit.
3073 1000 3148 1054 De
3206 999 3364 1054 beata
3416 999 3610 1070 Maria'
3639 1000 3796 1068 Virgo

2155 1075 2329 1131 verbo.
2361 1072 2400 1136 ᾖ
2429 1076 2553 1129 Post
2586 1069 2815 1145 partum.
2865 1071 3051 1145 Oratio
3080 1072 3239 1138 Deus,
3274 1071 3362 1141 qui
3395 1069 3601 1138 salutis,
3642 1084 3798 1127 cero-

2154 1146 2342 1205 ferarii
2371 1142 2704 1214 subjungant
2731 1142 3131 1197 Benedicamus.

2226 1233 2472 1291 Ofﬁcium
2511 1232 2579 1288 ad
2622 1231 2839 1286 missam
2869 1231 3076 1286 Etenim
3100 1230 3363 1285 sederunt.
3407 1221 3561 1291 275
3603 1232 3788 1301 Kyrie,

2157 1306 2406 1363 Conditor
2458 1318 2490 1359 a
2536 1303 2752 1359 duobus
2797 1303 2855 1358 in
2900 1302 3092 1371 cappis
3132 1306 3401 1357 cantetur.
3456 1302 3699 1371 Epistola
3734 1301 3792 1359 in

2157 1377 2369 1447 pulpito
2426 1374 2721 1447 Stephanus
2757 1372 2938 1447 plenus
2981 1373 3155 1447 gratia
3202 1377 3250 1428 et
3281 1372 3623 1447 fortitudine.
3666 1375 3793 1447 Gra-

2157 1443 2339 1515 dualc,
2397 1443 2647 1513 Alleluia,
2714 1443 2770 1501 et
2842 1443 3192 1515 Evangelium
3247 1443 3501 1500 similiter
3554 1443 3612 1499 in
3676 1444 3797 1514 pul-

2194 1520 2295 1585 ito,
2331 1522 2439 1574 etc.

2158 1534 2307 1646 1)le
2331 1534 2645 1659 eiiisperas,
2685 1594 2800 1643 ant.
2845 1588 3032 1643 Tecum
3075 1586 3407 1659 principium,
3458 1586 3596 1659 psal.
3642 1587 3795 1643 Dixit

2154 1662 2423 1728 Dominus,
2466 1657 2604 1727 etc.,
2639 1663 2699 1713 ut
2746 1671 2931 1727 supra,
2982 1657 3279 1726 capitulum
3326 1657 3643 1728 Stephanus.
3674 1674 3723 1728 ty
3751 1659 3797 1715 0

438 1727 980 1823 ρεέἷμιτὶιηιη’ίιηιιιῐιΔ
1008 1731 1102 1823 fiat
1146 1727 1287 1814 aqua
1331 1727 1624 1823 benedicta
1669 1734 1737 1789 ab
1781 1734 2475 1823 hebdqma-Bmartya‘um,‘
2513 1727 3241 1823 hymnus‘DeusA'tuoLum.:Z
3283 1728 3467 1823 Gloria
3494 1735 3547 1811 ei
3578 1729 3792 1823 honore,

439 1807 618 1873 dario,
675 1798 884 1874 et'ipse
934 1802 1116 1858 statim
1171 1798 1402 1875 incipiat
1451 1804 1708 1875 Tertiam,
1768 1820 1891 1875 quae
1942 1798 2623 1875 dum”ant.'Patefact’wA
2654 1806 2794 1867 sunt,
2842 1799 2981 1870 psal.
3013 1798 3341 1875 Magniﬂcat,
3384 1800 3794 1875 interimpraa-

439 1872 658 1941 canitur
678 1872 827 1931 vadit
855 1888 978 1930 cum
1007 1887 1165 1943 aqua:
1210 1872 1393 1944 bajulo
1424 1888 1523 1943 per
1550 1872 1819 1943 ofﬁcinas,
1851 1883 1906 1932 et
1933 1877 2075 1932 soli—

437 1955 523 2013 tas
568 1948 808 2017 complet
854 1945 1269 2017 observantias,
1299 1950 1488 2017 postea
1536 1946 1594 2001 in
1624 1946 1852 2003 chorum
1884 1948 2072 2004 horam

437 2014 1129 2089 ﬂniturus’revcrtitur._ln
1159 2014 1369 2089 talibus,
1389 2015 1545 2073 festis
1582 2031 1773 2074 omnes
1811 2021 1905 2089 qui
1936 2019 2076 2075 mis-—

437 2105 528 2147 sas
566 2104 676 2147 non
725 2095 947 2145 cantant
994 2087 1061 2142 ad
1102 2088 1539 2159 communionem
1569 2089 1792 2157 vadunt,
1828 2087 2072 2159 exceptis

436 2161 549 2225 illis
577 2161 671 2231 qui
711 2173 813 2231 pro
860 2159 1041 2231 aliqua
1083 2158 1400 2231 rationabili
1441 2173 1604 2231 causa
1644 2161 1899 2218 consulto
1931 2158 2070 2231 prm-

436 2232 548 2289 lato
577 2230 636 2287 se
656 2232 952 2296 abstinent,
984 2230 1065 2285 sic
1093 2230 1254 2285 etiam
1275 2231 1331 2285 in
1363 2230 1615 2288 omnibus
1645 2230 1960 2291 Dominicis.

505 2303 814 2360 Notandum
861 2308 1040 2356 autem
1093 2301 1241 2370 quod
1299 2301 1519 2372 quando
1567 2302 1829 2372 quaelibet
1866 2303 2072 2360 festivi-

435 2377 606 2429 tatum
643 2373 944 2444 duplicium
1002 2373 1056 2427 in
1101 2372 1308 2444 quibus
1344 2373 1604 2443 praelatus
1642 2375 1858 2431 missam
1906 2375 2072 2431 debet

435 2443 736 2513 celebrare,
785 2446 842 2500 in
903 2443 1180 2499 Dominica
1236 2445 1501 2510 occurrit,
1550 2444 1864 2502 benedictio
1904 2460 2073 2513 super

434 2515 697 2573 lectorem
753 2514 1239 2571 hebdomadarium
1287 2516 1355 2570 ad
1422 2515 1639 2570 missam
1697 2514 2068 2573 matutinalem

436 2586 795 2670 dabitur."1n
842 2584 1137 2670 refectorio
1189 2584 1375 2670 lectio.
1401 2588 1467 2641 In
1521 2586 1802 2670 principio,
1868 2588 2069 2645 deinde

435 2671 617 2714 sermo
685 2658 799 2712 νοω
852 2655 1142 2727 spiritualis
1213 2655 1452 2727 Aquilae,
1514 2655 1569 2711 et
1631 2655 1723 2714 alii
1788 2674 2071 2716 sermones

436 2742 537 2802 per
582 2727 939 2802 septimanam
985 2731 1349 2796 assumantur,
1404 2740 1527 2784 cum
1559 2742 1698 2799 opus
1726 2727 1913 2797 fuerit,
1945 2737 2072 2802 post

432 2796 721 2871 Evangelia
749 2799 981 2855 dierum.

502 2869 611 2926 Ad"
647 2872 914 2941 Vesperas
972 2870 1127 2941 signa
1182 2869 1327 2926 sicut
1390 2870 1445 2925 in
1510 2870 1694 2942 vigilia
1752 2871 2067 2941 pulsantur,

2153 1875 2296 1932 latus
2349 1870 2524 1943 majus
2577 1872 2747 1929 altare
2803 1878 2859 1926 ct
2914 1870 3231 1927 matutinale
3284 1871 3554 1927 incenset.
3604 1872 3793 1928 Oratio

2152 1949 2237 2002 Da
2264 1942 2443 2011 nobis,
2480 1944 2716 2010 Domine,
2757 1957 3067 2014 quaesumus,
3098 1943 3386 2014 Cantores
3409 1948 3522 1999 tres
3569 1942 3623 1998 in
3672 1957 3797 2014 cap-

2154 2018 2243 2089 pis
2296 2015 2671 2089 Benedicamus
2708 2014 2963 2089 Domino.
3012 2015 3162 2089 Tunc
3200 2013 3518 2089 sacerdotes
3543 2021 3679 2089 tres
3724 2013 3794 2089 de

2152 2084 2467 2145 senioribus
2495 2084 2575 2142 ad'
2592 2084 2794 2157 gradus
2821 2085 2878 2140 in
2903 2085 3094 2157 cappis
3123 2084 3409 2154 incipiant.
3442 2102 3489 2157 ιγ
3508 2087 3789 2157 Apparuit.

2152 2160 2271 2216 Fiat
2300 2159 2582 2229 processio
2599 2155 2681 2216 'ad
2735 2155 2905 2212 altare
2934 2155 3081 2212 beati
3115 2156 3373 2229 _Joannis,
3420 2155 3572 2229 quod
3593 2155 3797 2229 praela-

2152 2237 2242 2287 tus
2271 2225 2540 2287 incenset.
2591 2233 2629 2292 ψ
2687 2229 2929 2298 Cumque
2958 2225 3280 2297 complesset,
3329 2231 3366 2298 ᾖ
3424 2225 3585 2284 Valde
3603 2225 3795 2284 'hono-

2152 2302 2351 2358 rendus
2397 2306 2492 2369 est,
2534 2313 2697 2371 quem
2727 2296 2875 2371 dicat
2904 2313 3045 2354 unus
3070 2296 3143 2371 de
3172 2296 3570 2355 sacerdotibus.
3606 2300 3794 2359 Oratio

2151 2372 2446 2430 Ecclest
2474 2369 2635 2439 tuam,
2674 2369 2991 2426 sacerdotes
3021 2370 3353 2441 subjungant
3394 2371 3791 2427 Benedicamus.

2152 2446 2212 2501 In
2244 2444 2424 2501 reditu
2471 2443 2527 2498 in
2575 2441 2805 2498 chorum
2834 2441 2902 2497 de
2940 2441 3232 2496 Nativitate
3262 2442 3523 2499 memoria
3553 2442 3795 2498 Gaudea-

2152 2531 2283 2572 mus.
2339 2517 2413 2571 De
2464 2514 2624 2571 beata
2679 2512 2845 2568 Maria
2900 2512 3161 2568 memoria
3214 2510 3369 2583 Alma
3415 2513 3793 2583 Redemptoris.

2151 2587 2191 2651 ψ
2228 2588 2353 2642 Post
2391 2591 2622 2657 partum,
2672 2583 2849 2641 oratio
2890 2586 3050 2651 Deus,
3099 2583 3186 2654 qui
3230 2582 3436 2649 salutis,
3476 2582 3793 2641 ceroierarii

2150 2658 2550 2714 Bcnedicamus.

2225 2731 2300 2785 De
2328 2736 2519 2784 sancto
2560 2728 2770 2782 Joanne
2819 2724 3021 2794 duplex
3068 2723 3266 2781 festum
3309 2725 3494 2797 agitur
3539 2725 3793 2797 simplex,

2153 2800 2303 2871 quod
2360 2800 2564 2855 dicitur
2610 2798 2789 2853 tertiae
2854 2797 3156 2871 dignitatis.
3208 2795 3415 2871 Eodem
3471 2795 3662 2871 modo:
3693 2813 3795 2871 per

2154 2867 2335 2927 omnia
2366 2872 2509 2927 sicut
2538 2874 2783 2925 notatum
2833 2867 3002 2924 estin
3039 2867 3182 2924 festo
3214 2867 3361 2923 beati
3389 2869 3671 2939 Stephani,
3697 2867 3797 2926 ’sic

433 2948 690 3001 cantores
749 2939 975 2999 chorum
1029 2939 1282 3012 'regunt;
1353 2945 1547 2999 cantor
1571 2939 1590 2942 ⁷
1612 2939 2072 3001 hebdomadarius
2154 2944 2317 3015 etiam
2340 2942 2416 3015 de
2447 2939 2921 3015 Innocentibusoet
2948 2939 3017 2995 de
3047 2939 3489 3015 _sancto_Tb_oma
3525 2940 3644 2996 sine
3684 2939 3795 3015 dif-

436 3030 617 3087 dextri
682 3029 837 3086 chori
891 3010 1133 3098 primam
1176 3030 1533 3099 antiphonam
1599 3022 1756 3095 273
1821 3030 2069 3100 incipiat,
2104 3012 2386 3100 _f§l‘_0'}ti3
2443 3013 2784 3068 οῧδθτνθῐυτο
2827 3010 2991 3100 (Post
3045 3010 3282 3100 Landes)
3361 3011 3452 3066 “at
3513 3013 3794 3100 Ρΐοοβδδίο

433 3101 648 3156 scilicet
704 3120 716 3154 :
788 3093 1370 3169 Tecumpiimn'piuin,
1438 3115 1521 3169 ps.
1588 3093 1740 3156 Discit
1801 3093 2316 3164 DominusLG276
2350 3101 2418 3157 ad
2461 3099 2631 3158 altare
2662 3099 2837 3155 sancti
2865 3098 3111 3165 Joannis,
3164 3100 3241 3154 ibi
3284 3100 3568 3156 incensato
3614 3099 3793 3167 altari,

433 3170 601 3243 Alius
645 3175 839 3243 cantor
901 3168 1111 3243 sinistri
1177 3168 1334 3243 chori
1376 3168 1738 3243 antiplionam
1764 3173 2073 3243 secundam
2156 3182 2211 3229 et
2250 3174 2398 3229 dicto
2431 3170 2639 3243 psalmo
2687 3171 3018 3239 Benedictus,
3050 3170 3267 3243 dicatur
3295 3172 3472 3227 oratio
3501 3170 3794 3227 Ecclesium

432 3240 663 3313 incipiat
690 3240 1124 3313 Redemptionem,
1174 3240 1310 3310 psal.
1353 3240 1677 3313 Conﬁtebor;
1726 3242 1847 3300 alite
1878 3243 2070 3300 distri-
2154 3250 2314 3301 tuam.
2366 3240 2692 3299 Sacerdotes
2740 3250 2995 3298 cantores
3024 3242 3356 3313 subjungant
3394 3243 3790 3298 Benedicamus.

433 3309 693 3383 buantur,
734 3317 790 3367 et
827 3309 1085 3366 ﬁniantur
1124 3309 1315 3367 omnes
1348 3309 1471 3367 cum
1503 3320 1813 3381 pneumate.
1846 3315 2074 3383 Capitu-
2153 3316 2229 3371 De
2274 3316 2564 3371 Nativitate
2611 3314 2892 3380 memoria,
2944 3314 3012 3369 de
3060 3309 3254 3369 sancto
3282 3313 3559 3382 Stephano
3588 3327 3791 3370 memo-

432 3382 545 3441 lum
594 3396 715 3455 cum
756 3395 930 3452 cappa
976 3387 1031 3437 et
1072 3383 1249 3438 cereis
1284 3384 1553 3455 prtelatus
1582 3385 1729 3440 dicat
1756 3382 2066 3455 Multzfarie.
2154 3387 2255 3451 ria,
2286 3386 2353 3443 de
2384 3386 2541 3441 beata
2560 3385 2726 3440 Maria
2751 3385 3032 3451 memoria,
3057 3383 3786 3440 ceroferariiBenedicamus.

433 3470 481 3525 ιγ
513 3452 731 3510 Verbum
755 3467 902 3520 caro,
940 3457 1195 3525 cantores
1230 3454 1489 3523 adjuncto
1519 3456 1624 3511 sibi
1656 3457 1819 3511 tertio
1849 3452 2071 3514 cantent

431 3524 487 3581 in
519 3525 728 3596 cappis.
752 3526 1001 3599 Hymnus
1027 3528 1071 3579 A
1105 3524 1233 3599 solis
1270 3526 1674 3599 ortuscardine.
1706 3526 1767 3588 Ῠ.
1803 3529 2070 3599 Tanquam

426 3611 667 3667 sponsus.
732 3596 1099 3664 Antiphonam
1172 3596 1344 3651 Hodie
1403 3596 1673 3666 Christus,
1752 3596 1937 3667 primo
2013 3606 2069 3656 et

431 3675 708 3737 postremo
766 3667 1026 3740 praelatus
1083 3667 1298 3740 incipit,
1356 3675 1412 3723 et
1473 3674 1587 3725 tota
1622 3669 1874 3736 canitur,
1926 3671 2063 3740 psal.

431 3682 708 3737 pOStremo
766 3682 1026 3737 praelatus
1083 3682 1298 3792 rumpit,
1356 3682 1412 3723 et
1473 3682 1587 3725 tcta
1622 3682 1874 3736 canitur,
1926 3682 2063 3740 psal.

427 3740 757 3809 Magniﬁcat.
804 3739 1024 3794 Interim
1072 3753 1187 3807 pI'iB
1212 3746 1335 3794 atus
1383 3741 1556 3809 majus
1593 3740 1763 3796 altare
1794 3742 2063 3809 incenset,

430 3823 531 3881 per
571 3815 793 3881 caetera,
827 3823 1047 3878 quoque
1087 3809 1280 3864 altaria
1318 3809 1602 3866 incensum
1634 3817 1904 3881 portetur.
1936 3814 2069 3868 Ora-

355 3900 367 3909 ί
428 3878 508 3935 tio
539 3879 792 3945 Concede,
834 3893 1143 3947 quwsumus.
1183 3882 1447 3935 Cantores
1477 3878 1663 3936 dicant
1692 3883 2066 3939 Benedicamus

428 3950 914 4020 Domino.VStatim
955 3955 1070 4004 tres
1115 3949 1335 4004 diaconi
1401 3951 1457 4005 in
1523 3951 1713 4020 cappis
1764 3954 1950 4009 rubeis
1997 3955 2064 4009 ad

428 4019 633 4089 gradus
688 4019 955 4089 incipiant
1018 4021 1427 4088 responsorium
1486 4019 1715 4089 Sancte;
1774 4031 1905 4079 tunc
1978 4031 2067 4080 eat

428 4090 712 4162 processio
740 4089 809 4162 ad
840 4089 1009 4145 altare
1031 4090 1234 4162 sancti
1280 4092 1563 4160 Stephani,
1596 4092 1855 4162 praelatus
1884 4100 2064 4151 autem

428 4161 691 4216 incenset-
734 4161 942 4225 altare;
1011 4160 1231 4216 diaconi
1300 4168 1522 4218 cantent
1577 4160 1791 4221 versum
1854 4167 1920 4219 Ut
1977 4170 2063 4221 tuo

421 4232 759 4304 propitiatus.
812 4234 1037 4304 Versum
1069 4230 1252 4288 Gloria
1300 4238 1351 4304 et
1387 4232 1601 4301 honore,
1636 4248 1780 4291 unus
1818 4236 1887 4291 de
1940 4236 2063 4292 dia-

426 4301 792 4378 conis__dicat,
850 4303 1074 4378 Oratio:
1117 4305 1199 4378 Da
1242 4302 1412 4373 nobis,
1467 4305 1686 4378 diaconi
1732 4307 2065 4378 subjungant

2222 3456 2301 3513 Ad
2334 3459 2600 3526 Vesperas
2645 3462 2758 3511 ant.
2818 3458 3002 3511 Tecum
3040 3456 3374 3526 principium,
3431 3463 3561 3523 etc.,
3596 3464 3655 3512 ut
3702 3471 3795 3512 su-

2151 3542 2270 3598 pra,
2320 3527 2618 3597 capitulum
2676 3527 2775 3594 Qui
2814 3529 2966 3598 timet
3004 3528 3184 3595 Deum,
3230 3543 3277 3598 ιγ
3313 3529 3378 3583 In
3422 3528 3613 3595 medio,
3644 3527 3796 3598 bym-

2151 3597 2256 3655 nus
2310 3599 2573 3655 Exsultct.
2626 3604 2664 3664 ψ
2730 3597 2890 3652 Valde
2944 3597 3299 3663 honorandus,
3357 3605 3470 3654 aut.
3523 3601 3589 3653 In
3626 3597 3791 3654 medio

2147 3669 2424 3727 Ecclesiae.
2482 3671 2669 3726 Oratio
2737 3668 3048 3725 Ecclesium.
3136 3671 3399 3725 Cantores
3462 3669 3795 3739 subjungant

2147 3742 2545 3798 Benedicamus.
2582 3742 2731 3796 Tunc
2761 3748 2874 3795 tres
2915 3740 2983 3795 de
3017 3739 3351 3809 junioribus,
3384 3740 3793 3810 acceptiscap-

2148 3814 2235 3881 pis
2281 3813 2495 3879 sericis,
2552 3812 2619 3868 ad
2676 3812 2878 3881 gradus
2914 3810 3178 3879 incipiant
3225 3812 3264 3880 ιῆ
3305 3811 3506 3879 Dignus
3536 3828 3569 3865 a
3599 3811 3787 3880 dignis,

2147 3889 2203 3938 et
2231 3883 2324 3939 fiat
2354 3884 2636 3953 processio
2667 3882 2732 3937 ad
2765 3883 2936 3937 altare
2975 3884 3377 3953 Innocentium,
3409 3882 3554 3951 quod
3589 3883 3789 3951 praela-

2148 3958 2235 4009 tus
2266 3950 2533 4010 incenset.
2568 3951 2605 4014 1i
2652 3954 2948 4024 Accipiunt.
3002 3950 3040 4012 Ῠ
3071 3953 3371 4021 Ltetamini,
3415 3950 3604 4009 oratio
3635 3956 3789 4020 Deus,

2146 4025 2293 4094 cujus
2347 4025 2621 4090 hodierna,
2671 4034 2927 4080 cantores
2976 4026 3373 4080 Benedicamus.
3415 4026 3474 4080 In
3506 4024 3686 4080 reditu
3720 4025 3790 4079 de

2144 4096 2439 4151 Nativitate
2488 4096 2769 4162 memoria,
2820 4096 2889 4151 de
2940 4103 3132 4151 sancto
3188 4096 3465 4166 Stephano
3507 4096 3789 4163 memoria,

2146 4165 2215 4221 de
2247 4166 2405 4223 beata
2430 4166 2597 4222 Maria
2625 4167 2906 4222 memoria.

2216 4240 2303 4302 (In
2354 4238 2487 4308 festo
2534 4238 2930 4299 Innocentium.)
2977 4238 3035 4292 In
3081 4238 3357 4294 Laudibus
3395 4238 3677 4308 processio
3719 4237 3786 4293 ad

2144 4308 2317 4364 altare
2348 4309 2543 4364 eodem
2576 4308 2741 4365 modo
2772 4323 2882 4379 quo
2912 4322 3097 4378 supra.

423 4372 1375 4472 ἐξςῖιξάεξαξυξὴρξίιῑὶηᾶἐξοξῑθδἱ
1416 4376 1607 4472 redeat
1677 4372 1963 4472 processio
2080 4415 2131 4472 Β
2180 4379 2315 4472 ..ᾼεί¹
2358 4381 2645 4472 Χᾳερᾳιιεε.
2704 4372 2997 4464 Cantores:
3020 4379 3445 4472 .hebdlomada'rii
3520 4379 3781 4472 adjuncto

424 4445 653 4503 chorum
691 4446 963 4516 cantando
1018 4445 1303 4503 Inuiolata.
1342 4453 1382 4516 ψ
1436 4449 1562 4503 Post

421 4519 597 4590 Deus,
610 4518 702 4590 qui
736 4508 923 4574 salutis
949 4508 1377 4590 _wternte,_pueri
1405 4520 1472 4574 ad
1503 4533 1599 4590 gra

421 4588 817 4662 Benedicamus.
883 4588 965 4645 Ad
1022 4588 1453 4662 completorium
1512 4588 1847 4662 'antiphona'
1892 4588 2063 4652 Mise-

421 4604 817 4651 neneatcamus.
883 4604 965 4645 Αα
1022 4604 1153 4645 uom
1198 4604 1453 4646 tetonum
1527 4604 1828 4662 anupnona
1892 4604 2057 4652 Mise-

420 4674 559 4729 rere,
589 4665 732 4733 etc.,
792 4660 1025 4733 hymnus
1073 4604 1325 4733 Sag/ator
1371 4662 1566 4718 mundi.
1608 4661 1648 4722 Ῡ
1695 4664 1907 4721 Custodi
1942 4680 2057 4733 nos,

421 4732 734 4800 Antiphona
760 4730 1009 4799 Alleluia,
1060 4730 1296 4787 Verbum.

499 4811 769 4899 2κῖιιρᾳ
806 4822 861 4899 S_.
902 4820 1181 4899 Stephano
1223 4820 1424 4899 duplex
1453 4819 1652 4899 festum
1681 4823 1913 4899 simplex
1934 4824 2060 4899 agi-

424 4891 533 4964 tur.
576 4887 949 4964 lnvitatorium
986 4887 1018 4947 a
1056 4892 1234 4948 tribus
1270 4887 1390 4948 sine
1428 4894 1619 4964 cappis
1668 4887 1880 4960 sericis,
1913 4887 2059 4951 Ch'ri-

420 4962 553 5017 stum
590 4962 786 5014 natum.
830 4962 1068 5035 Hymnus
1101 4966 1255 5030 Deus,
1288 4962 1507 5020 tuorum
1529 4962 1765 5022 inilitum.
1790 4966 1850 5020 In
1882 4966 2058 5035 primo

422 5039 718 5107 nocturno,
776 5035 889 5085 ant.
944 5034 1139 5088 Beatus
1193 5035 1548 5107 Stephanus,_
1580 5050 1743 5105 quam
1814 5034 2061 5107 imponat

422 5101 687 5178 diaconus
730 5107 949 5178 cantum
980 5116 1148 5172 agens
1176 5101 1368 5178 majori
1399 5106 1463 5178 in
1503 5101 1675 5163 choro
1714 5101 1909 5164 dextro
1935 5116 2060 5178 post

1680 4536 1707 4576 s
1730 4522 2058 4592 subjungant

1603 4455 1849 4576 (partum,
1885 4452 2060 4508 oratio
2080 4450 2253 4506 “sibi
2285 4452 2465 4533 .tertio
2522 4451 2603 4534 in.
2627 4452 2818 4534 cappis
2870 4451 3064 4533 sericis
3118 4452 3185 4506 ad
3251 4452 3454 4521 gradus
3525 4450 3793 4534 incipiant

1641 4534 1707 4576 us
1730 4522 2058 4576 subiungant
2144 4538 2191 4576 ιν
2216 4521 2372 4576 Miles
2410 4522 2621 4576 Christi.
2656 4524 2772 4576 Fiat
2801 4535 3080 4576 nrocessro
3110 4522 3175 4576 ad
3207 4522 3378 4576 altare
3400 4523 3544 4576 beati
3565 4523 3788 4576 Thomas

2144 4538 2191 4593 ιγ
2216 4521 2372 4606 lililes
2410 4522 2621 4606 Christi.
2656 4521 2772 4606 Fiat
2799 4522 3086 4606 processio
3110 4522 3378 4606 adaltare
3400 4523 3544 4578 beati
3565 4523 3788 4580 Thomte

2144 4593 2340 4650 eodem
2370 4593 2535 4650 modo
2562 4607 2673 4664 quo
2702 4593 2909 4650 dictum
2940 4598 3025 4650 est
3054 4593 3122 4649 de
3152 4593 3295 4649 aliis.

2220 4665 2312 4736 (In
2336 4666 2468 4736 festo
2500 4666 2563 4722 S.
2609 4663 2865 4735 Thomas.)
2899 4666 2981 4722 Ad
3012 4664 3226 4722 Laudes
3264 4664 3357 4720 flat
3393 4665 3680 4735 processio
3718 4663 3787 4721 ad

2143 4736 2334 4802 altare,
2368 4737 2511 4792 sicut
2537 4750 2724 4806 supra.

2215 4816 2372 4886 277
2415 4826 2475 4880 In
2521 4824 2705 4895 vigilia
2751 4824 3095 4895 Epiphaniae,
3135 4839 3284 4885 nona
3311 4838 3436 4882 cum
3465 4823 3685 4882 duobns
3712 4823 3784 4880 de

2142 4896 2442 4968 majoribus
2470 4896 2642 4968 signis
2671 4895 2939 4968 pulsetur.

2214 4967 2553 5040 Solemnitas
2590 4967 2911 5040 Epiphaniae
2941 4982 3065 5025 cum
3100 4981 3293 5040 magna
3336 4967 3668 5040 reverentia
3698 4980 3787 5022 cer

2142 5035 2405 5104 lebratur,
2465 5039 2594 5110 quia
2637 5035 2709 5093 in
2745 5039 2865 5108 ipsa
2895 5040 3078 5110 multa
3124 5035 3463 5096 sacramenta
3520 5037 3785 5094 recolun-

2141 5114 2250 5166 tur.
2282 5110 2487 5166 Altaria
2515 5123 2735 5179 quoque
2757 5109 2937 5166 omnia
2967 5117 3249 5181 parantur,
3282 5111 3437 5181 signa
3470 5110 3781 5181 pulsantur,

422 5173 682 5258 priorem,
724 5172 863 5258 psai:
895 5172 1277 5258 Beatusnuirq'
1297 5177 1675 5258 antipbona2
1721 5172 2056 5258 constitutus,
2140 5184 2206 5258 ui
2230 5194 2395 5258 supra
2424 5172 2764 5258 dict'um:est,
2800 5172 3002 5251 priete'r
3028 5182 3110 5258 ad
3127 5172 3436 5258 Matutinus,
3469 5172 3603 5258 _'tunc
3633 5172 3778 5258 enim

419 5258 583 5323 quam
633 5243 868 5323 imponit
910 5243 1050 5300 alius
1079 5243 1344 5305 diaconus
1364 5243 1437 5323 in
1470 5250 1695 5323 sinistro
1736 5250 1907 5307 choro
1937 5243 2056 5307 ma;
2141 5251 2208 5323 ad
2258 5243 2580 5308 eicitandos
2630 5243 2827 5307 fratres
2865 5267 2975 5309 non
3021 5253 3269 5323 pulsatur
3317 5243 3633 5318 classicum,
3684 5250 3783 5308 sed

413 5315 567 5394 jori,‘
606 5322 716 5394 etc.
773 5317 1011 5394 Primum
1040 5320 1816 5394 responsoriuthtephanus
1862 5327 2055 5387 autem,
2140 5322 2251 5379 duo
2281 5322 2492 5378 minora
2537 5323 2711 5394 signa.
2760 5325 2951 5380 Omnia
2998 5315 3285 5381 luminaria
3331 5337 3456 5394 quae
3487 5315 3635 5380 circa
3664 5337 3783 5383 ma-

419 5382 826 5469 quodcaniant
849 5387 1056 5469 d_u_o_ad
1076 5382 1315 5469 gradus;
1347 5382 1801 5469 similitercmnia
1830 5382 2057 5463 responQ
2134 5394 2226 5462 jus
2254 5394 2425 5469 altare
2448 5382 2620 5469 sunt,"
2649 5397 2895 5469 exceptis
2943 5396 3119 5453 tribus
3161 5382 3482 5469 cereis-qui
3522 5400 3654 5469 sunt
3689 5382 3784 5469 cc-

418 5457 567 5515 soria
614 5456 734 5539 bini
779 5465 834 5515 et
869 5459 984 5539 bini
1019 5456 1261 5528 cantant,
1298 5456 1707 5539 priorponitur
1735 5465 1815 5539 ad_
1843 5456 2055 5539 scitum
2135 5456 2255 5539 rain
2301 5464 2480 5539 aitari,
2529 5456 2927 5539 accenduntur.
2967 5471 3121 5539 Ante,
3152 5466 3370 5539 singula
3403 5456 3629 5532 'altaria,
3670 5465 3787 5522 sin-

417 5528 850 5599 responsorium,
906 5532 1053 5590 sicut
1087 5528 1315 5601 semper
1341 5533 1398 5589 in
1447 5528 1762 5607 duplicibus
1791 5535 1967 5604 festis,
2002 5540 2058 5592 et
2137 5535 2266 5663 gula
2334 5528 2621 5622 luminaria
2682 5545 2981 5609 ponuntur.
3048 5538 3143 5623 Ad.
3194 5528 3465 5622 vesperae
3525 5528 3791 5621 cantores

417 5599 485 5661 ad
515 5613 719 5663 nonam
761 5599 1074 5663 lectionem.
1110 5607 1218 5662 etC.
1266 5603 1336 5659 Te
1372 5605 1535 5662 Deum
1563 5605 1857 5663 laudamus.
1891 5606 1930 5663 il
1958 5607 2059 5663 Po-‘
2179 5607 2553 5663 ebdomadaru
2600 5609 2828 5663 chorum
2883 5616 3080 5663 reaunt
3126 5624 3183 5663 1n
3233 5624 3425 5663 cannis
3474 5608 3632 5663 albis.
3669 5610 3785 5663 Prt—

414 5599 485 5661 ad
515 5613 719 5667 nouam
761 5599 1074 5671 lectionem,
1110 5599 1222 5662 etc.
1266 5603 1336 5659 Te
1372 5599 1541 5662 Deum'
1563 5605 1857 5666 laudamus.
1891 5606 1930 5669 il
1954 5599 2059 5664 'Po-'
2137 5599 2553 5665 ﬁebdomadarii
2600 5599 2828 5668 chorum
2883 5616 3080 5682 regunt
3126 5609 3183 5666 in
3233 5599 3425 5681 cappis
3474 5608 3632 5666 albis.
3669 5609 3785 5665 Pri—
