4156 6196
333 218 421 275 165

1745 219 1916 277 ACTA
1955 218 2242 289 YEIERA.

325 356 401 399 ma
442 338 753 417 antiphona
794 342 995 417 Tecum
1025 342 1356 417 piineipium,
1404 341 1705 412 imponitur
1749 342 2330 417 prio_ri,A,lectionum
2377 341 2514 398 nihil
2561 341 2622 399 tit
2670 354 2845 417 usque
2893 342 2961 398 ad
3000 344 3245 417 Pascha,
3286 348 3391 404 nisi
3443 362 3681 417 comme-

326 419 522 470 caaterte
558 410 826 466 Similiter
880 410 1208 469 senioribus
1274 410 1631 482 imponuntur
1704 410 1763 469 et
1828 410 1947 470 sine

326 488 596 556 pneumate
626 482 926 556 ﬁniuntur;
963 484 1115 554 prior
1144 485 1198 539 in
1229 498 1418 556 cappa
1447 484 1514 538 ad
1571 484 1747 555 gallos
1776 485 1951 539 deau-

324 553 425 611 rata
478 553 625 609 dicat
667 553 974 622 capitulum
1014 556 1205 624 Surge,
1257 553 1592 610 illuminare.‘
1626 557 1948 624 Responso-

325 628 450 683 rium
495 626 550 679 in
598 624 789 694 cappis
835 628 1050 681 croceis
1107 633 1162 683 et
1214 627 1381 681 rubea
1425 646 1437 680 :
1484 629 1647 695 Reges
1709 626 1942 681 Tharsis.

324 699 549 767 Hymnus
612 698 799 750 Hostis
855 698 1111 763 Herodes,
1162 710 1357 752 versus
1412 698 1600 753 Omnes
1656 698 1720 752 de
1775 697 1944 753 Saba.

226 824 231 827 _
325 766 620 836 Antiphona
675 767 846 835 Magi,
906 769 992 822 bis
1066 769 1387 837 imponitur,
1460 774 1515 823 et
1569 774 1655 823 ter
1710 768 1945 824 canitur.

325 839 498 895 Oratio
552 837 729 893 Corda
774 843 976 893 nostra.

386 909 461 964 Ad
505 908 824 980 Matutinum
880 909 1253 965 invitatorium
1310 915 1367 965 et
1413 910 1648 980 hymnus
1694 923 1807 966 non
1854 909 1946 965 di-

323 986 526 1045 cuntur,
584 979 683 1035 sed
721 980 1021 1051 antiphona
1063 980 1132 1035 ad
1193 981 1432 1050 priorem
1459 979 1658 1037 delata
1710 982 1778 1036 ab
1825 981 1947 1051 ipso

318 1050 569 1123 incipitur
614 1050 695 1107 sic
746 1071 759 1106 :
828 1050 1024 1121 Alfene
1076 1053 1315 1119 Domino,
1374 1053 1617 1122 psalmus
1654 1052 1794 1123 ipse,
1836 1050 1944 1108 etc.

320 1124 375 1178 ln
410 1122 572 1178 tertio
592 1125 888 1189 nocturno,
910 1129 1023 1177 ant.
1059 1124 1254 1190 Venite,
1286 1124 1529 1193 psalmus
1561 1122 1700 1194 ipse,
1748 1124 1948 1180 stando

318 1209 570 1283 psallatur
600 1215 780 1283 totus.
822 1202 983 1275 278
1022 1212 1255 1283 Tantum
1301 1211 1358 1267 in
1399 1212 1489 1268 die
1537 1212 1753 1268 dicatur
1808 1225 1949 1283 prae-

317 1280 454 1337 dicta
500 1280 800 1353 antiphona
859 1295 984 1338 cum
1040 1282 1287 1353 psalmo;
1354 1297 1455 1353 per
1501 1289 1768 1349 octavam,
1810 1280 1943 1339 ‘ant.

314 1353 540 1407 Adorote
587 1352 880 1421 Dominum,
922 1352 1059 1423 psal.
1102 1355 1321 1410 Cantate
1364 1352 1413 1420 1,
1456 1360 1562 1410 etc.
1616 1353 1851 1410 Homilia
1890 1355 1946 1409 in

314 1438 493 1496 cappa
518 1424 716 1496 legitur
737 1438 865 1496 cum,
891 1423 1256 1480 ceroferariis.
1289 1426 1503 1481 Nonum
1532 1426 1947 1496 responsorium

311 1494 381 1566 in;
404 1493 680 1559 Columbae,
721 1508 752 1549 a
780 1495 958 1551 tribus
986 1497 1043 1551 in
1073 1498 1264 1566 cappis
1288 1498 1523 1564 canitur,
1557 1493 1660 1552 nec
1694 1497 1944 1552 iteratur.

314 1564 386 1620 Ad
430 1565 721 1636 legendum
769 1566 1120 1649 Evangelium
1144 1564 1377 1649 factum
1406 1574 1518 1649 est,
1551 1568 1779 1649 accedat
1822 1568 1946 1649 dia.-

2032 414 2265 471 moratio
2292 420 2522 481 tantum,
2556 420 2611 470 et
2657 413 2820 468 missa
2869 416 3206 470 matutinalis
3233 417 3280 472 si
3310 419 3369 473 in
3397 413 3681 478 Dominica

2032 486 2297 549 evenerit,
2331 491 2561 553 excepto
2592 485 2648 539 in
2693 483 2859 539 ramis
2906 485 3230 541 Palmarum.
3271 488 3562 547 Sciendum
3594 500 3678 548 est

2032 556 2180 625 quod
2231 556 2280 635 si
2326 557 2383 635 in
2430 558 2619 635 Capite
2660 555 2881 635 jejunii_
2902 554 3101 635 festum
3134 571 3344 635 novem_
3378 560 3675 635 lectionum

2032 632 2311 701 occurrat,
2352 626 3139 701 inAcrrastinunrdiﬁ'erendu‘m
3171 635 3273 684 est.
3324 631 3383 701 in
3435 632 3676 701 capitulo

2030 697 2197 753 lectio
2245 699 2371 771 Cum
2409 698 2682 771 jejunatis.
2733 698 2845 753 Hac
2896 698 3081 771 dicet
3128 700 3276 756 omni
3319 699 3454 756 feria
3485 697 3678 771 quarta

2031 773 2087 823 et
2134 774 2286 825 sexta
2334 768 2779 840 Quadragesimte
2824 770 3118 825 tenendum
3164 778 3249 826 est
3294 768 3572 828 silentium
3621 776 3681 828 in

2031 840 2308 905 claustro;
2341 840 2515 895 debet
2537 842 2700 895 etiam
2732 841 3128 912 unusquisque,
3161 842 3284 899 loco
3306 845 3683 911 processionis

2031 941 2155 997 quae
2186 926 2298 1001 illis
2327 925 2527 1001 diebus
2570 928 2713 1001 solet
2742 928 2884 997 ﬁeri,
2927 930 3109 985 statim
3140 937 3266 1001 post
3295 931 3497 991 exitum
3531 925 3666 997 281

2029 1012 2061 1054 a
2090 997 2333 1070 capitulo
2364 998 2550 1053 dicere
2582 999 2847 1067 psalmum
2876 997 3281 1070 Miserere'mei,
3302 1004 3462 1059 Deus.

2101 1071 2231 1124 Post
2280 1069 2510 1144 Nouem,
2559 1069 2689 1144 dum
2738 1070 2931 1144 psalmi
2979 1069 3275 1129 familiares
3322 1074 3601 1144 dicuntur,
3647 1091 3679 1132 a

2029 1139 2329 1215 secretario
2378 1153 2546 1215 unum
2594 1140 2665 1195 de
2702 1142 3002 1215 majoribus
3042 1144 3213 1215 signis
3260 1145 3438 1202 tribus
3465 1139 3679 1205 vicibus

2029 1211 2305 1268 modicum
2354 1210 2624 1281 pulsetur,
2673 1223 2784 1280 quo
2842 1211 3034 1268 audito
3074 1210 3265 1271 omnes
3308 1218 3362 1272 in
3411 1217 3583 1275 choro
3612 1234 3672 1275 se

2030 1282 2401 1357 discalceent,‘
2418 1282 2525 1337 nisi
2564 1287 2795 1357 propter
2832 1284 3184 1357 asperitatem
3215 1286 3438 1357 frigoris
3469 1291 3550 1345 eis
3579 1291 3677 1346 ini-

2028 1353 2333 1410 sericordia
2370 1353 2464 1408 ﬂat
2509 1367 2539 1408 a
2589 1353 2839 1423 praelato.
2887 1354 3096 1410 Deinde
3134 1353 3389 1415 veniente
3447 1361 3677 1423 praelato

2029 1434 2156 1481 ante
2205 1424 2383 1495 majus
2436 1424 2607 1479 altare
2655 1438 2778 1478 cum
2816 1426 3111 1495 sacerdote
3151 1424 3580 1488 hebdomadario
3623 1440 3679 1489 et

2029 1494 2323 1569 ministris,
2362 1495 2456 1551 ubi
2504 1501 2748 1569 tapetum
2796 1494 2963 1569 debet
3010 1510 3145 1569 esse
3179 1512 3497 1569 expansum,
3532 1503 3675 1558 inci-

2030 1569 2144 1637 piat
2192 1566 2452 1637 prtelatus
2494 1566 2850 1635 antiphonam
2897 1568 3086 1632 Parce,
3127 1566 3363 1637 Domine,
3397 1578 3453 1626 et
3484 1566 3678 1629 dicant

312 1649 480 1729 conn:
525 1650 659 1719 cum.
696 1637 1074 1706 processione,
1119 1638 1263 1694 sicut
1309 1639 1515 1695 dictum
1546 1646 1630 1695 est
1667 1639 1723 1693 in
1754 1640 2112 1729 nativi-Biei
2160 1638 2423 1729 pro‘s‘trari
2456 1645 2675 1729 septeni
2711 1637 3592 1729 psalmes‘,‘similiter'eouventus
3620 1646 3675 1700 in

312 1714 413 1762 tate
443 1707 683 1763 Domini.

372 1778 448 1834 Ad
496 1780 721 1834 missam
771 1777 1011 1836 officium
1061 1781 1200 1836 Ecce
1247 1781 1475 1836 aduenit.
1530 1782 1795 1837 Cantores
1852 1781 1947 1836 ad-

305 1850 484 1923 juncto
513 1850 686 1923 tertio
715 1849 782 1905 ad
816 1851 1020 1923 gradus
1048 1852 1102 1906 in
1136 1852 1327 1923 cappis
1354 1858 1577 1908 cantent
1596 1853 1781 1923 Kyrie,
1806 1854 1947 1907 Fons

309 1919 589 1993 benitatis;
650 1923 706 1993 in
768 1919 1020 1993 pulpito,
1079 1919 1341 1993 graduale
1408 1924 1595 1979 Omnes
1650 1919 1716 1978 de
1774 1923 1943 1989 Saba,

306 1989 550 2057 Alleluia,
595 1991 822 2046 Vidimus
849 1989 1219 2060 stellamfetc.

369 2063 426 2117 In
477 2061 787 2134 refectorio‘
820 2062 987 2119 lectio
1035 2065 1161 2120 Cum
1198 2068 1355 2119 natus
1394 2070 1551 2134 esset,
1581 2079 1708 2122 cum
1741 2079 1945 2123 sermo-

305 2132 457 2187 nibus
487 2133 560 2187 ad
592 2133 736 2189 idem
767 2132 965 2190 festum
996 2136 1420 2204 pertinentibus.

367 2204 446 2259 Ab
516 2211 709 2279 octava
758 2206 1080 2279 Epiphaniae
1129 2222 1301 2276 usque
1358 2208 1426 2263 ad
1483 2208 1944 2279 Septuagesimam

300 2272 553 2350 leguntur
600 2272 878 2350 Epistolas;
907 2277 1055 2350 beati
1102 2272 1275 2343 Pauli,
1322 2287 1377 2350 et
1414 2293 1513 2348 per
1554 2272 1948 2350 idem'tempus

303 2346 547 2419 quotidie
600 2347 685 2401 bis
732 2348 1059 2419 comeditur,
1110 2350 1273 2404 etiam
1309 2346 1447 2405 feria
1494 2358 1647 2406 sexta
1696 2350 1765 2407 de
1807 2346 1948 2408 con-

298 2418 592 2473 suetudine
623 2418 947 2486 approbata.

360 2488 730 2561 summopere
779 2496 958 2561 autem
1012 2490 1365 2557 provideatur
1413 2496 1474 2546 ut
1531 2498 1658 2547 ante
1713 2494 1947 2561 Septua-

297 2558 564 2631 gesimam
622 2558 882 2626 Epistolze
938 2559 1086 2631 beati
1142 2562 1293 2616 Pauli
1350 2562 1649 2627 finiantur;
1714 2558 1948 2631 proinde

297 2629 458 2685 etiam
513 2630 563 2685 si
605 2635 823 2698 tempus
854 2630 1020 2685 breve
1053 2628 1237 2697 fuerit,
1288 2647 1319 2686 a
1356 2632 1598 2687 crastino
1645 2628 1947 2690 Circumci-

297 2698 465 2771 sionis
517 2699 575 2754 in
627 2697 924 2756 refectorio
956 2700 1310 2771 incipiantur.
1356 2704 1598 2758 Historia
1626 2705 1864 2770 Domine,
1894 2706 1952 2758 in

296 2769 377 2824 ira
420 2775 536 2837 tua,
589 2776 723 2843 ante
775 2769 1113 2843 Dominicam
1167 2781 1292 2841 post
1348 2781 1593 2829 octavam
1626 2774 1948 2843 Epiphaniae

300 2853 577 2912 nunquam
616 2841 917 2910 incipitur;
969 2843 1191 2911 quando
1221 2856 1350 2900 vero
1381 2846 1437 2899 in
1470 2845 1642 2914 prima
1667 2841 1947 2901 Dominica

300 2935 419 3003 post
455 2934 705 2985 octavam
743 2929 1505 3003 Epiphaniae_Septuagesima
1550 2924 1709 3003 279
1742 2946 1944 2989 occur-

302 2999 403 3073 rit,
421 3004 554 3073 tunc
586 3014 653 3055 ex
691 2999 1019 3073 necessitate
1058 2999 1372 3073 dimittitur.

366 3071 521 3126 Feria
551 3071 815 3138 secunda,
849 3072 904 3126 in
955 3073 1233 3129 Laudibus
1261 3074 1564 3142 antiphona
1605 3094 1617 3129 :
1668 3075 1944 3142 Miserere,

300 3141 536 3209 psalmus
583 3142 725 3213 ipse,
778 3143 1078 3213 capitulum
1126 3144 1193 3200 ad
1240 3141 1455 3201 Laudes
1491 3145 1746 3202 omnibus
1791 3141 1945 3203 feriis

301 3224 468 3286 usque
497 3213 567 3269 ad
600 3213 746 3269 diem
776 3216 1021 3270 cinerum
1066 3236 1078 3270 :
1134 3215 1353 3286 Vigilate
1390 3222 1439 3272 et
1479 3223 1646 3272 orate.
1698 3218 1947 3275 Prostra-

303 3283 477 3359 tiones
520 3291 604 3359 et;
628 3299 823 3359 preces
868 3283 1238 3359 resumuntur.
1290 3289 1428 3344 Nota
1474 3288 1623 3357 quod
1656 3288 1703 3343 si
1732 3296 1948 3359 tempus

302 3352 517 3425 longum
576 3352 784 3422 fuerit,
842 3364 898 3412 et
954 3370 1065 3413 non
1122 3357 1440 3414 suliecerint
1494 3352 1757 3425 Epistolte
1800 3352 1945 3417 beati

302 3425 448 3481 Pauli
498 3427 568 3482 ad
620 3426 916 3503 lectionem
962 3428 1241 3503 refectorii
1281 3444 1455 3502 usque
1494 3425 1562 3485 ad
1602 3433 1947 3503 Septuagesi-

302 3509 457 3562 mam,
488 3498 835 3555 assumendae
868 3506 996 3554 sunt
1024 3500 1292 3556 lectiones
1320 3498 1656 3556 δᾱηεῐοτιιιῐι.

368 3569 610 3655 δέίδιὲἕηὲ
662 3576 789 3653 περ
849 3571 1335 3655 ἓρριιιθεθδξηιεῐῃ,
1387 3571 1618 3655 Αζέειιιέᾳ
1670 3579 1797 3629 ante
1842 3575 1948 3655 130-

304 3651 423 3693 nam
472 3641 700 3707 dicitur,
753 3643 807 3695 in
860 3641 1113 3711 Vesperis
1157 3647 1391 3701 tacetur.
1444 3644 1556 3697 Hac
1602 3650 1783 3699 tamen
1833 3644 1945 3710 die,

302 3712 525 3784 quando
586 3711 894 3784 puriﬁcatio
950 3712 1145 3784 beatte
1194 3714 1375 3784 Mariae
1435 3714 1767 3781 occurrerit,
1819 3713 1947 3784 quia

303 3781 556 3854 vespera:
590 3782 659 3838 de
689 3781 831 3840 festo
862 3788 1045 3852 erunt,
1074 3782 1305 3839 Alleluia
1354 3784 1409 3839 in
1454 3784 1593 3854 ipsis
1624 3781 1860 3853 dicatur,
1893 3790 1948 3841 et

304 3853 460 3927 etiam
509 3854 566 3910 in
626 3854 1037 3924 Completorio,
1098 3855 1167 3911 de
1218 3853 1634 3927 ,Septuagesima
1695 3862 1825 3913 tunc
1877 3856 1947 3912 ad

304 3923 564 3997 Yesperas
614 3923 878 3982 memoria
933 3932 1144 3982 tantum
1202 3923 1565 3982 ﬁthb'illo
1623 3926 1714 3983 die
1773 3942 1946 3997 usque

303 3993 517 4068 Pascha:
569 3998 880 4068 Vesperas:
939 4001 1082 4053 Laus
1127 3997 1239 4065 tibi,
1298 3998 1534 4065 Domine,
1586 4013 1686 4053 rex
1741 3993 1949 4055 (eterna:

303 4063 473 4140 σιω-ίῳ
500 4081 606 4138 pro
636 4063 868 4124 Alleluia
889 4069 1093 4124 dicitur
1121 4070 1177 4124 in
1208 4063 1484 4140 principio
1518 4063 1806 4126 Horarum.

370 4139 443 4193 Ad
495 4140 824 4213 matutinum
854 4139 1225 4213 invitatoriam
1250 4143 1688 4213 ‘Prteoccupemus
1734 4142 1943 4212 faciem,

308 4210 419 4285 etc.
465 4211 546 4266 Ad
612 4212 842 4285 primam
881 4212 1190 4285 lectionem
1249 4211 1452 4285 legitur
1510 4210 1777 4285 prologue
1822 4210 1945 4285 cum

309 4277 458 4368 initio
474 4277 760 4368 “Genesis.
803 4283 1042 4368 Primum
1091 4277 1529 4366 responsorium'
1573 4286 1645 4368 In
1664 4277 2011 4368 φήγιεῇρίοΠ

303 4349 416 4424 [ecit
465 4354 634 4420 Deus,
697 4359 805 4410 etc.
863 4356 1078 4410 Nonum
1136 4349 1549 4424 responsorium
1598 4349 1942 4424 reiiicipitiir.

304 4419 494 4497 Versus
520 4419 786 4480 Exaelsus
828 4439 988 4497 super
1014 4440 1209 4481 omnes.
1231 4419 1450 4481 'Sancta
1507 4426 1711 4496 quippe
1761 4419 1948 4481 Eccle-

301 4493 374 4547 sia
412 4495 621 4552 abhiuc
670 4511 848 4566 usque
888 4493 966 4552 ad
1017 4497 1225 4553 Pascha
1272 4510 1477 4567 organa
1524 4493 1659 4563 sua,
1688 4497 1948 4553 videlicet

304 4582 507 4653 cantica
558 4584 775 4639 laetitia:
824 4582 1076 4640 Alleluia.
1142 4588 1211 4641 Te
1251 4586 1414 4641 Deum
1454 4577 1615 4647 280
1645 4583 1943 4653 laudamus,

304 4650 475 4727 quria
504 4656 561 4711 in
589 4655 817 4710 excelsis
844 4658 976 4724 Deo,
1011 4659 1091 4712 Ite
1118 4657 1280 4713 missa
1310 4662 1406 4723 est,
1440 4656 1747 4727 suspendit.

367 4724 467 4799 Per
522 4732 707 4783 totum
756 4734 974 4798 tempus
1020 4728 1470 4799 Septuagesimae,
1531 4724 1676 4784 sicut
1734 4725 1944 4784 dictum

301 4799 376 4849 est
419 4797 489 4871 in
516 4799 698 4868 prima
742 4799 1028 4871 Dominica
1068 4797 1366 4865 Adventus,
1411 4799 1480 4854 ad
1528 4813 1777 4871 magnam
1816 4799 1945 4855 mis-

305 4878 406 4921 sam
437 4868 791 4927 diaconuset
822 4870 1194 4927 subdiaconus
1232 4871 1434 4928 casulis
1464 4868 1707 4926 utantur.

365 4937 651 4996 Dominica
698 4942 755 4995 in
801 4942 1282 5012 Quinquagesima,
1331 4944 1387 4998 in
1436 4940 1732 4998 refectorio
1777 4941 1943 4997 lectio

299 5009 583 5082 Assumpsit
614 5014 787 5083 Iesus.
809 5009 999 5068 Sermo
1020 5009 1177 5069 Fides
1206 5019 1281 5070 est
1309 5014 1595 5083 religionis.
1621 5014 1702 5069 Ab
1731 5012 1833 5070 hac
1855 5013 1944 5069 die

302 5090 640 5156 quacunque
670 5082 937 5139 festivitas
966 5091 1221 5141 occurrat
1253 5082 1523 5156 jejunium
1552 5099 1661 5141 non
1690 5084 1942 5141 solvitur.
1962 5127 1977 5135 -

346 5151 419 5230 .ln
468 5151 666 5222 Capite
706 5156 903 5230 jejunii
949 5151 1323 5230 invitatoriam
1371 5160 1436 5212 In
1477 5172 1634 5212 manu
1671 5162 1781 5223 tua,
1834 5163 1942 5212 etc.

302 5218 389 5298 His
433 5218 678 5298 quatuor
706 5218 922 5281 'd'iebus
968 5227 1036 5282 ad
1085 5228 1405 5283 Matutinum
1446 5236 1501 5284 et
1528 5218 1798 5298 Vesperas
1828 5234 1947 5283 tan-

300 5294 404 5369 tum
452 5296 717 5369 capitula
758 5298 982 5369 propria
1025 5298 1286 5369 dicuntur
1332 5305 1388 5353 et
1433 5294 1752 5366 orationes,
1802 5300 1947 5355 sicut

300 5366 352 5441 in
370 5366 774 5441 omnibusaliis
795 5366 992 5425 diebus
1011 5368 1451 5441 Quadragesimae
1476 5392 1490 5438 ;
1513 5371 1583 5426 ad
1611 5373 1787 5427 Horas
1812 5384 1955 5441 vero,

291 5430 500 5511 dieitur
538 5438 778 5511 collecta
806 5430 1183 5505 Domini'calis,
1225 5430 1440 5495 scilicet
1477 5430 1669 5496 Preces
1713 5430 1959 5511 nostras;

361 5506 661 5566 Sciendum
693 5512 954 5584 estquod
985 5526 1017 5569 a
1046 5511 1235 5582 Capite
1276 5511 1474 5582 jejunii
1512 5512 1582 5567 de
1608 5511 1750 5570 festo
1781 5506 1964 5583 trium}

2012 1709 2227 1766 ichoro.
2259 1710 2453 1783 Finitis
2486 1709 2708 1779 psalmis
2738 1709 2857 1783 sine
2904 1709 3094 1764 Iitania
3113 1723 3236 1783 cum
3256 1712 3441 1783 Kyrie,
3463 1712 3685 1781 eleison,

2028 1788 2261 1847 tantum,
2312 1780 2531 1850 erigens
2574 1794 2655 1852 se,
2686 1780 2975 1852 praelatus,
3027 1787 3082 1852 et
3127 1780 3325 1838 stolam
3371 1780 3675 1852 assumens,

2028 1861 2182 1907 stans
2230 1857 2356 1907 ante
2402 1852 2573 1907 altare
2610 1851 3012 1906 absolutionem
3043 1850 3242 1919 faciat;
3289 1855 3489 1910 deinde
3520 1850 3679 1913 mini;

2029 1925 2161 1979 stris
2190 1923 2258 1978 ad
2307 1923 2469 1979 sedes
2516 1937 2641 1978 suas
2683 1923 2739 1977 in
2788 1922 3015 1979 chorum
3058 1925 3310 1991 reversis,
3342 1926 3572 1981 sacrista
3602 1929 3679 1982 ci-

2029 2009 2213 2061 neres,
2244 2007 2395 2065 quos
2430 1994 2499 2049 de
2548 1994 2744 2063 palmis
2790 1994 3056 2062 praeteriti
3104 1996 3233 2050 anni
3283 1998 3513 2065 paravit,
3548 1997 3680 2054 affe-

2029 2073 2117 2122 rat
2143 2088 2156 2132 ;
2206 2078 2347 2135 quos
2385 2064 2507 2135 ipso
2537 2070 2759 2119 tenente
2790 2064 3050 2134 praelatus
3080 2064 3435 2134 benedicens,
3468 2075 3524 2124 et
3552 2070 3679 2124 sub-

2030 2140 2217 2209 priore
2292 2136 2664 2209 aspersorium
2712 2135 3082 2209 ministrante
3124 2152 3298 2209 "aqua
3386 2139 3677 2196 benedicta

2030 2207 2350 2279 aspergens,
2388 2207 2585 2262 stolam
2617 2207 2724 2276 ipsi
2753 2207 3033 2276 subpriori
3064 2208 3289 2273 tribuat,
3322 2216 3376 2265 et
3423 2212 3529 2266 sibi
3568 2213 3679 2335 pri-

2030 2294 2119 2335 mo
2150 2280 2366 2335 cineres
2390 2280 2636 2335 imponat
2666 2285 2720 2332 et
2748 2291 2889 2335 aqua
2917 2287 3173 2335 asnergat
3198 2301 3211 2335 :
3244 2280 3447 2335 deinde
3476 2289 3563 2335 sto
3589 2296 3675 2335 am

2029 2294 2119 2336 mo
2150 2280 2366 2335 cineres
2390 2280 2636 2348 imponat
2666 2285 2720 2332 et
2748 2291 2889 2347 aqua
2917 2287 3173 2348 aspergat
3198 2301 3211 2346 ;
3244 2280 3447 2336 deinde
3476 2280 3675 2338 stolam

2030 2356 2309 2416 resumat,
2367 2364 2430 2407 ac
2477 2349 2655 2404 eidem
2711 2348 2989 2420 subpriori
3047 2349 3373 2420 caaterisqu'e
3419 2352 3680 2408 fratribus

2029 2438 2153 2479 cum
2184 2435 2378 2492 magna
2410 2418 2959 2492 cordishcontritionc
2989 2418 3357 2492 venientibus,
3399 2429 3455 2478 et
3493 2437 3677 2479 coram

2028 2509 2089 2549 se
2144 2489 2322 2565 genua
2370 2490 2720 2565 ﬂectentibus
2762 2489 2990 2565 cineres
3050 2491 3379 2565 imponens,
3447 2495 3681 2565 singulis

2030 2562 2180 2619 dicat
2219 2585 2231 2618 :
2284 2566 2540 2621 Memento
2570 2562 2693 2633 quia
2722 2562 2852 2615 cinis
2891 2576 2966 2629 es,
3009 2567 3142 2628 etc.,
3176 2564 3469 2634 subpriore
3497 2562 3683 2637 singu-

2031 2652 2116 2707 los
2154 2644 2319 2717 282'
2364 2657 2709 2721 aspergente.
2740 2650 2994 2724 “Interim
3019 2721 3029 2724 _
3056 2656 3310 2724 cantetur
3366 2653 3671 2724 antiphona

2031 2726 2393 2787 Immutemur,
2444 2720 2564 2775 cum
2610 2720 2860 2779 versibus
2916 2721 3110 2789 psalmi
3168 2726 3307 2776 Deus
3366 2720 3679 2780 misereatur

2029 2794 2235 2859 nostri;
2285 2795 2567 2860 repetatur
2591 2833 2605 2856 ,
2654 2796 2916 2859 quantum
2952 2805 3092 2860 opus
3133 2790 3319 2849 fuerit.
3353 2795 3485 2851 Post
3514 2796 3676 2851 datos

2030 2865 2267 2928 cineres,
2301 2867 2491 2931 parata
2521 2860 2898 2930 processione,
2931 2860 3079 2931 dicat
3128 2863 3389 2931 praelatus
3438 2866 3494 2921 in
3546 2866 3678 2922 sede

2030 2949 2129 2991 sua
2176 2936 2232 2995 in
2282 2930 2455 2989 choro
2484 2945 2696 2987 versum
2728 2931 2953 2987 Ostende
2979 2930 3175 2987 nobis:
3225 2935 3475 2991 Dominus
3503 2936 3679 2992 vobis-

1969 2991 2167 3062 Ccum,
2222 2991 2426 3075 Oratio
2480 3002 2715 3059 Concede
2775 3002 2950 3075 nobis,
3002 3004 3291 3075 Domine,
3346 3012 3535 3075 postea
3600 3008 3682 3063 in-

2030 3077 2227 3133 choata
2258 3070 2580 3144 antiphona,
2612 3072 2969 3146 Exaudirnos,
2992 3074 3227 3146 Domine,
3252 3070 3362 3146 per'
3380 3078 3677 3135 claustrum

2029 3148 2098 3204 ad
2131 3143 2786 3218 processionemexeant.
2837 3143 3031 3218 Nullus
3062 3145 3126 3218 in
3165 3143 3268 3202 hac
3317 3152 3675 3218 processione

2029 3161 2098 3204 au
2169 3161 2541 3204 rocesswnem
2571 3161 2786 3199 exeant.
2837 3161 3031 3200 nauus
3062 3161 3116 3200 ll]
3165 3161 3268 3202 nac
3317 3161 3675 3218 processione

2029 3161 2421 3276 eccresiasticis
2474 3216 2813 3271 indumentis
2881 3216 3047 3271 debet
3112 3216 3288 3275 indui.
3355 3222 3679 3277 Percantata

2028 3290 2330 3361 antiphona
2377 3293 2505 3349 ante
2553 3285 2908 3361 refectorium
2954 3300 3077 3361 cum
3126 3303 3236 3346 uno
3271 3304 3431 3347 versu
3482 3292 3677 3361 psalmi

2028 3357 2263 3419 Saluum.
2295 3372 2376 3415 me
2419 3360 2528 3429 fac,
2568 3359 2932 3429 subjungatur
2977 3357 3083 3429 alia
3130 3362 3295 3414 Juxta
3332 3357 3673 3427 uestibulum,-

2031 3447 2140 3502 qua
2187 3427 2648 3502 ante_introitum
2705 3427 2956 3502 ecclesiae
3024 3427 3201 3502 ﬁnita,
3246 3429 3487 3502 litaniam
3556 3432 3665 3488 duo

2029 3498 2285 3558 cantores
2330 3500 2635 3569 incipiant,
2688 3498 2889 3569 quibus
2943 3500 3429 3569 pronuntiantibus
3483 3502 3680 3557 Sancte

2028 3577 2259 3630 Joannes
2306 3567 2586 3640 Baptista.
2642 3567 2925 3640 processio
2974 3567 3317 3640 ingrediatur
3362 3571 3675 3639 ecclesiam,

2029 3658 2155 3713 quae
2188 3636 2718 3713 dumrpercantatur
2759 3636 3099 3713 ad_gr_adus_,
3147 3638 3368 3713 interim
3417 3636 3680 3698 sacerdos

2031 3707 2086 3770 et
2116 3707 2777 3768 ministri‘revestiantur.
2831 3707 3010 3763 Finita
3049 3707 3239 3765 litania
3277 3707 3398 3767 sine
3426 3713 3678 3769 oratione

2030 3784 2269 3841 ofﬁcium
2320 3780 2617 3850 incipiatur
2658 3779 2930 3838 Misereris
2987 3781 3233 3837 omnium.
3294 3783 3406 3838 Hac
3466 3783 3556 3838 die
3614 3799 3679 3845 ac

2031 3857 2296 3925 deinceps
2323 3851 2558 3925 inomni
2577 3851 3010 3925 ‘Quadragesima
3040 3850 3310 3925 diaconus
3357 3860 3413 3910 et
3458 3854 3679 3912 subdia-

2032 3941 2207 3984 conus
2232 3921 2511 3981 'omnibus
2559 3921 2756 3993 diebus
2804 3937 2977 3993 usque
3016 3922 3083 3978 ad
3116 3937 3325 3980 ccenam
3360 3926 3576 3982 Domini
3607 3927 3676 3983 ad

2028 4011 2279 4070 magnam
2326 3996 2547 4070 missam
2595 3992 3294 4070 detemporedebentin
3325 3998 3528 4070 casulis
3577 4000 3673 4054 mi:

2029 4066 2303 4136 nistrare,
2363 4068 2535 4139 etiam
2581 4066 2777 4139 diebus
2831 4066 3159 4139 Dominicisi
3208 4068 3395 4125 Oratio
3450 4071 3689 4139 Praesta,

2029 4154 2338 4213 quasumus,
2388 4138 2624 4205 Domine,
2668 4138 2764 4213 cui
2813 4136 3080 4213 diaconus
3120 4137 3294 4213 debet
3347 4154 3676 4213 praeponere

2026 4208 2321 4269 Flectamus
2350 4209 3002 4282 genua,retrsic‘o_mnibus
3030 4208 3191 4282 feriis
3212 4208 3671 4282 Quadragesimaa.

2027 4283 2273 4353 Epistola
2319 4280 2685 4338 Convertimini
2722 4279 2795 4333 ad
2838 4293 2938 4345 me,
2985 4292 3109 4347 quae
3161 4279 3290 4334 dum
3330 4279 3533 4350 legitur
3569 4282 3677 4336 fra—

2030 4378 2145 4429 tres
2198 4370 2510 4427 recalceent
2548 4359 2704 4429 283
2743 4380 2823 4421 se.
2845 4365 3112 4427 Graduale
3131 4366 3388 4433 Miserere
3406 4368 3525 4422 mei.
3546 4369 3676 4423 Tra-

2032 4451 2154 4499 ctus
2180 4443 2398 4497 Domine
2425 4456 2529 4495 non
2555 4438 2854 4505 secundum,
2886 4436 3196 4493 alternatim
3237 4436 3403 4492 debet
3441 4439 3671 4495 cantari.

2030 4512 2382 4584 Evangelium
2402 4514 2529 4584 Cum
2547 4509 2820 4584 jejunalis.
2842 4508 3191 4584 Oﬂ'ertorlum
3215 4507 3481 4563 Exaltabo
3502 4513 3569 4564 te.
3593 4509 3673 4564 Ad

2028 4581 2299 4661 Vesperas
2330 4583 2562 4661 primum
2594 4583 2828 4661 signum,
2877 4581 3098 4661 quando
3137 4581 3367 4661 Sanctus
3396 4586 3674 4661 cantatum

2029 4651 2154 4724 εει(
2185 4651 2391 4726 pulsari
2440 4651 2688 4725 incipiat,
2738 4653 2807 4708 ad
2850 4652 3151 4726 secundum
3192 4651 3295 4704 Per
3331 4651 3527 4726 omnia,
3558 4665 3677 4726 ces-

2027 4722 2142 4794 set;
2186 4722 2319 4797 post
2364 4722 2707 4797 Agnus—Dei,
2741 4724 3051 4797 secundum
3081 4722 3317 4797 signum.
3352 4722 3674 4797 Communio

2028 4791 2137 4867 Qui
2175 4791 2508 4853 meditabitur
2531 4839 2546 4863 ,
2606 4810 2715 4866 qua
2766 4794 2918 4867 ﬁnita
2965 4791 3131 4847 debet
3186 4791 3392 4867 pulsari
3449 4796 3671 4851 tertium

2027 4863 2264 4942 signum.
2308 4863 2673 4942 Adultimain
2713 4865 3207 4942 orationem-qum
3256 4863 3462 4942 dicitur
3508 4880 3676 4936 super

2029 4932 2291 5013 perulum
2316 4982 2330 5006 ,
2390 4939 2552 5013 dicat
2594 4938 2861 5013 diaconus
2907 4932 3193 5013 Humiliate
3243 4936 3436 5013 capita_
3475 4932 3671 5013 uestra,

2027 5004 2156 5084 post
2203 5004 2365 5081 quam
2414 5009 2719 5084 orationem
2767 5004 3055 5084 ciassictim
3103 5004 3354 5084 infertur.
3404 5006 3675 5084 Sacerdos

2028 5074 2123 5155 qui
2174 5074 2394 5139 missam
2441 5080 2737 5151 celebravit
2792 5075 2924 5146 (nisi
2977 5074 3144 5133 fuerit
3190 5078 3394 5147 duplex
3449 5075 3668 5139 festum.

2027 5155 2112 5211 vel
2161 5155 2281 5211 dies
2321 5152 2543 5208 Sabbati
2583 5152 2639 5205 in
2679 5161 2789 5218 quo
2822 5147 3284 5204 hebdomadarius
3312 5146 3673 5205 hebdomadas

2027 5225 2312 5296 sequentis
2340 5225 2609 5296 Vesperas
2652 5220 2896 5296 inchoat)
2928 5220 3199 5296 vesperae
3242 5218 3457 5296 ibidem
3477 5218 3545 5274 ad
3595 5220 3674 5296 al-

2028 5289 2145 5356 tare
2194 5289 2463 5366 incipiat;
2491 5295 2621 5366 Post
2670 5293 2937 5361 Vesperas
2992 5289 3136 5347 facto
3186 5289 3336 5345 brevi
3383 5289 3687 5359 intervallo,

2028 5369 2280 5442 pulsetur
2307 5364 2642 5442 cymbalum,
2667 5368 2723 5442 et
2752 5369 2879 5442 eant
2907 5370 3203 5429 uenatum.

2103 5441 2289 5509 (Feria
2341 5431 2551 5509 sexta,)
2608 5434 2902 5509 Sciendum
2946 5441 3141 5509 tamen
3189 5431 3439 5509 quodﬁa,
3480 5433 3675 5509 Capite,

2023 5496 2222 5585 jejunii
2253 5496 2546 5581 usquead"
2564 5498 2776 5577 orenam
2804 5506 3033 5575 Domini.
3053 5496 3284 5574 singulis
3314 5496 3669 5574 diebus,'nisi

3579 223 3769 291 ιοδτ
