4156 6196
417 245 514 300 167

1524 234 1813 291 JOANNES
1849 184 2265 290 ARCHIEPISO.
2305 232 2641 292 ROTOMAG.

3679 236 3780 294 168

408 370 466 425 in
495 363 815 432 Dominicis,
828 368 977 491 dpost
1003 361 1240 446 Tertiam
1270 365 1478 431 septem
1500 357 1692 442 psalmi
1720 372 1844 441 cum
1866 356 2368 443 litaniaAintroitu
2421 360 2671 443 ecclesia:
2719 359 2894 415 beatae
2932 360 3133 442 Mariae.
3164 359 3420 431 ryChristi
3459 361 3634 443 Virgo,
3668 367 3777 418 etc.

410 440 706 491 dicuntur:
739 437 798 491 in
867 435 1027 491 iebus
1045 433 1254 490 festivus
1292 437 1414 491 post
1442 432 1673 485 Primam
1716 429 2048 484 immediate.
2137 433 2269 489 lude
2316 446 2547 491 ingresm
2587 432 2816 487 chorum
2863 431 3111 487 eccleswe
3159 431 3335 487 beatae
3384 433 3568 488 Mariae
3618 447 3770 490 more

410 440 706 496 dicuntur:
739 429 808 492 in'
828 429 1027 491 diebus
1045 433 1254 490 festivis
1292 429 1414 496 post
1442 432 1673 485 Primam
1716 429 2048 484 immediate.

480 510 764 566 Dominica
820 507 995 577 prima
1055 508 1111 562 in
1165 499 1584 577 Quadragesima
1609 543 1623 567 ,
1682 499 1773 577 ad
1811 500 2049 577 missam,

411 580 651 638 ofﬁcium
715 571 983 654 [avocavit
1048 592 1154 654 me,
1191 571 1323 631 Vetc.
1389 571 1615 654 Tractus
1663 572 1773 654 Qui
1824 571 2046 654 imbuat,

410 667 594 724 quem
622 657 859 721 quatuor
903 648 1212 724 alternatim
1263 648 1479 724 canant,
1511 648 1620 724 etc.
1663 644 1777 724 Hac
1807 642 1896 698 die
1928 648 2047 724 post

409 714 839 794 Completorium
895 719 1123 775 sacrista
1186 717 1452 773 cortinam
1510 714 1657 770 inter
1712 714 1940 770 chorum
1998 719 2054 769 et

411 815 583 870 altare
630 811 961 882 protendat,
1011 815 1141 864 tunc
1185 806 1347 882 etiam
1391 817 1587 882 cruces
1618 809 1687 882 Aet
1734 795 1892 882 284
1920 803 2051 882 ima-

409 886 567 957 gines
631 874 955 957 cooperiatﬁ
993 882 1036 934 A
1100 874 1548 957 secundajeria
1596 875 2049 957 .Quadragesimm

412 945 585 1026 usque
624 955 692 1010 ad
740 945 970 1026 Pascha,
1001 949 1256 1026 exceptis
1275 946 1551 1026 festis,_a.d
1594 946 1811 1026 initium
1848 945 2052 1026 princi-

410 1017 551 1097 palis
597 1027 759 1081 Horae
808 1024 934 1097 dum
985 1017 1169 1097 Gloria
1215 1019 1372 1097 Patri
1412 1017 1636 1083 dicitur,
1678 1017 1747 1071 ab
1795 1017 2052 1073 omnibus

410 1091 571 1154 simul
610 1110 777 1165 super
812 1091 1199 1165 formas‘venia
1230 1094 1467 1165 petatur.

481 1157 770 1224 Sciendum
820 1163 968 1227 quod
1016 1162 1072 1216 in
1121 1157 1377 1217 omnibus
1422 1158 1605 1214 missis
1641 1172 1765 1227 quae
1802 1157 1871 1213 de
1909 1159 2053 1225 Qua-

410 1238 714 1309 dragesima
753 1235 1014 1309 dicuntur
1059 1233 1273 1309 cortina
1301 1230 1469 1309 debet
1506 1243 1625 1309 esse
1656 1229 2051 1309 collecta‘dum

408 1301 758 1379 Evangelium
834 1306 1055 1379 legitur,
1132 1303 1233 1358 sed
1298 1302 1443 1379 lecto
1510 1301 1817 1379 Evangelia
1868 1301 2051 1356 statim

408 1371 790 1449 expaﬁdatur;
837 1371 1066 1449 quando
1118 1387 1250 1449 vero
1295 1371 1915 1449 festumcelebrandum
1945 1378 2048 1438 est,

408 1443 559 1507 ﬁnita
606 1443 783 1506 missa
820 1443 929 1502 diei
980 1444 1348 1516 praecedentis
1396 1445 1579 1516 statim
1609 1443 1900 1516 colligatur
1929 1456 2053 1498 cor-

409 1523 543 1589 tina,
576 1536 700 1591 qua:
739 1527 939 1591 tamen
969 1513 1087 1586 ipsa
1118 1516 1207 1571 die
1247 1516 1376 1570 dum
1425 1513 1592 1591 missa
1630 1514 1698 1569 de
1744 1514 2052 1591 Quadrage-

408 1586 545 1648 sima
592 1586 810 1647 canitur
855 1589 1022 1643 debet
1068 1601 1189 1643 esse
1228 1594 1525 1657 protensa;
1576 1587 1633 1640 in
1664 1600 1772 1654 qua
1802 1586 1965 1640 missa
1991 1599 2049 1641 se

406 1663 605 1742 fratres
651 1658 1072 1742 superhformas
1117 1659 1185 1742 ad
1245 1671 1510 1742 canonem
1559 1670 1669 1742 nopn
1704 1657 2110 1742 ‘incurvent;B

408 1749 515 1804 qua
544 1733 634 1788 die
665 1726 790 1801 post
818 1730 1247 1804 Completorium
1286 1729 1399 1804 nisi
1431 1727 1578 1783 aliud
1619 1726 1814 1783 festum
1845 1742 2047 1784 occur-

410 1800 515 1871 rat,
548 1800 783 1869 cortina,
820 1805 963 1857 sicut
1000 1801 1161 1867 solet,
1202 1800 1548 1871 extendatur.

479 1869 788 1931 Notandum
837 1872 986 1942 quod
1033 1872 1168 1928 feria
1213 1870 1456 1927 secunda
1501 1869 2048 1942 Quadragesimtead

408 1946 757 2003 collationem
774 1940 1105 2014 incipiendae
1122 1949 1251 1999 sunt
1267 1942 1508 1998 homiliaa
1523 1940 2045 2014 Qiuadragesimales.

481 2017 729 2087 (Sabbato
767 2015 801 2069 4
840 2011 1457 2087 temporum.)rSabbato
1509 2013 1579 2068 ad
1629 2012 1870 2087 missam,
1931 2011 2049 2066 ofﬁ-

410 2083 554 2144 cium
603 2090 767 2144 Intret
814 2083 1004 2142 oratio.
1054 2083 1240 2142 Oratio
1282 2083 1534 2155 Populum
1581 2089 1742 2149 tuum,
1775 2083 1841 2138 ad
1885 2098 2048 2155 quam

409 2160 626 2215 dicatur
674 2158 970 2214 Flectamus
1016 2171 1221 2225 genua,
1273 2162 1329 2211 et
1366 2154 1591 2211 dicatur
1634 2154 1752 2209 sine
1801 2154 2049 2209 Dominus

406 2230 686 2295 vobiscum,
722 2244 845 2285 cum
884 2228 1137 2284 omnibus
1179 2227 1558 2297 sequentibus,
1592 2225 2049 2297 exceptaiultima

406 2309 534 2358 ante
599 2302 918 2370 Epistolam.
987 2300 1206 2368 Lectio,
1258 2296 1504 2368 "Angelus
1567 2297 1772 2370 Domini
1837 2296 2050 2367 legatur

409 2375 582 2443 usque
628 2368 697 2427 ad
746 2372 899 2426 illum
927 2385 1157 2443 versum,
1182 2370 1492 2443 Benedictus
1520 2383 1575 2423 es
1604 2369 1657 2443 in
1684 2368 2044 2439 ﬁrmamento,-

407 2440 604 2500 exinde
633 2443 775 2499 enim
810 2448 1017 2497 tractus
1054 2441 1337 2510 incipitur,
1369 2441 1528 2509 cujus
1569 2440 1804 2508 primum
1833 2452 2047 2495 versum

408 2532 694 2587 dimidium
754 2538 991 2599 quatuor
1045 2528 1242 2583 fratres
1306 2528 1506 2594 simul,
1538 2598 1541 2599 ν
1576 2526 1822 2597 reliquos
1886 2518 2042 2599 285

408 2603 522 2658 bini
553 2608 609 2658 et
637 2601 752 2656 bini
774 2598 1004 2665 dicant;
1056 2599 1261 2655 chorus
1287 2612 1416 2655 vero
1461 2598 1697 2669 primum
1724 2611 1939 2653 versum
1978 2598 2048 2652 ab

406 2687 474 2729 eo
518 2672 667 2743 quod
711 2672 916 2727 dicitur
958 2673 1029 2727 Et
1076 2668 1379 2737 laudabilis,
1427 2670 1693 2743 accipiat.
1732 2670 1882 2724 Tunc
1922 2676 2049 2738 post

404 2740 566 2800 ﬁnem
616 2750 943 2800 cancrorum
988 2756 1241 2797 versuum
1287 2743 1546 2812 Hymnum
1588 2740 2049 2812 dicitetsemper

407 2815 653 2871 sedendo
700 2819 934 2885 repetat.
984 2814 1279 2883 Postquam
1329 2810 1538 2885 tractus
1579 2811 1746 2885 fuerit
1792 2810 1979 2885 ﬁnitus
2016 2825 2049 2866 a

409 2887 699 2956 praedictis
719 2883 975 2956 quatuor,
991 2886 1216 2956 primus
1243 2898 1433 2956 versus
1462 2883 1862 2956 reincipiatur._
1891 2883 2049 2937 Hunc

411 2952 649 3036 tractum
689 2952 754 3012 in
793 2956 908 3011 suis
944 2952 1118 3036 nigris
1155 2954 1350 3036 cappis
1380 2954 1575 3036 laneis‘
1593 2952 1816 3036 canunt,
1848 2953 1906 3007 in
1936 2966 2047 3036 quo

411 3028 572 3097 (sicut
633 3028 692 3081 in
755 3014 1128 3097 suprascripta
1199 3014 1480 3097 Dominica
1544 3014 1878 3097 descriptum
1944 3014 2115 3097 ést)G

2137 433 2269 489 lude
2316 432 2547 502 ingressi
2587 432 2816 487 chorum
2863 431 3111 487 ecclesiae
3159 431 3335 487 beatae
3384 432 3568 488 Mariae
3618 447 3770 490 more

2136 520 2195 561 se
2227 504 2464 560 habeant
2490 503 2743 558 aliorum.
2789 502 2962 558 Debet
3007 516 3199 558 cavere
3246 502 3483 558 clericus
3511 504 3779 560 sacristiaa

2136 575 2285 647 quod
2346 574 2574 644 singulis
2633 574 2914 629 canonicis
2980 574 3184 629 nostris
3241 588 3422 630 ramos
3479 575 3778 631 distribuat

2136 664 2477 719 benedictos.
2529 663 2663 717 Dum
2713 663 2847 717 rami
2887 654 3044 723 287
3085 662 3510 730 distribuuntur,
3562 666 3781 720 canitur

2134 735 2433 803 antiphona
2481 733 2639 788 Pueri
2684 732 3043 799 Hebrteorum,
3095 740 3203 789 etc.
3252 736 3312 789 In
3342 735 3525 793 reditu
3558 749 3781 805 proces-

2133 809 2327 872 sionis,
2358 810 2472 875 ant.
2506 806 2779 875 Coeperunt
2817 820 3012 859 omnes.
3062 806 3100 873 ri)
3143 805 3389 860 Dominus
3416 808 3588 862 Jesus.
3639 808 3780 863 Item

2134 895 2181 949 ιγ
2209 879 2334 933 Cum
2362 874 2603 949 audisset
2621 874 2794 949 turba.
2822 877 2977 949 ACum
3028 877 3097 931 ad
3146 884 3360 944 portam
3391 877 3628 933 civitatis
3658 892 3782 947 pro-

2134 946 2312 1003 cessio
2372 946 2588 1017 venerit
2618 946 2678 1000 ﬁt
2707 946 2893 1014 statio,
2927 948 3114 1016 pueris
3142 962 3309 1016 super
3337 956 3550 1017 portam
3581 962 3777 1005 canen-

2136 1021 2283 1076 tibus
2315 1016 2521 1085 Gloria,
2553 1016 2690 1072 laus.
2741 1019 2801 1072 In
2826 1018 3070 1089 introitu
3101 1016 3351 1074 civitatis
3368 1022 3778 1089 responsorium

2135 1090 2467 1159 Ingrediente
2514 1091 2752 1157 Domino.
2804 1088 2842 1150 ψ
2890 1090 3115 1159 Cumque
3161 1090 3431 1157 audisset,
3462 1088 3622 1147 ’tunc
3670 1093 3780 1148 ίιε-

2135 1176 2253 1217 rum
2285 1161 2490 1216 debent
2520 1159 2727 1229 pulsari
2756 1159 2867 1231 duo
2898 1160 2967 1215 de
2998 1162 3299 1230 majoribus
3336 1161 3527 1231 signis.
3586 1164 3645 1217 In
3694 1163 3779 1218 in-

2135 1234 2304 1289 troitu
2336 1230 2801 1301 ecclesiaaSancti
2849 1231 3040 1296 Laudi,
3083 1230 3493 1301 responsorium
3543 1235 3778 1289 Circum-

2135 1304 2384 1359 dederunt
2432 1317 2532 1367 me,
2582 1300 2724 1356 facta
2772 1301 2829 1355 in
2884 1303 3111 1357 basilica
3167 1300 3443 1370 statione,
3503 1319 3692 1360 versus
3748 1321 3780 1359 a

2136 1376 2365 1447 duobus
2399 1374 2633 1447 canitur.
2686 1372 2867 1447 Finito
2914 1375 3269 1447 responsorio
3317 1375 3578 1444 przelatus
3604 1390 3780 1447 genua

2135 1445 2408 1502 ﬂectendo
2461 1444 2696 1499 delatam
2743 1443 2849 1498 sibi
2896 1444 3252 1513 antiphonam
3301 1443 3332 1499 a
3376 1443 3777 1513 cantore'Ave,

2132 1532 2232 1572 rex
2271 1520 2484 1582 noster,
2536 1520 2621 1570 ter
2663 1515 2927 1583 incipiat;
2979 1522 3186 1570 tantum
3246 1516 3437 1571 dicens
3491 1520 3630 1580 Ave,
3680 1532 3781 1573 rex

2131 1594 2326 1653 noster,
2354 1593 2661 1659 conventus
2693 1600 2792 1654 per
2821 1585 3063 1657 singulas
3100 1587 3269 1653 vices,
3302 1588 3557 1659 similiter
3599 1602 3777 1659 genua

2133 1658 2427 1725 ﬂectendo,
2459 1657 2605 1713 idem
2645 1664 2878 1728 repetat,
2911 1659 3127 1712 interim
3179 1658 3471 1714 cruciﬁxus
3518 1657 3777 1728 paulatim

2134 1730 2611 1800 discooperiatur;
2665 1728 2734 1782 ad
2779 1728 3029 1783 ultimum
3077 1735 3211 1800 tota
3238 1730 3538 1798 antiphona
3584 1739 3781 1786 cante-

2131 1815 2240 1859 tur.
2293 1798 2373 1857 Ad
2432 1800 2716 1855 introitum
2765 1800 2941 1866 chori,
3003 1800 3041 1868 ἢ
3099 1798 3444 1869 Collegerunt,
3502 1815 3695 1857 versus
3748 1817 3778 1857 a

2131 1875 2312 1930 tribus
2365 1871 2434 1927 de
2491 1870 2803 1927 senioribus
2859 1872 2927 1926 ad
2982 1871 3185 1942 gradus
3251 1879 3504 1927 cantetur
3549 1893 3560 1928 :
3637 1875 3780 1927 Unus

2131 1950 2343 2009 autem;
2394 1943 2614 1998 interim
2644 1949 2949 1997 conventus
2977 1942 3186 1998 sedeat.
3220 1942 3352 1997 Post
3380 1958 3595 1999 versum
3626 1945 3776 1999 dicta

2132 2016 2462 2086 repetitione
2509 2013 2828 2086 antiphona;
2868 2015 2964 2086 Ne_
2995 2014 3148 2083 forte,
3182 2014 3477 2084 subjungat
3515 2015 3777 2084 praelatus

2130 2085 2167 2160 ᾖ
2196 2084 2536 2160 Benedictus
2572 2084 2659 2160 qui
2691 2085 2827 2160 venit
2850 2127 2880 2160 ,_
2920 2084 3091 2140 choro
3122 2086 3498 2160 respondente
3522 2088 3778 2142 Hosanna

2129 2155 2185 2212 in
2212 2156 2454 2213 excelsis.
2504 2155 2690 2210 Oratio
2730 2155 3063 2226 Omnipotens
3096 2158 3425 2227 sempiterne.
3461 2159 3610 2213 Tunc
3642 2171 3777 2227 pos-

2130 2235 2257 2284 sunt
2287 2228 2521 2283 ministri
2552 2226 2620 2282 de
2668 2227 2795 2297 suis,
2830 2226 3157 2282 necessariis
3195 2228 3507 2297 providere.
3557 2226 3778 2284 Pulsato

2131 2300 2361 2355 classico
2391 2298 2683 2354 inchoatur
2710 2296 2958 2353 Ofﬁcium
2986 2299 3222 2365 Domine,
3263 2314 3328 2354 ne
3363 2299 3532 2369 longe.
3581 2301 3777 2355 Sacer-

2131 2389 2233 2444 dos
2271 2394 2326 2444 et
2370 2386 2608 2443 ministri
2655 2386 3020 2454 procedentes
3059 2378 3215 2446 288
3254 2387 3323 2442 ad
3355 2387 3526 2443 altare
3558 2388 3767 2457 palmas

2130 2460 2382 2515 manibus
2424 2462 2659 2528 gestent.
2710 2457 2941 2512 Ministri
2989 2457 3191 2513 casulis
3237 2458 3414 2513 induti
3456 2458 3588 2513 sint.
3642 2460 3773 2514 Tra-

2130 2538 2254 2587 ctus
2280 2546 2311 2586 a
2341 2535 2580 2600 quatuor
2610 2533 2881 2594 cantetur,
2914 2529 3058 2584 sicut
3105 2528 3279 2598 prima
3324 2530 3608 2585 Dominica
3644 2531 3776 2597 Qua-

2130 2599 2472 2672 dragesirnaa.
2502 2599 2584 2672 Ad
2633 2600 2942 2672 passionem
2981 2600 3231 2672 Dominus
3259 2600 3519 2672 uobiscum
3548 2608 3777 2671 propter

2128 2669 2466 2730 Dominicam
2519 2670 2754 2737 dicatur,
2814 2669 2913 2726 sed
2971 2671 3152 2727 Gloria
3210 2670 3322 2739 tibi,
3374 2669 3610 2740 Domine,
3651 2669 3776 2729 loco

2130 2758 2231 2801 suo
2287 2749 2554 2799 taceatur.
2613 2742 2820 2814 Credo.
2859 2740 3148 2814 Oﬁ'erenda
3203 2744 3601 2814 Improperium,
3650 2758 3776 2813 quae

2130 2816 2260 2871 dum
2290 2815 2506 2871 canitur
2544 2812 2720 2883 primo
2752 2812 2989 2868 ministri
3038 2812 3243 2882 palmas
3280 2812 3542 2881 ‘oﬁ‘érant,
3573 2812 3776 2871 deinde

2132 2886 2419 2956 praelatus,
2446 2890 2503 2939 et
2547 2883 2757 2956 reliqui
2794 2884 2911 2939 bini
2942 2891 2997 2939 et
3034 2883 3151 2939 bini
3169 2884 3435 2956 ordinate
3465 2886 3771 2953 venientes,

2136 2955 2273 3027 quas
2300 2956 2529 3027 sacrista
2557 2955 2840 3025 suscipiat.
2886 2956 3119 3024 Propter
3164 2955 3408 3012 laborem
3445 2957 3612 3013 ofﬁcii
3652 2964 3778 3027 post

2138 3026 2426 3098 prandium
2455 3026 2729 3099 dormiant
2750 3046 2773 3099 ;_
2817 3040 3050 3099 cumque
3088 3031 3305 3095 tempus
3340 3028 3601 3099 surgendi
3652 3026 3775 3084 fue-

410 3095 647 3169 vicissim
677 3096 925 3169 sedeant.
975 3096 1225 3169 Dominus
1251 3095 1530 3163 vobiscum,
1563 3095 1740 3169 oratio
1769 3097 1929 3169 Deus,
1964 3096 2053 3165 qui
2135 3095 2226 3167 rit,
2259 3113 2427 3155 unum
2456 3097 2525 3152 de
2558 3097 2864 3153 minoribus
2905 3097 3077 3167 signis
3122 3100 3390 3167 pulsetur,
3432 3095 3542 3169 quo
3582 3099 3774 3155 audito

409 3168 572 3224 tribus

409 3255 523 3295 mus
568 3236 679 3295 vos.
729 3240 959 3295 Tractus
1006 3237 1244 3293 Laudate
1271 3238 1564 3299 Dominum.
1596 3237 1655 3292 in
1678 3237 1850 3292 choro
1881 3236 2047 3292 alter-

410 3311 578 3368 natim
600 3315 872 3367 cantetur.
888 3309 1048 3365 Missa
1076 3309 1180 3364 ista
1209 3322 1316 3363 una
1346 3308 1578 3364 collecta
1607 3313 1815 3363 tantum
1838 3307 2045 3364 ﬁnitur.

480 3382 762 3439 Dominica
803 3380 968 3437 tertia
1013 3379 1473 3450 Quadragesimaa,
1505 3379 1574 3435 ad
1617 3378 2048 3448 Completorium

404 3454 706 3524 antiphona
735 3453 919 3511 Media
947 3452 1075 3518 uita,
1108 3451 1246 3522 psal.
1276 3450 1712 3524 Nunedimittis._
1744 3451 1804 3506 In
1839 3464 2047 3524 canen-g

404 3526 476 3583 do
524 3521 684 3581 istam
727 3521 1121 3595 antiphonam,’
1154 3536 1275 3579 cum
1324 3522 1542 3578 venitur
1566 3522 1650 3595 ad
1699 3521 1902 3595 locum,
1938 3522 2047 3595 ubi

403 3596 607 3653 dicitur
626 3598 821 3654 Sancte
840 3592 1001 3663 Deus,
1026 3594 1231 3651 debent
1251 3608 1442 3650 omnes
1461 3599 1547 3649 ter
1560 3593 1617 3648 in
1640 3592 1901 3663 profestis
1918 3593 2044 3648 die-

401 3669 505 3725 bus
520 3668 817 3738 prosterni,
838 3668 894 3722 in
919 3666 1115 3722 diebus
1142 3679 1273 3722 vero
1289 3664 1512 3738 festivis
1541 3670 1749 3721 tantum
1766 3664 2042 3720 inclinari.

470 3736 754 3795 Deminica
800 3738 857 3793 in
904 3738 1186 3802 Passione,
1236 3736 1304 3791 ad
1353 3737 1557 3804 primas
1599 3738 1886 3804 Vesperas,
1927 3742 2041 3792 ant.

400 3810 710 3865 Benedictus
745 3850 758 3875 ,
845 3812 967 3878 etc.
1020 3824 1068 3878 ιγ
1141 3805 1616 3864 Circumdederunt.
1682 3805 1721 3864 Ῠ
1788 3808 2045 3878 Quoniam

401 3878 667 3934 tribulatio
692 3920 707 3945 ,
751 3878 871 3933 sine
903 3876 1086 3934 Gloria
1134 3878 1301 3944 Patri,
1336 3879 1532 3933 iterum
1563 3877 2038 3933 Circumdederunt.

399 3949 707 4006 Notandum
741 3948 891 4017 quod
923 3948 1275 4018 responsoria
1299 3953 1409 4003 tam
1438 3948 1505 4004 ad
1536 3947 1856 4003 Matutinum
1879 3962 2041 4017 quam

399 4019 468 4075 ad
517 4021 692 4076 Horas
737 4033 862 4089 quas
910 4033 1033 4074 cum
1081 4018 1267 4075 Gloria
1304 4019 1485 4089 solent
1523 4018 1654 4084 dici,
1696 4019 2042 4088 reincipiun-

400 4097 491 4147 tur
510 4104 683 4161 usque
713 4088 781 4146 ad
812 4090 1038 4146 Pascha.
1071 4090 1226 4157 Quod
1274 4090 1320 4145 si
1366 4088 1566 4145 festum
1598 4089 1867 4145 celebrari
1896 4104 2037 4146 con-

399 4180 594 4250 tingat,
626 4178 708 4250 vel
757 4178 921 4235 missa
960 4178 1177 4235 dicatur
1203 4193 1327 4249 quae
1367 4170 1524 4240 286
1565 4190 1676 4235 non
1707 4178 1779 4233 sit
1806 4177 1876 4234 de
1906 4192 2039 4248 pas-

397 4248 573 4317 sione,
607 4248 790 4306 Gloria
818 4250 967 4306 Patri
995 4250 1162 4307 solito
1191 4248 1344 4307 more
1374 4250 1596 4307 dicitur.

617 3168 816 3240 pueris,
863 3166 984 3223 sine
1029 3165 1324 3240 Flectamus
1368 3181 1555 3240 genua.
1597 3165 1839 3240 Epistola
1882 3168 2051 3240 Itoga-

2131 3171 2189 3226 in
2221 3170 2518 3241 claustrum
2531 3169 2850 3241 venientes,
2883 3170 3061 3239 primo
3110 3169 3283 3241 (sicut
3304 3184 3423 3226 mos
3451 3171 3555 3241 est)
3586 3184 3779 3226 manus

2131 3242 2333 3307 lavent,
2383 3238 2583 3296 deinde
2633 3240 2848 3310 pulsata
2886 3238 3040 3296 Nona
3086 3238 3409 3311 procedant.
3451 3238 3777 3311 Huiusmodi

2132 3313 2433 3369 meridiana
2480 3312 2828 3367 observantia
2874 3326 2906 3366 a
2954 3312 3159 3367 Pascha
3202 3327 3375 3382 usque
3404 3312 3473 3368 ad
3505 3312 3778 3369 Kalendas

2130 3385 2405 3450 Octobris,
2439 3384 2686 3451 exceptis
2714 3383 2911 3439 diebus
2943 3384 3280 3452 jejuniorum
3317 3384 3374 3439 in
3417 3385 3619 3453 quibus
3648 3393 3775 3454 post

2129 3457 2338 3511 Nonam
2368 3453 2677 3511 comeditur
2706 3460 2761 3510 et
2804 3454 3094 3520 dormitur,
3128 3460 3400 3510 teneatur.
3441 3457 3551 3511 Hae
3581 3453 3671 3510 die
3720 3462 3775 3511 et

2114 3524 2394 3596 ’deinceps
2431 3539 2605 3595 usque
2652 3525 2719 3581 ad
2768 3524 3041 3580 Kalendas
3086 3525 3341 3581 Octobris
3387 3533 3689 3583 conventus
3717 3528 3771 3582 in

2129 3597 2371 3653 claustro
2400 3597 2601 3652 sedens
2630 3598 2909 3652 silentium
2939 3602 3142 3651 teneat.

2199 3669 2355 3725 Feria
2403 3674 2599 3737 quarta
2643 3668 2711 3724 ad
2760 3668 2979 3723 missam
3030 3668 3211 3723 Passio
3249 3668 3475 3732 Domini,
3508 3668 3627 3723 sine
3666 3670 3774 3723 Do-

2126 3739 2293 3794 minus
2338 3739 2599 3795 uobiscum
2647 3746 2701 3794 et
2748 3741 2866 3795 sine
2893 3738 3101 3810 Gloria
3146 3738 3259 3806 tibi,
3300 3740 3532 3794 Domine.
3565 3741 3771 3810 Appro-

2123 3811 2410 3881 pinquabal
2467 3810 2578 3881 dies
2610 3811 2834 3881 festus;
2890 3809 3025 3865 hora
3082 3825 3190 3879 qua
3245 3810 3513 3866 diaconus
3567 3809 3771 3866 dixerit

2139 3880 2311 3937 Velum
2340 3880 2515 3951 templi
2543 3880 2759 3936 scissum
2789 3886 2884 3945 est,
2918 3881 3133 3936 cortina
3171 3881 3368 3937 cadere
3396 3882 3765 3951 permittatur.

2193 3953 2275 4008 Ad
2307 3954 2575 4021 Vesperas
2606 3959 2662 4007 et
2692 3966 2865 4021 usque
2896 3952 2963 4007 ad
3007 3952 3225 4007 missam
3257 3954 3312 4008 in
3343 3954 3583 4009 crastino
3614 3954 3769 4023 signa

2121 4041 2265 4096 sicut
2313 4042 2369 4097 in
2418 4041 2722 4097 Dominicis
2768 4041 3056 4111 pulsentur
3098 4032 3254 4103 289
3296 4042 3555 4111 prmlatus
3602 4042 3770 4097 debet

2120 4119 2342 4169 cantare
2372 4113 2661 4182 Vesperas.
2706 4112 2786 4168 Ad
2820 4115 3087 4183 Vesperas
3114 4113 3416 4183 antiphona
3445 4116 3639 4169 Beatus
3664 4115 3765 4179 uir,

2119 4184 2259 4252 psal.
2296 4184 2448 4255 ANisi
2512 4184 2763 4238 Dominus
2829 4185 3203 4255 wdiﬁcaverit,
3280 4190 3389 4240 etc.
3456 4183 3767 4254 Capitulum

2116 4253 2359 4322 Attende,
2414 4255 2643 4310 Domine.
2700 4272 2747 4325 ιγ
2801 4253 3255 4313 Circumdederunt
3299 4271 3398 4322 me,
3448 4253 3594 4325 quod
3643 4269 3770 4310 can-

466 4322 755 4401 Domini‘ca
794 4322 852 4401 in
900 4322 1065 4377 ramis
1110 4322 1452 4401 Palmarum._
1485 4323 1547 4377 In
1593 4319 1872 4401 gaudibus
1917 4326 2233 4401 ant.Dtare
2286 4319 2490 4401 debent
2533 4319 2798 4401 cantores
2844 4326 2911 4381 ad
2962 4328 3164 4401 gradus
3207 4328 3263 4381 in
3311 4319 3501 4397 cappis
3549 4326 3765 4382 sericis.

397 4394 685 4469 Occurrunt
740 4392 941 4469 turbae,
1009 4393 1147 4463 psal.
1206 4394 1551 4469 Benedictus._
1593 4392 1695 4469 Hic
1749 4391 2096 4469 sciendum"
2121 4398 2365 4469 Hymnus
2420 4396 2630 4453 Venilia
2683 4398 2843 4467 regis,
2898 4391 3040 4469 aut,
3077 4400 3240 4453 Tanto
3298 4391 3543 4469 tempore,
3603 4411 3766 4467 quam

395 4465 568 4536 quod,
600 4465 730 4520 dum
758 4464 957 4521 transit
984 4465 1268 4536 processio
1298 4466 1474 4521 beatae
1502 4463 1683 4536 Mariae
1716 4464 2039 4536 per_t_ermi-

397 4534 500 4593 nos
528 4536 806 4606 parochias
837 4541 1042 4592 nostrae
1062 4534 1291 4593 ferendo
1312 4549 1514 4605 corpus
1532 4535 1746 4592 Domini
1767 4534 1833 4590 ad
1855 4534 2037 4591 locum

396 4609 754 4678 deputatum,
805 4607 995 4664 audito
1041 4608 1291 4674 cymban
1348 4606 1592 4677 ejusdem
1643 4606 2034 4678 processionis,

395 4677 601 4734 debent
630 4678 833 4748 pulsari
864 4678 976 4735 duo
1006 4678 1076 4735 de
1105 4679 1405 4748 majoribus
1450 4678 1621 4748 signis
1651 4679 1724 4748 in
1770 4677 2037 4733 honorem

394 4747 965 4833 Dominicicorporis.
992 4747 1338 4833 gd‘Pri’mam
1376 4747 1533 4833 mane
1568 4747 1840 4833 pulsetur,
1872 4749 2038 4833 missa

397 4819 733 4874 matutinalis
789 4819 1188 4878 intermittitur.
1257 4823 1318 4876 In
1382 4819 1623 4889 capitulo
1689 4820 1854 4875 lectio
1912 4821 2038 4875 Cum

396 4890 884 4962 appropinquasset.
951 4894 1142 4949 Statim
1211 4899 1335 4962 post
1387 4892 1686 4961 capitulum
1753 4892 2035 4962 processio

398 4960 668 5031 pulsetur.
708 4960 794 5033 Ad
834 4962 1068 5018 Tertiam
1115 4960 1384 5033 pulsetur,
1436 4960 1628 5032 postea
1675 4961 2037 5033 benedicatur

396 5046 558 5116 aqua,
593 5031 860 5116 etsolito
911 5045 1062 5116 more
1112 5031 1485 5116 asperguntur
1539 5032 1779 5116 fratres;
1814 5032 2035 5116 .deinde

396 5103 544 5159 dicta
573 5105 823 5160 oratione
866 5123 878 5158 :
934 5105 1147 5159 Exaudi
1175 5103 1304 5171 nos;
1321 5106 1557 5173 Domine,
1590 5105 1787 5174 incipit
1814 5103 2033 5160 hebdo-

395 5174 671 5258 madarius
697 5175 956 5258 Tertiam,
988 5189 1112 5245 qua:
1142 5175 1274 5258 dum
1301 5177 1535 5258 canitur,
1566 5177 1685 5258 ips_e
1724 5190 1847 5258 cum
1877 5189 2034 5258 aqua:

395 5244 581 5319 bajulo
628 5260 779 5319 more
825 5244 1283 5319 solito’aspergit
1329 5244 1603 5304 ofﬁcinas:
1636 5248 1768 5303 Post
1795 5244 2032 5319 Tertiam

394 5315 587 5390 statim
608 5317 896 5390 ordinetur
924 5315 1229 5390 processio,
1257 5318 1513 5376 videlicet
1542 5333 1683 5389 aqua
1711 5318 2030 5390 benedicta,

396 5386 745 5460 candelabra,
778 5395 835 5445 et
880 5386 1015 5447 crux
1061 5388 1431 5460 discooperta.
1463 5386 1664 5449 Omnes
1692 5389 1897 5446 debent
1924 5393 2033 5444 tam

395 5457 704 5541 presbyteri
740 5457 1303 5541 ‘parochialesdquam
1348 5462 1457 5541 alii
1486 5461 1713 5541 fratres__
1737 5460 1868 5541 huic
1904 5473 2034 5541 prp-

393 5529 633 5587 ccssioni
676 5529 963 5590 interesse.
1011 5529 1326 5604 Antiphona
1353 5534 1488 5590 Ante
1523 5550 1621 5590 sea:
1658 5534 1790 5603 dies,
1822 5529 1930 5590 etc.
1971 5531 2030 5587 ln

2122 4467 2380 4537 prmlatus
2424 4469 2692 4538 incipiat,
2747 4478 2803 4525 et
2835 4469 2946 4524 duo
2995 4468 3188 4524 altaria
3243 4467 3530 4535 incenset;
3582 4469 3766 4524 statim

2120 4541 2361 4609 incoepta
2424 4540 2749 4609 antiphona,
2818 4539 3118 4609 incipiatur
3180 4540 3507 4611 Magniﬁcat.
3576 4541 3766 4595 Oratio

2119 4611 2354 4681 Respice,
2405 4626 2714 4681 quassu-mus,
2765 4612 3022 4677 Domine;
3048 4625 3172 4679 quae
3221 4611 3397 4666 tribus
3435 4611 3632 4666 diebus
3669 4625 3765 4666 se-

2119 4682 2417 4750 quentibus
2455 4683 2522 4737 ad
2573 4696 2763 4738 omnes
2811 4683 2987 4738 Horas
3038 4681 3273 4749 dicatur,
3308 4689 3511 4752 praeter
3537 4681 3606 4737 ad
3651 4682 3765 4736 Pri-

2120 4766 2259 4824 mam
2308 4759 2362 4808 et
2409 4753 2858 4823 Completorium.
2907 4755 3172 4810 Cantores
3220 4755 3275 4809 in
3321 4754 3511 4824 cappis
3568 4753 3765 4808 sericis

2120 4823 2306 4879 dicant
2356 4839 2367 4873 :
2429 4824 2805 4879 Benedicamus
2858 4826 3098 4881 Domino.
3157 4825 3292 4881 Nota
3342 4824 3491 4895 quod
3540 4824 3763 4893 quando

2118 4895 2462 4965 annuntiatio
2509 4897 2723 4952 Domini
2772 4896 2874 4951 hac
2921 4897 3011 4952 die
3050 4897 3374 4962 occurrerit,
3407 4898 3662 4965 Vesperas
3693 4896 3762 4950 de

2118 4964 2259 5023 festo
2299 4973 2553 5038 aguntur.
2606 4966 2811 5037 Regula
2847 4967 2922 5038 ad
2955 4968 3242 5037 prandium
3271 4968 3372 5022 hac
3402 4968 3492 5023 die
3520 4964 3755 5038 legatur.

2117 5037 2544 5107 Completorium
2592 5038 2755 5108 hujus
2802 5037 2914 5093 diei
2943 5039 3107 5096 solito
3138 5052 3289 5095 more
3319 5039 3524 5094 dicitur
3551 5037 3759 5109 absque

2118 5110 2508 5179 prostratione.
2558 5111 2671 5164 Hac
2715 5109 2805 5164 die
2846 5111 2892 5166 si
2941 5110 3072 5179 quid
3127 5111 3183 5166 in
3232 5110 3504 5177 ecclesia,
3558 5109 3643 5164 vel
3701 5110 3757 5164 in

2116 5180 2378 5307 (διειλεῑᾶοί
2411 5181 2496 5235 vel
2543 5180 2600 5235 in
2640 5182 2858 5238 caneris
2886 5179 3121 5238 ofﬁcinis
3150 5181 3522 5237 mundandum
3569 5179 3755 5248 fuerit,

2116 5265 2277 5306 emun
2323 5265 2351 5306 e
2381 5266 2465 5306 ur.

2116 5259 2465 5307 emundetur.

2187 5324 2343 5378 Fcria
2399 5322 2589 5392 quinta
2644 5325 2700 5379 in
2761 5337 2918 5381 omna
2981 5323 3196 5381 Domini
3262 5329 3449 5380 custos
3505 5322 3757 5380 ecclesiae

2113 5392 2351 5449 sollicite
2383 5394 2669 5463 provideat
2696 5402 2757 5451 ut
2784 5410 2847 5452 ea
2876 5397 3012 5452 hora
3041 5395 3108 5451 ad
3139 5395 3458 5453 Matutinum
3479 5402 3755 5464 surgatur,

2114 5464 2263 5538 quod
2293 5472 2419 5521 ante
2447 5466 2626 5538 lucem
2655 5481 2756 5526 suo
2786 5468 2950 5524 modo
2979 5468 3220 5538 spatiose
3252 5474 3581 5524 nocturnum
3620 5464 3757 5538 Ofﬁ-

2113 5535 2257 5592 cium
2282 5536 2545 5608 compleri
2574 5539 2767 5596 valeat.
2801 5540 2913 5594 Hac
2943 5535 3032 5595 die
3062 5539 3207 5595 sicut
3234 5545 3290 5596 et
3318 5538 3373 5595 in
3396 5537 3756 5609 sequentibus
