4156 6196
544 268 637 324 171

1639 265 1667 317 J
1670 264 1849 319 OANN
1852 262 1931 317 ES
1966 260 2386 319 ARCHIEPISC.
2424 258 2760 317 ROTOMAG.

3799 263 3902 318 172

532 408 697 479 Qui“?
745 394 883 479 1.10”
920 391 1161 479 θηὲἓλίυτν
1193 389 1527 479 δθθξθίέπίὶιδ
1562 388 1842 479 ΒΡΗΨᾸΞΫ
1872 388 2365 479 Ψίὶϋιῗίδιὲἓμξέἔθ
2383 385 3462 479 ,ἓὲἷδθεκδρδεμδθψῖίῗωέίὲίίῖἷῖἓ,ἓἯηίξίμ
3476 388 3897 479 ΥΕ)θῆ

529 458 725 538 signis,
757 473 844 521 ter
882 458 1158 521 modicum
1205 462 1407 533 pulset.
1456 460 1917 530 Arcbiepiscopus
1944 459 2055 530 (51)
2090 458 2205 515 vel’
2236 458 2239 459 ⁷
2258 458 2945 538 Denedic,_Domine,_etc.,
2977 465 3033 514 et
3069 460 3550 538 responso_Amen_,
3584 458 3751 538 lectio
3781 461 3898 519 sine

534 557 832 626 episcopus
860 554 985 610 loco
1013 555 1133 622 ejus
1146 565 1220 626 eo
1240 552 1329 608 die
1362 542 1530 626 296
1547 548 1950 626 absolutionem
1979 548 2176 626 solitus

536 618 621 683 est
648 618 910 682 fratribus
938 618 1285 695 impendere;
1317 636 1457 695 quos
1485 620 1533 675 si
1550 618 1712 695 forte
1740 620 2035 695 contigerit
2064 634 2175 695 non

535 699 750 765 adesse,
784 697 948 754 dictis
992 690 1202 765 septem
1244 690 1473 765 psalmis
1498 691 1725 765 absque
1774 690 1957 765 Gloria
2001 693 2171 759 Patri,

535 770 680 826 sicut
734 762 936 825 factum
993 762 1076 824 est
1130 767 1187 822 in
1249 762 1426 834 capite
1468 763 1703 834 jejunii,
1764 762 2024 833 przelatus
2078 777 2175 819 eos

536 840 827 908 absolvat;
896 838 1037 895 facta
1092 841 1289 908 autem
1314 833 1677 908 absolutione
1710 873 1723 897 ,
1779 833 1963 890 omnia
2018 834 2173 908 signa

532 905 858 982 productius
912 910 1074 982 solito
1129 905 1533 982 in__classicum
1590 905 1877 982 pulsentur
1908 948 1922 971 ,
1982 907 2172 982 sieque

534 977 758 1039 chordae
806 996 975 1051 usque
1022 980 1078 1034 in
1125 978 1362 1051 Sabbato
1410 982 1600 1051 sancto
1651 977 1971 1051 religentur.
2013 978 2173 1051 Missa

532 1055 852 1111 solemniter
886 1046 951 1107 "et
998 1050 1346 1106 devotissime
1394 1049 1723 1104 celebretur.
1774 1046 2021 1104 Ofﬁcium
2058 1050 2173 1104 Nos

532 1130 703 1182 autem
755 1123 1015 1193 gloriari,
1077 1119 1813 1193 cantoresbebdomadarii
1868 1120 1926 1193 in
1982 1119 2173 1193 cappis

530 1191 774 1251 chorum'
814 1201 1025 1266 regant.
1094 1194 1280 1266 Oratio
1337 1192 1497 1266 Deus,
1527 1207 1591 1266 _a
1650 1206 1748 1266 quo
1804 1191 1992 1266 ludas,
2053 1192 2171 1266 sine

526 1267 820 1323 Flectamus
880 1261 1083 1334 ‘genua.
1178 1262 1424 1333 Epistola
1507 1262 1931 1319 Convenientibus
2005 1261 2168 1334 vobis.

526 1336 794 1394 Graduale
843 1333 1077 1393 Christus
1121 1335 1293 1406 factus
1324 1339 1435 1406 est.
1500 1335 1697 1389 Versus
1744 1336 1963 1406 Propter
2010 1333 2169 1406 quod,

524 1409 725 1464 iterum
790 1408 1044 1465 Christus.
1102 1404 1452 1476 Evangelium
1518 1418 1641 1459 cum
1708 1404 2053 1476 candelabris
2117 1411 2171 1459 et

525 1481 756 1537 incenso
812 1482 949 1534 Ante
1001 1478 1135 1533 diem
1188 1475 1375 1547 festum
1424 1476 1654 1548 paschae.
1721 1475 1886 1532 Credo
1945 1475 2168 1548 dicitur,

526 1551 948 1623 praefationon
1007 1546 1210 1623 dieitur
1267 1546 1441 1623 (51');
1486 1548 1758 1623 Diaconus
1814 1552 1896 1623 tot
1962 1546 2172 1623 hostias

528 1616 699 1692 ponat
743 1621 810 1676 ad
860 1620 1186 1676 sacrandum
1226 1626 1361 1692 quot
1413 1618 1578 1692 hodie
1627 1625 1682 1674 et
1730 1617 1971 1674 crastino
1992 1616 2168 1692 sufﬁ-

2257 529 2647 586 benedictione
2693 530 3010 600 incipiatur,
3056 535 3111 587 et
3155 530 3275 585 sine
3326 531 3402 584 Tu
3448 535 3621 585 autem
3657 531 3896 589 ﬁniatur.

2258 602 2435 657 Finita
2467 616 2644 666 omna,
2678 601 2805 657 dato
2853 602 3010 672 signo
3058 615 3088 656 a
3127 600 3354 672 praelato
3402 600 3590 656 dicant
3628 603 3665 662 ψ
3702 605 3900 661 Memo-

2256 673 2392 728 riam
2418 673 2561 743 fecit,
2593 673 2711 727 sine
2761 671 2963 739 Gloria,
2997 679 3052 728 et
3097 671 3358 728 sacerdos
3384 673 3603 740 Agimus
3639 672 3733 730 tibi
3767 689 3896 746 gra-

2256 761 2379 826 tias,
2421 762 2611 832 sicque
2649 762 2922 818 cantaudo
2965 753 3122 825 299
3165 759 3432 832 psalmum
3478 762 3734 818 Miserere
3777 764 3894 832 mei,

2254 834 2416 898 Deus,
2448 831 2838 903 adecclesiam
2876 840 3143 903 pergant;
3184 846 3295 903 quo
3334 831 3509 899 ﬁnito,
3539 833 3661 889 sine
3694 831 3893 902 Gloria,

2254 904 2440 974 Kyrie,
2472 901 2685 973 eleison,
2718 901 2891 961 Pater
2904 901 3080 961 noster
3107 901 3166 961 et
3189 901 3385 974 preces
3412 904 3578 961 tacite
3607 904 3815 973 dicant,
3844 913 3896 964 et

2254 975 2335 1030 sic
2365 976 2738 1046 egrediantur.

2326 1066 2457 1120 Post
2497 1065 2617 1120 haec
2648 1066 2777 1121 dum
2817 1066 3114 1122 servitores
3160 1066 3477 1133 comedunt,
3518 1071 3896 1136 praeparentur

2255 1136 2438 1207 omnia
2486 1137 2556 1191 ad
2603 1137 2914 1192 Mandatum
2963 1136 3212 1193 fratrum.
3263 1139 3321 1193 In
3377 1137 3619 1207 capitulo
3671 1145 3898 1195 ornetur

2255 1206 2538 1279 lectricum
2588 1208 2681 1264 ubi
2738 1208 3026 1278 legendum
3086 1215 3170 1263 est
3219 1206 3590 1279 Evangelium,
3647 1209 3897 1266 similiter

2254 1279 2312 1333 in
2351 1277 2647 1334 refectorio
2686 1277 2833 1335 aliud
2875 1280 3159 1336 lectricum
3206 1286 3333 1335 ante
3371 1277 3630 1335 ultimum
3670 1281 3896 1351 gradum

2252 1356 2528 1474 ponatur;
2565 1364 2733 1420 super
2777 1352 2981 1435 gradus
3009 1353 3172 1407 etiam
3222 1352 3483 1407 cathedra
3521 1352 3577 1407 in
3606 1366 3714 1436 qua
3754 1367 3893 1422 pree-

2273 1427 2396 1474 atus
2451 1421 2640 1474 sedeat
2697 1430 3090 1474 convenienter
3144 1428 3382 1474 aptetur.
3446 1423 3660 1474 Ablutis
3707 1424 3893 1474 itaque

2273 1427 2396 1493 atus
2451 1421 2640 1477 sedeat
2697 1425 3090 1479 convenienter
3144 1428 3382 1492 aptetur.
3446 1421 3660 1479 Ablutis
3707 1421 3893 1493 itaque

2253 1490 2482 1548 fratrum
2529 1493 2588 1547 in
2635 1494 2931 1549 inﬁrmaria
2981 1490 3234 1564 pedibus,
3285 1501 3342 1549 et
3387 1495 3642 1550 omnibus
3693 1490 3895 1564 paratis

2256 1570 2317 1619 ut
2343 1564 2449 1620 hoc
2491 1572 2739 1620 sanctum
2769 1566 3008 1622 ofﬁcium
3054 1566 3297 1635 spatiose
3327 1571 3383 1621 et
3429 1566 3647 1633 devote,
3689 1572 3749 1621 ut
3778 1566 3895 1636 dig-

2254 1648 2383 1689 num
2432 1641 2535 1699 est,
2569 1638 2744 1705 possit
2788 1637 3027 1707 impleri,
3078 1644 3367 1708 postquam
3413 1638 3710 1693 servitores
3754 1637 3893 1708 refe-

527 1689 675 1786 ίιίεξξι
748 1692 819 1747 ειά
884 1690 1415 1786 commurmura-
1452 1691 1607 1786 ei:
1664 1689 2169 1786 salsugine?

2256 1708 2452 1786 cerint,
2470 1689 2484 1691 ἡ
2502 1689 2739 1764 sane
2759 1689 3199 1786 assignatus
3212 1689 3774 1786 Sinuessam
3791 1689 3896 1786 :te-

525 1764 711 1849 nullus
766 1778 857 1849 se.
907 1764 1013 1849 nisi
1044 1848 1047 1849 ί
1077 1762 1397 1849 ragonabili,
1449 1776 1749 1849 causa";
1778 1762 2166 1849 consumam
2187 1762 2467 1843 "riatur';
2528 1785 2584 1833 et
2624 1762 2753 1835 eam
2784 1762 3891 1849 ’omnes"insumustonabant,

524 1836 692 1892 debet
737 1835 1081 1891 subtrahere.
1134 1833 1597 1890 Communicantes.
1633 1833 1806 1889 Hanc.
1839 1834 1941 1899 Qui
1972 1832 2168 1903 pridie,

526 1908 670 1962 sicut
697 1907 753 1961 in
785 1907 990 1962 missali
1022 1905 1394 1975 reperiuntur,
1426 1905 1502 1960 ita
1539 1904 1830 1960 dicantur:
1862 1907 2043 1973 Agnus
2072 1904 2172 1959 Dei

527 1980 762 2045 canitur,
813 1979 910 2034 sed
963 1992 1068 2047 pax
1114 1990 1224 2032 non
1275 1976 1454 2031 datur.
1514 1976 1941 2031 Communicatis
1999 1975 2171 2031 omni-

525 2050 649 2117 bus,
682 2055 898 2105 cantata
946 2048 1350 2115 communione,
1391 2048 1640 2103 Dominus
1668 2049 1819 2102 Jesus
1839 2068 1858 2112 ;
1908 2047 2170 2117 praelatus

525 2121 595 2177 ad
622 2121 810 2191 altare
864 2121 1222 2191 antiphonam
1278 2117 1503 2175 Calicem
1557 2120 1826 2187 imponat,
1873 2119 1989 2187 qui,
2040 2118 2169 2191 dum

526 2187 722 2262 psalmi
768 2187 1163 2262 vespertinales
1208 2191 1266 2246 in
1313 2191 1487 2262 ehoro
1536 2196 1845 2262 cantantur,
1888 2204 2011 2245 cum
2056 2189 2172 2245 suis

524 2261 791 2320 ministris
827 2261 979 2333 ipsos
1018 2264 1256 2333 psalmos
1292 2261 1503 2327 dicens,
1546 2261 1756 2317 hostias
1783 2262 1840 2316 in
1871 2262 2170 2316 crastinum

524 2352 883 2413 reservandas
914 2344 1069 2414 297
1102 2352 1159 2407 in
1183 2349 1565 2419 corporalibus
1592 2355 1906 2419 componat,
1938 2362 2173 2417 ponens-

523 2440 632 2495 que
654 2423 963 2494 corporalia
994 2422 1194 2549 plicata
1212 2435 1380 2491 super
1400 2421 1625 2476 calicem
1645 2420 1879 2476 diacono
1903 2420 2172 2490 portanda

525 2496 746 2549 tradat.
804 2508 914 2549 auo
973 2494 1067 2548 ila
1121 2507 1245 2548 cum
1300 2506 1492 2549 magna
1549 2492 1834 2549 diligentia
1892 2498 2169 2549 portante.

525 2492 707 2551 tradat
730 2492 765 2563 ,'
804 2508 914 2565 quo
973 2492 1067 2549 illa
1121 2507 1245 2548 cum
1300 2506 1492 2562 magna
1549 2492 1834 2565 diligentia
1891 2498 2169 2562 portante,

524 2563 875 2637 praecedente
912 2566 1267 2635 processioue
1307 2577 1442 2637 cum
1470 2578 1577 2634 qua
1615 2563 1681 2637 ad
1721 2564 1893 2637 altare
1924 2570 2169 2637 venerat,

522 2633 588 2694 ac
637 2638 867 2707 praelato
913 2633 1296 2707 subsequente
1346 2635 1545 2707 vadant
1592 2634 1661 2690 ad
1717 2633 1898 2690 locum
1946 2635 2015 2690 ad
2064 2635 2171 2690 hoc

522 2705 788 2766 decenter
830 2715 1217 2779 praeparatum,
1248 2706 1307 2762 in
1347 2720 1457 2777 quo
1494 2705 1641 2761 idem
1670 2706 1931 2779 praelatus
1967 2721 2173 2776 corpus

522 2780 739 2837 Domini
787 2777 1099 2835 a'diacono
1145 2786 1463 2848 susceptum
1509 2783 1666 2833 caute
1713 2784 1769 2833 et
1815 2777 2047 2833 honeste
2087 2792 2173 2833 re-

524 2858 715 2924 ponat,
747 2851 1031 2907 incensato
1062 2852 1185 2907 loco
1214 2857 1341 2924 ante
1379 2850 1774 2924 repositionem
1804 2855 1859 2924 et
1897 2856 2042 2918 post,
2077 2849 2170 2905 ubi

525 2919 769 2993 quandiu
828 2936 1030 2993 corpus
1088 2921 1441 2993 Dominicum,
1485 2921 1771 2993 manserit;
1804 2919 1986 2993 lumen
2037 2934 2172 2993 Acon-

528 2991 682 3049 tiuue
710 2991 1075 3048 ardeat.'lloc
1104 2993 1346 3062 expleto,
1377 2992 1447 3047 ad
1477 2992 1648 3047 altare
1678 2991 1925 3048 redeant.
1959 2991 2173 3047 Primus

531 3064 773 3134 psalmus
828 3063 1039 3119 Credidi
1084 3068 1320 3134 propter,
1371 3068 1520 3134 etc.;
1574 3069 1790 3119 cantata
1848 3063 2238 3132 autiphona,C.

533 3132 719 3191 statim
767 3134 1027 3205 praelatus
1072 3132 1140 3189 ad
1184 3132 1360 3205 altare
1408 3133 1639 3202 incipiat
1683 3134 2039 3204 antiphonam
2069 3135 2179 3191 Ca:-

530 3204 783 3261 nantibus
834 3210 1041 3271 autem;
1102 3204 1240 3277 psal.
1291 3204 1636 3277 Magni/icui,
1692 3205 1992 3276 antiphona
2055 3206 2176 3262 sine

531 3284 824 3347 pneumate
872 3274 1121 3346 ﬁniatur}
1171 3274 1433 3345 praelatus
1476 3289 1606 3332 vero
1654 3274 1837 3331 statim
1883 3277 2178 3347 subjungat

529 3350 780 3405 Dominus
832 3348 1098 3404 vobiscum
1149 3353 1206 3403 et
1261 3348 1588 3416 orationem,
1637 3348 1905 3405 diaconus
1957 3348 2177 3404 Benedi-

527 3436 704 3476 camus
732 3420 975 3476 Domino.

596 3493 727 3548 Post
783 3492 1002 3547 missam
1058 3493 1362 3548 conventus
1407 3490 1464 3545 in
1522 3490 1694 3547 choro
1743 3490 1935 3548 sedeat
1981 3506 2175 3561 exspe-

526 3571 682 3620 ctans
711 3562 891 3620 donec
931 3563 1211 3633 praelatus,
1243 3562 1513 3633 depositis
1558 3564 1761 3634 quibus
1798 3562 2026 3620 indutus
2056 3569 2175 3620 erat

524 3635 885 3701 vestimentis,
916 3634 1040 3690 alba
1084 3634 1266 3690 viliori
1313 3633 1657 3701 reinduatUr,
1710 3633 1931 3691 interim
1979 3634 2175 3691 altaria

526 3707 827 3763 nudentur.
886 3705 1241 3761 Praecedente
1292 3713 1474 3762 autem
1532 3707 1761 3775 praelato
1818 3706 1886 3762 ad
1944 3705 2175 3764 lavanda

527 3777 740 3844 altaria,
800 3776 1093 3845 subpriore
1149 3781 1205 3831 et
1264 3777 1566 3832 secretario
1627 3790 1824 3845 aquam
1877 3784 1933 3833 et
1989 3778 2175 3835 viuum

529 3848 951 3917 praeferentibus
1018 3859 1153 3917 cum
1184 3852 1333 3907 ante
1406 3849 1582 3916 majus
1645 3848 1815 3904 altare
1880 3851 2172 3917 venerint,

530 3916 792 3989 praelatus
848 3917 997 3989 dicat
1051 3916 1380 3989 Adiatorium
1431 3922 1663 3973 nostrum
1710 3919 1766 3972 in
1818 3920 2023 3974 nomine
2067 3916 2175 3975 Do?-

528 3986 674 4045 inini.
724 3987 941 4044 Domine
989 3986 1185 4042 exaudi
1240 3989 1545 4044 orationem.
1597 3989 1846 4044 Dominus
1892 3989 2172 4060 uobiscum,

529 4078 707 4136 oratio
754 4077 1000 4133 Actiones
1046 4080 1274 4149 nostras.
1316 4077 1466 4149 Tunc
1506 4069 1664 4139 298
1704 4077 1869 4134 debet
1906 4078 2078 4149 incipi
2115 4081 2173 4138 in

528 4150 701 4207 choro
748 4148 1163 4220 responsorium
1191 4148 1667 4220 ,Circumdederunt
1715 4164 1814 4220 me,
1867 4157 2057 4218 postea
2105 4152 2173 4208 de

529 4219 919 4293 responsoriis
948 4219 1253 4293 nocturnis,
1288 4224 1551 4293 quantum
1598 4233 1738 4290 opus
1780 4219 1965 4289 fuerit,
1994 4222 2172 4280 donec

528 4291 712 4351 omnia
766 4292 959 4351 altaria
1015 4292 1302 4364 laventur;
1362 4291 1624 4364 praelatus
1679 4305 1830 4364 vero,
1882 4299 2174 4364 postquam

526 4366 698 4424 altare
729 4365 1019 4436 quodlibet
1047 4378 1188 4434 aqua
1216 4362 1473 4436 abluerit,
1506 4363 1690 4418 vinum
1724 4363 1974 4436 infundat
2002 4362 2171 4435 super

526 4438 663 4496 illud
730 4433 788 4493 in
852 4435 1076 4490 modum
1107 4433 1333 4499 crucis,
1393 4433 1585 4489 dicens
1650 4435 1955 4492 orationem
2020 4433 2171 4494 illius

526 4508 703 4566 sancti
750 4508 909 4574 cujus
947 4510 1030 4559 est
1071 4504 1260 4559 altare.
1310 4505 1578 4561 Omnibus
1614 4504 1879 4563 altaribus
1915 4509 1991 4564 ita
2020 4508 2172 4565 ablu-

526 4580 619 4644 tis,
653 4577 913 4647 praelatus
955 4574 1145 4631 redeat
1190 4581 1317 4631 ante
1359 4579 1533 4645 majus
1569 4575 1761 4644 altare,
1795 4585 1851 4634 et
1874 4579 2023 4635 dicat
2051 4594 2171 4636 ver-

524 4663 672 4722 sum
694 4647 929 4722 Christus
972 4647 1145 4722 factus
1171 4650 1287 4722 est.
1337 4648 1523 4705 Oratio
1569 4650 1805 4722 Respice,
1856 4666 2167 4722 quaesumus,

522 4719 757 4791 Domine.
820 4718 1103 4791 Depositis
1165 4717 1335 4790 igitur
1388 4733 1420 4774 a
1460 4717 1713 4791 praelato
1779 4717 2171 4780 ecclesiasticis

523 4789 881 4858 indumentis,
914 4796 969 4846 et
1006 4789 1281 4847 conventu
1319 4804 1351 4846 a
1380 4789 1503 4862 suis
1550 4793 1877 4850 necessariis
1924 4809 2167 4862 reverso,

522 4866 651 4933 post
688 4862 963 4917 modicum
1004 4862 1270 4932 temporis
1306 4861 1568 4933 subprior
1605 4863 1673 4919 ad
1703 4866 1905 4921 ostium
1935 4861 2170 4923 refecto-

521 4932 751 5019 riincumi
783 4932 1146 5019 instrumento
1175 4933 1281 5019 sibi
1321 4948 1353 4989 a
1383 4932 1607 4992 cantore
1652 4942 1960 5019 praeparato
2008 4936 2171 5019 faciat

521 5005 762 5060 sonitum
808 5002 877 5076 ad
933 5003 1309 5076 refectionem,
1360 5019 1541 5076 neque
1589 5002 1734 5063 enim
1769 5002 1957 5065 'hodie
2008 5016 2063 5065 et
2109 5008 2169 5067 in

521 5076 762 5150 crastiun
791 5073 862 5130 ad
899 5073 1255 5150 refectionem
1294 5073 1543 5150 pulsatur
1580 5079 1885 5150 cymbalum
1915 5079 1997 5135 vel
2028 5094 2171 5136 cam-

522 5161 681 5217 pana.
714 5148 866 5203 Tunc
894 5146 1127 5217 ingressi
1161 5146 1530 5216 refectorium,
1564 5146 1629 5206 et
1649 5157 1858 5207 stantes
1885 5152 1942 5206 in
1972 5152 2167 5209 ordine

521 5232 642 5285 suo,
677 5219 805 5275 dato
844 5220 1002 5290 signo
1040 5232 1071 5273 a
1114 5219 1343 5288 praelato
1383 5220 1503 5278 sine
1543 5221 1911 5278 tintinnabula
1950 5222 2168 5280 dicatur

518 5290 835 5363 Beiwdicite.
872 5295 929 5363 f
960 5290 1130 5363 Edent
1174 5307 1453 5363 pauperes,
1504 5293 1623 5348 sine
1673 5293 1857 5348 Gloria
1901 5295 2069 5360 Patri,
2112 5299 2168 5350 et

516 5362 635 5416 sine
667 5362 848 5432 Kyrie,
880 5360 1093 5417 eleison.
1125 5360 1295 5418 Pater'
1326 5369 1504 5420 noster
1552 5365 1718 5420 tacite
1756 5364 1964 5431 dicant,
1992 5365 2167 5421 dicat-

594 5449 699 5519 (51)
737 5452 997 5507 Cauonici
1046 5454 1100 5507 S.
1144 5452 1313 5524 Laudi
1360 5454 1429 5509 ab
1480 5454 1901 5524 archiepiscopo
1949 5454 2167 5511 absolu-

518 5522 724 5577 tionem
751 5524 1096 5593 accipiebant
1122 5524 1181 5579 iu
1210 5523 1302 5579 die
1332 5540 1505 5582 omna:
1536 5522 1769 5583 Domini.

590 5592 722 5665 (ὃν)
761 5592 983 5653 Scilicet
1011 5596 1236 5667 propria
1261 5596 1334 5654 de
1361 5611 1549 5667 cruce,
1578 5597 1679 5655 sed
1708 5597 2035 5656 communis.

2254 1849 2534 1921 praelatus,
2567 1850 2652 1905 vel
2701 1852 2747 1906 si
2792 1850 2969 1919 deest,
3002 1851 3095 1907 ille
3144 1852 3239 1921 qui
3276 1852 3425 1906 vices
3470 1853 3590 1920 ejus
3636 1851 3892 1918 tenuerit,

2252 1920 2320 1975 ad
2369 1921 2677 1990 exemplum
2724 1923 2938 1978 Domini
2986 1920 3193 1992 surgat,
3245 1928 3300 1977 et
3351 1929 3523 1992 ponat
3569 1924 3891 1979 vestimenta

2252 2006 2372 2065 sua,
2413 2000 2471 2065 et
2518 1999 2746 2061 accepto
2794 1994 2966 2050 linteo
3016 1995 3319 2064 praecingat
3365 2008 3445 2059 se,
3488 1996 3668 2049 mittat
3703 2007 3896 2065 aquam

2253 2063 2325 2135 in,
2356 2064 2555 2132 pelvim
2593 2071 2720 2119 ante
2768 2066 2968 2120 ostium
3010 2063 3258 2134 capituli,
3291 2066 3626 2134 veniensque
3656 2066 3712 2121 in
3752 2063 3897 2135 capi-

2253 2134 2425 2206 tulum
2476 2149 2599 2191 cum
2647 2136 2935 2193 sacerdote
2988 2136 3439 2204 hebdomadario,
3472 2138 3567 2206 qui
3605 2138 3655 2191 ei
3704 2134 3895 2206 aquam

2253 2205 2419 2261 debet
2458 2207 2789 2274 ministrare,
2822 2216 2948 2263 ante
2978 2208 3182 2278 gradus
3211 2222 3404 2277 preces
3434 2205 3581 2263 dicat
3612 2215 3667 2263 et
3698 2205 3898 2264 oratio-

2253 2291 2377 2333 nem
2408 2278 2552 2333 sicut
2597 2279 2654 2333 in
2701 2280 2952 2336 Mandata
3003 2293 3323 2349 pauperum.
3364 2280 3570 2334 Deinde
3618 2279 3895 2350 subpriorl

2254 2350 2310 2403 in
2349 2350 2483 2407 sede
2531 2350 2706 2420 ipsius
2758 2352 2959 2421 prioris
3000 2351 3214 2407 sedenti
3260 2350 3436 2420 primo
3481 2351 3651 2420 pedes
3692 2351 3893 2418 abluat,

2254 2425 2431 2490 tergat
2492 2426 2573 2504 et.
2602 2421 2910 2489 osculetur,
2969 2422 3169 2479 deinde
3226 2437 3354 2505 erga
3389 2429 3673 2504 .caeteros,
3712 2429 3895 2550 ,δι-οφ

2254 2491 2393 2549 ordo
2432 2498 2619 2550 exuant.
2668 2508 2699 2549 a
2754 2494 2948 2550 dextro
3005 2494 3178 2550 choro
3235 2508 3526 2550 ineimeus.
3579 2495 3725 2550 humi
3773 2500 3895 2550 tatis

2254 2491 2393 2549 ordo
2432 2492 2619 2563 exigit,
2668 2508 2699 2549 a
2754 2494 2948 2550 dextro
3005 2494 3178 2550 choro
3235 2491 3526 2562 incipiens,
3579 2491 3896 2551 humilitatis

2256 2573 2414 2653 300
2454 2582 2710 2638 exhibeat
2768 2583 3228 2652 implementum;
3288 2584 3665 2653 unusquisque
3718 2588 3899 2638 autem

2253 2652 2502 2720 fratrum,
2560 2655 2743 2710 statim
2799 2662 2859 2709 ut
2914 2656 2989 2709 ita
3055 2655 3201 2709 lotus
3255 2653 3439 2721 fuerit,
3498 2652 3897 2724 prosternatur,

2255 2730 2311 2779 et
2367 2731 2569 2780 terram
2624 2725 2906 2781 humiliter
2965 2726 3265 2781 osculetur.
3334 2726 3555 2780 Interim
3613 2731 3902 2781 cantentur

2253 2795 2593 2864 antiphona,
2625 2802 2852 2852 cantore
2884 2798 3185 2868 incipiente
3214 2797 3567 2867 antiphonam
3591 2797 3902 2868 Mandatum

2252 2881 2477 2937 nouum,
2539 2873 2645 2922 etc.
2713 2867 3014 2937 Postquam
3071 2883 3203 2924 vero
3263 2869 3504 2923 omnium
3569 2868 3742 2937 pedes
3804 2867 3902 2923 loti

2255 2935 2479 3004 fuerint,
2522 2939 2752 3007 praelato
2799 2935 2878 2995 ad
2910 2941 3097 2995 sedem
3146 2954 3297 2995 suam
3350 2935 3590 3005 reverso,
3641 2940 3903 3009 subprior

2258 3010 2592 3078 prmcinctus
2624 3011 2796 3066 linteo
2846 3012 3019 3081 pedes
3048 3011 3170 3080 ejus
3208 3018 3264 3067 et
3302 3009 3485 3066 fratris
3518 3012 3612 3081 qui
3654 3012 3702 3066 ei
3734 3010 3902 3065 mini-

2258 3082 2830 3148 straverit,serviente
2851 3083 2961 3137 sibi
2991 3082 3423 3138 hebdomadario
3445 3082 3675 3138 minoris
3699 3082 3898 3150 missas,

2257 3151 2461 3223 abluat,
2497 3160 2672 3223 tergat
2702 3160 2757 3208 et
2795 3154 3112 3217 osculetur;
3161 3166 3274 3222 quo
3310 3152 3475 3219 facto,
3506 3167 3719 3209 rursum
3761 3167 3903 3223 prm-

2260 3222 2405 3278 latus
2432 3222 2669 3294 accipiat
2715 3226 2950 3292 bacinia,
2983 3232 3038 3280 et
3076 3224 3328 3293 adjutore
3366 3239 3467 3281 suo
3507 3225 3903 3295 manutergium

2258 3295 2625 3363 ministrante,
2689 3297 2943 3351 omnibus
3000 3310 3100 3365 per
3153 3296 3423 3361 ordinem,
3458 3297 3603 3352 sicut
3649 3296 3899 3366 pedibus,

2258 3366 2339 3421 sic
2386 3366 2633 3422 lavandis
2679 3368 2931 3423 manibus
2973 3381 3168 3437 aquam
3215 3366 3429 3436 fundat,
3480 3375 3535 3422 et
3581 3367 3900 3434 osculetur;

2258 3438 2405 3493 idem
2437 3437 2677 3494 ofﬁcium
2708 3440 2972 3508 subprior
3008 3453 3131 3494 cum
3163 3453 3264 3495 suo
3304 3439 3556 3508 adjutore
3596 3438 3824 3509 praelato
3849 3442 3904 3493 et

2258 3509 2411 3565 socio
2460 3524 2561 3566 suo
2609 3510 2902 3580 persolvat.
2953 3511 3226 3566 Diaconus
3270 3510 3514 3565 lecturus
3559 3511 3900 3566 Dominicum

2256 3594 2588 3647 sermonem,
2619 3589 2676 3637 et
2707 3583 2892 3637 caeteri
2942 3583 3036 3651 qui
3093 3581 3144 3636 ei
3196 3582 3450 3637 servituri
3507 3588 3635 3637 sunt
3687 3594 3904 3649 compe.

2258 3653 2396 3708 tenti
2446 3653 2581 3709 hora
2618 3653 2687 3708 ad
2738 3652 3156 3724 praeparandum
3202 3666 3261 3707 se
3311 3653 3462 3722 prius
3505 3652 3635 3707 lotis
3668 3653 3903 3722 pedibus

2258 3731 2481 3793 exeant,
2550 3725 2811 3780 induatur
2861 3723 3191 3790 ’dalmatiea,
3255 3724 3629 3780 subdiaconus
3694 3725 3901 3791 tunica,

2258 3795 2576 3851 ceroferarii
2631 3796 2688 3851 iu
2744 3796 3090 3865 supelliciis;
3145 3797 3368 3865 jamque
3427 3796 3581 3851 linito
3647 3795 3903 3851 mandato

2258 3881 2380 3922 cum
2412 3868 2595 3937 Kyrie,
2645 3866 2875 3932 eleison;
2917 3873 2972 3921 et
3009 3866 3206 3921 solutis
3246 3867 3332 3937 [f1,
3376 3866 3571 3937 solitis]
3622 3866 3905 3937 precibus,

2260 3943 2316 3992 et
2353 3940 2605 3994 oratione
2636 3940 2853 4004 Adesto,
2889 3938 3125 4003 Domine,
3160 3938 3465 4007 procedant
3502 3938 3581 3993 illi
3610 3937 3680 3993 de
3708 3937 3909 3993 vestia-

2257 4009 2598 4093 rio,‘quib_us
2647 4008 3086 4093 ingredientibus
3132 4010 3434 4093 napitulum
3482 4013 3729 4093 assurgat
3770 4022 3907 4065 con-

2257 4086 2471 4135 ventus.
2494 4083 2644 4136 Tunc
2675 4081 2960 4147 diaconus,
2982 4081 3254 4137 accedens
3273 4095 3396 4136 cum
3426 4081 3783 4151 processione
3806 4094 3906 4135 sua

2256 4151 2326 4208 ad
2358 4152 2665 4221 praelatum,
2699 4168 2765 4208 ex
2803 4166 2957 4209 more
2987 4154 3038 4208 ei
3076 4153 3363 4209 incensum
3401 4152 3611 4217 offerat,
3645 4160 3700 4208 et
3737 4152 3909 4209 bene-

2257 4223 2557 4280 dictionem
2594 4224 2849 4294 accipiat,
2876 4240 2984 4294 qua
3013 4230 3240 4294 accepta
3268 4224 3336 4280 ad
3368 4223 3653 4280 lectricum
3684 4236 3905 4279 sermo-

2258 4326 2381 4367 nem
2422 4305 2558 4373 3ΟΙ
2601 4314 2814 4370 Domini
2852 4314 2909 4369 in
2939 4327 3095 4369 coena
3124 4313 3192 4368 ad
3224 4313 3528 4383 discipulos
3568 4313 3815 4368 habiturn
3847 4313 3905 4367 in

2190 4384 2477 4461 Dmodum
2529 4384 2785 4461 lectionis
2820 4385 2982 4455 legat,
3014 4386 3090 4440 ita
3128 4386 3401 4461 incipiens
3433 4406 3445 4440 :
3487 4388 3624 4461 Ante
3652 4384 3787 4440 diem
3824 4385 3909 4456 fe-

2253 4460 2387 4527 stum
2416 4456 2653 4520 Pasclue,
2686 4465 2957 4512 conventu
2995 4463 3174 4512 stante
3202 4456 3382 4512 donec
3420 4458 3656 4527 primum
3683 4469 3906 4527 versum

2252 4526 2424 4582 ﬁniat.
2474 4528 2806 4584 Sedentibus
2837 4542 2966 4583 vero
3014 4528 3288 4594 omnibus,
3320 4535 3467 4583 stent
3508 4528 3639 4583 hinc
3678 4533 3734 4582 et
3772 4526 3906 4581 inde

2253 4598 2571 4654 ceroferarii
2622 4614 2746 4655 cum
2794 4600 3166 4665 thuriferario,
3221 4606 3411 4669 postea
3460 4613 3583 4655 cum
3634 4598 3906 4654 diaconus

2252 4670 2454 4725 dixerit
2496 4689 2510 4724 :
2551 4671 2784 4739 Surgite,
2840 4686 3019 4741 eamus
3073 4671 3210 4738 hinc,
3268 4671 3619 4741 praecedente
3676 4683 3910 4740 proces-

2252 4741 2408 4797 sione
2445 4754 2637 4797 omnes
2678 4742 2735 4796 in
2782 4740 3132 4797 refectorium
3181 4740 3326 4808 eant,
3359 4742 3451 4797 ubi
3500 4742 3631 4797 dato
3678 4742 3841 4813 signo
3872 4754 3907 4813 a

2252 4813 2481 4882 praelato
2520 4813 2707 4868 dicant
2744 4813 3060 4878 Benedicite,
3090 4820 3145 4869 et
3195 4813 3473 4883 praelatus,
3506 4815 3688 4867 Polum
3727 4812 3913 4867 chari-

2252 4886 2379 4966 tatis
2409 4884 2693 4968 .benedicat
2744 4884 2965 4939 dextera
3010 4886 3107 4939 Dei
3152 4886 3349 4967 Patris,
3395 4885 3709 5011 subjuneat.
3751 4885 3911 4939 Tunc

2252 4961 2482 5011 incmiat
2518 4955 2785 5010 diaconus
2822 4957 2935 5011 Eoo
2965 4970 3080 5010 sum
3120 4962 3239 5011 uitis
3276 4970 3421 5011 vera.
3455 4963 3561 5011 etc.
3639 4967 3745 5010 unc
3775 4954 3911 5010 sub-

2252 4955 2482 5025 incipiat
2518 4955 2785 5010 diaconus
2822 4957 2935 5024 Ego
2965 4970 3080 5010 sum
3120 4956 3239 5011 uitis
3276 4970 3421 5023 vera,
3455 4954 3561 5011 etc.
3595 4954 3745 5011 Tunc
3775 4954 3914 5010 sub-

2253 5027 2437 5099 priore
2481 5026 2537 5099 in
2588 5025 2713 5099 loco
2753 5026 2956 5096 prioris
2999 5027 3249 5093 sedente,
3290 5028 3510 5083 caeteris
3563 5039 3787 5099 quoque
3849 5025 3914 5083 in

2251 5097 2367 5152 suis
2394 5098 2535 5153 locis
2562 5097 2902 5165 sedentibus,
2938 5098 3197 5167 praelatus
3220 5113 3250 5153 a
3280 5096 3910 5168 subpriore'incipiens,

2250 5169 2482 5239 singulis
2531 5183 2732 5240 manus
2787 5170 3041 5226 osculans
3100 5177 3288 5240 potum
3347 5169 3634 5225 charitatis
3682 5169 3909 5235 oﬁ'erat,

2251 5254 2414 5312 quem
2455 5239 2842 5296 refectorarius
2889 5256 3011 5297 cum
3060 5239 3169 5297 alio
3215 5239 3387 5296 fratre
3430 5240 3655 5312 scyphis
3710 5245 3913 5312 potum

2250 5310 2568 5379 infundens,
2603 5314 2902 5382 praecedat,
2934 5320 3059 5383 post
3088 5326 3282 5368 omnes
3310 5313 3447 5381 ipsis
3476 5309 3639 5367 etiam
3669 5309 3777 5383 qui
3796 5309 3916 5383 sibi

2250 5383 2565 5461 ministrant
2601 5381 2791 5454 potum
2826 5381 3101 5461 praelatus
3147 5385 3415 5461 porrigat,
3436 5383 3651 5461 deinde
3681 5381 3912 5461 sedenti

2248 5455 2354 5523 ipsi
2386 5456 2441 5510 in
2470 5453 2614 5511 sede
2632 5471 2728 5512 sua
2758 5453 3199 5526 subprior’simili
3233 5453 3397 5512 modo
3418 5456 3486 5510 de
3513 5462 3645 5527 potu
3673 5453 3911 5527 serviat,

2247 5527 2432 5582 nullus
2459 5542 2589 5585 vero
2638 5530 2827 5584 bibere
2867 5525 3163 5598 praesumat
3192 5528 3370 5583 donec
3407 5541 3438 5582 a
3478 5525 3711 5596 praelato
3753 5525 3913 5598 acci-

2247 5600 2403 5668 piat;
2452 5599 2600 5657 lecto
2645 5605 2829 5658 autem
2868 5596 2948 5656 de
2990 5601 3255 5656 Sermone
3279 5641 3296 5667 ,
3348 5606 3614 5670 quantum
3662 5596 3908 5667 pratiato
