4156 6196
257 254 338 307 177

1621 254 1787 307 ACTA
1829 254 2115 310 VETERA.

3478 257 3577 312 178

250 378 461 439 candela.
519 374 667 430 unde
715 389 971 448 cereus,
1001 375 1047 430 si
1118 375 1260 432 forte
1315 376 1617 448 exstinctus
1672 377 2044 448 fuerit,Aest)
2093 379 2332 435 chrisma
2379 394 2502 435 cum
2546 378 2669 435 oleo
2716 377 3054 446 infundatur,
3106 385 3162 436 et
3208 380 3389 439 fontes
3435 401 3575 441 con-

249 447 611 507 reaccendatur
650 467 667 513 ;
708 447 765 501 in
812 447 1066 503 omnibus
1097 462 1317 517 quoque
1356 447 1611 512 ofﬁcinis,
1643 449 1856 503 exstin-

248 531 325 579 cto
371 520 529 576 veteri
595 519 744 587 igne,
810 532 984 574 novus
1047 520 1116 574 ab
1153 520 1428 589 aliquibus
1483 519 1851 588 deportetur:

250 600 358 649 tunc
392 607 421 647 a
455 596 678 646 cantore
716 590 1015 659 antiphona
1064 592 1189 648 Cum
1235 605 1333 645 rex
1378 589 1579 658 gloria,
1629 591 1861 660 incipia-

245 691 337 739 tur.
389 682 694 737 Conventus
748 692 879 733 vero
934 679 990 734 in
1030 672 1182 740 3|4
1219 679 1445 734 chorum
1504 680 1858 749 processione

244 754 428 818 redeat,
466 750 707 806 eamdem
746 750 1101 820 antiphonam
1142 750 1535 819 percantando,
1578 765 1684 821 qua
1724 764 1855 806 can-

246 832 343 880 tata
401 825 673 878 incensum
727 835 759 875 a
797 822 1029 890 praelato
1085 822 1444 877 benedicatur
1481 822 1587 877 hoc
1651 822 1853 877 modo:

252 895 433 960 Veniat,
462 894 777 964 omnipotens
813 896 974 956 Deus,
997 899 1105 948 etc.
1138 893 1456 960 (Benedictio
1482 894 1619 947 cerei
1637 893 1859 964 pascha-

244 966 334 1035 lis).
369 964 579 1020 interim
632 963 1006 1019 subdiaconus
1042 964 1098 1018 in
1124 964 1317 1035 ,choro
1357 964 1580 1019 ultimus
1618 965 1856 1030 assistat,

242 1036 477 1108 praelatus
502 1036 663 1108 etiam
706 1035 763 1089 in
801 1034 932 1090 sede
960 1048 1057 1108 sua
1086 1034 1178 1108 sit,
1218 1035 1484 1108 diaconus
1514 1049 1648 1108 vero
1678 1035 1858 1108 statim

241 1105 303 1163 ad
330 1107 788 1164 consecrationem
826 1107 973 1161 cerei
1011 1106 1238 1162 accedat
1266 1107 1373 1162 hoc
1402 1106 1567 1162 modo
1610 1126 1622 1161 :
1664 1105 1862 1162 Exsul-

244 1184 304 1234 tet
344 1179 449 1247 jam
490 1176 747 1245 angelica.
806 1177 1070 1232 Omnibus
1136 1191 1267 1233 vero
1333 1178 1657 1244 astantibus,
1700 1185 1755 1233 et
1791 1177 1860 1232 ad

242 1251 364 1305 tanti
410 1249 628 1304 luminis
693 1249 1166 1303 consecrationem
1220 1249 1469 1315 intentis,
1510 1262 1634 1303 cum
1675 1249 1863 1304 diaco-

243 1335 335 1375 nus
369 1320 566 1375 dixerit
612 1320 851 1389 Suscipe,
912 1325 1090 1375 sancle
1144 1322 1323 1385 Pater,
1364 1321 1436 1375 sit
1484 1327 1705 1389 paratus
1738 1320 1863 1374 thu-

244 1390 503 1446 riferarius
543 1391 634 1459 qui
691 1391 797 1459 ipsi
863 1391 1098 1446 diacono
1146 1391 1428 1446 incensum
1468 1391 1679 1456 offerat,
1712 1391 1860 1459 quod

241 1462 321 1518 ille
355 1464 407 1517 in
463 1461 744 1517 thuribulo
801 1475 1014 1531 ponens
1066 1476 1285 1517 cereum
1333 1469 1540 1518 tantum
1592 1462 1861 1527 incenset,

244 1542 352 1589 ante
403 1532 648 1588 Ofﬁcium
686 1533 831 1587 enim
870 1548 901 1588 a
939 1534 1238 1588 secretario
1276 1534 1520 1603 quinque
1568 1547 1736 1603 grana
1782 1534 1867 1587 in-

244 1605 376 1661 censi
426 1605 479 1659 in
540 1603 760 1659 modum
811 1605 993 1660 crucis
1031 1606 1087 1659 in
1126 1606 1249 1674 ipso
1286 1619 1451 1660 cereo
1503 1603 1709 1660 debent
1745 1618 1865 1661 esse

1938 452 2139 506 secrati
2204 451 2440 506 candido
2506 451 2819 506 linteamine
2877 452 3219 520 operiantur,
3279 454 3580 513 incensen-

1941 528 2031 577 tur
2059 566 2073 587 ,
2114 527 2170 594 et
2197 522 2541 578 claudantur.
2582 522 2864 592 Complelo
2913 524 3099 593 itaque
3148 524 3312 592 hujus
3358 525 3572 594 Ofﬁcio,

1941 595 2102 647 tertia
2160 593 2348 648 litania
2394 608 2424 648 a
2474 595 2649 649 tribus
2689 595 2744 648 in
2796 594 2987 664 cappis
3030 594 3225 650 sericis
3270 601 3397 650 ante
3444 593 3576 653 eru-

1940 680 2157 735 ciﬁxum
2217 674 2362 742 3|7
2412 676 2728 751 incipiatur,
2778 695 3011 752 cumque
3056 684 3574 752 pronuntiaverint:

1939 752 2135 807 Sancte
2157 754 2387 807 Joannes
2426 755 2701 823 Baptista,
2745 754 3025 822 processio
3072 756 3129 809 in
3176 754 3405 811 chorum
3452 755 3579 810 red-

1940 829 2065 887 eat;
2117 823 2376 891 prmlatus
2422 823 2643 878 interim
2689 839 2813 879 cum
2870 825 3134 880 ministris
3170 826 3228 881 in
3257 827 3574 882 vestiarium

1940 893 2194 968 secedat,
2261 908 2431 963 seque
2487 896 2831 968 admissam
2885 896 3206 952 solemniter
3259 904 3574 968 praeparet;

1943 964 2210 1019 diaconus
2265 978 2486 1035 quoque
2543 965 2830 1021 dalmatica
2876 975 2932 1022 et
2977 964 3345 1024 subdiaconus
3378 964 3578 1024 'tunica

1941 1036 2260 1109 induantur.
2308 1038 2422 1109 iam
2471 1037 2829 1109 veroﬁnita
2859 1038 3085 1104 litania,
3135 1054 3258 1109 quae
3305 1046 3390 1095 ter
3426 1040 3577 1095 dicto

1942 1109 2123 1176 Agnus
2150 1108 2267 1171 Dei,
2300 1107 2446 1162 sicut
2484 1107 2540 1160 in
2578 1107 2735 1161 libris
2782 1108 2999 1177 plenius
3048 1107 3385 1177 continetur,
3435 1110 3580 1166 ﬁniri

1944 1178 2130 1234 debet.
2188 1180 2320 1234 Cum
2377 1183 2571 1233 cantor
2624 1179 2841 1248 Hyrie,
2870 1178 3064 1236 eleison
3118 1182 3459 1237 inchoaverit
3512 1181 3581 1237 ad

1945 1251 2183 1316 missam,
2216 1248 2660 1319 praecedentibus
2686 1247 3035 1305 eeroferariis
3065 1266 3186 1307 cum
3227 1252 3580 1309 thuriferario

1946 1321 2016 1376 ad
2048 1320 2220 1375 altare
2260 1320 2580 1390 procedant,
2632 1333 2743 1388 quo
2790 1335 2911 1375 cum
2968 1324 3318 1390 pervenerint
3365 1323 3587 1380 confes-

1945 1393 2156 1447 sionem
2185 1389 2351 1447 solito
2380 1405 2531 1446 more
2569 1389 2793 1446 faciant.
2842 1389 3182 1448 Secretarius
3228 1396 3376 1450 circa
3422 1396 3585 1451 finem

1945 1463 2150 1518 litania:
2176 1464 2359 1518 omnia
2389 1462 2677 1518 luminaria
2706 1462 2957 1517 ecclesia:
3006 1463 3075 1535 de
3106 1477 3259 1535 novo
3310 1466 3436 1535 igne
3488 1480 3592 1522 ac-

1947 1535 2166 1601 cendat,
2199 1536 2326 1604 quia
2356 1535 2535 1589 omnis
2561 1535 2809 1589 anterior
2839 1535 2981 1603 ignis
3029 1534 3196 1589 debet
3243 1534 3363 1590 esse
3403 1538 3592 1591 extin-

1948 1613 2070 1661 ctus
2125 1612 2183 1659 ut
2249 1606 2472 1661 omnino
2540 1606 2733 1659 aeterni
2766 1605 2942 1675 gignis
3006 1604 3128 1660 luce
3197 1605 3589 1661 illuminemur.

245 1677 406 1764 inﬁxa;
450 1674 857 1764 Thuriferarius
912 1682 1038 1764 post
1074 1676 1433 1764 incensatum
1471 1689 1731 1764 ‘cereum',
1773 1676 2148 1764 do-Bﬁolstea
2176 1676 2303 1731 dum
2336 1675 2601 1764 Gioria‘in
2628 1674 2849 1764 ercelsis
2897 1678 3005 1764 Deo
3056 1691 3087 1730 a
3135 1683 3385 1759 cantore.
3410 1677 3587 1758 priori

244 1761 333 1802 nec
359 1746 492 1802 idem
544 1753 902 1802 consecratus
946 1747 1038 1805 sit.
1069 1747 1274 1802 ibidem
1303 1761 1425 1802 cum
1470 1746 1752 1803 thuribulo
1784 1746 1867 1801 fu-

243 1818 456 1887 migante
513 1819 822 1883 consistat;
891 1832 1106 1873 rursum
1163 1832 1285 1873 cum
1348 1818 1613 1874 diaconus
1669 1817 1870 1873 dixerit

246 1892 300 1943 In
331 1889 512 1943 honore
560 1890 655 1943 Dei
692 1888 915 1944 rutilans
951 1890 1106 1958 ignis,
1147 1890 1480 1945 secretarius
1517 1903 1757 1954 cereum,
1801 1888 1870 1944 de

245 1973 368 2015 novo
401 1962 523 2031 igne
558 1959 861 2026 accendat;
909 1967 964 2015 et
1016 1975 1137 2015 cum
1176 1961 1489 2029 adjunxerit
1528 1962 1629 2029 Qui
1658 1959 1774 2015 licet
1802 1964 1871 2014 sit

243 2031 416 2085 divisus
469 2032 526 2087 in
574 2037 775 2102 partes,
834 2032 1101 2087 accendat
1156 2034 1318 2088 etiam
1377 2031 1517 2087 duos
1573 2045 1767 2087 cereos
1805 2044 1872 2086 ex

244 2110 451 2171 utraque
491 2110 652 2173 parte
709 2103 889 2173 magni
931 2103 1080 2158 cerei
1135 2104 1192 2158 in
1252 2103 1600 2158 caudelabris
1648 2103 1867 2158 inﬁxos.

243 2174 425 2228 Cereus
462 2188 641 2243 usque
680 2173 735 2228 in
785 2174 1081 2230 crastinum
1122 2180 1246 2245 post
1295 2174 1723 2243 Completorium
1763 2186 1876 2245 non

244 2245 629 2314 exstinguatur,
678 2246 773 2314 qui
822 2246 984 2300 etiam
1031 2243 1135 2315 per
1159 2253 1328 2302 totam
1368 2246 1765 2302 hebdomadam
1806 2243 1875 2298 ad

244 2317 487 2384 majorem
556 2318 773 2371 missam
822 2323 878 2371 et
928 2319 1194 2385 Vesperas
1257 2317 1610 2372 accendatur.
1650 2318 1878 2372 Peracta

243 2388 649 2443 consecratione
696 2388 865 2453 cerei,
925 2388 1152 2455 praelato
1193 2395 1247 2443 et
1284 2389 1549 2443 ministris
1596 2389 1652 2443 in
1681 2388 1879 2443 vestia-

244 2458 361 2512 rium
422 2458 855 2522 revertentibus,
905 2459 1089 2513 statim
1144 2460 1319 2529 prima
1366 2459 1532 2514 lectio
1583 2459 1880 2528 incipiatur

246 2536 368 2606 315
412 2548 479 2601 In
504 2545 766 2616 principio
810 2545 934 2616 fecit
962 2547 1123 2614 Deus,
1154 2553 1288 2601 tunc
1325 2548 1746 2615 exstinguantur
1772 2545 1881 2616 duo

245 2618 369 2672 cerei
398 2618 460 2671 in
498 2615 850 2671 candelabris
874 2630 1047 2685 usque
1067 2617 1133 2671 ad
1157 2619 1394 2672 missam.
1418 2618 1568 2671 Tunc
1607 2623 1663 2671 et
1692 2615 1886 2685 praela-

247 2692 321 2741 tus
342 2687 577 2743 indutus
598 2701 704 2741 una
726 2686 795 2740 de
825 2686 1198 2743 mediocribus
1219 2687 1474 2757 planetis,
1506 2701 1630 2742 cum
1651 2687 1886 2742 diacono

249 2764 293 2812 et
318 2758 666 2814 subdiacono
716 2762 924 2812 tantum
992 2758 1281 2813 dalmatica
1348 2765 1403 2813 et
1458 2758 1646 2813 tunica
1710 2758 1890 2812 exutis

251 2829 308 2883 ad
351 2829 521 2885 altare
566 2827 895 2898 procedens,
943 2841 1053 2884 non
1084 2830 1249 2885 modo
1289 2828 1691 2885 confessionem
1717 2828 1885 2894 dicat,

251 2900 334 2955 sed
363 2901 654 2971 praemisso
689 2920 701 2954 :
734 2900 893 2971 Paier
936 2904 1132 2965 noster,
1166 2906 1221 2955 et
1263 2899 1511 2971 osculato
1540 2899 1721 2971 altari,
1765 2913 1886 2971 cum

1953 1748 2215 1813 delatum,
2245 1749 2460 1803 tractim
2490 1754 2545 1802 et
2573 1749 2815 1816 spatiose
2844 1747 3079 1814 canitur,
3120 1747 3301 1802 omnia
3340 1748 3496 1818 signa
3534 1747 3591 1801 in

1950 1819 2237 1875 classicum
2271 1819 2573 1888 pulsentur.
2606 1818 2850 1888 Epistola
2887 1818 3033 1874 inter
3060 1818 3288 1874 chorum
3329 1817 3592 1873 et’altare

1953 1890 2182 1961 legatur.
2214 1889 2444 1944 Alleluia
2474 1895 2808 1959 praecentor,
2850 1897 2906 1945 et
2943 1891 3037 1959 qui
3086 1904 3208 1944 cum
3256 1903 3324 1945 eo
3363 1888 3595 1945 chorum

1954 1967 2153 2031 regunt
2190 1961 2246 2015 in
2288 1961 2503 2031 pulpito
2551 1961 2872 2017 solemniter
2918 1961 3221 2030 imponant,
3273 1968 3328 2016 et
3374 1966 3595 2017 cantato

1952 2030 2113 2088 versu
2164 2030 2506 2102 Con/itemini,
2557 2032 2754 2086 iterum
2800 2031 3028 2087 Alleluia
3072 2037 3345 2103 repetant,
3395 2030 3597 2087 deinde

1956 2111 2166 2159 tractus
2196 2104 2435 2158 Laudate
2473 2103 2766 2169 Dominum,
2816 2103 2884 2157 ad
2932 2103 3134 2172 gradus
3181 2118 3211 2158 a
3260 2103 3479 2158 duobus
3525 2103 3596 2158 de

1956 2174 2269 2231 senioribus
2298 2176 2354 2228 in
2385 2173 2690 2242 supelliciis
2718 2180 2989 2240 cantetur,
3023 2174 3194 2229 choro
3251 2174 3599 2229 medietatem

1956 2246 2296 2316 singulorum
2370 2258 2623 2299 versuum
2699 2250 2951 2300 canente.
3027 2248 3166 2300 Ante
3243 2245 3600 2314 Evangelium

1959 2316 2289 2373 candelabra
2351 2329 2463 2371 non
2521 2322 2831 2385 portentur,
2882 2316 2979 2371 sed
3029 2322 3238 2370 tantum
3296 2316 3601 2370 incensum.

1960 2398 2108 2467 3|8
2143 2406 2309 2461 Credo
2339 2418 2449 2460 non
2481 2404 2704 2472 dicitur,
2758 2419 2860 2460 nec
2909 2407 3089 2474 Agnus
3141 2405 3250 2470 Dei,
3302 2418 3405 2459 nec
3454 2403 3607 2473 pacis

1962 2477 2211 2534 osculum
2275 2477 2454 2531 datur.
2523 2478 2660 2532 Dum
2726 2476 2949 2531 Sanctus
3014 2477 3267 2537 canitur,
3336 2476 3607 2545 incipiant

1964 2548 2169 2618 pulsari
2207 2549 2484 2617 Vesperae,
2515 2549 2660 2604 sicut
2702 2548 2757 2603 in
2800 2547 2954 2603 festis
3000 2547 3335 2618 duplicibus,
3390 2546 3465 2601 ita
3521 2552 3600 2611 ut,

1967 2617 2254 2688 postquam
2284 2632 2474 2673 omnes
2503 2620 3043 2685 communicaverint,
3085 2625 3244 2674 sonet
3291 2617 3603 2683 classicum,

1968 2702 2079 2758 quo
2110 2697 2358 2744 cessante
2388 2696 2581 2744 cantor
2626 2689 2857 2744 Alleluia
2910 2690 3129 2744 celebre
3179 2689 3428 2757 incipiat,
3481 2695 3614 2742 tunc

1971 2759 2212 2829 psalmus
2259 2759 2497 2830 Laudate
2542 2761 2815 2814 Dominum
2854 2774 2975 2814 cum
3007 2773 3199 2830 magna
3246 2759 3613 2830 exsultatione

1971 2828 2316 2893 decantetur,
2348 2829 2549 2885 deinde
2588 2830 2919 2885 alleluiatica
2947 2831 3066 2885 sine
3093 2828 3382 2898 pneumate
3414 2828 3613 2882 ﬁnian-

1972 2909 2082 2967 tur,
2115 2901 2244 2956 inde
2275 2901 2420 2955 enim
2451 2915 2626 2969 usque
2664 2902 2733 2955 ad
2783 2902 3049 2970 Vesperas
3095 2900 3317 2955 Sabbati
3368 2912 3611 2968 sequen-

251 2969 377 3041 suis‘
421 2972 696 3027 ministris
740 2969 948 3041 sedeat.
1004 2971 1236 3025 Primam
1297 2970 1590 3026 lectionem
1630 2970 1891 3039 subprior
1917 3034 1949 3041 _
1975 2972 2066 3038 tis,
2099 2978 2205 3026 tam
2238 2972 2293 3026 in
2331 2972 2651 3041 antiphonis
2679 2985 2839 3041 quam
2870 2969 2926 3026 in
2965 2971 3270 3036 versiculis,
3323 2976 3614 3039 pneumata

253 3040 401 3112 legat,
454 3050 692 3099 caeteras
740 3040 833 3096 alii
890 3041 1034 3097 sicut
1070 3047 1200 3097 sunt
1238 3043 1294 3097 in
1325 3042 1520 3097 ordine
1551 3034 1752 3111 primi;
1776 3049 1883 3096 etc.
1909 3034 1953 3094 α
1975 3034 2198 3099 omnino
2229 3034 2713 3109 intermittuntur;
2757 3043 3013 3097 similiter
3040 3050 3096 3097 et
3123 3034 3442 3111 antiphonae
3490 3055 3615 3111 quae

252 3112 338 3168 His
369 3114 443 3170 ita
490 3114 757 3185 peractis,
808 3112 980 3185 prima
1032 3113 1220 3169 litania
1275 3114 1343 3168 ad
1382 3113 1585 3185 gradus
1612 3127 1641 3167 a
1676 3113 1888 3185 pueris,

253 3185 293 3237 si
319 3183 552 3252 adsunt;
587 3186 637 3241 si
686 3196 797 3242 non
846 3183 1063 3251 adsunt,
1100 3200 1130 3240 a
1156 3186 1334 3240 tribus
1380 3184 1448 3239 de
1488 3184 1792 3240 minoribus
1822 3183 1890 3238 de

254 3264 510 3313 conventu
532 3258 872 3321 incipiatur;
902 3255 1022 3311 haec
1059 3256 1248 3311 litania
1270 3270 1392 3311 cum
1426 3255 1693 3311 ministris
1721 3256 1777 3309 in
1804 3268 1892 3309 ve-

252 3326 463 3384 stiarnm
498 3325 751 3394 secedat,
802 3325 1196 3397 deponensque
1234 3327 1494 3392 casulam,
1556 3332 1611 3382 et
1663 3339 1890 3395 cappam

253 3397 471 3456 induens
508 3402 565 3455 in
630 3400 861 3456 chorum
907 3398 976 3453 ad
1042 3399 1229 3454 sedem
1284 3412 1436 3453 suam
1473 3398 1674 3453 veniat.
1713 3398 1891 3451 Finita

254 3471 412 3538 prima
467 3473 686 3537 litania,
746 3478 860 3526 tres
904 3468 997 3525 alii
1055 3469 1251 3525 fratres
1296 3469 1593 3525 secundam
1646 3467 1890 3522 litaniam

252 3540 523 3611 incipiant.
575 3545 713 3598 Cum
761 3544 940 3611 autem
981 3541 1415 3611 pronuntiabunt
1444 3541 1639 3611 Sancte
1661 3541 1892 3593 Joannes

252 3609 500 3684 Baptista,
555 3616 670 3684 jam
728 3609 995 3671 ordinata
1048 3612 1403 3681 processione
1443 3611 1510 3684 ad
1548 3609 1730 3684 fontes
1768 3622 1892 3663 cum

251 3680 435 3754 magna
488 3680 843 3742 veneratione
915 3680 1238 3754 procedant,
1298 3680 1730 3754 procedentibus
1794 3692 1893 3747 per

252 3750 514 3826 ordinem,
566 3758 744 3826 primo
793 3757 889 3813 illo
915 3750 1030 3825 'qui
1061 3768 1280 3809 crucem
1302 3750 1513 3826 portat,
1555 3750 1757 3806 deinde
1794 3763 1892 3826 ce-

256 3825 542 3899 roferariis,
566 3821 706 3898 "post
734 3828 830 3884 illo
860 3821 970 3899 qui
992 3826 1100 3899 fert
1128 3821 1349 3881 cereum
1377 3823 1446 3878 ad
1486 3821 1895 3899 consecrandos

255 3894 423 3975 fontes
487 3893 1261 3975 praaparatumfsuhdiacono
1308 3908 1537 3975 quoque
1561 3908 1684 3975 cum
1725 3893 1889 3975 libro,

257 3974 307 4021 et
338 3964 569 4027 diacono
610 3964 741 4026 cum
799 3964 1204 4034 chrisniatorio,
1256 3964 1337 4022 ac
1375 3965 1575 4021 deinde
1604 3964 1735 4030 illis,
1795 3964 1891 4033 qui

258 4037 482 4097 litaniam
522 4043 744 4110 dicunt,
795 4043 1165 4111 subsequente
1214 4044 1486 4094 conventu
1533 4050 1656 4091 cum
1706 4035 1891 4105 priore

261 4127 454 4214 ιδίιὲιιιο-
504 4134 628 4199 Quo
678 4145 804 4214 cum
851 4116 1894 4214 rewenerint,..§laeﬁb"§3iﬁlli?

262 4200 345 4268 qui
370 4196 791 4274 sacra'portant
820 4196 958 4258 citra
988 4200 1189 4274 fontes,
1223 4200 1304 4274 illi
1339 4205 1466 4274 tres
1514 4198 1608 4267 qui
1648 4196 1893 4274 litaniam

262 4280 445 4329 canunt
498 4268 630 4331 an'te
679 4274 999 4329 cruciﬁxum
1048 4273 1219 4341 ipsam
1260 4270 1488 4341 ﬁniant;
1547 4282 1654 4337 qua
1700 4268 1889 4341 ﬁnita,

1973 3114 2234 3169 dicuntur
2260 3113 2328 3167 ad
2376 3114 2687 3168 Benedictus
2734 3121 2789 3168 et
2834 3114 3144 3184 Magniﬁcat
3189 3126 3300 3169 non
3348 3119 3616 3182 repetun-

1974 3192 2080 3240 tur.
2114 3187 2456 3240 Prtecantato
2486 3184 2755 3253 praedicto
2785 3184 3142 3249 alleluiatico,
3183 3198 3310 3240 mox
3359 3184 3620 3253 praelatus

1972 3257 2041 3312 ad
2070 3256 2245 3311 altare
2289 3256 2645 3324 antiphonam
2692 3270 2722 3310 a
2769 3261 2995 3312 cantore
3044 3256 3149 3310 sibi
3201 3255 3457 3321 delatam,
3515 3255 3623 3309 hoc

1974 3328 2137 3384 modo
2204 3326 2474 3396 incipiat:
2554 3329 2773 3396 Vespere
2837 3332 3030 3390 autem,
3100 3328 3207 3396 qua
3273 3326 3445 3389 ﬁnita,
3497 3330 3625 3392 post

1972 3398 2282 3467 Magniﬁcat
2348 3398 2653 3453 orationem
2720 3398 2789 3452 ad
2846 3397 3234 3464 complendum
3265 3396 3618 3467 rsubjungat;

1972 3470 2163 3538 sicque
2194 3469 2346 3523 dicto
2377 3470 2477 3532 Ite,
2510 3468 2670 3521 missa
2700 3472 2777 3520 est
2816 3481 2849 3520 a
2896 3467 3152 3538 diacono,
3204 3466 3375 3538 missa
3412 3470 3468 3518 et
3517 3466 3623 3538 V_e-

1972 3534 2151 3622 spera:
2184 3540 2390 3606 pariter
2413 3538 2698 3619 ﬁniantur.
2742 3538 2872 3590 Post
2910 3536 3030 3589 haec
3059 3536 3316 3615 .egressis
3344 3535 3413 3614 de
3446 3534 3626 3587 eccle-

1973 3624 2076 3675 sna,
2109 3608 2253 3663 facto
2284 3615 2463 3675 spatio
2503 3606 2809 3675 cymbalum
2858 3610 3237 3674 percutiatur;
3279 3604 3482 3658 deinde
3521 3616 3628 3675 _re-

1974 3652 2264 3735 Esaiam.
2284 3652 2826 3747 ἶῖιξῖἑεεῖἓ,’“ιῖιῖιέῐίξι
2850 3652 3623 3800 sic'iila'féi'tiicéiiii'genio

1974 3765 2127 3800 more
2157 3754 2195 3800 τι
2228 3749 2396 3800 Edent
2446 3762 2703 3800 pauperes
2747 3752 2797 3800 et
2840 3751 3026 3800 satura
3063 3751 3219 3800 antur
3263 3760 3387 3800 cum
3437 3744 3623 3800 Gloria

1974 3765 2127 3807 more
2157 3754 2195 3815 ψ
2226 3744 2396 3804 Edent
2442 3744 2703 3820 pauperes
2747 3752 2813 3820 et
2840 3744 3219 3820 saturabantur
3263 3760 3387 3820 cum
3437 3744 3623 3820 Gloria

1973 3822 2125 3878 Patri
2183 3826 2238 3876 et
2282 3817 2468 3891 Kyrie,
2519 3817 2751 3891 eleison;
2802 3818 3266 3891 hebdomadarius
3313 3817 3501 3891 dicat:
3551 3817 3623 3891 Et

1972 3909 2038 3949 ne
2091 3907 2224 3959 nos,
2278 3888 2386 3947 etc.
2462 3890 2543 3946 Ad
2600 3890 2895 3946 lectionem
2952 3890 3117 3945 detur
3172 3888 3507 3945 benedictio.
3566 3889 3627 3959 in

1973 3958 2268 4040 refectorio
2342 3962 2507 4018 lectio
2538 3982 2588 4040 _:_
2652 3964 2871 4040 Vespere
2931 3960 3139 4040 spoliati
3204 3976 3343 4040 quis
3390 3958 3624 4040 lucescit,

1974 4043 2081 4092 etc.
2185 4036 2421 4091 Sermo:
2524 4033 2707 4091 Maria
2744 4031 2759 4033 “
2805 4031 3124 4102 Magdalene
3214 4031 3344 4087 uidit
3438 4031 3627 4086 Domi-

1972 4140 2091 4181 num
2138 4128 2509 4192 resurgentem,
2570 4127 2680 4178 etc.
2738 4123 2868 4177 Post
2923 4122 3105 4177 cibum
3158 4121 3414 4176 similiter
3457 4112 3519 4192 _3
3539 4109 3620 4178 l9

1975 4203 2172 4275 cuncta
2200 4190 2366 4275 solito
2397 4207 2549 4275 more
2588 4193 3276 4275 compleanturnnexcepto
3324 4190 3626 4275 quodhpro

1976 4267 2186 4337 psalmo
2237 4266 2419 4321 luctus
2470 4271 2525 4319 et
2582 4264 2935 4337 poenitentiae
2980 4264 3235 4337 Miserere
3274 4264 3412 4337 _i_nei

262 4301 445 4329 uuuut
498 4301 630 4331 εωιυ
679 4301 999 4329 υιύυιιιλυιιι
1048 4301 1219 4341 ιμῦάιιι
1261 4301 1488 4333 ιιιιιιιιιι,
1547 4301 1654 4337 qua
1700 4301 1889 4331 uulua,
1976 4301 2186 4337 γοαιιυυ
2237 4301 2419 4321 ιιιυιιισ
2470 4301 2525 4319 ιιι
2582 4301 2924 4334 μυυιιιιυιιυιυυ
2980 4301 3233 4318 ιμιυνσνιν
3274 4331 3283 4340 ⁸
3314 4301 3412 4314 σηνν
3467 4301 3625 4339 νεῖ-ην,

262 4345 429 4419 statim
458 4347 730 4419 praelatus
757 4352 909 4401 stans
937 4343 1141 4419 ibidem
1188 4349 1314 4397 ante
1348 4339 1563 4419 fontes,
1612 4353 1644 4393 a
1685 4337 1962 4419 dextrisD
1984 4339 2224 4419 psalmus
2254 4337 2558 4419 lagtititeet‘
2586 4332 3627 4419 eritsultationisA(f‘onjiieinini‘Dominog

264 4410 475 4472 habens'
492 4418 794 4475 diaconum
844 4430 966 4472 cum
1014 4413 1437 4477 chrismatorio,
1487 4416 1543 4464 et
1586 4424 1617 4465 a
1660 4410 1900 4465 sinistris

264 4486 649 4561 subdiaconurn
705 4502 829 4544 cum
877 4486 1325 4561 sacramentario,
1360 4484 1545 4561 intret
1591 4482 1898 4561 iunconse-

268 4558 547 4615 crationem
617 4560 855 4615 fontium
921 4559 1028 4613 hoc
1083 4555 1287 4612 modo:
1348 4555 1595 4619 Oremus,
1648 4553 1900 4621 Omnipo-

266 4629 379 4696 tens,
412 4640 517 4686 etc.
551 4635 727 4699 Quam
759 4630 888 4704 dum
935 4628 1276 4704 exsequitur,
1326 4630 1434 4680 stet
1484 4623 1596 4704 ille
1624 4624 1723 4704 qui
1752 4636 1900 4704 .cru-

268 4694 373 4772 cem
397 4707 548 4758 tenet
574 4694 737 4772 juxta
766 4701 949 4757 fontes
978 4701 1048 4755 de
1079 4694 1292 4772 contra,
1318 4709 1474 4752 versa
1494 4694 1632 4772 facie
1659 4694 1728 4772 ad
1739 4694 1903 4772 ipsos

268 4765 447 4844 fontes,
474 4764 639 4844 juxta
671 4787 830 4843 quem
882 4772 1011 4826 hinc
1061 4770 1188 4825 inde
1241 4775 1389 4824 stent
1418 4764 1752 4844 ceroferarii
1801 4777 1902 4819 eo-

269 4840 375 4915 dem
404 4837 609 4912 modo;
657 4837 757 4915 q'ui
782 4856 911 4899 vero
959 4856 1177 4898 cereum
1218 4846 1369 4896 tenet
1410 4840 1565 4908 juxta
1611 4837 1904 4915 diaconum

270 4913 347 4987 sit,
372 4907 605 4987 Magnus
633 4907 705 4971 ad
735 4913 918 4987 fontes
947 4928 1142 4987 cereus
1170 4926 1281 4987 non
1332 4916 1604 4987 portetur,
1638 4908 1741 4987 sed
1766 4907 1907 4963 alter

270 4979 591 5061 quidaquui
611 5003 659 5061 4a
690 5000 855 5061 cereo
886 4984 1183 5061 benedicto
1213 4979 1596 5061 illuminatur,‘
1610 4986 1667 5035 et
1695 4979 1763 5033 ab
1793 4990 1905 5061 uno

269 5052 530 5132 acolyiho',
562 5059 625 5132 isi
667 5059 831 5132 adsit,
886 5057 955 5112 ad
996 5055 1205 5132 fontes_
1231 5060 1530 5132 po_rtetur._
1559 5052 1908 5132 Consecratis

270 5123 394 5184 vero
410 5123 667 5186 fontibus
695 5130 933 5185 chrisma
972 5141 1082 5183 non
1121 5123 1449 5191 infunditur,
1499 5123 1699 5189 donec,
1733 5123 1779 5177 si
1812 5123 1906 5191 qui

271 5197 569 5270 adfuerint,
635 5203 833 5270 aquam
872 5199 1218 5270 benedictam
1255 5196 1539 5270 hauserint
1594 5195 1660 5250 ad
1712 5193 1907 5270 domos

272 5281 386 5325 suos
438 5266 867 5343 deportandam.
928 5269 1219 5343 Provideat
1264 5269 1425 5323 etiam
1472 5266 1803 5343 secretarius
1848 5270 1910 5343 ut

273 5352 331 5414 ex
396 5335 593 5400 eadem
671 5358 813 5414 aqua
886 5345 1130 5398 reservet
1203 5340 1298 5414 in_
1332 5339 1628 5414 crastinum
1663 5381 1679 5403 ,
1761 5335 1909 5414 unde

276 5411 420 5485 (sicut
482 5430 611 5473 mos
669 5407 770 5481 est)
838 5418 1202 5485 aspergantur
1252 5409 1443 5485 altaria
1475 5450 1511 5485 ,_
1550 5407 1786 5473 fratres,
1825 5412 1910 5485 _et

276 5480 528 5556 ofﬁcina,
608 5478 760 5541 nam'
810 5485 867 5541 in
904 5478 1043 5541 'die'
1087 5487 1331 5556 sancto_
1362 5479 1584 5556 Pascha}
1625 5478 1910 5556 _sacerdos

274 5567 456 5625 aquam
510 5548 848 5615 nullatenus
920 5553 1223 5613 benedicit.
1299 5548 1508 5607 Deinde
1561 5549 1737 5619 (sicut
1791 5564 1910 5607 mos

1984 4398 2077 4479 qui
2128 4410 2350 4479 proprie
2398 4412 2483 4462 est
2526 4406 2595 4461 de
2636 4404 3049 4479 resurrectione
3089 4398 3630 4479 c’ommuteturnqui
3684 4414 3693 4419 '

1982 4468 2158 4549 usque
2187 4468 2255 4534 ad
2286 4492 2498 4534 coenam
2528 4477 2820 4549 sequentis
2838 4475 3051 4531 sabbati
3083 4479 3193 4528 tam
3230 4471 3299 4549 ad
3316 4468 3625 4549 prandium

1984 4538 2145 4625 quam
2176 4549 2484 4625 adicmnam
2516 4538 2765 4617 quotidie
2795 4546 3205 4625 frequentatur:
3250 4538 3347 4597 Adi
3380 4538 3632 4625 comple-g

1984 4611 2187 4679 torium
2218 4620 2382 4694 dictis
2420 4611 2966 4694 quatuorﬁpsalmis:
3016 4618 3142 4694 Cum
3187 4615 3520 4694 inuocarem;
3569 4611 3635 4664 In

1986 4699 2054 4758 te,
2088 4693 2326 4759 Domine,
2356 4684 2565 4762 speravi
2585 4712 2603 4757 ,-
2644 4684 2783 4746 Ecce
2809 4704 2981 4762 nunc:
3022 4689 3177 4762 Nunc
3222 4684 3459 4762 dimittis,
3509 4694 3633 4736 cum

1986 4754 2141 4837 brevi
2177 4754 2534 4837 alleluiatico,
2575 4754 2695 4817 Sine
2743 4760 3025 4837 capitulo,
3056 4758 3182 4837 sine
3224 4754 3448 4837 hzmno,
3499 4766 3639 4837 pro-

1987 4836 2239 4892 nuntiato
2280 4823 2553 4908 versiculo
2580 4823 3183 4908 Διιξῐιῃιηί-Οογξιὶιρετιιὶηἱ
3198 4895 3211 4908 ¹
3234 4826 3493 4908 Domino,

1988 4914 2145 4964 catur
2200 4904 2495 4972 confessio,
2561 4904 2762 4960 deinde
2819 4895 3069 4972 Dominus
3124 4895 3406 4972 uo_biscum,
3456 4895 3636 4952 oratio

1988 4979 2243 5050 Spiritum
2285 4968 2489 5050 nobis,
2526 4970 3028 5050 Domine.__Eodem
3085 4968 3248 5050 modo
3306 4984 3406 5039 per
3464 4971 3635 5050 totam

1989 5039 2387 5107 hebdomadam
2429 5039 2550 5103 haec
2580 5048 2727 5118 Hora
2755 5042 2991 5118 dicatur,
3040 5039 3230 5118 addito
3278 5039 3633 5118 responsorio

1988 5123 2118 5176 Haec
2173 5120 2304 5176 dies.
2365 5120 2495 5174 Post
2550 5114 2898 5184 completam,
2957 5110 3099 5168 facta
3157 5112 3301 5167 trina
3357 5110 3629 5174 oratione,

1990 5206 2133 5263 aqua
2162 5190 2453 5247 benedicta
2481 5187 2689 5263 aspersi
2721 5184 3103 5263 dormiiorium
3134 5186 3343 5252 petant.
3381 5248 3392 5261 .
3510 5249 3523 5262 θ

2061 5265 2121 5319 ln
2152 5263 2243 5318 die
2272 5267 2464 5317 sancto
2504 5255 2724 5313 Pascha:
2762 5255 2831 5310 ad
2878 5256 3198 5311 Matutinum
3247 5255 3429 5307 omnia
3478 5255 3634 5319 signa

1992 5335 2281 5406 pulsentur
2311 5334 2366 5386 in
2395 5327 2889 5406 ciassicum,__s_icu_t
2918 5341 3083 5397 supra
3112 5324 3318 5404 dictum
3355 5320 3498 5406 [a‘dd.
3522 5319 3628 5406 est]

1992 5392 2048 5463 in
2076 5404 2253 5462 Natali
2292 5402 2526 5459 Domini.
2576 5392 2809 5454 Homilia
2859 5400 2914 5454 in
2962 5392 3136 5467 cappa
3183 5393 3360 5467 serica
3400 5392 3631 5463 legatur.

1991 5480 2097 5534 Per
2123 5484 2296 5534 totam
2329 5471 2724 5530 hebdomadam
2767 5470 2837 5526 ad
2879 5466 3093 5525 Laudes
3122 5471 3179 5520 et
3226 5466 3493 5534 Vesperas
3536 5475 3633 5518 ca-

2065 5567 2197 5638 (52')
2225 5565 2410 5634 Scilla,
2440 5575 2538 5619 seu
2567 5560 2747 5632 skilla,
2781 5560 2838 5618 id
2864 5566 2975 5626 est,
3007 5554 3347 5625 campanula.
