4146 6182
475 258 577 313 179

1571 254 1863 312 JOANNES
1898 251 2314 311 ARCHIEPISC.
2354 250 2688 309 ROTOMAG.

3728 242 3833 302 180

471 382 707 456 pitulum
729 425 746 451 ,
804 383 1040 455 hymnus
1093 388 1151 439 et
1193 381 1497 456 versiculus
1542 392 1656 456 non
1697 378 1979 456 dicuntur.
2022 377 2387 456 .AdAnovem
2415 376 2714 456 lectionum
2740 388 2928 456 usque
2943 381 3074 456 post
3101 379 3347 456 octavam
3376 372 3599 456 Pascha;
3622 384 3699 456 ex
3711 376 3836 429 toto

470 448 739 523 Primam,
787 448 906 511 sine
965 456 1191 526 hymno,
1250 453 1551 526 antiphona
1604 448 1833 526 Angelus
1859 450 2109 526 _Dom_ini,

471 527 668 599 psalmi
694 520 897 599 {Deus
924 527 980 581 in
1002 520 1245 599 nomine;
1270 520 1421 599 Beati
1450 520 1807 599 immaculati;
1839 521 2112 599 Belribue,

474 593 594 656 sine
625 598 866 668 capitulo
897 611 997 667 per
1027 593 1195 653 totam
1234 593 1653 668 hebdomadam,
1673 664 1687 668 _
1708 594 1853 648 sicut
1898 600 2118 668 (ξι-εω-

475 679 610 728 tera:
640 664 802 726 Horae
834 664 1110 725 dicuntur.
1144 666 1575 736 Responsorium
1622 664 1690 720 ad
1722 678 1913 721 omnes
1942 665 2116 721 Horas

476 774 578 830 per
607 764 776 814 totam
826 750 987 819 320
1024 753 2113 830 _hebdomadam,_exceptis__Matutinis:

476 824 605 887 Haec
632 830 763 896 dies,
796 843 918 885 cum
966 826 1215 891 Alleluia,
1258 829 1297 890 ψ
1344 824 1684 896 Conﬁtemini,
1735 824 1950 896 dicatur
1987 837 2120 879 con-

478 902 644 958 fessio
702 895 801 970 per
847 906 1017 955 totam
1065 895 1485 970 hebdomadam,
1535 896 1788 951 Dominus
1829 895 2110 970 uobiscum.

478 973 665 1029 Oratio
690 966 830 1027 Deus
859 972 946 1041 qui
982 969 1236 1024 hodierna
1435 967 1524 1041 Sic
1571 981 1683 1041 per,
1706 973 1876 1041 totam
1896 966 2118 1041 hebdo—

478 1044 691 1100 madam
721 1043 788 1098 ad
820 1037 1067 1110 primam.
1100 1042 1161 1095 in
1191 1038 1432 1108 capitulo
1457 1038 1623 1094 lectio
1655 1037 1838 1095 Maria
1883 1038 2121 1106 Magda-

479 1115 611 1170 lene.
643 1116 703 1169 In
734 1114 840 1167 ﬁne
870 1110 1096 1180 capituli
1136 1112 1299 1179 hujus
1347 1110 1459 1165 diei
1506 1116 1561 1165 et
1606 1123 1703 1165 sex
1749 1110 2117 1179 sequentium,

479 1187 590 1241 imo
629 1186 685 1238 in
716 1183 970 1239 omnibus
998 1182 1313 1252 duplicibus
1359 1181 1534 1247 festis,
1587 1180 1827 1250 psalmus
1876 1180 2116 1252 Laudate

478 1256 773 1322 Dominum,
835 1269 1011 1309 omnes
1055 1251 1250 1323 gentes,
1301 1252 1524 1308 dicitur.
1572 1252 1787 1308 Abhinc
1830 1266 2005 1322 usque
2050 1251 2120 1306 ad

480 1333 725 1383 octavam
774 1327 1130 1381 Pentecostes
1176 1324 1245 1380 ad
1302 1338 1496 1393 aquam
1544 1324 1893 1379 benedictam
1939 1336 2124 1392 asper-

477 1397 733 1470 gendam,
766 1397 1067 1470 antiphona
1108 1395 1223 1450 Vidi
1268 1410 1460 1470 aquam
1504 1401 1776 1470 cantatur.
1827 1394 2122 1470 Sciendum

477 1464 660 1525 tamen
692 1469 841 1538 quod
872 1464 1056 1523 Statim
1086 1473 1213 1535 post
1240 1465 1537 1538 capitulum
1578 1466 1745 1522 debet
1793 1466 1999 1535 pulsari
2052 1464 2123 1538 ad

480 1537 915 1611 processionem,
975 1538 1177 1611 deinde
1228 1537 1299 1611 ad
1342 1539 1599 1593 Tertiam.
1649 1539 1876 1611 Cantata
1920 1537 2122 1611 Tertia,

478 1608 733 1668 ordinata
762 1610 1138 1680 processione,
1170 1608 1354 1663 statim
1402 1617 1596 1664 cantor
1642 1609 1873 1678 incipiat
1920 1608 2123 1663 dictam

2195 456 2525 505 reservetur.
2559 444 2850 504 Sciendum
2881 444 3043 503 etiam
3074 448 3221 518 quod
3252 453 3367 502 tres
3395 446 3515 500 dies
3544 444 3639 518 qui
3665 456 3837 518 supra

2197 521 2331 577 dicti
2360 527 2488 576 sunt
2518 519 2909 576 venerabiliter
2951 520 3093 575 sicut
3138 518 3277 574 festa
3325 517 3503 573 tertiae
3552 517 3837 587 dignitatis

2198 608 2543 676 excoluntur,
2576 608 2774 679 reliqui
2811 621 2941 664 vero
2972 613 3086 664 tres
3133 598 3292 669 323
3344 618 3611 679 eximore
3659 604 3840 679 Domi-

2198 681 2391 737 nicalis
2427 680 2623 736 Ofﬁcii.
2672 677 2753 736 A'd
2801 682 3068 750 Vesperas
3117 681 3259 735 sicut
3305 678 3504 749 pridie,
3554 677 3840 747 processio

2198 753 2267 808 ad
2298 752 2497 817 fontes,
2531 758 2591 807 ut
2618 765 2804 822 supra.

2269 824 2552 906 Dominica
2599 822 2656 877 in
2688 820 2892 906 'albis,.
2931 821 3002 878 ad
3060 822 3263 892 primas
3302 824 3571 906 Vesperas
3621 820 3835 946 antigh.

2269 895 2449 946 letum.
2505 894 2643 946 psal.
2693 895 3023 946 Benedictus.
3072 902 3178 946 etc.
3230 894 3535 946 Camtulum
3583 892 3731 946 omni
3775 905 3835 946 us

2199 895 2449 962 Alleluia,
2505 894 2643 964 psal.
2693 895 3023 959 Benedictus,
3072 902 3178 950 etc.
3230 894 3535 963 Capitulum
3583 892 3840 948 omnibus

2201 967 2453 1023 Sabbatis
2480 979 2655 1036 usque
2692 966 2761 1021 ad
2803 967 3180 1021 ascensionem
3226 964 3476 1020 Domini:
3509 964 3577 1019 ad
3626 965 3838 1033 Vespe-

2200 1051 2327 1094 ras:
2369 1039 2432 1095 Si
2482 1035 2884 1093 consurrexistis
2933 1051 3047 1091 cum
3093 1037 3318 1094 Christo.
3365 1053 3412 1107 ιγ
3440 1035 3689 1092 Surrexit
3730 1036 3840 1090 Do-

2200 1110 2407 1181 minus.
2442 1126 2489 1180 ιγ
2511 1110 2613 1176 Qui
2665 1123 2761 1181 pro
2790 1108 2967 1181 nobis,
3001 1115 3108 1164 etc.
3162 1111 3406 1181 Hymnus
3447 1107 3646 1163 Chorus
3682 1119 3843 1181 nouo:

2200 1180 2510 1237 Jerusalem.
2566 1197 2614 1249 ιγ
2656 1183 2818 1237 Mane
2866 1180 3148 1236 nobiscum.
3197 1183 3323 1236 Ant.
3376 1180 3609 1249 Surgens
3663 1180 3839 1240 Iesus,

2202 1252 2340 1323 psal.
2390 1250 2717 1323 Magniﬁeat.
2780 1253 2967 1308 Oratio
3021 1254 3245 1319 Prwsta,
3310 1263 3618 1322 quaerimus,
3676 1250 3846 1304 omni-

2197 1330 2382 1396 potens
2410 1326 2569 1379 Deus.
2600 1324 2682 1379 Ad
2714 1325 3124 1396 processiouem
3153 1323 3455 1394 antiphona
3479 1324 3593 1396 item
3639 1327 3840 1396 noster.

2203 1393 2353 1451 Tunc
2408 1401 2710 1450 conventus
2760 1410 2881 1451 cum
2921 1394 3296 1462 thuriferario,
3356 1393 3722 1458 ceroferariis,
3757 1406 3849 1447 ce-

2205 1467 2454 1523 lebrante
2483 1466 2541 1521 in
2586 1479 2759 1535 cappa
2787 1468 2985 1532 serica,
3016 1468 3135 1522 sine
3166 1480 3352 1533 cruce,
3402 1464 3650 1521 canendo
3700 1464 3847 1519 hanc

2205 1538 2559 1608 antiphonam
2617 1539 2686 1593 ad
2744 1538 3062 1593 cruciﬁxum
3110 1545 3321 1608 pergat,
3381 1538 3496 1605 ubi,
3545 1536 3849 1592 incensatis

2206 1610 2472 1665 altaribus
2494 1610 2731 1675 duobus,
2767 1615 2893 1679 post
2922 1610 3082 1665 ﬁnem
3112 1610 3430 1679 antiphonie
3469 1610 3616 1664 dicat
3660 1620 3850 1679 sacer:

479 1678 837 1774 antiphonam
878 1681 1242 1774 VidiAqquqm:
1293 1681 1428 1774 Dum
1467 1680 1877 1774 autem_.'i‘_erti-a
1911 1680 2311 1774 degcanA-Bdos
2356 1693 2636 1774 versum}.
2660 1681 2829 1774 Dicite
2876 1682 2962 1774 in“
2984 1681 3298 1774 nationibus,
3350 1681 3529 1774 oratio
3574 1680 3720 1735 Deus
3758 1678 3851 1774 qui

474 1750 624 1810 tatur
652 1754 754 1809 hac
783 1753 874 1809 die
903 1758 959 1809 et
987 1750 1242 1808 omnibus
1295 1751 1493 1825 diebus
1521 1754 1578 1807 in
1608 1750 2122 1825 quibusprocessio
2144 1750 2302 1825 "pro
2331 1752 2501 1825 nobis,
2531 1752 2637 1807 nisi
2668 1750 2865 1808 festum
2892 1752 3117 1825 aliquod
3149 1758 3407 1825 occurret
3435 1752 3503 1808 de
3533 1764 3644 1822 quo
3679 1762 3852 1825 opor-

475 1826 536 1881 ﬁt
565 1826 622 1880 in
651 1825 865 1893 cappis,
897 1829 1094 1879 cantor
1126 1837 1227 1893 per
1275 1823 1507 1878 chorum
1553 1837 1757 1892 cappas
1803 1822 2119 1878 distribuat.

475 1898 537 1952 In
576 1895 933 1965 processione
981 1895 1145 1964 hujus
1174 1895 1308 1961 diei,
1360 1908 1484 1964 quae
1532 1909 1632 1965 per
1678 1894 1976 1949 claustrum
2024 1894 2126 1949 du-

477 1967 653 2024 cenda
682 1974 786 2030 est,
819 1967 1036 2022 dicatur
1062 1966 1364 2035 antiphona
1392 1966 1543 2021 Sedit
1588 1965 1855 2034 Angelus;
1889 1979 2014 2035 quae
2043 1965 2125 2020 sic

478 2039 840 2110 protrahatur
868 2044 929 2093 ut
956 2040 1014 2093 in
1044 2037 1279 2110 ecclesia
1308 2036 1449 2092 facta
1473 2037 1725 2110 statione
1773 2042 1897 2110 ante
1948 2037 2127 2110 cruci-

477 2107 682 2178 ﬁxum,
750 2124 942 2165 versus
1007 2108 1252 2178 ejusdem
1317 2108 1634 2178 antiphona:
1700 2122 1732 2163 a
1786 2108 1963 2163 tribus
2018 2107 2127 2162 fra-

478 2183 658 2237 tribus
730 2182 788 2236 in
864 2180 1077 2250 pulpito
1152 2179 1515 2248 decantetur,
1601 2179 1804 2235 deinde
1884 2179 2128 2248 incoepta

479 2267 511 2308 a
585 2252 814 2322 praelato
889 2250 1192 2320 antiphona
1265 2251 1499 2307 Christus
1570 2265 1848 2320 resurgens
1871 2292 1886 2317 ,
1982 2252 2124 2307 cho-

479 2337 601 2379 rum
675 2322 1057 2393 ingrediantur
1080 2364 1094 2387 ,
1171 2323 1371 2378 iterum
1443 2336 1659 2378 versum
1733 2322 1923 2377 Dicant
1992 2337 2131 2377 nunc

480 2402 600 2451 tres
662 2395 731 2450 ad
796 2393 998 2464 gradus
1054 2393 1387 2459 decantent;
1446 2394 1801 2464 pronuntiato
1856 2393 2127 2449 versiculo

483 2476 622 2546 321
660 2482 909 2538 Surrexit
937 2482 1188 2537 Dominus
1223 2496 1363 2549 uere,
1404 2488 1460 2537 et
1500 2482 1649 2538 dicta
1696 2483 1946 2538 oratione
1993 2483 2125 2548 diei,

482 2555 735 2626 pulsetur
791 2553 1101 2619 classicum,
1163 2559 1219 2626 et
1274 2552 1516 2609 ofﬁcium
1574 2554 1754 2626 missa:
1810 2554 2132 2626 solemniter

434 2663 437 2666 ν
482 2624 841 2695 imponatur:
900 2625 1227 2695 Besurrexit,
1289 2629 1397 2680 etc.
1456 2626 1516 2679 lu
1572 2624 1869 2681 refectorio
1922 2625 2126 2681 lectio:

482 2694 666 2755 Maria
692 2694 1031 2765 Magdalene,
1064 2701 1120 2750 et
1148 2710 1432 2752 sermones
1461 2697 1556 2765 qui
1585 2703 1914 2766 sequuntur.

2207 1822 2317 1880 teat
2372 1822 2491 1879 ﬁeri
2557 1825 2840 1892 memoria,
2910 1823 3037 1893 quia
3100 1828 3233 1880 tunc
3299 1823 3465 1880 debet
3529 1822 3850 1894 praecedere

2206 1896 2488 1960 memoria,
2522 1895 2591 1950 de
2619 1894 2798 1962 festo;
2834 1895 3036 1951 deinde
3082 1908 3207 1951 cum
3254 1893 3555 1966 antiphona
3603 1895 3671 1949 de
3722 1893 3852 1949 reli-

2207 1968 2353 2052 quiis
2379 1969 2774 2052 Luxiperpelua
2803 1967 2859 2052 in
2899 1967 3416 2052 chorum_redeant,
3448 1967 3853 2052 inde'pronun-

2206 2036 2342 2095 tiato
2368 2080 2383 2107 ,
2416 2036 2536 2093 non
2557 2053 2588 2093 a
2614 2036 2941 2108 presbytero
2972 2039 3069 2094 sed
3102 2038 3314 2106 ultimo,
3354 2052 3516 2095 versu
3558 2036 3670 2092 νοτε
3716 2036 3852 2091 ueti-

2209 2113 2295 2166 tiw
2318 2156 2333 2177 ,
2382 2110 2598 2165 dicatur
2644 2110 2821 2165 oratio
2878 2112 3099 2174 Praesta,
3148 2125 3476 2180 quwsumus,
3531 2110 3853 2180 omnipotens

2208 2185 2368 2250 Deus,
2398 2186 2455 2236 ul
2480 2185 2777 2236 sanctorum
2807 2186 3028 2237 tuorum.
3080 2178 3195 2238 Ho'c
3244 2182 3409 2238 modo
3458 2178 3740 2251 proceséio
3788 2178 3853 2234 ﬁt

2209 2254 2277 2309 ad
2311 2252 2627 2309 cruciﬁxum
2677 2252 2894 2309 caeteris
2940 2253 3191 2309 Sabbatis
3240 2267 3413 2324 usque
3457 2254 3523 2308 ad
3571 2251 3855 2324 ascensio-

2210 2338 2334 2381 nem
2377 2324 2610 2391 Domini,
2653 2338 2777 2394 quae
2826 2337 2928 2394 pro
2976 2325 3127 2380 nullo
3176 2322 3339 2393 festo,
3388 2324 3597 2381 etiamsi
3647 2322 3854 2392 duplex

2211 2415 2303 2481 sit,
2335 2412 2735 2469 intermittitur.
2765 2414 2964 2470 Tamen
2996 2413 3216 2484 quando
3247 2416 3491 2470 inventio
3532 2404 3696 2475 324
3724 2424 3854 2484 san-

2212 2492 2315 2543 ctae
2346 2484 2527 2541 crucis
2556 2485 2610 2539 in
2642 2485 2925 2541 Dominica
2972 2483 3236 2553 occurrit,
3287 2486 3354 2541 ad
3409 2483 3856 2556 Vesperasqui-

2212 2558 2336 2614 dem
2383 2557 2450 2611 ad
2497 2556 2818 2611 cruciﬁxum
2867 2558 2997 2625 itur,
3047 2558 3143 2613 sed
3194 2571 3317 2613 cum
3365 2554 3531 2613 cantu
3576 2556 3645 2612 de
3685 2554 3853 2621 festo,

2212 2631 2356 2684 sicut
2393 2629 2451 2683 in
2490 2628 2607 2697 ipsa
2646 2625 2939 2684 festivitate
2977 2629 3241 2698 scriptum
3293 2634 3394 2684 est.
3455 2629 3587 2684 Post
3639 2639 3859 2683 orenam

2213 2700 2454 2771 psalmus
2480 2701 2738 2755 Miserere
2764 2702 2885 2767 mei,
2915 2701 3076 2767 Deus,
3109 2702 3423 2756 resumitur.

555 2770 811 2837 Vespera:
862 2767 969 2842 hoc
1025 2767 1190 2823 modo
1239 2773 1507 2842 agantur,
1548 2768 1631 2842 A_d
1682 2770 1947 2842 vesperas
1990 2767 2132 2842 anti-
2213 2767 2229 2771 ’
2285 2773 2346 2826 In
2396 2771 2650 2842 omnibus
2680 2772 2977 2827 Dominicis
3005 2786 3179 2842 usque
3218 2772 3287 2827 ad
3334 2772 3709 2828 ascensionem
3748 2771 3863 2842 Do-

483 2836 675 2910 phona'
704 2836 1165 2912 Angelusautem,
1191 2836 1328 2912 psal.
1376 2839 1529 2894 Die-it
1576 2836 1844 2894 Dominus.
1889 2844 2015 2895 Ant.
2060 2841 2131 2912 Et
2214 2843 2370 2909 mini,
2420 2842 2527 2897 nisi
2587 2841 2782 2897 festum
2832 2836 3159 2912 occurrerit,
3208 2845 3279 2899 sit
3316 2845 3479 2899 missa
3520 2841 3865 2898 matutinalis

485 2909 804 2991 ecceterrie,
837 2909 974 2991 psal.
1026 2910 1371 2991 Coufitebor.__
1387 2913 1527 2991 Ant_._
1564 2913 1937 2991 Erat_autem,
1983 2911 2126 2991 psal.
2216 2915 2285 2991 de
2315 2914 2761 2991 Resurrectione.
2794 2914 2948 2991 Dicta
2978 2909 3344 2991 Dominicain
3382 2914 3632 2991 capitulo
3658 2913 3859 2991 lectio

485 2986 681 3038 Beatus
706 2982 803 3036 uir.
837 2981 1268 3048 Responsorium
1312 2983 1443 3036 Haec
1472 2981 1604 3035 dies.
1636 2982 1843 3037 Deinde
1873 2989 2130 3037 cantores
2157 3043 2190 3048 _
2216 2987 2342 3042 Cum
2368 2989 2501 3039 esset
2528 2997 2666 3040 sero.
2700 2986 2759 3039 in
2807 2984 3102 3042 refectorio
3148 2987 3314 3043 lectio
3362 2981 3487 3043 Cum
3532 2988 3666 3041 esset
3709 2999 3859 3042 sero.

487 3053 750 3131 adjuncto
780 3043 1045 3131 tertio-ad
1092 3052 1296 3120 gradus
1342 3053 1530 3131 dicant
1578 3051 1844 3131 Alleluia,
1898 3043 2409 3122 AngelusCFinitis
2464 3055 2718 3131 homeliis
2774 3057 3190 3131 Evangeliorum
3237 3058 3622 3131 paschalium,
3673 3057 3861 3113 siatim

488 3124 717 3200 Domini,
750 3134 883 3200 cum
924 3127 1159 3200 utroque
1188 3137 1370 3200 versu,
1405 3128 1597 3200 postea
1644 3124 2006 3200 subjungatur
2049 3138 2137 3200 se-
2215 3132 2381 3184 Actus
2411 3128 2795 3200 apostolorum
2844 3124 3202 3199 incipiantur,
3237 3124 3452 3200 "quibus
3499 3124 3656 3184 lectis
3701 3130 3861 3198 Apo-

491 3194 716 3276 quentia
756 3193 985 3274 Victima:
1008 3191 1287 3276 paschali;
1320 3207 1428 3263 qua
1456 3194 1626 3276 ﬁnita
1673 3191 1793 3276 sine
1838 3191 2131 3276 versiculo,
2216 3191 2848 3276 calypsis‘apponantur,
2882 3191 3075 3270 postea
3102 3191 3364 3272 Epistolas
3393 3203 3676 3257 canonica:
3724 3191 3864 3255 sub-

491 3265 793 3334 antiphona
839 3265 1154 3333 imponatur
1198 3267 1268 3320 Et
1325 3278 1356 3319 r

493 3337 710 3402 hiscum,
760 3336 939 3390 oratio
973 3335 1236 3406 Concede,
1287 3351 1595 3406 quaesumus.
1644 3338 1802 3393 Dicto
1847 3337 2138 3393 Benedica—

491 3423 625 3473 mus,
656 3407 852 3480 statim
888 3405 1178 3480 ordinetur
1223 3405 1509 3476 prbeessio
1556 3408 1662 3463 hoc
1708 3409 1908 3464 modo:
1959 3411 2137 3480 primo

494 3478 761 3549 procedat
798 3476 890 3532 ille
940 3478 1036 3549 qui
1085 3492 1305 3533 crucem
1354 3485 1525 3546 tenet,
1577 3486 1884 3549 sequuntur
1929 3476 2140 3537 cerofe-

492 3546 635 3623 rarii
666 3563 787 3623 cum
843 3546 1219 3623 thuriferario,
1280 3557 1406 3619 post
1447 3564 1602 3623 quos
1658 3546 1867 3607 incedit
1924 3553 2140 3623 bajulus

492 3622 643 3678 cerei
670 3620 820 3677 illius
858 3634 979 3675 cum
1029 3633 1140 3690 quo
1187 3619 1411 3677 fuerunt
1437 3619 1619 3678 fontes
1646 3619 2142 3690 consecratifdia-

495 3707 670 3750 conus
698 3706 821 3748 eum
860 3692 1266 3748 chrismatorio.
1311 3695 1462 3749 Tunc
1507 3695 1765 3751 inchoata
1810 3696 1867 3750 in
1916 3696 2141 3751 sinistro

496 3765 669 3821 choro
717 3762 1019 3832 antiphona
1064 3765 1184 3817 Prw
1230 3765 1414 3819 timore
1459 3771 1649 3833 autem,
1702 3773 2006 3822 conventus
2053 3780 2142 3822 or-

498 3837 627 3891 dine
676 3834 949 3907 cantando
996 3834 1266 3902 psalmum
1313 3836 1570 3902 Laudate,
1615 3839 1787 3907 pueri,
1838 3838 1905 3892 ad
1959 3838 2142 3893 fontes

498 3903 787 3975 procedat,
817 3918 928 3972 quo
959 3918 1081 3959 cum
1113 3908 1483 3974 pervenerint,
1536 3903 1833 3963 incensatis
1876 3907 2139 3975 fontibus,

502 3981 629 4046 post
666 3975 828 4029 ﬁnem
868 3975 1212 4046 antiphonte,
1261 3977 1381 4033 sine
1432 3991 1591 4032 versu
1636 3985 1692 4034 et
1736 3979 1856 4033 sine
1897 3980 2145 4034 Dominus

501 4045 783 4112 uobiscum,
845 4045 1062 4100 dicatur
1117 4047 1347 4102 collecta
1393 4050 1616 4115 Praesta,
1665 4064 1953 4120 quassumus
1972 4072 1991 4116 ;
2038 4064 2145 4121 qua

504 4133 659 4207 finita
689 4147 813 4188 cum
842 4134 1145 4207 antiphona
1191 4136 1342 4192 Sedit
1392 4136 1626 4205 angelus,
1672 4138 1931 4207 paulatim
1981 4132 2141 4200 322

505 4206 839 4261 divertentes
890 4205 1153 4261 cruciﬁxo
1209 4205 1694 4277 appropinquant,
1747 4217 1801 4264 et
1846 4211 2147 4267 incensatis

504 4278 583 4332 ibi
641 4278 925 4343 altaribus,
976 4282 1031 4332 et
1077 4278 1230 4334 ﬁnita
1285 4278 1604 4348 antiphona,
1657 4280 1873 4336 dicatur
1917 4296 2142 4339 versus:

1357 3265 1678 3342 espicientes_.
1695 3339 1704 3342 Α
1744 3268 1995 3342 Dominus
2011 3337 2025 3342 Δ
2037 3281 2134 3342 uo-
2212 3265 2533 3342 jun'g‘antur'.

2288 3343 2369 3416 Ab
2400 3342 2503 3416 hac
2539 3342 2821 3416 Dominica
2852 3349 2977 3412 post
3002 3344 3153 3401 albas
3180 3343 3561 3416 Ofﬁciumpro
3583 3342 3865 3416 defunctis

2220 3414 2414 3485 psalmi
2468 3412 2825 3487 familiares,
2853 3420 2908 3470 et
2963 3423 3163 3472 caetera
3229 3431 3354 3487 quae
3401 3412 3501 3487 pro
3550 3414 3863 3472 reverentia

2222 3484 2434 3541 dierum
2462 3485 2773 3558 intermissa
2800 3484 3037 3554 fuerant,
3080 3484 3495 3558 recuperantur.
3530 3490 3645 3544 Hoc
3675 3495 3863 3543 tamen

2221 3562 2470 3630 tempore
2500 3571 2673 3626 usque
2704 3556 2771 3612 ad
2812 3565 3058 3614 octavam
3106 3556 3460 3616 Pentecostes
3508 3565 3622 3615 tres
3664 3558 3864 3630 psalmi

2222 3628 2290 3684 de
2322 3642 2476 3698 pace,
2518 3630 2645 3698 quia
2693 3643 2816 3684 cum
2865 3632 3234 3699 prostratione
3282 3631 3459 3687 solent
3506 3631 3637 3697 dici,
3666 3628 3869 3685 inter-

2222 3700 2533 3756 mittuntur.
2590 3700 3027 3768 Genuﬂexiones,
3086 3717 3223 3773 quas
3268 3703 3452 3758 venias
3497 3703 3861 3773 appellamus,

2224 3773 2330 3845 hoc
2367 3778 2613 3845 tempore
2650 3778 3080 3845 postponuntur,
3113 3776 3359 3845 exceptis
3392 3773 3504 3829 illis
3543 3787 3676 3845 quas
3705 3773 3864 3829 acci-

2224 3844 2382 3916 piunt
2407 3842 2491 3916 illi
2519 3843 2612 3912 qui
2642 3844 2699 3916 in
2720 3844 2891 3916 choro
2910 3845 2966 3899 in
2989 3845 3148 3901 caniu
3170 3842 3265 3901 vel
3299 3842 3601 3916 psalmodi‘a
3640 3843 3863 3900 fallunt.

2298 3913 2451 3988 Feria
2482 3914 2744 3988 secunda
2771 3915 3157 3985 Rogationum,
3215 3913 3397 3972 statim
3457 3923 3582 3988 post
3623 3916 3871 3988 Pretiosa

2226 3984 2477 4069 pulsetur
2531 3984 2598 4039 ad
2626 3984 3101 4069 .Primam._Pos_t
3161 3984 3473 4069 capitulum"
3512 3988 3670 4069 facto
3713 3985 3875 4069 brevi

2226 4054 2515 4130 intervallo
2547 4055 2797 4130 pulsetur
2824 4057 2891 4112 ad
2931 4059 3187 4128 Tertiam,
3226 4054 3420 4116 statim
3461 4066 3585 4130 post
3631 4058 3873 4130 Tertiam

2228 4127 2463 4183 ministri
2511 4127 2700 4183 altaris
2750 4130 3131 4186 revestiautur.
3181 4134 3315 4187 Post
3357 4127 3575 4188 Sextam
3618 4129 3877 4186 Ofﬁcium

2228 4214 2519 4290 Braudivit
2547 4208 2803 4290 325de
2832 4218 3036 4290 templo,
3070 4226 3181 4276 etc.
3212 4221 3324 4277 Hac
3362 4220 3452 4276 die
3492 4224 3616 4290 post
3649 4219 3879 4275 missam

2233 4287 2361 4343 dum
2391 4284 2588 4362 fratres
2616 4290 2671 4343 iu
2702 4284 3083 4346 dormitorium
3123 4307 3324 4362 cappas
3371 4284 3601 4347 induere
3645 4296 3883 4362 propter

503 4348 673 4438 Digiti:
718 4348 1408 4438 innuatiqniqusgwdeinde
1447 4352 1674 4438 geratio-
1711 4354 1851 4438 Deus
1906 4355 1993 4424 qui
2048 4360 2641 4438 prprrocessionem
2718 4362 3099 4438 perrexerint,
3174 4348 3505 4438 se'cretarius
3547 4348 3768 4438 run‘um'
3801 4361 3879 4418 de

507 4419 658 4476 nobis
714 4420 912 4490 ﬁlium;
969 4420 1097 4476 inde
1144 4422 1398 4490 imposita
1445 4421 1501 4477 in
1552 4423 1746 4479 dextro
1794 4419 1966 4482 choro
2012 4419 2153 4481 anti-

506 4492 691 4563 phona
719 4491 1054 4564 Respondeas
1082 4496 1273 4559 autem,
1316 4507 1439 4549 cum
1478 4495 1686 4564 psalmo
1716 4498 1782 4551 In
1810 4498 1955 4553 ewitu
1978 4497 2154 4552 Israel

509 4564 574 4618 de
603 4565 832 4634 χεσείῃ)ιο
882 4563 1213 4638 in_chorum
1262 4564 1511 4633 redeant,
1563 4567 1754 4637 sicque
1811 4576 1934 4638 post
1984 4569 2155 4625 colle-

511 4640 677 4700 ctam,
737 4649 862 4704 quae
920 4634 1038 4690 sine
1094 4649 1255 4691 versu
1314 4644 1371 4691 et
1423 4639 1543 4692 sine
1598 4634 1848 4693 Dominus
1893 4640 2154 4696 uobiscum

511 4705 747 4779 dicenda
812 4712 897 4779 est
924 4748 938 4772 ,
998 4706 1256 4762 videlicet
1310 4710 1532 4773 Prtesta,
1582 4724 1894 4779 quwsumus,
1947 4711 2156 4768 cerofe-

512 4777 643 4830 rarii
674 4777 1048 4850 Benedicamus
1074 4779 1295 4850 Domino
1333 4777 1686 4850 subjungant,
1737 4788 1792 4836 et
1835 4783 1940 4837 hoc
1988 4783 2153 4839 modo

512 4858 703 4920 usque
735 4847 791 4901 in
831 4855 1078 4920 quartam
1135 4848 1326 4905 feriam
1377 4847 1631 4920 vesperae
1660 4851 2042 4909 decantentur.
2072 4854 2153 4910 Ad

514 4914 943 4992 Completorium
982 4921 1283 4990 antiphona
1328 4914 1576 4989 Alleluia,
1628 4924 1851 4992 psalmi:
1906 4926 2031 4980 Cum
2074 4928 2157 4980 ine

512 5000 755 5071 uocarem
773 5006 792 5051 ;
818 4988 889 5071 in
935 4994 1003 5057 te,
1053 4988 1291 5071 Domine,
1336 4988 1584 5071 speravi;
1615 4988 1753 5071 Ecce
1780 5010 1918 5071 nunc
1935 5018 1954 5063 ;
2002 4998 2158 5052 Nunc

515 5059 755 5143 dimittis,
784 5059 909 5143 sine,
952 5062 1193 5143 capitulo
1242 5071 1298 5143 et
1345 5059 1585 5135 hymno;
1635 5068 1765 5143 illeo
1806 5059 2153 5138 dies'quam,

517 5130 733 5212 dicatur
760 5128 1055 5212 confessio,
1087 5140 1218 5212 etc._,
1251 5128 1591 5212 sicut__supra
1630 5136 1836 5212 dictum
1859 5144 1972 5212 est.

563 5202 746 5283 .Feria
784 5202 1345 5283 secunda.__Psalr_nus_
1398 5202 1572 5283 Venite
1608 5208 1682 5283 _in
1739 5209 2157 5283 d‘uplici_cantu

520 5271 736 5356 dicatur
765 5286 863 5356 per
892 5281 1006 5329 tres
1029 5273 1167 5331 dies.
1226 5279 1284 5333 in
1332 5279 1436 5356 hac
1478 5271 1834 5356 hebdomada‘
1871 5281 1918 5335 si
1959 5280 2157 5356 festum

520 5343 685 5427 trium
716 5343 1013 5427 lectionum
1043 5356 1317 5427 occurrat,
1348 5351 1404 5406 in
1445 5352 1637 5427 primis
1680 5358 1917 5422 quatuor
1963 5352 2158 5427 diebus

523 5414 593 5468 de
623 5426 690 5469 eo
719 5415 854 5470 nihil
886 5416 1000 5485 ﬁet,
1033 5420 1250 5475 caeteris
1288 5414 1420 5478 vero
1446 5414 1663 5479 'diebus
1698 5414 2156 5479 commemoratio

522 5489 753 5565 tantum,
785 5501 908 5556 qua:
939 5495 1386 5565 commemoratio
1406 5494 1641 5565 dicenda
1666 5500 1749 5550 est
1770 5501 1895 5565 post
1916 5494 2159 5550 ultimam

523 5554 819 5613 collectam
849 5574 974 5629 quae
1020 5561 1223 5618 dicitur
1261 5562 1325 5618 in
1372 5564 1564 5634 choro,
1614 5554 1934 5624 soleninitas
1978 5573 2160 5623 autem

2234 4431 2562 4520 ἮεὲἑίῗτΞΡὲξὲ.
2587 4433 3225 4520 εἰὲηῐξηεέυηοίὲίουτῐι
3281 4435 3481 4520 Ριξίεθὲν
3541 4435 3689 4500 inde»
3750 4448 3880 4517 6""!

2236 4501 2586 4588 opusfuerit:
2620 4501 2675 4558 in
2706 4504 2935 4588 chorum
2982 4505 3231 4588 redeant,
3270 4501 3501 4588 interim
3534 4519 3742 4588 _omnes
3778 4506 3881 4588 qui

2234 4574 2291 4647 in
2331 4574 2684 4644 processione
2732 4582 2954 4647 portare
2995 4577 3203 4647 aliquid
3253 4577 3638 4635 debent/albis
3685 4590 3744 4632 se
3793 4574 3886 4631 in-

2237 4645 2427 4722 d_uant.
2481 4647 2629 4722 Tunc
2682 4645 2932 4722 ordinata
2982 4645 3338 4717 processione
3398 4650 3625 4722 incipiat
3683 4653 3886 4722 cantor

2235 4718 2501 4785 Exsurge,
2540 4716 2786 4780 Domine,
2837 4732 2960 4773 cum
2984 4716 3168 4776 ’versu
3216 4723 3356 4777 Deus
3402 4716 3616 4778 auribus
3660 4719 3882 4787 nostris,

2237 4794 2292 4860 et
2339 4786 2522 4843 Gloria
2576 4788 2745 4860 Patri.
2797 4789 3023 4845 Interim
3072 4792 3553 4860 hebdomadarius,
3604 4793 3748 4848 sicut
3794 4786 3888 4846 est

2236 4857 2841 4935 iu‘cappasuaianea,
2884 4875 3024 4931 aqua
3074 4863 3365 4920 benedicta
3411 4857 3667 4935 aspergat
3704 4864 3888 4935 majus

2237 4930 2427 5006 altare,
2477 4929 2678 5006 deinde
2727 4929 3075 5006 conventum,
3128 4943 3318 5006 postea
3365 4929 3514 4992 dicat
3563 4929 3605 5002 ὖ
3657 4929 3892 4991 Ostende

2235 4999 2390 5084 nobis
2440 5001 2852 5084 misericordiam
2908 4999 3070 5084 tuam,
3123 4999 3373 5084 Dominus
3426 4999 3711 5084 vobiscum,
3758 5018 3889 5084 ora-

2238 5074 2317 5128 tio
2347 5074 2569 5153 Brwsta,
2601 5087 2910 5153 qumsumus.
2951 5077 3100 5132 Tunc
3151 5079 3379 5153 incipiat
3427 5087 3622 5153 cantor
3666 5076 3889 5153 Surgite

2236 5145 2423 5198 sancti.
2464 5145 2712 5221 Movente
2741 5145 2911 5221 igitur
2938 5145 3292 5218 processione
3324 5151 3628 5221 procedant
3655 5145 3880 5221 vexilla,

2236 5220 2544 5290 sequuntur
2572 5229 2671 5284 per
2697 5218 2947 5290 ordinem
2978 5234 3138 5290 aqua,
3180 5218 3407 5278 crux'et
3454 5222 3623 5289 cerei,
3674 5219 3883 5275 deinde

2239 5284 2478 5370 capsula
2504 5300 2625 5370 cum
2657 5287 2907 5370 reliquiis
2934 5284 3272 5370 sanctorum,
3313 5296 3502 5370 postea
3520 5284 3877 5370 _conventus,

2240 5355 2470 5429 praelato
2500 5358 2692 5435 ultimo
2722 5355 3113 5432 subsequente.
3156 5355 3334 5420 Finita
3364 5365 3663 5435 antiphona
3694 5355 3889 5433 sequi;

2240 5436 2333 5504 tur
2368 5432 2779 5504 responsorium
2831 5436 3026 5489 Beatus
3065 5435 3343 5504 Nicotaus,
3392 5432 3521 5493 inde
3570 5436 3639 5493 de
3686 5432 3888 5491 sancto

2243 5500 2606 5574 iiermelando
2663 5518 2711 5574 ιγ
2749 5505 2838 5560 Vir
2885 5504 3172 5574 Israelita;
3231 5507 3288 5563 in
3328 5500 3580 5565 introitu
3632 5506 3895 5564 ecclesiae

2241 5571 2416 5628 beatae
2446 5572 2629 5630 Maria:
2656 5571 2769 5630 ant.
2809 5573 2965 5632 Alma
2999 5571 3375 5650 Redeatptoris,
3426 5577 3466 5640 ii
3511 5581 3637 5638 Post
3675 5583 3901 5652 partum
