4100 6166
459 246 559 300 183

1556 245 1848 299 .IOANNES
1884 244 2299 302 ARCHIEPISC.
2341 245 2674 302 ROTOMAG.

3713 250 3816 303 184

452 394 507 443 et
564 385 942 457 reincipiatur.
1004 385 1248 457 Epistola
1305 386 1568 450 Conuenit,
1619 392 1726 439 etc.
1783 383 2012 457 Alleluia
2064 370 2099 447 ll

2196 375 2369 424 saneta
2398 384 2582 457 cruce,
2616 370 2723 457 nisi
2762 370 2820 425 in
2835 371 3170 457 “duplicibus
3206 371 3537 457 festis-ilco
3570 379 3819 456 tempore

449 461 661 525 Emitte,
693 455 756 513 2.
798 455 1064 514 Laudatei
1084 459 1379 523 Dominum,
1411 457 1570 511 ambo
1608 457 1729 510 haec
1766 455 1997 511 Alleluia
2026 457 2094 513 ad

450 530 655 600 gradus
699 535 1010 595 cantentur,
1052 536 1159 585 etc.
1210 532 1340 585 Post
1386 529 1602 582 missam
1650 529 1832 582 statim
1881 528 2098 583 dicatur

452 621 633 675 Sexta.
678 619 757 674 Ad
814 621 1023 674 Nonam
1075 619 1187 673 duo
1233 617 1301 672 de
1348 601 1647 688 majoribus
1705 608 1863 677 332
1924 618 2096 688 signis

452 690 759 758 pulsentur,
809 696 934 759 post
977 691 1185 744 Nonum
1233 687 1505 757 paschalis
1542 701 1737 743 cereus
1765 688 2091 757 deponatur.

453 763 511 816 ln
548 760 839 817 refectorio
873 762 1038 816 lectio
1069 762 1301 828 Surge-ens
1328 761 1498 814 Iesus.

528 851 743 905 Festum
774 856 978 905 sanetae
1021 847 1300 903 Trinitatis
1328 847 1396 902 ad
1443 848 1616 903 instar
1644 848 1851 903 Natalis
1881 850 2095 904 Domini

455 920 649 976 eodem
682 921 864 987 modo,
897 920 1085 976 eadem
1135 918 1401 989 dignitate
1432 924 1487 973 et
1516 919 1801 989 diligentia
1841 921 2095 975 celebre-

457 1001 564 1046 tur.
600 994 675 1047 De
722 1001 909 1047 sancta
946 990 1231 1055 Trinitate,
1266 996 1373 1045 tam
1421 990 1490 1045 ad
1522 992 1790 1059 Vesperas
1834 1006 1996 1061 quam
2027 992 2095 1047 ad

454 1064 794 1128 Matutinum,
828 1075 1019 1117 omnes
1062 1060 1378 1131 antiphonae
1409 1076 1530 1116 cum
1581 1060 1870 1131 pneumate
1909 1063 2098 1118 finian-

455 1141 562 1189 tur.
587 1134 665 1189 Ad
688 1132 1116 1202 Completorium
1134 1138 1190 1186 et
1219 1132 1484 1201 deinceps
1498 1133 1798 1202 antiphona
1819 1135 2094 1191 Miserere.

524 1222 658 1292 Post
682 1220 1114 1292 Completorium
1155 1219 1299 1292 facto
1338 1220 1491 1292 brevi
1522 1220 1833 1287 intervallo,
1870 1229 2098 1292 propter

453 1289 830 1346 necessitates
854 1289 1081 1346 fratrum
1127 1291 1377 1360 pulsetur
1423 1291 1711 1347 classicum
1757 1295 1825 1348 ad
1871 1289 2097 1349 Matuti-

452 1374 599 1416 num.
651 1361 1083 1431 Responsorium
1132 1362 1366 1430 primum
1413 1363 1695 1418 Benedic-al
1731 1380 1847 1431 nos,
1888 1364 1999 1420 duo
2038 1366 2093 1419 in

450 1432 640 1502 eappis
678 1435 909 1499 sericis;
964 1434 1375 1502 responsorium
1415 1436 1638 1489 tertium
1680 1435 1807 1502 Quis
1846 1438 2002 1502 Deus,
2037 1436 2092 1490 in

451 1505 641 1573 eappis
664 1505 859 1559 sericis
890 1503 1107 1559 dicatur
1135 1518 1166 1558 a
1196 1505 1409 1571 tribus;
1443 1508 1853 1575 responsorium
1883 1516 2093 1562 sextum

449 1576 653 1639 Honor,
688 1576 745 1629 in
776 1575 967 1644 eappis
1003 1575 1216 1641 sericis,
1250 1590 1280 1630 a
1328 1577 1512 1645 priore
1554 1576 1768 1632 scilicet
1796 1584 1852 1632 et
1879 1579 2096 1634 duobus

450 1646 784 1718 senioribus.
818 1646 1052 1701 Homilia
1082 1647 1137 1700 in
1173 1660 1346 1715 cappa
1384 1649 1560 1703 serica
1598 1648 1830 1718 legatur,
1864 1663 2087 1718 respou-

2181 455 2355 511 usque
2385 442 2452 496 ad
2498 442 2789 497 adventum
2834 443 3047 498 Domini
3087 444 3341 499 omnibus
3386 442 3820 501 Dominicis—no-

2176 526 2304 567 num
2344 515 2753 582 responsorium
2788 513 2857 568 ad
2906 515 3222 570 Matutinum
3260 515 3329 570 de
3368 515 3597 571 historia
3637 519 3821 573 Trini-

2178 585 2306 656 tatis
2336 584 2520 656 debet
2571 585 2626 639 in
2675 585 2879 640 Ordine
2928 586 3125 654 accipi,
3174 586 3278 641 nisi
3327 587 3547 656 quando
3591 589 3821 643 historia

2177 655 2456 724 incipitur.
2492 656 2550 709 ln
2600 656 2855 712 omnibus
2900 657 3200 713 Dominicis
3246 655 3411 727 hujus
3458 660 3724 727 temporis
3752 660 3820 714 ad

2179 727 2587 796 processionem
2653 728 3003 796 responsoria
3059 727 3126 783 de
3167 730 3455 783 :Trinitate
3512 730 3818 786 successive

2177 802 2486 869 cantantur,
2529 798 2633 853 nisi
2681 799 2884 868 duplex
2931 798 3148 866 festum,
3182 800 3266 855 vel
3313 800 3562 869 triplices
3609 807 3817 858 octavae

2178 868 2545 924 celebrentur.

2248 941 2377 1014 Haec
2415 940 2644 995 historia
2683 941 2788 996 hoc
2819 942 2982 1014 modo
3013 941 3207 1014 tamin
3239 943 3538 998 Dominicis
3566 958 3729 1014 quam
3762 944 3815 999 in

2178 1009 2330 1066 feriis
2354 1017 2611 1083 cantatur
2639 1025 2812 1081 usque
2841 1012 2907 1067 ad
2941 1013 3211 1068 Kalendas
3238 1014 3486 1083 Augusti.

2250 1082 2449 1152 Incipit
2506 1082 2734 1137 historia
2784 1083 2852 1138 de
2908 1083 3050 1138 libro
3108 1085 3402 1153 Sapientiae
3454 1086 3720 1153 canenda,
3761 1094 3816 1142 et

2179 1152 2408 1224 legenda
2463 1168 2494 1208 a
2569 1153 2827 1209 Kalendis
2877 1155 3102 1225 Augusti
3170 1152 3343 1225 usque
3401 1157 3469 1210 ad
3547 1152 3820 1214 Kalendas

2179 1225 2535 1280 Septembris.

2178 1226 2535 1280 Septembris.

2250 1239 2709 1365 θξὲῌῗιῃιῗὲδιοήδ
2736 1297 2840 1369 Job
2871 1297 3117 1353 canenda
3138 1312 3168 1352 a
3195 1297 3455 1353 Kalendis
3482 1299 3821 1369 Septembris

2178 1381 2352 1436 usque
2383 1368 2632 1423 eumdem
2664 1368 2903 1423 medium
2934 1383 3197 1424 mensem.

2254 1446 2415 1516 334
2452 1456 2650 1525 Incipit
2679 1457 2913 1512 historia
2938 1458 3005 1512 de
3027 1458 3197 1513 Tobia
3226 1458 3473 1513 canenda
3501 1473 3624 1513 cum
3653 1458 3826 1516 histo-

2178 1526 2515 1601 riatludith,
2549 1542 2672 1596 quae
2703 1529 2954 1601 sequitur
2981 1544 3011 1582 a
3043 1529 3224 1584 medio
3273 1530 3611 1599 Septembris
3649 1546 3822 1601 usque

2177 1598 2244 1652 ad
2278 1598 2548 1653 Kalendas
2571 1600 2844 1654 Octobris.

2249 1659 2508 1737 Sequitur
2563 1669 2791 1725 historia
2837 1670 3023 1725 Judith
3082 1671 3327 1727 canenda
3383 1679 3509 1728 ante
3562 1673 3823 1729 Kalendis

450 1717 916 1795 seriuanonutn.
940 1731 970 1772 a
1017 1723 1252 1795 quatuor
1296 1719 1360 1795 in
1396 1717 1901 1795 eappis_’ca_ntetur_,
1941 1717 2448 1795 quodBOCﬁﬁﬁ's:

450 1787 798 1856 reincipitur.
851 1789 1011 1843 Missa
1046 1787 1394 1843 'matutinalis
1440 1787 1533 1844 ﬁat
1570 1789 1639 1845 de
1682 1787 1983 1846 Dominica.
2032 1793 2093 1846 In

451 1858 693 1932 capitulo
732 1859 907 1932 lectio
929 1862 1062 1914 Erat
1085 1860 1234 1913 homo
1265 1875 1337 1932 ea;
1362 1860 1667 1932 Phariswis.
1691 1862 1890 1917 deinde
1914 1863 2097 1932 pulse-

448 1928 642 2002 turtadt
666 1929 1075 1998 processionem
1103 1944 1229 2002 quae
1254 1930 1421 1985 debet
1443 1930 1560 1985 ﬁeri
1585 1933 1639 1986 in
1662 1934 1851 2002 eappis
1874 1928 2089 1989 sericis.

523 2000 679 2054 Feria
735 2002 998 2065 secunda,
1050 2001 1117 2056 ad
1171 2002 1491 2056 Matutinum
1548 2000 1958 2059 invitat—orium:
2006 2008 2097 2059 Ve-

449 2070 556 2146 nite
585 2071 918 2146 exsullemus.
951 2072 1260 2146 Notandum
1292 2072 1442 2146 quod
1473 2073 1658 2146 hymni
1692 2082 1748 2129 et
1775 2076 2095 2146 antiphonaa

448 2139 669 2212 feriales
724 2157 898 2212 usque
948 2143 1015 2198 ad
1069 2139 1361 2198 adventum
1417 2139 1633 2199 Domini
1683 2139 2095 2202 eodem'modo

450 2211 712 2268 dicuntur
738 2211 1016 2283 quomodo
1055 2214 1405 2269 intitulantur
1433 2215 1489 2269 in
1528 2215 1759 2273 historia
1796 2218 2096 2274 Dominica:

451 2305 577 2374 post
616 2294 772 2374 333
814 2310 1059 2358 octavam
1114 2296 1468 2372 Epiphaniae,
1518 2304 1798 2370 videlicet,
1854 2307 2093 2374 Domine,

447 2386 513 2444 ne
540 2372 737 2444 inira.
778 2374 1032 2444 Legenda
1062 2381 1171 2428 tam
1209 2374 1265 2428 in
1306 2375 1539 2429 ecclesia
1570 2390 1729 2444 quam
1772 2378 1824 2430 in
1866 2372 2100 2432 refecto-

450 2442 555 2515 r_io,
589 2442 755 2515 debet
803 2442 924 2515 esse
963 2444 1033 2499 de
1082 2445 1224 2499 libro
1275 2446 1505 2515 Regum,
1540 2442 1619 2501 sic
1654 2462 1668 2500 :
1708 2448 1830 2502 Fuit
1859 2449 1939 2502 uir
1965 2463 2099 2502 unus

451 2512 516 2566 de
548 2514 822 2581 Rantatha,
863 2513 900 2574 ii
941 2517 1079 2569 Deus
1124 2512 1383 2580 omnium;
1411 2523 1517 2571 etc.
1561 2518 1748 2573 Oratio
1792 2519 2100 2574 Dominica-

452 2582 521 2659 iis
569 2597 669 2652 per
719 2591 890 2659 totam
938 2585 1378 2641 hebdomadam:
1413 2590 1552 2659 Deus
1580 2589 1634 2642 in
1672 2593 1720 2643 te
1755 2591 2095 2659 speranlium.

452 2653 533 2708 Ab
564 2660 752 2727 octava
790 2657 1153 2727 Pentecostes
1199 2671 1371 2726 usque
1410 2657 1478 2711 ad
1523 2653 1813 2715 adventum
1860 2661 2096 2727 Domini,

456 2731 563 2799 tam
594 2723 852 2799 inferiis
891 2740 1052 2796 quam
1084 2727 1154 2799 in
1204 2723 1522 2796 Dominicis,
1557 2730 1794 2799 capitula
1841 2723 2102 2788 dicuntur

451 2794 596 2873 sicut
622 2796 690 2850 ab
721 2794 1261 2873 octava'Epiphaniaa
1290 2814 1463 2869 usque
1479 2794 1559 2873 _ad
1598 2794 2097 2873 Quadragesimam.

450 2866 530 2940 Ah
561 2874 751 2940 octava
798 2866 1153 2924 PenteeOStes
1201 2866 1389 2940 usque
1427 2871 1494 2926 ad
1544 2866 1845 2928 adventum
1883 2875 2100 2930 Domini

452 2938 505 2992 in
556 2939 812 2993 omnibus
860 2940 1117 3008 Vesperis
1168 2947 1224 2996 et
1279 2938 1558 2997 Matutinis
1615 2942 1676 2998 ﬁt
1721 2946 1985 3000 memoria
2032 2947 2100 3002 de

2248 1811 2448 1879 Incipit
2485 1811 2713 1867 historia
2757 1812 3188 1868 Machabazorum
3221 1814 3466 1870 canenda
3501 1830 3531 1869 a
3561 1815 3821 1871 Kalendis

2176 1883 2431 1937 Octobris
2460 1897 2633 1952 usque
2662 1884 2731 1938 ad
2763 1883 3033 1940 Kalendas
3060 1885 3403 1941 Novembris.

2249 1953 2448 2025 lncipit
2492 1954 2723 2009 historia
2771 1956 3168 2025 Prophetarum
3215 1956 3463 2012 canenda
3491 1971 3523 2012 a
3561 1958 3822 2014 Kalendis

2177 2024 2500 2079 Novembris
2527 2039 2699 2094 usque
2729 2026 2797 2081 ad
2828 2024 3117 2082 adventum
3150 2028 3387 2094 Domini,

2249 2096 2560 2150 Notandum
2608 2097 2757 2165 quod
2811 2098 3023 2168 singula
3072 2098 3362 2168 Evangelia
3419 2100 3822 2156 Dominicarum

2178 2167 2695 2236 suprascriptarum,
2728 2181 2837 2236 quo
2868 2169 2957 2223 die
2987 2168 3191 2224 fuerint
3221 2167 3277 2224 in
3307 2170 3540 2226 ecclesia
3570 2172 3818 2232 recitata.

2179 2237 2291 2293 sive
2322 2238 2603 2293 Dominica
2650 2240 2764 2293 sive
2794 2238 2913 2294 dies
2960 2239 3239 2308 professus
3289 2239 3477 2309 fuerit,
3509 2243 3704 2297 eodem
3734 2242 3823 2298 die

2181 2322 2370 2382 eorum
2422 2309 2748 2382 homiliazin
2799 2309 3090 2367 refectorio
3140 2312 3248 2382 legi
3301 2312 3523 2368 debent.
3565 2314 3666 2368 Hic
3695 2327 3825 2370 vero

2179 2379 2621 2454 incipiendorum
2667 2379 2953 2447 librorum,
3004 2388 3112 2437 tam
3151 2379 3218 2454 in
3268 2382 3517 2453 legendis
3559 2399 3719 2454 quam
3766 2386 3823 2439 in

2182 2451 2486 2517 cantandis,
2521 2451 2660 2507 ordo
2707 2459 2978 2518 teneatur,
3011 2458 3070 2508 ut
3115 2453 3161 2508 si
3200 2451 3440 2509 Kalenda
3480 2451 3683 2511 mensis
3726 2457 3825 2510 Do-

2182 2522 2529 2596 minica,_aut
2550 2521 2693 2596 feria
2722 2523 2984 2596 secunda,
3007 2523 3090 2579 vel
3122 2525 3302 2590 tertia,
3325 2526 3411 2581 vel
3434 2533 3628 2596 quarta
3657 2528 3827 2582 intra-

2179 2593 2351 2668 verit,
2372 2593 2513 2668 liber
2549 2594 2795 2668 historia:
2826 2609 2947 2650 cum
2995 2596 3364 2668 responsoriis
3398 2593 3603 2668 iu‘ipsa
3632 2599 3820 2653 Domi-

2182 2665 2307 2719 nica
2337 2664 2668 2734 incipiatur;
2720 2665 2766 2720 si
2798 2673 2977 2721 autem
3016 2664 3151 2722 feria
3182 2668 3392 2736 quinta,
3424 2664 3523 2724 vel‘
3539 2676 3711 2735 sexta,
3741 2668 3828 2724 vel

2183 2736 2346 2790 etiam
2376 2736 2613 2792 Sahbato
2644 2736 2886 2792 Kalenda
2916 2738 3120 2793 mensis
3149 2738 3453 2805 intraverit,
3485 2740 3629 2795 liber
3657 2741 3827 2795 histo-

2182 2807 2288 2880 rize
2329 2814 2384 2861 et
2422 2808 2785 2880 responsoria
2816 2822 2987 2878 usque
3025 2809 3081 2864 in
3120 2818 3439 2880 sequentem
3485 2812 3824 2867 Dominicam

2182 2877 2431 2933 inchoari
2464 2878 2804 2933 differantur.

2254 2948 2491 3017 Explicit
2520 2949 2825 3018 opitulante
2854 2951 2949 3006 Dei
2989 2952 3162 3021 gratia
3208 2951 3455 3009 Ofﬁcium
3494 2954 3818 3022 temporale.

1215 3071 1356 3152 DE
1441 3072 2328 3161 FESTIVITATIBUS
2397 3078 3059 3165 SANCTORUM

989 3212 1146 3281 335
1193 3224 1562 3281 rursusne.

522 3326 817 3403 Postquam
834 3324 904 3380 de
924 3326 1130 3384 Ordine
1153 3330 1472 3399 temporalis
1493 3332 1702 3387 servitii
1724 3333 2104 3403 disseruimus,

452 3404 617 3467 prout
657 3395 895 3452 vidimus
943 3395 1335 3469 opportunum,
1371 3410 1541 3457 restat
1571 3410 1633 3458 ut
1666 3404 1735 3458 de
1780 3403 1935 3461 festis
1976 3395 2107 3462 san;

454 3476 691 3547 etorum,
724 3468 1003 3547 quomodo
1028 3468 1281 3527 debeant
1314 3473 1607 3547 celebrari,
1651 3478 1909 3544 praesenti
1950 3479 2104 3547 operi

453 3540 716 3614 inserere
743 3546 1089 3614 satagamus;
1131 3549 1187 3614 et
1218 3550 1279 3599 ut
1309 3545 1609 3614 inemptum
1640 3540 1888 3603 ordinem
1924 3540 2106 3604 tenea-

458 3625 599 3690 mus,
632 3625 662 3665 a
691 3609 831 3690 festo
861 3609 1052 3690 Sancti
1066 3613 1321 3690 Andrem,
1354 3609 1501 3690 quod
1534 3632 1752 3687 semper
1780 3619 1926 3675 circa
1959 3622 2106 3690 priu-

460 3683 977 3755 cipiumtadventus
1024 3686 1238 3741 Domini
1287 3683 1572 3755 recolitur,
1615 3683 1882 3746 tractatus
1929 3683 2103 3748 nostri

461 3754 636 3823 princi
646 3753 790 3821 pium
822 3755 1161 3811 ordinamur.

535 3829 637 3879 Per
665 3825 1168 3900 totunt_Adventut_n
1197 3827 1429 3898 singulis
1457 3829 1654 3885 diebus
1686 3833 2017 3900 jejunamus,
2050 3840 2106 3889 et

462 3894 518 3967 in
549 3893 804 3967 omnibus
842 3893 997 3967 festis
1025 3897 1227 3952 ibidem
1260 3893 1705 3967 occurrentibus;
1732 3893 1819 3957 bis
1845 3905 1901 3958 in
1931 3893 2107 3960 omni-

462 3963 566 4017 bus
594 3964 891 4018 Dominicis
919 3965 1264 4023 solummodo
1294 3971 1667 4027 comedentes.

531 4032 760 4100 Quando
807 4041 986 4090 autem
1045 4037 1113 4092 de
1161 4037 1316 4097 festis
1370 4047 1685 4098 sanctorum
1744 4043 1800 4098 in
1854 4045 2104 4101 Adventu

460 4103 881 4184 solemnizatur,
933 4112 1059 4162 aute
1107 4109 1341 4164 Tertiam
1392 4112 1641 4184 pulsatur
1691 4115 1988 4184 appellatio
2036 4116 2104 4171 ad

462 4174 904 4252 revestiendum;
948 4192 1055 4252 qua
1086 4186 1301 4236 cantata
1331 4174 1583 4252 sequitur
1611 4174 1795 4251 missa,
1830 4194 1885 4241 et
1922 4189 2104 4243 statim

427 4304 430 4306 γ
460 4246 581 4328 sine
611 4246 899 4328 intervallo
935 4246 1185 4328 pulsatur
1221 4252 1289 4307 ad
1337 4246 1574 4328 sextam,
1607 4262 1662 4312 et
1690 4246 1929 4325 dicitur;
1982 4263 2108 4328 post

460 4318 995 4393 breve__intervallum
1026 4322 1275 4391 pulsetur
1303 4325 1371 4380 ad
1400 4318 1631 4393 Nonam,
1664 4332 1720 4383 et
1748 4318 1952 4385 dicitur
1978 4318 2105 4386 ante

460 4388 1041 4471 prandilimt_Qu_ando'
1064 4408 1193 4448 vero
1226 4395 1285 4450 tit
1314 4396 1382 4452 de
1416 4388 1663 4471 tempore
1700 4400 1819 4456 sine
1858 4402 2104 4471 appella-

461 4461 612 4542 tione
651 4462 831 4542 Tertia
855 4461 1082 4542 dicitur,
1116 4479 1225 4542 qua
1271 4474 1486 4542 cantata
1527 4461 1782 4539 pulsatur
1809 4461 2105 4542 appellatio

460 4531 985 4607 ad_revest_iendum,
1020 4542 1075 4589 et
1103 4531 1308 4592 dicitur
1354 4531 1552 4607 Sexta';

461 4604 650 4685 quitur
677 4604 861 4685 missa,
894 4611 950 4685 et
997 4613 1123 4674 post
1168 4607 1332 4666 breve
1378 4604 1721 4682 intervallum
1760 4614 2010 4685 pulsatur
2036 4616 2104 4671 ad

460 4675 689 4741 Nonam,
724 4682 855 4741 ete.,
892 4683 951 4731 ut
979 4690 1165 4747 supra.

535 4755 693 4825 336
749 4766 809 4819 1n
866 4764 1006 4843 festo
1064 4768 1119 4823 S.
1167 4768 1422 4837 Andreae,
1472 4772 1540 4828 ad
1590 4774 1793 4842 primas
1840 4777 2107 4843 Vesperas

462 4830 669 4915 lampas
706 4849 812 4889 una
860 4837 1070 4915 ardeat,
1108 4846 1221 4915 tres
1269 4830 1419 4915 cerei
1465 4830 1806 4911 baeinorum,
1858 4830 2108 4915 pulsatur

461 4901 774 4986 classicum,
793 4913 987 4987 cantor
1006 4901 1429 4980 septimanarius
1449 4914 1505 4969 in
1527 4915 1699 4971 choro
1729 4901 1824 4971 ubi
1854 4901 1910 4972 et
1936 4917 2107 5043 Sesti-

461 4987 618 5028 mana
666 4983 897 5043 metplat
936 4987 1048 5035 ant.
1087 4984 1230 5038 Unus
1277 4999 1347 5040 ea:
1394 4985 1614 5042 duobus.
1667 4987 1862 5043 Psalmi
1894 4986 1962 5043 de
2031 4990 2102 5043 ie.

461 4987 618 5054 ωερε
666 4983 897 5054 incipiat
936 4987 1048 5054 ant:
1087 4984 1230 5038 Unus
1277 4999 1347 5040 ea:
1394 4985 1614 5042 duobus.
1667 4987 1862 5043 Psalmi
1894 4986 1962 5043 de
1992 4983 2081 5045 die

460 5061 507 5128 ty
533 5046 706 5128 ﬂama
752 5046 873 5128 Dei,
905 5051 1052 5128 quod
1082 5056 1399 5128 cantanttad
1446 5057 1649 5127 gradus
1696 5058 1806 5114 duo
1854 5067 2109 5115 cantores

458 5115 874 5192 hebdomadarii
919 5118 981 5192 in
1006 5125 1195 5192 eappis
1223 5115 1538 5183 sericisfln
1570 5128 1741 5183 choro
1778 5129 1943 5186 debet
1986 5145 2105 5187 esse

457 5184 691 5271 formula
717 5184 1385 5271 _linteamine'eooperta.
1427 5203 1552 5271 Aut.
1595 5201 1718 5256 Cum
1761 5184 2102 5271 peremisset,

460 5258 808 5343 quamdebet
837 5260 1121 5343 imponere
1153 5258 1613 5343 hehdomadarius
1634 5258 1828 5327 cantor
1853 5272 1908 5326 in
1934 5258 2105 5328 choro

459 5341 560 5384 suo
576 5329 685 5413 ‘ubi
708 5338 801 5413 Iest
829 5332 1155 5413 septimana,
1188 5340 1404 5407 majori,
1436 5342 1542 5397 nisi
1571 5343 1691 5411 ipse
1720 5344 1894 5413 major
1924 5344 1996 5397 sit
2024 5358 2107 5398 sa-

462 5399 661 5482 cerdos
707 5399 1194 5483 hehdomadarius,
1218 5399 1350 5465 tu'nc
1388 5399 1533 5468 enim
1572 5399 1823 5483 imponat
1845 5414 1937 5481 alii
1969 5428 2104 5483 pro-

462 5473 764 5554 pinquiori.
796 5474 1066 5554 Sacerdos
1102 5476 1293 5554 induat
1322 5496 1549 5553 cappam
1588 5473 1840 5553 sericam,
1873 5476 1927 5541 et
1966 5473 2107 5554 prae-

464 5539 792 5600 eedentibus
819 5545 1168 5604 ceroferariis
1199 5539 1444 5609 incenset
1474 5539 1839 5626 majusaltare
1860 5539 1922 5614 et
1936 5539 2107 5612 rnatu-

1604 4556 1711 4611 qua
1758 4550 1973 4599 cantata
2019 4544 2172 4601 se-D

2121 3214 2164 3273 C
2187 3212 2389 3291 tinale,
2399 3214 2729 3291 rediensque
2752 3216 2807 3270 in
2829 3216 3057 3272 chorum
3078 3218 3327 3291 iucenset
3358 3221 3617 3290 priorem,
3640 3229 3830 3291 postea

2188 3290 2314 3340 ante
2363 3284 2649 3340 formulam
2701 3289 3039 3355 incensetur,
3072 3289 3274 3345 deinde
3321 3284 3516 3347 dexter
3560 3284 3762 3348 chorus
3800 3307 3829 3348 a

2189 3356 2491 3424 majoribus
2520 3357 2853 3425 inchoando,
2884 3366 2939 3413 et
2969 3366 3094 3428 post
3121 3361 3364 3417 sinister.

2259 3428 2337 3504 ad
2388 3428 2704 3504 Matutin‘um
2756 3429 3044 3498 pulsentur
3072 3432 3627 3504 signasingulariter
3661 3435 3829 3490 semel

2187 3503 2243 3552 et
2271 3498 2376 3570 bis,
2410 3506 2464 3553 et
2495 3500 2659 3554 tertio
2709 3507 2763 3554 et
2801 3508 3017 3570 quarto,
3052 3498 3173 3557 cuin
3215 3498 3445 3560 classico
3497 3506 3830 3561 immediate.

2185 3569 2426 3643 Ardeant
2455 3570 2579 3643 duae
2610 3569 2896 3643 lampades
2937 3573 3079 3627 inter
3118 3574 3346 3630 chorum
3382 3583 3438 3630 et
3466 3575 3659 3643 altare,
3691 3584 3746 3632 et
3775 3578 3831 3632 in

2186 3640 2418 3722 singulis
2462 3641 2727 3722 altaribus
2771 3642 3515 3722 singttlze.lampades,_qutc
3552 3640 3680 3717 post
3725 3649 3833 3722 Ma:

2187 3713 2392 3767 tutinas
2439 3713 2872 3787 exstinguantur.
2916 3715 3290 3771 lnvitatorium
3340 3713 3649 3783 Adorenuts,
3683 3720 3829 3787 quod

2187 3789 2438 3857 cantatur
2487 3799 2516 3838 a
2565 3785 2800 3857 duobus.
2857 3787 2946 3857 ΙιιΔ
2976 3788 3152 3854 primo
3201 3795 3473 3844 nocturno
3534 3785 3834 3857 antiphona

2185 3854 2458 3930 Andreas,
2483 3869 2643 3923 quam
2694 3856 2906 3930 incipit,
2937 3855 3399 3915 hehdomadarius
3442 3859 3598 3915 chori
3634 3854 3690 3914 in
3721 3876 3832 3930 quo

2188 3930 2272 3978 est
2318 3925 2642 3993 septimana.
2692 3930 2816 3981 Ant.
2858 3929 2972 3995 Ego
3021 3930 3209 3994 erucis,
3243 3944 3405 4000 quam
3453 3931 3649 4000 incipit
3694 3925 3835 3987 alius

2187 4017 2406 4092 cautor,
2434 4005 2589 4092 337
2619 4022 2882 4092 cieteras,
2907 4030 3044 4092 vero
3088 4017 3418 4092 antiphonas
3466 4020 3771 4092 imponant,
3803 4037 3833 4077 a

2180 4084 2494 4158 junioribus
2518 4085 2858 4158 inchoando.
2900 4088 2953 4141 Si
2997 4095 3123 4143 ante
3171 4084 3495 4158 Adventum,
3529 4084 3735 4146 dicitur
3756 4084 3835 4148 ’Te

2186 4155 2349 4227 Deum
2403 4154 2699 4219 laudamus,
2755 4158 2972 4213 interim
3028 4160 3316 4227 pulsentur
3372 4154 3491 4217 duo
3533 4162 3835 4219 mediocria

2187 4226 2361 4301 signa,
2405 4227 2570 4301 et_ad
2601 4241 2814 4301 versum
2854 4231 2956 4284 Per
2981 4226 3213 4299 singulos
3242 4232 3355 4287 dies
3402 4233 3652 4301 pulsetur
3688 4235 3837 4289 clas-

2184 4298 2375 4352 sicum.
2435 4298 2489 4353 Si
2546 4298 2926 4365 in‘Adventu,
2986 4298 3113 4356 dum
3166 4298 3419 4358 cantatur
3476 4318 3678 4361 nonum
3737 4320 3832 4360 re-

2188 4370 2818 4446 spo_nsoriumtpulsetur
2846 4378 2907 4426 ut
2935 4386 3135 4446 supra,
3169 4380 3237 4446 et
3263 4376 3569 4446 reineuapto
3600 4389 3835 4446 respon-

2188 4440 2338 4495 sorio
2395 4441 2683 4497 classicum
2749 4442 2860 4498 ﬁat.
2929 4444 2987 4497 ln
3021 4440 3329 4502 'Laudihus
3392 4440 3488 4501 ad'
3528 4440 3837 4503 Benedictus

2189 4519 2302 4567 ant.
2355 4512 2643 4568 Ambula-ns
2687 4516 2858 4579 Jesus,
2902 4528 3063 4583 quam
3121 4517 3317 4585 incipit
3374 4517 3841 4575 hehdomadarius

2192 4590 2386 4660 cantor
2415 4585 2469 4638 in
2501 4585 2661 4660 stallo
2690 4599 2823 4660 suo_._
2861 4587 3046 4660 Oratio
3071 4589 3443 4660 ,Majestatem.
3476 4590 3557 4645 Ad
3608 4591 3837 4660 primam

2191 4655 2977 4730 pulsanturduomediocria
3031 4655 3210 4730 _signa‘,
3260 4667 3373 4714 ant.
3421 4655 3835 4730 Biduo—micas,

2191 4740 2351 4803 quam
2400 4727 2596 4796 incipit
2645 4727 2834 4795 junior
2871 4728 3164 4803 dechoro
3222 4730 3315 4803 ubi
3373 4739 3457 4785 est
3507 4727 3834 4803 septimana,

2190 4797 2444 4868 similiter
2490 4805 2545 4851 et
2591 4804 2820 4852 caeteras
2866 4800 3193 4868 antiphonas
3237 4801 3306 4856 ad
3352 4797 3667 4858 Horas—Ad
3701 4797 3837 4859 misé

2189 4881 2301 4922 sam
2352 4867 2600 4938 pulsatur
2645 4868 2951 4934 classicum,
2988 4867 3115 4925 tres
3162 4873 3308 4927 cerei
3369 4873 3689 4929 bucinorum
3737 4891 3836 4930 ae-

2191 4939 2520 5002 cenduntur,
2580 4938 2846 4994 diaconus
2902 4941 3266 5009 dalmaticam,
3326 4944 3702 5002 subdiaconus
3752 4956 3839 5002 tu-

2089 5032 2102 5045 -
2191 5011 2367 5065 nieam
2424 5009 2681 5064 habeant.
2736 5011 3001 5067 Graduale
3058 5014 3346 5069 Constitues
3402 5031 3491 5070 eos
3540 5031 3571 5071 a
3618 5017 3838 5072 duobus

2191 5083 2427 5145 canitur,
2478 5094 2587 5135 non
2637 5082 2867 5136 iteratur
2908 5082 3137 5139 Alleluia
3185 5086 3441 5141 similiter
3470 5101 3501 5141 a
3532 5087 3751 5143 duobus
3781 5090 3837 5143 in

2191 5153 2380 5227 eappis
2407 5151 2619 5227 sericis,
2650 5151 2747 5207 sed
2799 5156 3086 5227 repetitur.
3130 5157 3487 5227 Evangelium
3516 5173 3641 5213 cum
3671 5173 3836 5215 cero-

2189 5221 2404 5278 ferariis
2450 5229 2505 5277 et
2552 5221 2797 5279 incenso.
2858 5221 3025 5280 Credo
3082 5221 3313 5287 dicitur:
3360 5236 3417 5283 et
3472 5236 3654 5285 textus
3711 5245 3834 5285 cum

2190 5294 2418 5372 incenso
2466 5294 2837 5372 perﬁchorum
2870 5296 3160 5372 defertur,
3190 5304 3268 5372 et
3324 5300 3450 5355 talis
3505 5302 3835 5372 estregula

2190 5364 2337 5434 quod
2368 5378 2479 5419 non
2511 5363 2790 5421 deferatur
2826 5367 2931 5423 nisi
2964 5363 3405 5427 Credo'dicatur.
3448 5372 3506 5426 ln
3538 5363 3833 5428 refectorio

2190 5435 2355 5507 lectio
2410 5436 2716 5493 Ambulans.
2776 5439 2830 5494 Si
2888 5441 3199 5507 oportuerit
3258 5442 3456 5496 mutari
3518 5442 3715 5499 festum
3775 5446 3829 5500 S.

2189 5506 2422 5562 Andreae
2452 5507 2508 5562 in
2537 5510 2856 5574 crastinum,
2888 5506 3130 5565 mutetur
3156 5511 3411 5567 similiter
3447 5511 3644 5570 festum
3686 5515 3835 5570 beati

2189 5578 2350 5649 Eligii
2409 5579 2478 5635 ad
2534 5579 2682 5636 aliud
2748 5580 3065 5636 crastinum.
3130 5582 3211 5637 Ad
3271 5584 3539 5653 Vesperas
3601 5585 3834 5641 ardeant
