4100 6166
374 265 479 323 187

1497 266 1525 318 J
1527 262 1708 320 OANN
1709 262 1790 318 ES
1825 256 2242 317 ARCHIEPISC.
2283 257 2618 315 BOTOMAG.

3640 254 3736 313 188

437 411 513 483 De
570 411 762 483 sancto
818 408 1001 483 Marco
1049 406 1289 483 medium
1336 404 1530 483 festum
1588 403 1796 483 agitur,
1837 386 2184 483 4344Aeat
2214 398 2646 483 processlo‘cu'm
2687 388 2841 482 347
2882 413 3046 457 cruce
3071 405 3125 455 et
3154 396 3503 483 ceroferariis
3542 396 3610 483 ad
3650 414 3739 483 e_c-

366 481 519 556 quod
562 479 760 535 festum
808 480 858 556 si_
913 479 969 533 in
1020 479 1203 556 aliqua
1250 475 1530 556 Dominica
1588 478 1715 542 post
1763 477 2007 556 octavam

370 547 593 610 Pascha
643 551 907 615 evenerit,
960 556 1131 605 totum
1173 551 1265 604 fiet
1295 548 1362 602 de
1402 547 1561 610 festo,
1596 558 1719 599 cum
1749 547 2011 600 memoria

372 627 441 682 de
492 624 774 679 Dominica
820 629 875 678 et
921 622 1085 676 missa
1132 618 1455 683 matutinali,
1507 623 1562 671 et
1606 617 1663 671 in
1713 618 2011 671 crastinum

373 696 658 767 puocessio
707 694 1105 767 etijejunium;
1155 692 1200 746 si
1247 689 1725 767 in_ips_is_octavis
1765 689 2009 752 Pascha,

372 758 658 839 processio
680 767 735 820 in
758 758 870 820 illo'
892 777 1035 839 anno
1066 778 1131 818 ex
1158 768 1273 839 toto
1304 760 1623 839 dimittitur,
1656 758 1853 839 festum
1881 771 2012 839 vero

374 830 501 910 post
527 844 747 894 octavas
776 836 1004 910 Pascha
1027 832 1370 910 cum__primi_s
1397 833 1666 910 Yesperis
1676 830 2008 910 celebratur.

445 910 525 965 Ad
574 910 813 974 missam,
855 906 1097 962 Officium
1138 904 1446 969 Protexisti,
1481 904 1761 974 etc.Post
1798 903 2013 956 Sextam

377 982 505 1037 dum
553 980 751 1035 fratres
788 973 843 1034 in
884 976 1265 1031 dormitorium
1297 988 1499 1043 cappas
1530 973 1757 1028 induere
1790 979 2017 1043 propter

376 1053 783 1123 processionem
816 1048 1178 1123 perrexerint,
1207 1048 1537 1123 secretarius
1580 1059 1752 1123 unum
1800 1046 1868 1099 de
1905 1058 2016 1098 ma-

370 1117 589 1194 joribus
617 1121 787 1194 signis
817 1117 900 1194 ter
928 1118 1202 1194 modicum
1233 1118 1452 1194 pulset;
1504 1117 1703 1194 deinde
1740 1124 1863 1185 post
1888 1130 2017 1185 pau-

376 1189 543 1250 lulum
574 1189 787 1248 cunctis
830 1191 885 1244 in
926 1190 1154 1245 chorum
1204 1189 1465 1251 reversis,
1502 1189 1678 1257 primo
1709 1201 1740 1241 a
1788 1194 2015 1242 cantore

376 1265 673 1333 antiphona
720 1265 984 1331 Exsurge,
1026 1261 1264 1327 Domine,
1314 1260 1645 1329 imponatur.
1703 1260 2015 1333 Hebdoma-

375 1330 587 1401 darius,
636 1335 779 1388 sicut
816 1341 900 1388 est
947 1334 1001 1387 in
1051 1346 1224 1401 cappa
1271 1345 1397 1397 sua,
1453 1344 1678 1399 asperso
1726 1330 2016 1399 principali

374 1407 550 1471 altari,
583 1410 911 1461 conventum
961 1404 1125 1458 etiam
1176 1403 1370 1457 ordine
1428 1409 1697 1457 consueto
1737 1408 2011 1471 aspergat,

373 1484 565 1548 postea
614 1478 763 1531 dicat
807 1490 1023 1548 versum
1074 1476 1297 1548 Ostende
1341 1474 1509 1541 nobis,
1550 1474 1787 1548 Domine,
1819 1474 2018 1548 miseri-

373 1544 607 1604 cordiam
654 1554 814 1603 luam.
866 1546 1113 1601 Dominus
1151 1545 1429 1611 vobiscum,
1482 1550 1536 1599 et
1586 1547 1890 1600 orationem
1947 1544 2015 1599 de

367 1621 601 1691 jejunio.
652 1620 803 1673 Tunc
852 1618 1102 1691 ordinata
1136 1616 1778 1691 processioneuincipiat
1820 1621 2019 1691 cantor

372 1688 729 1759 antiphonam
776 1691 841 1743 In
886 1689 1089 1743 nomine
1119 1688 1344 1753 Domini,
1392 1694 1446 1743 et
1485 1688 1618 1741 alias
1666 1688 2013 1757 antiphonas,

376 1768 639 1831 quantum
687 1774 827 1830 opus
872 1760 1056 1825 fuerit,
1106 1773 1280 1828 usque
1325 1759 1391 1813 ad
1442 1759 1725 1813 introitum
1766 1759 2016 1814 ecclesia

376 1833 558 1888 Sancti
595 1832 839 1887 Joannis.
874 1834 934 1885 In
974 1832 1202 1885 introitu
1234 1831 1484 1885 ecclesia
1516 1831 1818 1899 pradicta,
1854 1847 1900 1898 ιγ
1932 1833 2018 1884 Ιη-

374 1910 455 1960 ter
488 1908 638 1958 natos
668 1902 955 1958 mulierum.
1004 1903 1225 1956 Interim
1268 1901 1529 1957 sacerdos
1576 1908 1631 1956 et
1676 1902 1908 1956 ministri
1948 1902 2015 1956 ad

376 1977 594 2030 missam
643 1989 701 2029 se
749 1974 1012 2029 velociter
1043 1979 1353 2042 praparent
1393 1973 1795 2028 celebrandam.
1838 1973 2017 2027 Finito

376 2047 730 2116 responsorio
782 2046 928 2101 dicat
976 2043 1235 2099 sacerdos
1282 2058 1496 2099 versum
1535 2046 1658 2099 Fuit
1704 2045 1852 2099 homo
1898 2045 2018 2098 mis-

372 2151 481 2202 sus,
526 2141 581 2191 et
630 2135 934 2191 orationem
976 2135 1198 2199 Pra’sta,
1240 2147 1550 2203 quaesumus,
1592 2124 1746 2194 345
1789 2134 2015 2203 omnipo-

377 2212 489 2263 lens
537 2208 697 2273 Deus,
742 2211 797 2261 ut
840 2204 1065 2275 familia.
1116 2204 1364 2260 Officium
1395 2205 1683 2259 Exaudiuit
1713 2205 1777 2258 de
1807 2203 2013 2274 templo.

374 2277 554 2333 Oratio
611 2274 847 2343 Prwsta,’
886 2290 1195 2347 quaesumus.
1254 2278 1328 2331 De
1386 2277 1441 2331 S.
1500 2278 1708 2331 Joanne
1767 2274 1858 2329 fiat
1909 2289 2020 2329 me-

375 2349 549 2404 moria
596 2362 719 2403 cum
768 2349 1020 2403 oratione
1069 2347 1355 2417 pradicta,
1403 2347 1471 2403 de
1520 2347 1777 2403 omnibus
1812 2347 2018 2401 sanctis

376 2419 639 2475 memoria
678 2434 802 2474 cum
840 2420 1091 2475 oratione
1140 2420 1393 2484 Concede,
1426 2433 1735 2489 quaesumus,
1776 2424 1883 2473 etc.
1935 2418 2015 2472 Ad

372 2492 514 2546 hanc
562 2492 780 2545 missam
832 2492 1013 2545 omnia
1060 2504 1183 2559 qua
1220 2490 1296 2544 ibi
1343 2489 1411 2544 ad
1460 2490 1740 2545 servitium
1771 2494 1897 2543 sunt
1926 2502 2020 2543 ne-

374 2562 613 2617 cessaria
641 2562 923 2617 secretarii
974 2561 1287 2631 provisione
1327 2560 1459 2616 illuc
1506 2561 1711 2617 debent
1740 2574 1859 2615 esse
1890 2566 2015 2616 ante

375 2633 574 2689 delata.
626 2633 853 2702 Expleta
902 2630 1065 2687 missa
1114 2633 1296 2687 statim
1336 2632 1447 2687 duo
1494 2630 1692 2687 fratres
1729 2632 1785 2686 in
1834 2632 2017 2687 medio

375 2710 586 2760 stantes
614 2703 857 2758 litaniam
886 2703 1156 2773 incipiant
1193 2723 1206 2758 :
1257 2704 1494 2771 Domine,
1527 2704 1744 2774 defende
1782 2718 1896 2759 nos.
1930 2705 2019 2758 In-

372 2776 533 2831 terim
560 2774 822 2830 sacerdos
855 2780 909 2829 et
940 2775 1174 2829 ministri
1202 2789 1261 2830 se
1292 2776 1650 2844 expedientes
1680 2775 1733 2829 in
1766 2776 2016 2830 ordinem

373 2861 532 2903 suum
563 2846 814 2901 redeant.
848 2848 1112 2903 Cantores
1143 2859 1265 2900 cum
1297 2847 1773 2916 pronuntiaverint
1818 2867 1829 2900 :
1880 2848 2020 2901 San-

371 2923 451 2974 cte
478 2920 708 2973 Joannes
739 2920 1003 2987 Baptista,
1035 2932 1131 2972 ora
1158 2932 1257 2988 pro
1288 2917 1454 2983 nobis,
1488 2918 1678 2972 redeat
1706 2917 2013 2986 processio,

372 2990 563 3043 litania
592 3002 722 3043 vero
753 2989 1054 3042 secundum
1085 2988 1444 3058 quantitatem
1486 2988 1702 3043 itineris
1741 2988 2015 3057 produca-

2094 468 2314 528 clesiam
2361 471 2543 525 Sancti
2581 472 2807 525 Joannis
2853 486 2974 526 cum
3024 486 3184 541 capsa
3241 472 3388 527 beati
3436 468 3627 526 Laudi.
3675 472 3737 527 In

2095 552 2244 600 motu
2302 543 2672 613 processionis
2726 543 2955 613 incipiat
3010 550 3203 598 cantor
3253 559 3300 614 εγ
3338 544 3385 599 0
3441 542 3558 607 lux,
3609 556 3733 598 cum

2092 630 2253 671 versu
2284 623 2341 670 et
2370 614 2571 670 Gloria.
2616 614 2675 668 in
2724 615 2953 670 introitu
2983 614 3235 670 ecclesia
3281 615 3465 670 Sancti
3510 615 3738 670 Joannis

2096 705 2143 756 ιγ
2172 690 2321 741 Inter
2350 691 2520 740 natos.
2555 685 2734 741 Finito
2774 687 3127 755 responsorio
3175 686 3327 755 prior
3364 687 3636 755 Vesperas
3662 687 3741 741 in-

2096 759 2286 827 cipiat,
2318 772 2442 826 qua
2483 757 2744 812 dicuntur
2768 758 2960 812 eodem
2999 758 3163 813 modo
3195 771 3305 827 quo
3334 771 3522 827 supra.
3554 758 3740 813 Scien-

2096 830 2223 885 dum
2255 829 2403 898 quod
2435 842 2638 896 corpus
2666 829 2809 884 beati
2836 829 3002 884 Laudi
3032 829 3198 885 debet
3222 829 3298 885 ibi
3328 829 3533 884 morari
3561 843 3738 899 usque

2096 907 2222 970 post
2269 901 2538 955 crastinas
2586 901 2874 969 Vesperas,
2920 907 2977 956 et
3022 900 3191 956 debet
3236 901 3500 956 continue
3548 913 3738 956 coram

2098 986 2262 1042 capsa
2291 972 2485 1027 ardere
2517 985 2710 1026 cereus
2756 985 2787 1026 a
2836 973 3157 1042 presbytero
3206 972 3453 1041 ejusdem
3481 971 3739 1028 ecclesia

2099 1050 2456 1113 praparatus.
2490 1043 2659 1097 Dictis
2690 1044 2942 1112 Vesperis
2970 1050 3271 1099 conventus
3300 1043 3437 1098 nihil
3467 1043 3740 1099 cantando

2098 1116 2409 1170 revertitur.
2444 1116 2571 1168 Post
2599 1114 3048 1184 Completorium,
3083 1114 3229 1170 facto
3263 1115 3414 1170 brevi
3452 1114 3741 1171 intervallo

2099 1187 2349 1256 pulsetur
2397 1186 2685 1241 classicum
2745 1186 2813 1240 ad
2871 1187 3211 1242 Matutinum.
3271 1186 3647 1242 Invitatorium
3711 1199 3743 1241 a

2098 1264 2354 1327 quatuor,
2405 1263 2459 1311 et
2507 1264 2708 1311 catera
2751 1258 2893 1313 sicut
2942 1259 2998 1312 in
3047 1257 3333 1313 Trinitate.
3373 1259 3575 1313 Omnes
3601 1258 3742 1312 anti-

2100 1331 2297 1398 phona
2347 1343 2469 1382 cum
2522 1335 2813 1397 pneumate
2861 1330 3139 1384 finiantur.
3191 1328 3430 1384 Homiiia
3468 1330 3526 1383 in
3563 1342 3739 1398 cappa

2097 1401 2271 1456 serica
2309 1400 2540 1469 legatur,
2574 1406 2628 1454 et
2672 1414 2816 1455 nona
2846 1400 3010 1455 lectio
3040 1400 3293 1455 similiter
3316 1401 3372 1455 in
3398 1412 3572 1469 cappa
3602 1413 3742 1455 can-

2099 1472 2340 1527 delabris
2370 1472 2753 1540 prasentibus.
2786 1472 2866 1527 Ad
2914 1472 3147 1537 Laudes,
3179 1471 3247 1526 ad
3279 1471 3591 1526 Benedictus
3622 1477 3736 1526 ant.

2098 1546 2346 1613 Apertum
2375 1548 2451 1597 est
2481 1550 2565 1597 ter
2594 1543 2826 1609 canitur,
2857 1545 3032 1613 primo
3080 1556 3255 1612 usque
3300 1545 3371 1599 Et
3406 1542 3737 1613 prophetarit

2099 1615 2295 1669 dicens.
2354 1614 2494 1668 Psal.
2554 1614 2884 1682 Benedictus,
2940 1615 3206 1684 incipitur
3227 1657 3242 1681 ,
3302 1615 3388 1669 bis
3442 1613 3746 1683 imponitur

2103 1686 2289 1757 priori.
2328 1686 2617 1740 Processio
2646 1685 2714 1757 ad
2745 1686 2935 1741 altare.

2173 1758 2333 1811 Missa
2363 1756 2699 1811 matutinalis
2728 1757 2795 1812 ad
2845 1757 3016 1812 altare
3054 1757 3239 1813 Sancti
3267 1755 3495 1813 Joannis
3523 1756 3594 1811 de
3619 1756 3745 1825 ipso

2098 1829 2210 1883 fiat.
2243 1829 2494 1883 Officium
2535 1830 2715 1883 Justus
2761 1833 2816 1883 ut
2860 1828 3063 1899 palma.
3112 1829 3299 1884 Oratio
3328 1826 3583 1895 Concede,
3607 1840 3747 1898 qum-

2097 1915 2292 1954 sumus.
2334 1900 2578 1968 Epistola
2624 1901 2841 1954 Factum
2889 1906 2965 1954 est
3006 1899 3216 1955 verbum
3265 1900 3474 1955 Domini
3512 1899 3585 1953 ad
3640 1911 3743 1966 me,

2100 1972 2296 2026 dicens.
2346 1970 2613 2026 Graduale
2642 1973 2820 2026 Justus
2854 1976 2911 2025 ut
2943 1970 3146 2041 palma.
3188 1970 3439 2037 Alleluia,
3477 1972 3555 2025 Tu
3586 1983 3743 2039 puer.

2098 2042 2448 2111 Evangelium
2498 2042 2643 2096 Dixit
2673 2042 2974 2096 Zacharias
3006 2042 3077 2097 ad
3106 2042 3363 2111 angelum.
3396 2041 3747 2098 Ol’fertorium

2100 2135 2165 2186 In
2210 2132 2417 2194 virtute,
2466 2130 2789 2187 Communio
2835 2131 3086 2195 Posuisti,
3144 2131 3379 2185 Domine.
3439 2121 3597 2192 348
3664 2130 3747 2185 Ad

2100 2204 2355 2268 Tertiam,
2390 2208 2502 2257 ant.
2535 2202 2845 2267 Innuebanl,
2892 2208 2997 2257 etc.
3050 2203 3399 2272 Quacumque
3429 2202 3520 2257 die
3555 2214 3749 2272 eveneo

2100 2275 2192 2340 rit,
2224 2274 2506 2343 processio
2550 2273 2643 2328 fiat
2672 2274 2727 2328 in
2767 2274 2958 2343 cappis
2985 2275 3197 2329 sericis.
3236 2271 3324 2329 Ad
3365 2274 3583 2328 missam
3619 2271 3748 2329 Ofﬁ-

2099 2346 2243 2400 cium
2288 2348 2365 2399 De
2409 2349 2603 2399 ventre.
2643 2345 2809 2414 Kyric
2829 2389 2848 2411 ,
2901 2346 3305 2417 Cunctipotens._
3338 2345 3527 2417 oratio
3568 2346 3743 2417 Deus,

2099 2418 2185 2488 qui
2229 2422 2552 2487 praesentem.
2604 2416 2870 2485 Epistola,
2910 2414 3123 2484 Audite,
3168 2414 3351 2488 insula
3397 2416 3455 2470 in
3491 2414 3746 2485 pulpito;

2098 2486 2363 2559 graduale
2392 2488 2725 2559 Priusquam
2750 2492 2811 2559 te,
2842 2490 3143 2559 formarem.
3176 2486 3426 2554 Alleluia,
3452 2488 3618 2559 “Inter
3638 2501 3748 2559 na-

2100 2556 2198 2615 tos.
2247 2556 2599 2629 Evangelium
2638 2556 2911 2613 Elisabeth
2948 2558 3213 2629 impletum
3248 2563 3343 2614 est.
3392 2556 3745 2614 Offertorlum

2097 2634 2276 2686 Justus
2315 2631 2385 2685 ad
2418 2629 2620 2701 palma.
2662 2630 2984 2685 Communio
3019 2633 3096 2685 Tu
3127 2643 3278 2701 puer.

2171 2704 2303 2757 Post
2331 2699 2599 2771 Vesperas
2645 2701 2713 2756 ad
2763 2702 3052 2757 ecclesiam
3101 2699 3285 2757 Sancti
3331 2702 3559 2757 Joannis
3608 2699 3747 2757 nihil

2100 2773 2370 2828 cantando
2401 2772 2683 2842 processio
2713 2774 3014 2842 gradiatur,
3047 2772 3235 2842 ibique
3266 2788 3297 2827 a
3334 2772 3551 2828 duobus
3578 2785 3748 2841 capsa

2100 2859 2225 2900 cum
2264 2857 2498 2913 corpore
2545 2850 2736 2898 sancto
2784 2851 3022 2914 sumpta,
3064 2845 3244 2899 statim
3291 2848 3482 2899 cantor
3515 2842 3751 2912 incipiat

2100 2932 2147 2986 ιγ
2186 2917 2233 2971 0
2272 2930 2388 2969 uere
2424 2914 2716 2986 spirituale,
2756 2929 2879 2971 cum
2915 2930 3077 2971 versu
3106 2922 3162 2971 et
3190 2915 3393 2971 Gloria.
3423 2915 3484 2969 In
3512 2915 3748 2986 introitu

2103 2986 2353 3042 ecclesia
2402 2987 2447 3042 0
2484 2985 2632 3041 beate
2671 2986 2901 3056 praesul,
2947 2986 3147 3042 Laude.
3197 2987 3236 3047 il
3285 2986 3396 3043 Ora
3437 2999 3535 3057 pro
3573 2985 3744 3041 nobis.

376 3064 466 3115 tur
492 3058 575 3113 vel
606 3059 903 3113 brevietur.
938 3059 1037 3124 Qui
1069 3051 1185 3113 eam
1231 3060 1539 3126 pracinunt
1578 3061 1633 3113 in
1675 3051 1857 3113 medio
1889 3051 2080 3115 con-C
2101 3059 2308 3129 Oratio,
2339 3060 2444 3124 Da,
2477 3051 2785 3127 quaesumus,
2818 3051 3158 3129 omnipotens.

369 3136 534 3184 ventu
594 3129 753 3183 simul
810 3130 1087 3183 incedant.
1121 3128 1331 3199 AFinita
1368 3129 1613 3199 litania,
1686 3129 1753 3183 ad
1816 3131 2017 3199 gradus

373 3200 529 3257 chori
586 3199 734 3255 dicat
792 3200 1052 3255 sacerdos
1098 3197 1139 3257 Ϋ
1196 3201 1310 3252 Vox
1356 3198 1567 3266 latitia,
1610 3204 1665 3255 et
1713 3197 2017 3256 orationem

372 3271 667 3328 Clamantes
707 3271 777 3325 ad
825 3276 893 3337 te,
934 3271 1168 3342 Domine.
1200 3272 1350 3325 Tunc
1382 3271 1648 3340 depositis
1679 3274 1867 3342 cappis
1900 3272 2019 3342 pul-

371 3350 524 3398 setur
570 3343 636 3397 ad
684 3344 913 3397 Nonam.
965 3343 1023 3396 ln
1076 3340 1369 3397 refectorio
1415 3342 1579 3398 lectio
1628 3340 1759 3411 Quis
1790 3340 2017 3399 vestrum

372 3412 579 3469 habebit
610 3414 849 3469 amicum.
882 3414 1192 3468 Notandum
1226 3413 1395 3483 quod,
1431 3415 1649 3483 quando
1683 3415 1789 3470 hoc
1820 3414 2018 3470 festum

372 3485 514 3541 infra
543 3486 943 3541 hebdomadam
975 3485 1283 3555 paschalem
1316 3485 1580 3552 evenerit,
1616 3486 1867 3541 differtur
1900 3488 2017 3556 ejus

368 3557 653 3613 servitium
702 3571 875 3627 usque
923 3557 978 3611 in
1010 3556 1199 3612 feriam
1232 3564 1357 3626 post
1390 3558 1749 3624 Quasimodo;
1793 3572 2017 3627 proces-

368 3629 451 3685 sio
481 3643 610 3685 vero
648 3629 769 3697 ipso
800 3628 889 3684 die
921 3643 1030 3699 quo
1070 3627 1266 3683 festum
1297 3631 1541 3685 evenerit
1571 3629 1882 3684 celebratur
1911 3630 2017 3685 hoc

372 3701 557 3756 modo.
607 3700 868 3756 Ordinata
917 3701 1271 3769 processione
1320 3702 1501 3755 statim
1552 3700 1661 3756 duo
1699 3700 1766 3755 ad
1816 3701 2018 3771 gradus

366 3772 634 3840 incipiant
681 3771 860 3837 Salve,
905 3771 1039 3840 festa
1094 3771 1224 3836 dies,
1277 3780 1578 3827 conventus
1626 3786 1726 3841 per
1771 3773 2017 3841 singulos

369 3873 560 3914 versus
590 3864 806 3926 repetat
834 3872 982 3913 nunc
1002 3857 1185 3924 Salve,
1213 3873 1360 3913 nunc
1392 3861 1507 3926 Qua.
1536 3862 1695 3922 Deus,
1739 3852 1892 3921 346
1942 3862 2015 3915 ita

371 3928 645 3985 cantando
690 3929 995 3997 procedant
1030 3929 1099 3983 ad
1131 3929 1420 3984 ecclesiam
1451 3931 1635 3985 Sancti
1663 3933 1907 3985 Joannis.
1957 3933 2016 3986 In

369 4001 600 4055 introitu
658 4000 909 4053 ecclesia
960 4017 1005 4069 ιγ
1052 4002 1201 4054 Inter
1256 4005 1437 4067 natos,
1501 4015 1622 4055 cum
1678 4016 1837 4056 versu
1896 4004 2014 4057 Fuit

272 4103 278 4108 -
368 4071 539 4138 homo,
573 4075 629 4126 et
658 4070 909 4126 oratione
948 4072 1171 4136 Praesta,
1213 4085 1524 4141 quaesumus,
1558 4078 1612 4126 et
1641 4078 1772 4126 tunc
1806 4072 2009 4128 ibidem

370 4143 534 4197 missa
579 4155 691 4196 non
741 4141 1071 4207 celebratur,
1123 4142 1220 4197 sed
1271 4142 1415 4197 facto
1448 4144 1816 4213 qualicunque
1848 4143 2017 4199 inter-

375 4213 540 4280 vallo,
593 4213 843 4269 ordinata
901 4214 1254 4284 processione
1305 4220 1559 4270 cantores
1606 4216 1661 4269 in
1712 4215 2015 4282 redeundo,

366 4285 461 4342 ubi
512 4286 664 4356 prius
711 4285 983 4356 finierant,
1024 4286 1372 4355 incipientes,
1415 4287 1694 4342 residuum
1734 4301 2008 4354 versuum,

2169 3131 2229 3183 ln
2259 3128 2399 3183 festo
2434 3130 2491 3184 S.
2538 3129 2757 3184 Eusebii
2791 3128 3147 3197 confessoris,
3185 3129 3255 3184 ad
3285 3129 3602 3185 Matutinum
3634 3132 3749 3184 tres

2100 3202 2388 3273 lectiones.
2429 3202 2540 3254 Hac
2566 3201 2671 3273 die
2702 3201 2757 3255 in
2789 3201 3031 3270 capitulo
3061 3198 3559 3273 [leg.,rcapitulum]
3604 3201 3749 3256 sicut

2100 3273 2156 3327 in
2195 3272 2379 3340 vigilia
2427 3271 2632 3326 Natalis
2673 3273 2887 3327 Domini
2935 3273 3166 3327 honeste
3198 3272 3365 3328 debet
3406 3271 3745 3343 praeparari;

2100 3343 2490 3413 pronuntiante
2538 3344 2746 3397 lectore
2791 3344 3046 3398 Dormitio
3085 3349 3283 3398 sancta
3310 3344 3522 3410 Maria,
3557 3355 3749 3399 omnes

2100 3415 2157 3469 in
2188 3422 2389 3469 terram
2429 3428 2488 3469 se
2514 3420 2884 3483 prosternant,
2917 3415 3277 3471 recordantes
3305 3422 3361 3471 et
3390 3429 3576 3471 secum
3610 3427 3742 3484 per—

2100 3490 2401 3568 tractantes
2429 3493 2634 3570 quanta
2659 3486 2802 3570 bona
2835 3486 3101 3570 per_hanc
3140 3486 3744 3570 gloriosam‘Virginem

2098 3558 2430 3625 accepimus.
2484 3559 2613 3611 Post
2651 3557 3047 3626 aliquantulum
3082 3559 3339 3627 spatium,
3372 3558 3499 3613 dato
3529 3557 3688 3628 signo
3715 3570 3748 3612 a

2100 3629 2331 3699 pralato
2360 3635 2606 3698 surgant,
2641 3635 2695 3683 ct
2740 3628 2917 3684 lector
2945 3643 3070 3698 qua
3101 3636 3313 3684 restant
3340 3636 3743 3699 prosequatur;

2099 3709 2291 3770 postea
2340 3700 2556 3771 legatur
2604 3700 2767 3755 lectio
2816 3700 2886 3755 de
2937 3701 3231 3771 Evangelia
3262 3699 3538 3756 Extollens
3573 3714 3748 3755 uocem

2100 3772 2339 3842 quaedam
2368 3770 2569 3825 mulier.
2604 3773 2663 3825 In
2697 3772 2803 3826 fine
2833 3786 2964 3826 vero
3004 3770 3252 3841 capituli,
3285 3778 3393 3827 tam
3434 3772 3599 3841 hujus
3634 3771 3747 3826 diei

2100 3858 2262 3911 quam
2296 3851 2424 3897 octo
2456 3843 2931 3912 subsequentium,
2976 3842 3194 3898 dicatur
3232 3844 3471 3913 psalmus
3506 3843 3749 3899 Laudate

2099 3922 2253 3991 349
2295 3931 2594 4005 Dominum,
2648 3946 2820 4005 omnes
2877 3938 3080 4001 gentes,
3142 3933 3339 3989 exinde
3386 3931 3567 4005 vigilia
3618 3945 3747 4005 cum

2098 4016 2294 4075 magno
2337 4003 2540 4072 gaudio
2584 4003 2917 4068 celebretur,
2967 4007 3388 4074 prostrationes,
3438 4002 3628 4075 psalmi
3664 4002 3745 4058 fa-

2099 4074 2343 4127 miliares
2394 4075 2850 4130 intermittuntur.
2913 4077 3219 4145 Sequentes
3276 4074 3451 4132 Hora
3496 4077 3565 4131 de
3622 4076 3745 4144 ipsa

2099 4146 2319 4214 Virgine
2348 4145 2621 4212 dicantur,
2655 4147 2867 4201 etiamsi
2899 4148 3179 4203 Dominica
3221 4148 3314 4213 sit,
3349 4161 3470 4203 cum
3514 4146 3748 4203 collecta

2099 4216 2167 4270 dc
2198 4216 2400 4285 vigilia.
2438 4215 2518 4271 Ad
2549 4218 2767 4273 missam
2805 4217 3053 4273 Ofﬁcium
3094 4218 3275 4285 Salve,
3305 4224 3492 4274 sancta
3519 4220 3742 4273 Parens.

2098 4287 2365 4343 Graduale
2416 4288 2717 4355 Benedicta,
2771 4290 2838 4343 ad
2891 4290 3111 4360 Gradus,
3147 4290 3204 4344 in
3245 4291 3452 4360 cappis,
3475 4289 3668 4345 sericis
3716 4302 3748 4343 a

371 4355 635 4427 quantum
681 4371 821 4438 opus
868 4355 1051 4438 fuerit,
1085 4364 1523 4438 prosequuntur,
1548 4359 1748 4438 quibus
1792 4359 1845 4412 in
1885 4359 2319 4438 cbo-Dduobus
2349 4366 2637 4438 cantetur;
2689 4360 2736 4438 s_i
2767 4361 3048 4438 Dominica
3090 4359 3277 4438 fuerit,
3312 4355 3568 4438 Xllcluia,
3615 4361 3743 4438 Post

368 4443 489 4484 rum
537 4430 774 4485 reversis
804 4431 1063 4484 sacerdos
1109 4428 1177 4483 ad
1225 4430 1427 4499 gradus
1470 4430 1618 4485 dicat
1647 4444 1860 4484 versum
1902 4433 2015 4484 Vox

369 4500 584 4557 latitia.
618 4502 803 4557 Oratio
825 4503 1047 4566 Prcesta,
1075 4516 1384 4571 quassamus.

440 4574 515 4627 De
563 4572 832 4642 apostolis
878 4572 1133 4641 Philippo
1160 4580 1215 4626 et
1241 4573 1467 4640 Jacobo,
1511 4573 1578 4629 ad
1619 4574 1890 4629 secundas
1918 4576 2016 4629 Ve-

366 4658 555 4713 speras
598 4651 712 4699 ant.
762 4645 999 4711 Domine,
1033 4649 1140 4699 etc.
1176 4645 1307 4698 Post
1338 4645 1604 4714 Vesperas
1641 4646 1885 4715 incapto
1916 4660 2013 4701 an-

363 4714 593 4782 tiphona
633 4718 781 4772 Crux
812 4715 1002 4786 fidelis,
1040 4729 1162 4770 cum
1200 4715 1555 4785 processione
1586 4717 1652 4771 ad
1686 4714 2005 4772 crueitlxum

366 4791 582 4857 exeant,
615 4786 853 4856 indeque
884 4801 1006 4842 cum
1037 4786 1340 4856 antiphona
1377 4786 1445 4842 de
1486 4788 1837 4857 martyribus,
1864 4789 2017 4844 Filia:

366 4853 679 4929 Jerusalem,
715 4853 781 4929 in
800 4858 1027 4914 chorum
1058 4853 1307 4914 redeant.
1356 4859 1417 4913 In
1466 4853 1742 4915 Laudibus
1791 4874 2016 4929 proces-

372 4927 456 4983 sio
488 4925 558 4982 ad
592 4926 928 4993 cruciﬁxum,
965 4931 1022 4984 in
1061 4930 1241 4986 reditu
1267 4930 1336 4986 de
1379 4931 1709 5001 martyribus
1755 4925 2016 4988 memoria

370 5001 487 5053 Lua:
510 5000 788 5071 perpetua,
815 5005 921 5071 etc.

443 5070 521 5145 De
548 5072 602 5145 S.
635 5071 844 5145 Joanne
875 5070 1116 5139 Baptista
1147 5073 1348 5143 duplex
1374 5073 1571 5129 festum
1610 5074 1799 5143 prima
1840 5075 2018 5145 digni-

369 5141 515 5196 tatis.
573 5141 652 5196 Ad
703 5142 973 5211 Vesperas
1015 5148 1127 5196 ant.
1181 5141 1476 5201 Descendit.
1534 5141 1731 5200 Psalmi
1789 5145 1857 5200 de
1904 5141 2014 5202 die.

368 5211 684 5285 Antiphona
734 5216 977 5283 Ingresso
1036 5213 1121 5267 bis
1178 5217 1481 5285 imponitur
1537 5222 1592 5271 et
1648 5222 1732 5271 ter
1778 5217 2013 5272 canitur.

368 5282 513 5337 Psal.
572 5282 886 5358 Magniﬁcat
943 5282 1309 5358 innutrisque
1362 5289 1650 5358 Vesperis,
1701 5288 2016 5356 Matutinis,

368 5356 730 5442 processione
763 5355 1591 5442 'cl‘australi,etmpneumatillns
1636 5374 1734 5442 per
1781 5355 2021 5442 singulas

366 5426 703 5495 antiphonas
736 5429 928 5484 eodem
961 5428 1125 5484 modo
1155 5426 1223 5482 fit
1243 5431 1386 5485 sicut
1416 5433 1470 5486 in
1502 5426 1785 5487 Trinitate.
1838 5426 2024 5487 incor-

362 5499 584 5572 tinatur
603 5498 775 5554 altare
807 5502 990 5572 Sancti
1019 5499 1365 5572 Joannis,‘et
1388 5504 1686 5572 juncatur.
1740 5504 1797 5558 in
1829 5502 2025 5572 primis

358 5569 619 5639 Vesperis
652 5581 765 5626 non
805 5570 866 5627 fit
913 5571 1199 5641 processio
1228 5570 1300 5627 ad
1348 5569 1541 5631 altare.
1595 5577 1726 5631 Post
1754 5569 2026 5644 Vesperas

2097 4436 2344 4502 partum,
2404 4430 2657 4487 similiter
2713 4432 2770 4487 in
2828 4433 3019 4501 cappis
3069 4446 3100 4487 a
3164 4433 3359 4488 tribus.
3429 4432 3746 4502 Sequentia,

2098 4502 2264 4558 Credo
2304 4508 2359 4557 et
2408 4502 2656 4572 praefatio
2707 4502 2962 4570 [scilicet,
3015 4504 3258 4573 propria]
3309 4516 3422 4559 non
3468 4503 3744 4559 dicantur.

2098 4573 2446 4643 Evangelium
2482 4576 2701 4631 Factum
2746 4580 2841 4641 est,
2892 4589 3005 4629 cum
3052 4574 3365 4645 loqueretur,
3410 4588 3533 4630 cum
3572 4575 3750 4630 cereis

2100 4652 2154 4701 et
2181 4646 2448 4711 incenso;
2498 4645 2554 4699 in
2604 4648 2710 4700 tine
2741 4647 2923 4701 missa
2966 4646 3174 4701 nullum
3222 4647 3437 4717 signum
3472 4645 3745 4716 pulsetur,

2099 4717 2195 4788 sed
2246 4724 2369 4785 post
2414 4717 2579 4772 breve
2626 4717 2972 4788 intervallum
3003 4717 3114 4773 duo
3143 4718 3212 4774 de
3244 4718 3547 4788 majoribus
3570 4718 3747 4788 signis

2099 4786 2166 4843 ad
2214 4789 2442 4844 Nonam.
2492 4790 2552 4843 ln
2599 4786 2896 4844 refectorio
2939 4789 3105 4845 lectio
3134 4786 3353 4846 Factum
3386 4794 3483 4857 est,
3529 4786 3644 4844 cum
3674 4786 3750 4843 lo-

2101 4864 2365 4929 queretur.

2170 4932 2301 4987 Hac
2346 4930 2665 4987 solemnitas
2702 4931 2770 4987 ad
2818 4932 3232 4989 similitudinem
3280 4931 3489 4987 Natalis
3525 4930 3745 4988 Domini

2100 5002 2266 5058 debet
2312 5004 2600 5059 celebrari.
2650 5003 2729 5058 Ad
2764 5005 3029 5074 Vesperas
3076 5011 3189 5060 ant.
3246 5006 3375 5061 Tota
3413 5002 3637 5074 pulchra
3667 5016 3746 5074 es.

2100 5074 2242 5129 Psal.
2301 5076 2558 5141 Laudate,
2607 5076 2778 5145 pueri,
2833 5073 3126 5141 Dominum,
3172 5082 3281 5132 etc.
3340 5073 3541 5131 omnes
3598 5073 3750 5129 anti-

2100 5146 2300 5215 phona
2348 5147 2415 5201 ad
2466 5147 2751 5215 Vesperas,
2800 5148 3157 5215 Matutinum,
3209 5153 3265 5203 et
3319 5146 3536 5203 Laudes
3573 5158 3751 5215 pneu-

2103 5217 2297 5273 matice
2355 5217 2636 5272 finiuntur.
2694 5219 3006 5288 Antiphona
3063 5219 3311 5274 Ascendit
3358 5218 3601 5275 Christus
3659 5217 3748 5272 bis

2101 5288 2402 5361 imponitur
2456 5303 2486 5343 a
2539 5297 2880 5358 pracentore
2938 5290 3188 5361 pralato,
3250 5295 3306 5346 et
3358 5295 3445 5346 ter
3509 5288 3748 5356 canitur,

2103 5361 2286 5415 omnia
2315 5360 2506 5415 altaria
2538 5362 2911 5418 incensantur.

2174 5431 2254 5506 Ad
2312 5432 2628 5488 Matutinum
2687 5436 2863 5504 primo
2911 5436 3094 5490 omnia
3143 5435 3300 5506 signa
3346 5434 3404 5489 in
3453 5432 3747 5506 classicum

2108 5502 2414 5631 pulsentur.
2465 5502 2838 5562 Invitatorium
2868 5519 2899 5561 a
2929 5513 3168 5578 quatuor
3197 5502 3270 5562 'in
3318 5506 3530 5576 cappis.
3566 5504 3755 5561 Homi-

2130 5575 2182 5631 ia
2212 5574 2269 5631 in
2298 5589 2472 5631 canna
2498 5577 2676 5631 serica
2704 5577 2936 5631 leuatur.

2130 5575 2182 5631 ia
2212 5574 2269 5631 in
2298 5589 2472 5646 cappa
2498 5577 2676 5633 serica
2704 5574 2964 5648 legatur.‘
3387 5574 3402 5576 “
3428 5574 3439 5575 “
3862 5592 3873 5595 ‘
