4100 6166
317 284 406 340 189

1718 285 1891 342 ACTA
1929 286 2219 345 VETERA.

3566 286 3669 345 190

310 406 657 480 “Processio
702 406 762 462 in
805 403 1000 475 cappis
1044 402 1242 475 agitur.
1296 404 1376 459 Ad
1433 404 1651 460 missam
1696 406 1945 466 Officium
1966 411 2188 474 Asione
2216 424 2381 480 capsa
2412 411 2558 466 beati
2598 410 2767 466 Laudi
2798 412 2924 479 post
2950 416 3278 468 conventum
3306 414 3608 472 honoriﬂce
3638 430 3670 472 a

312 496 652 556 Gaudeamus.
683 495 869 565 Kgrie,
909 492 1328 565 Rezivirginum.
1372 484 1526 565 350
1585 493 1829 563 Epistola
1885 497 1941 553 in

313 570 531 641 pulpito
569 564 803 641 legatur,
864 572 972 620 etc.
1030 564 1088 641 In
1148 564 1441 641 refectorio
1499 564 1664 641 lectio
1722 570 1946 624 Intravit

312 635 470 706 testis,
500 635 706 695 deinde
735 640 1027 693 Sermones
1055 636 1124 691 de
1156 635 1347 691 eodem
1378 635 1537 692 festo.
1588 639 1693 693 Per
1728 646 1948 695 octavas

314 713 494 839 Cog'lis
528 726 626 775 me,
659 725 689 764 o
719 708 909 773 Paula,
945 714 1051 763 etc.

425 799 452 839 e
496 787 688 838 sancto
740 778 1141 835 Bartholomieo
1189 776 1331 833 medi

425 799 452 839 e
496 787 688 838 sancto
740 778 1141 835 Bartholomieo
1189 776 1428 852 medium
1458 776 1683 852 festum.
1715 781 1795 837 Ad
1827 783 1949 852 pri-

317 869 425 911 mas
474 855 743 923 Vesperas
794 858 913 923 ant.
971 852 1153 923 Estolc

314 921 611 983 Notandum
660 922 810 993 quod
858 922 960 976 hac
1008 921 1096 976 die
1148 921 1216 977 ad
1248 922 1535 991 Vesperas,
1580 929 1635 979 et
1670 923 1726 980 in
1757 926 1948 980 crasti-

314 1012 431 1054 num
479 995 548 1052 ad
598 995 817 1051 missam
863 1000 1073 1063 septem
1122 993 1190 1050 de
1240 993 1521 1049 canonicis
1570 995 1773 1051 nostris
1802 994 1947 1066 apud

314 1072 560 1126 Sanctum
590 1066 913 1123 Audoenum
964 1078 1087 1136 cum
1138 1066 1493 1136 processione
1543 1066 1717 1122 beata:
1767 1067 1949 1123 Mariis

316 1147 563 1197 tenentur
627 1153 695 1194 ex
750 1135 1151 1193 consuetudine
1218 1136 1514 1206 proficisci.
1582 1138 1951 1194 Nihilominus

313 1210 377 1269 ad
428 1213 695 1281 Vesperas
750 1215 967 1281 nostras
1006 1207 1093 1281 de
1145 1208 1200 1263 S.
1230 1208 1515 1281 _Audoeno
1562 1207 1789 1265 facimus
1838 1225 1952 1266 me-

312 1278 685 1340 moriam'cum
716 1281 818 1336 hac
847 1278 1178 1348 antiphona:
1212 1278 1433 1349 Suscipe
1462 1284 1661 1335 nostra.

378 1355 453 1410 De
502 1361 691 1409 sancto
738 1351 1041 1422 Augustino
1071 1349 1274 1420 duplex
1321 1348 1516 1424 festum
1548 1352 1737 1424 primae
1764 1351 1951 1424 digni-

312 1426 436 1483 tatis
492 1424 559 1481 ad
607 1426 875 1494 \‘esperas
923 1423 1150 1494 Laetare,
1201 1426 1385 1494 mater.
1454 1423 1651 1478 Psalmi
1712 1424 1781 1479 de
1839 1425 1951 1480 die.

308 1497 616 1567 Antiphona
654 1492 818 1567 Adest
848 1493 977 1558 dies,
1011 1492 1096 1548 bis
1126 1492 1459 1567 imponitur,
1481 1499 1535 1550 et
1580 1501 1668 1567 iter
1715 1497 1952 1553 canitur.

312 1563 495 1625 Omnia
538 1566 730 1622 altaria
776 1565 1153 1622 incensantur.
1206 1563 1350 1620 Psal.
1399 1566 1729 1637 Magni/icui.
1772 1570 1817 1624 A
1848 1568 1954 1622 tri-

312 1641 408 1697 bus
434 1637 837 1695 Benedicamus.

1212 850 1396 921 fortes.
1451 851 1648 907 Psalmi
1705 852 1773 909 de
1828 850 1944 909 die.
2028 856 2074 911 0

2030 482 2246 538 duobus
2276 483 2476 551 bajulis
2509 483 2565 538 in
2607 483 2795 551 cappis
2832 481 3027 537 sericis
3059 496 3181 538 cum
3214 483 3429 540 duobus
3460 487 3674 543 cerofe-

2029 571 2209 637 rariis,
2234 571 2356 626 aliis
2388 562 2546 633 353
2570 585 2699 627 vero
2725 570 2941 627 duobus
2958 577 3084 627 ante
3108 586 3326 627 crucem
3349 577 3676 642 praeceden-

2028 644 2177 697 tibus
2206 658 2329 697 cum
2360 642 2732 707 thuriferario,
2766 644 2931 699 debet
2976 644 3276 713 deportari.
3328 645 3388 699 In
3437 649 3674 703 statione

2030 713 2280 785 ecclesiae
2308 715 2717 783 responsorium
2745 738 2757 773 :
2792 715 2837 770 0
2860 730 2995 780 vere,
3030 720 3266 784 quatuor
3296 715 3350 769 in
3382 718 3573 785 cappis
3592 733 3679 772 se-

2031 784 2163 838 ricis
2193 785 2248 839 in
2280 784 2495 854 pulpito
2517 786 2701 840 dicant
2734 786 2773 847 1i
2807 789 2875 841 Te
2905 791 3089 841 tutore.
3114 786 3193 842 Ad
3218 784 3503 841 introitum
3524 788 3682 844 chori

2136 854 2283 909 beate
2346 856 2542 927 υνφειιί
2588 857 2785 911 Laude.
2818 857 2896 913 Ad
2938 859 3154 913 missam
3186 857 3435 913 Ofﬁcium
3483 859 3685 915 Statuit

2029 929 2289 998 Pneuma,
2330 928 2517 996 Kgrie,
2550 930 2689 981 Deus
2718 935 2941 983 creator.
2987 931 3168 985 Gloria
3204 928 3257 983 in
3288 929 3532 998 excelsis,
3564 943 3688 986 cum

2030 1010 2194 1072 prosa
2246 997 2292 1053 0
2327 998 2497 1072 gloria
2519 1004 2848 1072 sanctorum.
2901 1001 3085 1055 Oratio
3116 1002 3275 1067 Deus,
3307 1002 3393 1072 qui
3423 1002 3494 1057 ad
3531 1002 3684 1056 deco-

2030 1068 2272 1124 rundam.
2326 1067 2570 1138 Epistola
2618 1071 2755 1124 Ecce
2799 1072 3068 1126 sacerdos.
3130 1067 3416 1139 Graduale,
3464 1074 3683 1128 Domine

2025 1139 2344 1212 prtevenisti,
2407 1153 2438 1194 a
2492 1139 2669 1194 tribus
2716 1140 2771 1195 in
2824 1143 3035 1212 pulpito
3092 1151 3363 1199 cantetur.
3419 1143 3679 1210 Alleluia,

2032 1210 2209 1278 Salve,
2259 1225 2477 1280 gemma.
2512 1212 2807 1279 Sequentia
2846 1210 3000 1268 Alma
3030 1214 3234 1270 cohors.
3294 1216 3353 1271 In
3386 1215 3682 1271 refectorio

2031 1282 2142 1338 vita
2186 1285 2242 1338 S.
2302 1281 2492 1350 Laudi,
2556 1289 2744 1352 postea
2805 1296 2986 1339 sermo
3035 1287 3282 1341 Dominus
3338 1292 3386 1341 et
3435 1286 3688 1342 Salvator

2034 1358 2229 1421 noster,
2275 1353 2473 1423 fratres
2502 1353 2812 1409 charissimi.
2862 1356 2940 1409 Ad
2990 1356 3259 1425 Vesperas
3314 1363 3426 1413 ant.
3493 1359 3686 1413 Beatus

2035 1426 2268 1498 Laudus,
2319 1432 2425 1481 etc.
2458 1425 2907 1498 iResponsorium
2956 1426 3000 1482 0
3028 1425 3208 1495 lucris,
3258 1438 3406 1495 octo,
3437 1428 3521 1484 vel
3565 1429 3688 1498 plus

2035 1496 2117 1551 vel
2177 1497 2359 1551 minus
2405 1497 2473 1551 ad
2533 1496 2867 1551 voluntatem
2916 1499 3296 1567 praecentoris,
3349 1496 3580 1556 cantant
3631 1500 3689 1555 in

2036 1568 2271 1623 crcuitu.
2322 1569 2396 1622 De
2427 1573 2618 1623 sancto
2660 1568 2912 1623 Matthazo
2942 1571 3224 1625 memoria.

2106 1641 2167 1694 In
2196 1644 2385 1695 octava
2416 1639 2670 1713 S.Laudi
2701 1639 2905 1713 duplex
2934 1639 3151 1713 festum,
3182 1642 3359 1697 tertiae
3401 1642 3688 1713 dignitatis

374 1708 751 1803 Processioin
785 1707 976 1779 cappis
1003 1707 1418 1803 sericisLagiturl.
1449 1710 1509 1792 In
1540 1708 2016 1803 pulpitomprosaB
2036 1710 2415 1803 Unusﬂc'ereuls’
2458 1710 2623 1803 debet
2670 1707 2880 1803 ardere,
2903 1725 3069 1781 super
3106 1711 3277 1803 altare
3304 1719 3445 1803 laute
3465 1707 3688 1783 'corpus

306 1796 334 1838 a
365 1783 544 1839 tribus
573 1786 825 1852 cantetur
872 1795 991 1852 cum
1030 1778 1291 1852 Patribus.
1323 1778 1402 1852 Ad
1435 1778 1652 1836 missam
1701 1778 2016 1838 Ofﬁcium”
2038 1783 2216 1837 sancti
2248 1782 2416 1837 Laudi
2448 1782 2514 1837 ad
2547 1787 2807 1852 utrasque
2842 1778 3106 1852 Vesperas
3136 1791 3192 1839 et
3220 1785 3561 1839 Matutinum.

306 1855 367 1910 In
409 1854 582 1909 medio
628 1851 902 1917 Ecclesiae,
939 1851 1126 1921 Kyrie,
1160 1850 1547 1922 Cunctipoteus.
1602 1852 1845 1922 Epistola
1895 1855 1950 1909 in

306 1924 521 1996 pulpito
552 1925 928 1996 legatur.etc.
978 1920 1038 1977 In
1086 1920 1381 1978 relectorio
1422 1922 1589 1979 lectio
1620 1920 1814 1980 Beatus
1841 1926 1953 1980 Au-

306 1994 542 2066 gustinus
571 1994 641 2051 es:
664 1994 956 2067 provincia,
984 1998 1095 2067 etc.

370 2069 453 2124 Ad
506 2064 774 2137 Vespéras
828 2064 1130 2135 antiphona
1185 2067 1310 2121 Post
1364 2072 1605 2134 mortem,
1667 2073 1774 2125 etc.
1835 2074 1950 2123 ant.

306 2138 477 2195 Hodie
526 2138 805 2208 gloriosus,
853 2142 938 2193 ter
988 2138 1224 2192 canitur.
1272 2137 1415 2194 Psal.
1465 2140 1795 2210 Magni/ient.
1853 2142 1956 2195 Be-

302 2229 627 2284 nedicamus.
682 2230 878 2284 Postea
924 2233 1037 2282 tres
1083 2226 1178 2282 alii
1224 2227 1281 2282 in
1332 2229 1524 2297 cappis
1571 2220 1704 2290 35|
1768 2228 1955 2283 rubeis

306 2301 587 2369 incipiunt
631 2299 700 2355 ad
748 2298 952 2370 gradus
996 2299 1410 2368 responsorium
1442 2302 1587 2355 Inter
1614 2306 1786 2365 natos,
1820 2314 1956 2369 pro-

305 2372 488 2428 cessio
537 2371 606 2427 ad
655 2370 845 2426 altare.
895 2370 1159 2425 Cantatur
1204 2384 1394 2426 versus
1440 2372 1560 2426 Fuit
1606 2371 1777 2439 hunc,
1827 2385 1955 2426 ver-

300 2443 521 2499 siculus
579 2442 781 2497 dicitur
837 2440 905 2513 ab
962 2442 1154 2513 ultimo
1211 2441 1389 2497 dextri
1455 2443 1610 2498 chori
1669 2443 1725 2497 in
1783 2456 1958 2513 cappa

303 2513 505 2571 Gloria
533 2518 580 2567 et
609 2512 823 2567 honore.
855 2510 1231 2566 Benedicamus
1259 2514 1500 2568 Domino.

374 2585 444 2639 In
499 2582 781 2653 nativitate
811 2588 1039 2653 sancta},
1061 2582 1243 2636 Mariae
1273 2582 1502 2652 virginis
1529 2584 1734 2653 duplex
1760 2584 1959 2639 festum

298 2653 581 2712 secundae
627 2652 932 2723 dignitatis,
979 2652 1071 2724 ad,
1104 2654 1393 2724 Vesperas
1424 2652 1726 2724 antiph’ona
1768 2676 1780 2709 :
1841 2656 1964 2711 Cae-

303 2724 435 2782 leste
482 2723 805 2795 beneﬁcium,
855 2723 1168 2795 etc._lllissa
1208 2723 1545 2795 matutinalis
1574 2724 1642 2780 de
1686 2728 1741 2780 S.
1773 2726 1965 2781 Adria-

301 2812 397 2863 no,
461 2794 572 2851 nisi
613 2792 914 2850 ‘Dominica
968 2792 1154 2850 fuerit.
1214 2794 1327 2849 Hac
1385 2794 1474 2851 die
1522 2797 1807 2865 processio
1852 2810 1964 2851 non

303 2869 493 2939 agitur
534 2866 593 2939 in
633 2866 825 2939 cappis
869 2864 1083 2939 sericis.
1111 2865 1255 2939 ‘Add
1273 2864 1537 2939 magnam
1578 2868 1795 2939 missam
1838 2866 1967 2939 Offi-

305 2934 453 2997 cium
512 2934 866 2994 Gaudeamus.
914 2934 1321 3008 EpistoladEgo
1365 2934 1519 3008 quasi
1562 2938 1681 2993 uitis
1727 2942 1787 2993 in
1847 2938 1968 3008 pul-

305 3012 425 3080 pito
457 3009 697 3081 legatur.
731 3008 1080 3078 Evangelium
1110 3006 1265 3081 Liber
1290 3006 1661 3081 generationis,
1694 3016 1802 3065 etc.

375 3079 658 3138 Exaltatio
725 3088 930 3135 sanctae
996 3079 1177 3134 crucis
1209 3121 1223 3146 ,
1310 3080 1547 3136 medium
1627 3079 1824 3137 festum
1888 3082 1966 3136 ita

308 3158 494 3209 tamen
544 3152 698 3223 quod
746 3165 951 3207 nonum
1008 3151 1418 3223 responsorium
1477 3153 1550 3207 sit
1601 3151 1824 3221 duplex.
1881 3152 1963 3207 Ad

310 3220 588 3296 Vesperas
635 3229 691 3279 et
738 3223 950 3296 Laudes
986 3222 1279 3296 processio
1326 3220 1387 3278 ﬁt
1423 3222 1491 3277 ad
1522 3220 1713 3296 altare.
1749 3225 1809 3278 In
1840 3224 1966 3296 red-

308 3296 389 3352 itu
417 3293 520 3351 'de
584 3294 916 3366 martyribus
970 3293 1226 3350 Cornelio
1280 3299 1336 3349 et
1382 3294 1654 3365 Cypriano
1699 3295 1962 3351 memoria

310 3368 409 3424 Isti
436 3371 563 3423 sunt
592 3368 782 3422 sancti.

380 3440 441 3495 In
491 3437 848 3495 solemnitate
889 3437 944 3493 S.
977 3435 1148 3509 Laudi
1181 3436 1396 3509 triplex
1422 3436 1849 3509 festumagitur.
1882 3438 1963 3493 Ad

310 3509 591 3581 Vesperas
647 3512 703 3565 in
754 3509 995 3581 circuitu
1037 3507 1192 3581 chori
1240 3509 1532 3581 duodecim
1577 3507 1722 3565 cerei
1770 3524 1967 3565 accen-

311 3579 538 3650 dantur,
601 3586 807 3650 praater
862 3579 1250 3635 candelabrum
1299 3587 1355 3635 et
1399 3580 1548 3636 aliud
1605 3581 1826 3637 solitum
1884 3582 1967 3636 lu-

310 3654 549 3710 minare.
614 3651 925 3722 Antiphona
980 3652 1045 3706 In
1100 3650 1307 3722 laudem
1366 3652 1592 3718 Christi,
1654 3652 1846 3720 psalmi
1896 3651 1966 3705 de

312 3724 426 3780 die.
480 3721 755 3781 Cantores
800 3721 1217 3779 hebdomadarii
1266 3723 1322 3776 in
1362 3724 1552 3792 cappis
1598 3723 1792 3777 sericis
1839 3722 1969 3777 cho-

314 3811 438 3852 rum
501 3802 718 3866 regant.
774 3797 974 3850 Omnes
1021 3792 1341 3866 antiphonie
1386 3802 1493 3848 tam
1539 3793 1758 3866 diurnae
1805 3807 1967 3866 quam

315 3864 616 3923 nocturnae
673 3880 796 3923 cum
852 3864 1478 3937 pneumategtlniantur.
1549 3864 1857 3937 Capitulum
1910 3865 1969 3937 in

316 3953 492 4010 cappa
547 3937 734 3994 serica
788 3951 821 3992 a
854 3935 1106 4008 ‘praelato
1153 3935 1387 3991 dicatur.
1446 3936 1874 4007 Responsorium
1923 3935 1969 3993 0

314 4025 409 4082 lux
442 4027 633 4083 mundi
673 4018 829 4088 352
869 4042 901 4082 a
946 4026 1124 4081 tribus
1171 4025 1240 4082 de
1293 4026 1608 4082 senioribus
1662 4026 1720 4081 in
1779 4025 1970 4094 cappis

316 4100 511 4155 sericis
562 4106 839 4155 cantetur.
886 4097 1198 4167 Antiphona
1237 4099 1383 4161 Volo,
1427 4114 1565 4165 voce,
1618 4098 1704 4152 bis
1740 4097 1973 4166 imponi-

316 4174 405 4225 tur
453 4178 511 4227 et
562 4176 652 4226 ter
708 4170 943 4226 canitur.
993 4169 1134 4224 Psal.
1194 4169 1520 4240 Magniﬁcat.
1569 4168 1752 4225 Altare
1796 4170 1973 4240 majus

319 4254 439 4297 cum
466 4242 697 4299 duobus
724 4239 1022 4297 thuribulis
1048 4239 1385 4295 incensetur.

386 4313 468 4370 Ad
518 4313 850 4369 Matutinum
907 4312 1195 4368 classicum
1253 4312 1427 4381 primo
1494 4311 1762 4382 pulsetur.
1831 4311 1975 4366 Invi-

2104 1855 2180 1909 De
2210 1853 2427 1927 sanctis
2445 1853 2854 1927 confessoribus
2887 1855 3133 1925 Remigio
3167 1855 3227 1921 (1
3265 1855 3445 1911 Octob.
3468 1854 3519 1927 ),
3552 1857 3692 1927 Ger:

2033 1938 2195 1980 mano
2236 1932 2291 1980 et
2326 1925 2555 1980 Vedasto
2586 1930 2697 1981 tres
2719 1926 3004 1981 lectiones.
3039 1928 3119 1980 Ab
3146 1927 3247 1981 hac
3279 1928 3368 1982 die
3409 1925 3581 1996 usque
3620 1925 3689 1982 ad

2033 1997 2241 2052 Pascha
2279 2009 2504 2051 somnus
2533 1997 2869 2052 meridianus
2900 1998 3301 2053 intermittitur.
3333 1998 3414 2053 Ab
3457 1998 3560 2053 hac
3599 1996 3690 2053 die

2035 2083 2210 2137 usque
2240 2068 2308 2122 ad
2334 2068 2603 2123 Kalendas
2627 2069 2965 2133 Novembris,
2992 2070 3098 2123 nisi
3128 2068 3323 2124 festum
3355 2083 3548 2125 novem
3580 2069 3693 2124 lec-

2036 2138 2365 2204 tionum,vel
2389 2138 2586 2194 festum
2618 2152 2769 2195 more
2792 2148 2997 2194 octava:
3020 2140 3351 2207 celebretur,
3377 2141 3692 2197 immediate

2038 2234 2164 2298 post
2208 2226 2609 2298 gratias-Nona
2658 2230 3001 2284 decantetur.
3054 2230 3113 2284 In
3145 2221 3515 2292 novem354
3560 2244 3691 2285 vero

2037 2300 2371 2356 lectionibus
2393 2306 2547 2355 extra
2566 2301 2864 2356 claustrum
2892 2300 3315 2357 collocutorium
3344 2301 3545 2356 fratres
3570 2306 3696 2369 post

2040 2371 2330 2441 prandium
2353 2371 2530 2427 donec
2562 2371 2813 2441 pulsetur
2833 2371 2900 2426 ad
2932 2373 3162 2439 Nonam,
3198 2387 3372 2442 usque
3404 2373 3473 2427 ad
3495 2371 3695 2426 festum

2040 2444 2283 2499 omnium
2322 2445 2666 2510 Sanctorum,
2691 2443 2895 2498 habere
2927 2442 3154 2498 debent.
3179 2443 3259 2499 Ad
3282 2446 3491 2499 Nonam
3513 2443 3691 2497 servi-

2039 2521 2193 2571 tores
2222 2528 2424 2569 mensa:
2455 2515 2679 2580 debent,
2715 2516 2760 2570 si
2794 2514 3081 2570 commode
3112 2514 3346 2581 valeant,
3395 2515 3690 2569 interesse.

2112 2587 2174 2639 In
2222 2586 2578 2642 translatione
2626 2588 2680 2641 S.
2730 2586 3019 2642 Augustini
3068 2586 3307 2642 medium
3354 2585 3571 2642 festum.
3614 2584 3695 2640 Ad

2044 2659 2313 2724 Vespera:
2374 2626 2506 2710 aut:
2535 2626 3019 2712 Ltetareruf’salmi
3062 2626 3271 2714 «152332.
3313 2626 3601 2713 Processio
3639 2655 3701 2710 fit

2046 2727 2114 2782 ad
2137 2728 2305 2799 altare
2328 2727 2475 2799 quod
2498 2735 2581 2781 est
2600 2740 2887 2799 commune
2908 2732 2961 2783 S.
2988 2730 3275 2799 Augustini
3297 2736 3352 2783 et
3377 2730 3430 2784 S.
3463 2726 3697 2799 Nicolai.

2048 2794 2441 2879 l‘n‘redituide
2473 2798 2811 2879 martyribus
2828 2794 3097 2879 memoria
3128 2800 3377 2879 _Gaud_en_t
3424 2799 3478 2852 in
3530 2794 3697 2879 caelis.

2047 2868 2128 2924 Ad
2190 2868 2532 2933 Matutinum,
2590 2868 2733 2923 sicut
2798 2870 2853 2923 in
2902 2869 3005 2924 alia
3061 2869 3428 2935 solemnitate,
3489 2873 3703 2923 servata

2049 2940 2386 3009 proprietate
2400 2937 2723 3007 mediifesti,
2747 2940 2821 2994 ita
2853 2945 3031 2996 tamen
3056 2940 3203 3011 quod
3229 2939 3702 3011 inedizelectiones

2049 3017 2104 3065 et
2132 3011 2311 3065 media
2343 3012 2694 3081 responsoria
2724 3010 2855 3066 fiant
2875 3012 2943 3067 de
2966 3009 3314 3081 martyribus.
3338 3014 3397 3066 ln
3425 3009 3704 3081 Laudibus

2048 3081 2330 3155 processio
2360 3082 2650 3155 adaltare,
2684 3083 2740 3137 in
2771 3081 2953 3138 reditu
2984 3082 3051 3139 de
3084 3080 3415 3155 martyribus
3438 3080 3703 3138 memoria

2047 3154 2171 3209 Cum
2201 3152 2492 3208 audieritis.
2776 3214 2785 3221 _

2119 3227 2178 3278 ln
2226 3224 2575 3281 dedicatione
2606 3224 2856 3282 ecclesiae
2886 3225 3090 3295 triplex
3116 3224 3334 3283 festum.
3386 3224 3467 3281 Ad
3504 3226 3706 3294 Vespe-

2047 3309 2135 3351 ras
2190 3300 2303 3350 aut.
2362 3296 2707 3362 Architectus,
2768 3304 2875 3353 etc.
2936 3300 3136 3353 Omnes
3191 3298 3533 3367 antiphonae,
3594 3304 3705 3351 tam

2048 3367 2261 3423 diurnie
2315 3381 2476 3436 quam
2529 3375 2837 3435 nocturnae,
2889 3370 3062 3437 prima
3109 3370 3199 3423 die
3249 3383 3373 3423 cum
3412 3373 3703 3435 pneumate

2048 3439 2332 3493 ﬁniuntur.
2383 3438 2696 3507 Antiphona
2734 3440 3099 3507 Saucliﬁcavit
3130 3439 3399 3502 Dominus,
3442 3443 3527 3492 ter
3556 3437 3707 3491 cani-

2048 3516 2157 3566 tur.
2190 3509 2332 3563 Psal.
2384 3510 2713 3579 Magnificat.
2754 3509 2936 3563 Altare
2986 3509 3159 3576 majus
3190 3515 3244 3561 et
3289 3508 3460 3562 altare
3494 3508 3707 3579 matuti-

2048 3581 2172 3635 nale
2252 3578 2629 3633 tantummodo
2709 3579 3082 3633 incensantur.
3148 3579 3277 3631 Post
3331 3578 3708 3631 Benedicamus

2052 3650 2350 3720 processio,
2380 3650 2562 3717 agitur
2606 3648 2674 3703 ad
2715 3649 3013 3720 duodecim
3064 3661 3258 3720 cruces
3302 3662 3427 3717 quae
3476 3654 3604 3701 sunt
3650 3647 3704 3720 in

2052 3718 2281 3776 ecclesia
2322 3719 2577 3788 depictae,
2611 3727 2667 3775 et
2695 3718 2898 3775 debent
2929 3719 2984 3774 in
3014 3719 3247 3790 singulis
3272 3721 3518 3788 quinque
3559 3718 3708 3773 cerei

2057 3793 2134 3863 [μ
2166 3790 2382 3863 singuli]
2416 3791 2644 3846 accendi
2675 3791 2741 3846 ad
2773 3791 3014 3861 singulas
3055 3789 3459 3863 processiones,
3505 3789 3707 3845 videli-

2055 3830 2285 3918 llieetatf
2307 3830 2573 3931 \esperas
2602 3868 2656 3918 et
2686 3832 3024 3918 Matutibuum.
3055 3830 3138 3918 ad
3197 3834 3610 3932 processionem
3660 3878 3707 3933 ιγ

2058 3949 2325 4008 Terribilis
2380 3941 2538 4012 355
2596 3955 2671 4007 est
2728 3949 2889 4018 locus,
2946 3967 3069 4008 cum
3126 3968 3305 4020 versu,
3330 3959 3384 4008 et
3406 3951 3610 4018 Gloria,
3656 3951 3705 4008 si

2054 4038 2195 4094 opus
2249 4022 2413 4078 fuerit
2459 4024 2516 4105 in
2556 4023 2921 4105 praecedendo
2966 4025 3226 4105 praglatus
3261 4024 3428 4105 debet
3446 4024 3708 4105 _singulas

2054 4108 2249 4167 cruces
2277 4106 2399 4150 cum
2430 4094 2695 4167 altaribus
2722 4096 3029 4153 incensare.
3062 4097 3121 4152 In
3162 4097 3332 4153 choro
3362 4096 3401 4156 1i
3433 4094 3583 4152 Beati
3620 4095 3709 4167 qui

2056 4166 2313 4222 habitant.
2346 4166 2530 4222 Oratio
2560 4169 2764 4235 Annae,
2797 4183 3107 4237 quwsumus,
3141 4169 3377 4223 Domine.

2126 4242 2265 4293 Ante
2312 4239 2632 4293 Matutinum
2691 4239 2939 4307 pulsetur
2996 4239 3303 4307 classicum,
3372 4238 3606 4293 Homilia
3652 4237 3711 4293 in

2059 4323 2233 4379 cappa
2263 4310 2438 4364 serica
2466 4308 2699 4379 legatur.
2730 4310 2789 4379 in
2828 4308 3104 4363 Laudibus
3134 4309 3414 4376 processio
3446 4310 3538 4362 fiat
3566 4309 3713 4363 sicut

316 4386 602 4441 tatorium.
646 4386 813 4440 Unum
863 4389 912 4439 et
960 4397 1134 4438 verum
1183 4378 1365 4448 Deum,
1416 4397 1446 4438 a
1494 4378 1731 4453 Quatuor
1760 4384 1815 4438 in
1848 4384 2036 4451 cap-D
2060 4378 2184 4453 post
2214 4382 2497 4453 YeSperas.
2532 4378 2590 4453 In
2622 4378 2862 4448 capitulo
2903 4380 3067 4453 lectio
3114 4380 3372 4453 Egressus
3415 4380 3566 4453 [esus
3589 4392 3715 4453 per:

318 4456 404 4525 pis
431 4456 640 4513 sericis
669 4460 939 4511 cantetur.
991 4455 1230 4510 Tertium
1262 4456 1738 4524 responsoriorum
1788 4455 1833 4511 0
1880 4453 1974 4508 tua:

319 4529 519 4595 mundi,
555 4542 590 4583 a
640 4527 819 4582 tribus
864 4527 920 4582 in
972 4526 1161 4596 cappis
1207 4525 1402 4582 sericis
1449 4532 1718 4581 cantetur.
1752 4526 1975 4581 Sextum

321 4598 364 4654 0
409 4614 555 4669 vere,
613 4611 643 4653 a
695 4597 870 4654 tribus
918 4598 974 4653 in
1019 4597 1209 4668 cappis
1254 4596 1469 4664 sericis,
1518 4597 1731 4652 scilicet
1788 4597 1973 4669 priore

320 4675 372 4725 et
415 4668 649 4728 duobus
676 4670 1007 4726 senioribus.
1054 4669 1114 4724 1n
1161 4669 1324 4724 tertio
1364 4673 1635 4724 nocturno
1665 4668 1889 4724 bomilia
1918 4668 1975 4723 in

319 4755 493 4812 cappa
524 4742 710 4799 serica
740 4742 997 4813 legatur;
1041 4739 1452 4813 responsorium
1477 4753 1704 4813 nonum
1736 4741 1781 4796 0
1819 4738 1977 4813 lucris

318 4811 581 4882 gaudens,
628 4827 660 4868 a
706 4811 945 4883 quatuor
985 4812 1049 4883 in,
1089 4812 1278 4881 cappis
1324 4811 1517 4867 sericis
1545 4818 1757 4883 agatur,
1792 4818 1847 4866 et
1875 4812 1979 4883 itee

320 4892 494 4957 ratur.
549 4888 618 4940 In
663 4882 943 4957 Laudibus
987 4882 1056 4957 ad
1104 4883 1415 4957 Benedictus
1464 4882 1763 4957 antiphona
1810 4882 1975 4957 Quasi

320 4954 466 5023 tuna,
527 4957 625 5012 bis
682 4956 985 5026 imponitur
1036 4953 1095 5026 et
1146 4959 1230 5026 ter
1275 4954 1511 5020 canitur,
1562 4953 1979 5026 omniaaltaria

320 5028 713 5083 incensantur.
761 5023 823 5082 in
872 5024 1113 5095 capitulo
1164 5025 1328 5081 lectio
1389 5026 1593 5092 Videte,
1638 5023 1871 5094 vigilate.
1918 5026 1981 5080 In

319 5098 428 5155 ﬁne
490 5098 728 5169 capituli
784 5113 885 5169 per
943 5103 1087 5153 totas
1132 5102 1351 5154 octavas
1402 5097 1675 5153 dicatur;
1738 5096 1980 5169 psalmus

324 5168 579 5227 Laudate
636 5168 946 5234 Dominum,
1011 5182 1185 5223 omnes
1240 5172 1434 5238 gentes.
1494 5170 1625 5225 Post
1682 5168 1981 5238 capitulum

321 5242 587 5310 pulsetur
617 5241 685 5297 ad
714 5241 1146 5311 processionem.

393 5309 730 5369 Notandum
766 5314 814 5368 si
860 5312 1057 5368 festum
1104 5309 1282 5365 sancti
1309 5311 1477 5367 Laudi
1524 5310 1660 5368 feria
1697 5327 1757 5367 ιν
1783 5311 1868 5367 vel
1902 5327 1980 5378 γι,

323 5383 411 5439 vel
459 5385 712 5440 Sabbato
756 5385 1018 5450 evenerit,
1071 5381 1163 5437 ﬁat
1212 5382 1480 5450 jejunium
1533 5387 1776 5450 Quatuor
1830 5384 1983 5438 Tem-

327 5469 533 5523 porum
567 5457 627 5510 in
660 5455 1003 5513 hebdomada
1034 5452 1371 5523 praecedenti
1402 5453 1530 5524 (53).

401 5528 707 5584 Proeessio
753 5529 811 5584 in
855 5526 1048 5597 cappis
1084 5526 1265 5596 agitur
1290 5524 1505 5592 sericis,
1536 5524 1593 5580 in
1621 5540 1729 5596 qua
1758 5540 1984 5596 proces-

407 5614 531 5686 (53)
564 5618 636 5671 In
659 5617 790 5685 festo
811 5616 1027 5688 patroni
1052 5628 1158 5670 non
1173 5609 1505 5682 jejunabant.

2058 4448 2357 4507 ambulabat
2404 4451 2642 4516 Iericho;
2706 4459 2899 4520 postea
2972 4449 3293 4506 solemuiter
3348 4449 3596 4517 pulsetur
3642 4448 3710 4503 ad

2058 4521 2489 4594 processionem,
2534 4523 2817 4594 processio
2866 4523 2920 4577 in
2969 4522 3160 4594 cappis
3197 4520 3391 4594 sericis
3421 4527 3715 4594 agatur._nr

2061 4589 2348 4650 Terribilis.
2386 4594 2451 4648 1n
2482 4589 2717 4650 statione
2751 4611 2796 4665 ιγ
2823 4596 2962 4649 Ecce
2988 4589 3396 4665 tabernaculum,
3418 4589 3711 4665 inipulpito

2059 4680 2090 4721 a
2119 4664 2296 4736 tribus
2328 4671 2579 4720 cantetur
2607 4660 2797 4722 versus
2825 4666 2891 4722 Si
2918 4666 3052 4736 quis.
3082 4663 3164 4719 Ad
3192 4663 3442 4736 missam,
3464 4660 3712 4736 Officium

2064 4734 2332 4793 Terribilis
2387 4741 2463 4791 est
2528 4736 2670 4792 locus
2735 4737 2850 4805 iste,
2901 4732 3007 4791 etc.
3070 4736 3131 4789 ln
3188 4732 3483 4789 refectorio
3546 4732 3711 4788 lectio

2059 4809 2318 4877 Egressus
2334 4809 2507 4863 Iesus.

2136 4882 2237 4933 Per
2265 4884 2508 4934 octavam
2538 4879 2605 4935 ad
2638 4880 2812 4935 Horas
2857 4882 2912 4933 et
2941 4877 3008 4931 ad
3039 4875 3256 4931 missam
3297 4875 3390 4933 ﬁat
3426 4877 3712 4934 servitium

2060 4951 2118 5006 in
2174 4950 2395 5006 modum
2450 4950 2616 5008 medii
2674 4950 2816 5005 festi.
2876 4946 3105 5003 Alleluia
3167 4949 3223 5003 in
3281 4950 3472 5019 cappis
3521 4948 3716 5002 sericis

2063 5023 2415 5088 decantetur;
2447 5022 2682 5078 ministri
2730 5021 2918 5075 altaris
2948 5019 3130 5075 tunica
3160 5025 3216 5075 et
3245 5019 3534 5075 dalmatica
3581 5031 3709 5072 ves-

2064 5094 2288 5148 tiantur.
2348 5096 2405 5149 In
2448 5092 2739 5150 refectorio
2806 5105 3089 5148 sermones
3143 5092 3212 5147 de
3250 5090 3411 5158 festo,
3452 5094 3714 5157 quantum

2065 5169 2298 5235 possunt
2335 5164 2607 5220 sufﬁcere.

2134 5237 2211 5292 De
2240 5243 2429 5291 sancto
2444 5236 2680 5292 Mellono
2694 5233 2967 5304 titduplex
2988 5232 3185 5290 festum
3215 5232 3394 5288 tertiae
3410 5231 3712 5304 dignitatis.

2134 5308 2210 5362 De
2268 5313 2458 5362 sancto
2520 5308 2766 5361 Romano
2822 5306 3060 5361 medium
3124 5305 3321 5361 festum
3385 5305 3594 5373 agitur;
3645 5303 3714 5359 ad

2064 5381 2334 5448 Vesperas
2361 5383 2474 5433 ant.
2508 5376 2785 5434 Similabo.
2819 5377 3015 5433 Psalmi
3046 5377 3115 5432 de
3141 5377 3252 5448 die.

2136 5445 2212 5505 De
2250 5456 2441 5505 sancto
2492 5449 2802 5505 Fromondo
2843 5457 3079 5517 martyre
3118 5446 3321 5516 duplex
3366 5445 3583 5503 festum.
3633 5445 3714 5502 Ad

2065 5544 2327 5609 utrasque
2360 5539 2635 5609 Vesperas_
2669 5542 2724 5593 et
2752 5538 3070 5594 Matutinum
3102 5525 3255 5609 356
3289 5549 3482 5609 cereus
3518 5535 3716 5609 ardeat

2067 5604 2255 5666 coram
2291 5604 2516 5664 feretro.
2558 5607 2639 5665 Ad
2668 5608 2936 5679 Vesperas
2982 5612 3095 5662 ant.
3147 5608 3343 5663 Beatus
3390 5607 3491 5662 uir.
3516 5604 3716 5662 Psalmi
