4100 6166
313 250 404 305 191
1443 256 1738 310 JOANNES
1775 255 2191 311 ARCHIEPISC.
2232 257 2564 311 ROTOMAG.
3575 255 3673 309 192

303 376 373 431 de
403 375 513 431 die.
544 377 908 458 Si_Dominica
952 377 1120 458 fuerit
1164 378 1231 433 ad
1272 379 1679 458 processionem
1730 380 1947 458 dicatur
1964 381 2329 458 Acapitulum
2368 381 2537 458 Verba
2554 396 2688 458 mea.
2715 380 2867 435 Sicut.
2893 380 3115 458 solitum
3134 386 3225 458 est
3234 386 3360 450 post
3378 381 3680 458 capitulum

303 449 940 522 responsoriumGloria
981 454 1029 504 et
1074 450 1296 522 honore;
1335 450 1389 504 in
1430 465 1537 522 qua
1592 449 2283 522 processione”pulsetur
2326 453 2393 508 ad
2443 453 2874 522 processionem,
2913 451 3112 507 deinde
3159 449 3250 506 ad’
3276 449 3681 509 revestiendum

304 518 470 574 debet
496 534 682 590 _capsa
731 520 878 576 beati
916 521 1210 576 Fromondi
1248 521 1526 590 deportari
1564 518 1620 576 et
1657 521 1768 578 duo
1803 523 1949 578 cerei

300 591 455 659 juxta
485 588 766 646 feretrum.

376 663 473 734 De,
498 663 762 718 Omnibus
795 664 1009 718 Sanctis
1048 663 1243 732 triplex
1289 662 1485 717 festum
1516 663 1713 734 agitur.
1754 666 1955 720 Omnes

304 733 623 801 antiphonaa
660 748 781 789 cum
814 741 1103 804 pneumate
1150 734 1427 788 ﬁniantur.
1458 733 1596 789 Ante
1635 736 1953 791 Matutinum

305 804 490 858 omina
536 805 690 874 signa
737 806 793 860 in
845 805 1131 860 classicum
1190 804 1495 874 pulsentur.
1552 807 1729 861 Prima
1786 807 1953 863 lectio

303 875 364 930 in
406 890 579 945 cappa
626 877 802 932 serica
843 891 875 930 a
923 876 1148 945 praelato
1193 875 1427 943 legatur,
1477 877 1717 933 secunda
1747 892 1777 932 a
1819 878 1955 933 sub-

306 946 493 1015 priore
541 960 651 1003 non
710 948 765 1003 in
826 960 998 1015 cappa
1045 946 1241 1013 serica,
1292 952 1509 1003 caeteras
1555 961 1586 1002 a
1642 948 1956 1004 senioribus

305 1016 450 1071 sicut
478 1025 607 1073 sunt
637 1019 691 1073 in
724 1018 916 1074 ordine
946 1017 1251 1073 constituti.
1300 1019 1359 1072 In
1388 1018 1492 1075 hac
1521 1017 1814 1076 festivitate
1844 1033 1956 1075 non

306 1090 693 1157 pronuntiatur
725 1087 1213 1158 Evangelium,sed
1244 1089 1475 1158 septima
1506 1089 1670 1145 lectio
1700 1091 1780 1146 sic
1817 1091 1958 1145 inci-

307 1159 457 1227 pitur
488 1179 506 1233 ;
534 1159 724 1233 Christi
763 1159 1147 1233 sacerdotibus.
1187 1162 1439 1233 Octavam
1478 1160 1771 1217 lectionem
1824 1161 1957 1233 legit

305 1243 447 1284 unus
475 1230 543 1303 de
566 1230 911 1303 junioribus;
945 1231 1014 1285 ad
1035 1232 1243 1303 Nonam
1264 1245 1395 1287 vero
1418 1231 1710 1287 lectionem
1733 1230 1958 1303 ponitur

304 1314 445 1374 unus
473 1300 539 1355 de
568 1301 973 1374 sacerdotibus,
1007 1316 1131 1370 quae
1161 1302 1216 1356 in
1247 1316 1420 1371 cappa
1449 1303 1625 1358 serica
1656 1300 1759 1374 legi
1791 1304 1957 1360 debet

303 1372 731 1440 Responsorium
755 1372 988 1440 primum
1010 1380 1249 1443 quatuor
1268 1374 1324 1427 in
1346 1376 1538 1443 cappis
1556 1372 1957 1430 sericisdecan-

302 1448 421 1497 tant
465 1444 695 1498 Summae
728 1444 970 1498 Trinitali
997 1441 1044 1511 ᾗ
1074 1446 1292 1499 Praestet
1336 1441 1504 1500 nobis.
1565 1444 1750 1502 Gloria
1786 1446 1954 1513 Patri,

302 1513 628 1585 reincipitur
656 1514 884 1569 Summa:
908 1515 1169 1569 Trinitati.
1196 1516 1624 1585 Responsorium
1655 1518 1956 1573 secundum

303 1583 564 1658 praelatus
594 1598 715 1639 cum
742 1584 1112 1658 duobus_aliis
1140 1583 1394 1642 similiter
1422 1588 1476 1642 in
1509 1588 1700 1658 cappis
1738 1590 1952 1644 sericis.

303 1656 513 1736 Caetera
556 1657 910 1737 responsoria
948 1656 1059 1712 duo
1098 1663 1171 1737 et
1182 1658 1292 1714 duo
1318 1656 1703 1737 cantantIsed
1737 1673 1854 1737 non
1899 1661 1957 1737 in

302 1726 493 1795 cappis
542 1726 766 1794 sericis;
799 1744 845 1798 ιγ
883 1741 1089 1783 nonum
1130 1729 1365 1785 Concede
1402 1729 1551 1785 nobis
1600 1744 1630 1785 a
1681 1731 1858 1787 tribus
1899 1726 2019 1786 inB

304 1813 497 1890 cappis
526 1815 738 1870 sericis.
771 1814 850 1890 Ad
883 1817 1290 1890 processionem
1323 1809 1482 1878 357
1516 1836 1561 1890 ιγ
1608 1819 1862 1890 Concede,
1918 1826 1956 1885 ψ

305 1829 497 1938 cappis
526 1829 738 1870 sericis.
771 1829 850 1897 an
883 1829 1290 1899 processmnem
1323 1829 1424 1878 ab
1448 1829 1478 1878 Ι
1516 1836 1561 1890 ιγ
1608 1829 1862 1886 Concede,
1918 1829 1956 1885 ψ

305 1887 347 1957 Α
382 1890 562 1957 jurent
637 1900 668 1940 a
734 1888 913 1941 tribus
977 1901 1034 1942 in
1102 1888 1314 1957 pulpito
1381 1896 1653 1945 cantetur.
1711 1888 1959 1945 Ofﬁcium

307 1956 661 2031 Gaudeamus.
698 1957 943 2031 Epistola
972 1960 1029 2031 in
1060 1956 1273 2028 pulpito
1303 1959 1524 2031 legitur.
1570 1962 1631 2016 In
1662 1960 1958 2017 refectorio

305 2026 471 2081 lectio
514 2027 699 2082 Videas
724 2030 878 2083 Jesus
907 2026 1107 2084 turbas.

376 2100 417 2152 A
468 2097 727 2171 Kalendis
794 2101 1116 2155 Novembris
1181 2116 1355 2171 usque
1402 2103 1470 2157 ad
1519 2103 1960 2159 Puriﬁcationem

305 2167 481 2244 beatze
512 2170 694 2225 Maria:
737 2172 921 2244 statim
951 2176 1076 2244 post
1121 2167 1324 2244 gratias
1363 2174 1627 2241 redditas,
1674 2175 1960 2244 praemisso

304 2240 465 2310 Pater
500 2245 696 2307 noster,
728 2240 967 2310 quando
999 2243 1085 2297 bis
1130 2240 1442 2299 comeditur
1481 2240 1732 2301 cantatur
1780 2247 1955 2301 Nona.

373 2309 455 2364 Ad
504 2309 772 2380 Vesperas
808 2318 923 2367 ant.
955 2312 1208 2369 Salvator
1242 2316 1422 2371 mundi
1452 2324 1537 2371 ter
1565 2318 1783 2372 canitur
1812 2316 1955 2371 Psal.

303 2381 635 2454 Magni/icui.
702 2384 832 2454 Post
885 2386 1153 2454 Vesperas
1217 2386 1275 2441 in
1330 2388 1646 2443 memoriam
1718 2387 1960 2442 ﬁdelium

305 2450 696 2527 defunCtorum
742 2450 1009 2527 festivius
1035 2456 1201 2511 solito
1231 2465 1467 2526 aguntur
1508 2459 1761 2527 Vesperae
1828 2459 1904 2513 ita
1942 2478 1955 2513 :

304 2522 539 2597 Primam
559 2525 942 2597 antiphonam
974 2527 1200 2595 incipiat
1230 2522 1561 2597 praecentor,
1585 2522 1815 2584 caeteras
1831 2542 1960 2584 can-

305 2598 457 2669 tores
484 2594 920 2669 bebdomadarii,
953 2594 1146 2666 psalmi
1175 2594 1421 2655 sedendo
1448 2607 1757 2666 cantentur,
1805 2600 1953 2669 quia.

302 2663 351 2718 si
396 2666 561 2739 statio
609 2663 981 2723 teneretur'et
1027 2670 1074 2723 si
1121 2670 1437 2738 antiphonae
1468 2663 1839 2739 deferrentur,
1882 2672 1959 2727 ita

306 2736 928 2812 essent_duaz_Vesperte
967 2739 1036 2812 in
1062 2736 1355 2808 conventu,
1403 2743 1550 2812 quod
1595 2736 1872 2812 nunquam
1899 2742 1961 2797 ﬁt

302 2808 428 2883 Ant.
466 2806 724 2883 Placebo,
758 2806 896 2883 psal_.
1187 2814 1303 2867 Hoc
1342 2806 1547 2869 addito
1585 2806 1743 2883 quod
1764 2814 1820 2868 in
1850 2814 1957 2869 line

305 2876 601 2951 cujuslibet
658 2876 890 2951 psalmi}
935 2883 1176 2951 Requiem
1233 2888 1479 2939 wternam
1545 2876 1780 2951 dicatur,
1846 2892 1952 2939 etc.

305 2948 447 3003 Psal.
474 2948 808 3023 yagniﬁcat,
836 2948 893 3006 in
923 2948 1033 3007 ﬁne
1059 2954 1243 3023 Kyrie,
1276 2954 1472 3009 eleison
1503 2960 1587 3011 ter
1616 2970 1738 3011 cum
1767 2948 1953 3021 cantu,

307 3019 549 3103 quandiu
571 3019 704 3103 etc.,
728 3035 834 3076 una
855 3028 1065 3103 tantum
1094 3019 1325 3103 coll-ecta
1350 3045 1366 3103 :_
1386 3025 1643 3103 Fidelium
1664 3029 1823 3103 Deus,
1847 3019 1955 3103 etc.
1979 3044 2022 3103 ο

307 3089 651 3166 Requiescant
681 3090 735 3144 in
765 3106 927 3166 pace.
978 3094 1091 3158 Qua
1120 3095 1272 3149 ﬁnita
1320 3096 1608 3151 classicum
1637 3089 1957 3166 aliquandiu

309 3159 580 3236 pulsetur,
614 3159 832 3236 interim
865 3169 1137 3219 conventu
1162 3166 1217 3219 in
1249 3166 1420 3221 choro
1451 3159 1823 3236 exspectaute.

381 3232 441 3307 In
481 3232 780 3307 crastinum
806 3238 980 3307 totum
1019 3236 1305 3290 Servitium
1339 3238 1429 3292 ﬁat
1464 3232 1565 3307 pro
1596 3237 1869 3293 defunctis
1906 3240 1961 3293 in

310 3301 531 3377 modum
563 3302 952 3377 duplicisfesti
981 3307 1159 3362 tertia:
1190 3301 1491 3377 dignitatis.
1524 3310 1603 3364 Ad
1643 3311 1963 3365 Matutinum

310 3372 599 3450 pulsentur
617 3375 773 3445 signa
792 3375 903 3450 duo
925 3382 980 3432 et
1000 3377 1133 3450 duo.
1158 3372 1376 3435 Pulsato
1403 3380 1654 3447 classico,
1680 3382 1963 3450 praemisso

309 3445 470 3499 Pater
495 3450 691 3513 noster,
725 3453 780 3501 et
808 3446 952 3504 facto
982 3449 1167 3505 sonitu
1195 3464 1227 3505 a
1258 3450 1486 3520 praelato
1518 3445 1711 3507 cantor
1757 3452 1966 3508 hebdo-

313 3532 598 3611 madarius
641 3526 799 3596 358
831 3537 1008 3611 dextri
1035 3538 1191 3594 chori
1222 3539 1433 3595 deferat
1454 3541 1683 3610 primam
1703 3542 1965 3611 antipho-

311 3617 433 3682 nam
460 3606 693 3682 pr_a:lato
716 3622 822 3682 per~
843 3609 1071 3682 chorum
1103 3606 1482 3679 extratormas,
1514 3619 1730 3668 caetera:
1752 3606 1971 3682 majori-

311 3676 414 3731 bus
443 3676 780 3752 deferantur,
808 3680 863 3734 iu
895 3681 1002 3736 ﬁne
1032 3683 1328 3750 cujuslibet
1357 3676 1571 3752 psalmi,
1604 3691 1660 3739 et
1689 3676 1854 3739 etiani
1898 3683 1968 3739 ad

312 3760 503 3821 omnes
551 3750 750 3821 Horas,
784 3752 1029 3821 chuiem
1094 3750 1587 3810 (sternam—dicatur
1615 3755 1739 3811 loco
1787 3754 1972 3810 Gloria

310 3818 478 3896 Patri.
510 3822 636 3896 aut.
662 3818 885 3896 .Dirige.
913 3822 1070 3896 Psal.
1105 3823 1297 3896 ‘Verba
1339 3840 1475 3890 mea,
1506 3831 1613 3880 etc.
1656 3827 1694 3888 ψ
1734 3828 1775 3879 Α
1817 3831 1972 3896 porta

309 3888 490 3966 inferi.
525 3889 815 3966 Lectiones
840 3892 936 3966 _ad
961 3892 1245 3966 lectricum
1287 3901 1441 3966 extra
1458 3888 1697 3951 ‘chorum
1719 3888 1974 3966 legantur

317 3964 373 4039 et
410 3965 696 4039 sumantur
733 3959 802 4039 de
840 3961 1082 4039 Epistola
1132 3964 1277 4019 beati
1302 3965 1458 4039 Pauli
1507 3966 1626 4021 Iad
1656 3959 1973 4022 Corinthios

316 4028 373 4110 in
418 4027 523 4110 ﬁne
558 4049 576 4110 ε
604 4029 665 4083 Si
693 4036 864 4110 autem
885 4027 1144 4110 'Cltristus
1168 4035 1508 4110 praedicatur,
1542 4044 1652 4092 etc.
1684 4038 1974 4110 Lectiones

318 4098 437 4180 sine
486 4098 618 4155 Jube
665 4108 730 4180 et
766 4101 885 4180 sine
937 4104 1014 4159 Tu
1059 4098 1249 4180 autem.
1299 4098 1513 4163 Nonum
1560 4108 1973 4180 responsorium

323 4168 506 4241 Libera
546 4186 644 4237 me,
685 4173 924 4241 Domine,
964 4189 996 4229 a
1033 4176 1211 4232 tribus
1267 4184 1539 4233 cantetur.
1575 4168 1771 4235 ln‘ﬁne
1823 4179 1974 4235 dicat

320 4240 945 4319 praelatusjtequiescant
963 4246 1019 4301 in
1037 4262 1191 4318 pace,
1215 4253 1270 4303 et
1301 4263 1567 4319 responso
1588 4254 1753 4306 Amen
1772 4251 1974 4307 sileant

322 4326 531 4392 omnes.
583 4315 806 4392 Interim
855 4315 1104 4386 pulsetur
1148 4315 1435 4376 classicum
1483 4321 1801 4392 aliquandiu
1841 4336 1974 4378 con-

2035 531 2160 592 post
2187 539 2309 580 cum
2340 525 2580 580 revestiti
2610 523 2814 578 fuerint
2845 524 2912 578 ad
2943 524 3200 579 Tertiam.

2106 615 2284 668 Finita
2334 615 2536 680 Tertia,
2569 619 2624 668 et
2661 619 2966 682 praeparata
3010 615 3365 682 processione
3395 628 3519 669 cum
3544 628 3686 684 aqua

2036 701 2346 767 benedicta,
2382 716 2564 767 cruce,
2607 702 2805 768 cereis,
2839 708 2891 757 et
2940 701 3247 764 thuribulo.
3280 694 3436 764 359
3492 704 3686 761 induto

2037 774 2199 828 etiam
2223 773 2469 840 praalato,
2493 778 2548 827 et
2573 774 2839 827 ministris
2864 773 3004 828 albis
3034 775 3258 842 paratis,
3282 782 3507 830 cantore
3542 776 3685 831 inci-

2039 846 2223 913 piente
2245 861 2290 915 ly
2302 844 2467 899 Credo
2487 844 2623 913 quod
2637 843 2962 915 Redemptor,
2981 850 3138 900 exeat
3155 846 3436 914 processio
3452 860 3552 915 per
3561 847 3688 903 dex-

2039 924 2177 988 tram
2198 929 2417 970 crucem
2452 914 2724 988 ecclesiae,
2760 914 3021 988 praelatus
3047 923 3301 988 aspergat
3328 914 3569 973 tumulos
3597 919 3691 974 de-

2039 985 2370 1042 functorum.
2394 987 2615 1042 lnterim
2652 992 2923 1042 conventu
2953 987 3009 1041 in
3039 985 3265 1044 basilica
3285 988 3536 1044 ordinate
3570 1004 3691 1046 exs-

2039 1064 2293 1128 pectante
2304 1064 2355 1113 et
2377 1064 2630 1113 cantante
2652 1060 3001 1127 responsoria
3016 1058 3504 1127 historim,scilicet
3520 1062 3686 1117 Credo

2039 1130 2176 1200 quod
2225 1129 2550 1200 Redemptor,
2599 1137 2731 1194 etc.,
2782 1135 3045 1199 quantum
3110 1144 3250 1200 opus
3295 1130 3480 1199 fuerit,
3531 1138 3691 1187 exeat

2041 1201 2301 1273 praelatus
2348 1215 2470 1273 cum
2521 1201 2788 1256 ministris
2828 1209 2882 1256 et
2921 1216 3106 1269 cruce,
3138 1209 3194 1257 et
3222 1202 3419 1267 cereis,
3465 1210 3521 1257 et
3548 1217 3690 1273 aqua

2039 1271 2330 1328 benedicta
2368 1272 2422 1326 in
2455 1286 2743 1327 commune
2791 1275 3164 1328 cmmeterium
3228 1271 3688 1343 parochianorum

2040 1344 2217 1417 etgibi
2277 1346 2704 1417 circumquaque
2761 1357 2955 1413 aquam
3014 1345 3357 1400 benedictam
3406 1353 3689 1417 aspergat;

2039 1414 2240 1495 deinde
2271 1429 2522 1495 regresso
2562 1416 2790 1495 praelato
2840 1417 3106 1495 procedat
3135 1423 3249 1472 tota
3280 1414 3562 1495 processio
3576 1414 3693 1486 'per

2040 1486 2358 1548 claustrum,
2398 1487 2519 1555 ipso
2549 1486 2780 1556 praefato
2809 1487 3064 1543 similiter
3109 1501 3303 1557 aquam
3348 1488 3693 1544 benedictam

2039 1566 2386 1629 aspergente,
2420 1571 2530 1627 quo
2561 1564 2879 1613 transeunte
2926 1573 3049 1613 cum
3097 1559 3365 1614 ministris
3393 1560 3450 1613 in
3487 1574 3695 1616 cmme-

2038 1629 2238 1684 terium
2270 1629 2519 1694 fratrum,
2570 1634 2874 1685 conventus
2918 1636 3045 1686 ante
3076 1630 3373 1700 capitulum
3413 1630 3469 1684 iu
3499 1632 3694 1687 ordine

2041 1713 2142 1756 suo
2181 1707 2333 1756 stans
2377 1700 2641 1768 praedicta
2671 1702 3023 1770 responsoria
3070 1702 3244 1769 ﬁniat,
3276 1701 3478 1771 quibus
3527 1702 3695 1758 ﬁnitis

2045 1771 2261 1827 dicatur
2290 1772 2476 1842 Kyrie,
2498 1771 2695 1827 eleison
2722 1778 2808 1827 ter
2835 1786 2960 1828 cum
2991 1779 3175 1841 cantu,
3210 1772 3470 1842 praelatus
3498 1773 3646 1828 dicat
3678 1794 3691 1829 :

2043 1845 2110 1898 Et
2137 1859 2202 1898 ne
2228 1858 2344 1910 nos,
2376 1848 2484 1898 etc.
2516 1844 2677 1908 Deus,
2718 1844 2881 1898 uenite
2901 1842 3139 1913 largitor.
3175 1845 3337 1911 Deus,
3370 1844 3515 1913 cujus
3542 1845 3696 1899 mise-

2038 1916 2265 1969 ratione.
2287 1916 2349 1971 In
2380 1914 2488 1986 ﬁne
2507 1916 2847 1986 Requiescant
2875 1915 2931 1969 in
2957 1930 3106 1986 pace.
3138 1918 3322 1970 Amen.
3344 1917 3540 1972 Postea
3570 1929 3693 1972 cum

2041 1991 2253 2055 septem
2300 1984 2524 2055 psalmis
2553 1984 2671 2042 sine
2721 1984 2905 2041 Gloria
2946 1984 3096 2041 Patri
3126 1988 3182 2041 in
3225 1987 3451 2042 chorum
3504 1986 3694 2043 redeat

2042 2062 2365 2122 conventus,
2408 2057 2639 2125 paalatus
2669 2071 2791 2113 cum
2822 2058 3088 2112 ministris
3116 2058 3172 2113 in
3203 2058 3599 2114 revestiarium.
3634 2060 3694 2114 lu

2040 2134 2251 2199 septem
2299 2128 2631 2198 psalmorum
2679 2129 2897 2183 dicatur
2923 2130 3166 2199 Requiem
3211 2134 3477 2195 (sternam,
3527 2131 3696 2199 Kyrie

2041 2198 2236 2254 eleison
2265 2208 2351 2255 ter
2377 2200 2497 2255 sine
2527 2206 2711 2267 cantu,
2743 2201 2942 2254 iterum
2994 2198 3116 2255 eum
3136 2200 3419 2270 praedictis
3438 2198 3697 2270 precibus

2042 2270 2261 2326 dicatur
2323 2272 2501 2327 oratio
2578 2271 2832 2336 Absolve;
2900 2271 3102 2327 deinde
3176 2272 3390 2341 pulsato
3464 2272 3696 2329 classico

2042 2342 2206 2397 missa
2245 2356 2345 2412 pro
2393 2342 2649 2399 ﬁdelibus
2689 2342 2757 2397 ad
2787 2345 2961 2411 majus
2989 2343 3159 2398 altare
3188 2343 3509 2399 solemniter
3537 2344 3697 2399 cele-

2041 2429 2251 2495 bretur,
2293 2431 2566 2486 Diaconus
2608 2432 2808 2487 habeat
2838 2422 3005 2493 360
3055 2432 3418 2497 dalmaticam,
3467 2431 3696 2488 subdia-

2043 2514 2219 2556 conus
2248 2502 2511 2569 tunicam,
2533 2510 2789 2559 cantores
2809 2502 3225 2558 hebdomadarii
3245 2502 3475 2558 chorum
3507 2510 3695 2574 regant

2043 2587 2164 2645 cum
2213 2580 2575 2641 praecentore.
2608 2574 2855 2630 Ofﬁcium
2879 2575 3125 2645 Requiem
3152 2579 3419 2645 cateruam.
3452 2574 3593 2628 Psal.
3630 2577 3701 2630 Tc

2042 2642 2206 2716 decet,
2285 2645 2482 2699 iterum
2538 2647 2781 2716 Requiem
2845 2642 3111 2711 (sternam,
3175 2645 3298 2701 loco
3339 2644 3523 2699 Gloria
3553 2647 3703 2701 Patri

2040 2714 2257 2770 dicatur
2284 2730 2474 2770 versus
2502 2714 2719 2772 Exaudi
2739 2716 3045 2779 orationem,
3077 2723 3184 2771 etc.
3218 2718 3416 2772 lterum
3456 2717 3702 2786 Requiem

2041 2792 2307 2841 (sternam.
2342 2788 2456 2841 Una
2487 2792 2696 2842 tantum
2718 2788 2918 2853 oratio,
2942 2787 3160 2842 scilicet
3178 2786 3432 2842 Fidelium
3454 2787 3702 2855 Epistola

2038 2859 2207 2912 Facta
2236 2861 2312 2911 est
2329 2872 2487 2928 super
2504 2873 2584 2912 me
2602 2874 2785 2913 manus
2813 2859 3020 2913 Domini
3048 2858 3402 2914 Graduale.Si
3421 2856 3700 2923 ambulem,

2037 2942 2070 2983 a
2117 2928 2334 2983 duobus
2381 2929 2449 2984 ad
2497 2929 2699 2999 gradus
2744 2930 2800 2984 in
2849 2931 3039 2999 cappis
3085 2930 3277 2985 sericis
3323 2934 3594 2994 cantetur,
3645 2936 3703 2985 et

2043 2999 2420 3069 reincipiatur.
2463 3001 2688 3056 Tractus
2735 3002 2813 3056 De
2841 3001 3133 3071 profundis,
3170 3008 3320 3056 totus
3347 3017 3376 3056 a
3416 3001 3593 3055 tribus
3632 3001 3687 3055 in

2042 3071 2233 3140 cappis
2260 3072 2454 3126 sericis
2474 3079 2744 3127 cantetur.
2772 3072 3119 3141 Evangelium
3140 3073 3288 3128 Sicut
3309 3074 3467 3128 Pater
3482 3071 3703 3127 suscitat

2043 3141 2391 3197 Oﬁ‘ertorium
2412 3143 2629 3197 Domine
2664 3145 2789 3198 Jesu
2812 3142 3031 3198 Christe.
3047 3144 3316 3199 Sacerdos
3326 3144 3562 3209 Hostias,
3587 3149 3695 3197 etc.

2045 3212 2367 3284 Communio
2406 3216 2524 3267 Lua:
2553 3218 2771 3279 wtema,
2794 3214 3038 3284 Requiem
3073 3220 3338 3269 (sternam.
3370 3216 3431 3269 in
3452 3214 3557 3269 ﬁnc
3579 3213 3701 3268 nul-

2045 3283 2155 3338 lum
2187 3285 2401 3353 signum
2432 3284 2699 3353 pulsetur.
2732 3285 2810 3341 Ad
2834 3283 3041 3341 Nonam
3068 3294 3194 3355 post
3212 3287 3417 3355 gratias
3434 3285 3698 3341 redditas.

2117 3355 2427 3410 Notandum
2474 3356 2623 3425 quod
2666 3358 2711 3412 si
2760 3355 3028 3411 festivitas
3072 3358 3322 3412 Omnium
3368 3359 3702 3413 Sanctorum

2046 3427 2104 3481 in
2161 3426 2399 3482 Sabbato
2456 3428 2781 3493 occurrerit,
2829 3426 3069 3483 ofﬁcium
3117 3428 3358 3483 ﬁdelium
3416 3441 3591 3497 usque
3640 3428 3699 3483 in

2048 3498 2347 3569 secundam
2370 3497 2585 3569 feriam
2634 3505 2955 3569 sequentem
3005 3501 3224 3569 penitus
3270 3507 3581 3554 reservatur
3631 3511 3700 3553 co

2050 3568 2215 3624 modo
2246 3567 2553 3639 quo'supra
2584 3567 2791 3625 dictum
2823 3576 2907 3625 est
2927 3567 3342 3635 celebrandum;
3375 3571 3431 3624 in
3464 3570 3701 3625 Sabbato

2049 3654 2179 3695 vero
2244 3640 2312 3696 ad
2365 3642 2650 3710 Vesperas,
2706 3641 2811 3697 hoc
2861 3649 2965 3707 est,
3015 3642 3071 3696 in
3116 3641 3407 3697 festivitate
3454 3642 3704 3696 Omnium

2051 3713 2374 3768 Sanctorum
2418 3713 2509 3767 ﬁat
2538 3713 2802 3768 memoria
2830 3712 2899 3768 de
2929 3714 3211 3768 Dominica
3249 3720 3481 3768 tantum.

2123 3802 2197 3857 De
2225 3803 2280 3856 S.
2313 3801 2649 3870 Rumphario
2678 3801 2881 3871 duplex
2903 3801 3098 3873 festum
3123 3802 3381 3858 secundae
3401 3802 3704 3873 dignitatis.

2050 3872 2130 3926 Ad
2162 3875 2428 3941 Vesperas
2456 3873 2756 3944 antiphona
2786 3871 3040 3929 Similabo
3069 3889 3185 3928 eum
3220 3881 3276 3929 et
3303 3874 3424 3929 alia:
3454 3871 3710 3944 antipbo-

2054 3956 2300 4016 naecum
2330 4014 2338 4016 _
2352 3943 2574 4016 psalmis
2604 3944 2673 4016 de
2705 3944 2823 4011 die;
2858 3951 2915 3999 et
2983 3945 3166 4001 omnia
3212 3945 3319 4000 alia
3361 3945 3419 4000 in
3468 3943 3706 4016 hymnis,

2054 4014 2392 4083 antipbonis,
2455 4015 2679 4084 psalmis
2733 4022 2788 4070 et
2838 4016 3226 4085 responsoriis,
3272 4017 3417 4072 sicut
3464 4014 3522 4071 in
3562 4014 3709 4071 festo

2055 4095 2190 4164 36|
2234 4104 2289 4158 S.
2322 4102 2512 4169 Laudi,
2546 4111 2777 4173 excepto
2798 4104 2944 4174 quod
2976 4106 3032 4159 in
3054 4105 3156 4160 hac
3186 4104 3479 4161 festivitate
3520 4119 3712 4161 omnes

2055 4174 2515 4246 antiphonaanon
2567 4176 2832 4231 ﬁniuntur
2877 4190 2999 4231 cum
3049 4183 3361 4246 pneumate.
3417 4177 3710 4233 Sciendum

2056 4247 2217 4301 etiam
2249 4245 2397 4314 quod
2428 4261 2569 4319 unus
2598 4261 2793 4303 cereus
2821 4248 2889 4302 ab
2931 4245 3087 4304 initio
3118 4249 3413 4318 primarum
3448 4251 3713 4319 Vespera-

2056 4332 2175 4372 rum
2225 4332 2394 4386 usque
2428 4318 2495 4373 ad
2536 4319 2696 4374 ﬁnem
2727 4319 3091 4374 secundarum
3139 4328 3265 4375 ante
3296 4334 3513 4388 capsam
3563 4319 3711 4374 beati

319 4393 490 4464 ventu
515 4386 571 4464 in
602 4386 784 4464 choro.
811 4396 1182 4458 exspectante.
1217 4392 1395 4464 Finito
1440 4386 1671 4450 classico
1715 4387 2386 4464 praelatuleiumpharii
2408 4392 2668 4446 continue
2699 4390 2865 4446 debet
2893 4390 3105 4464 ardere.
3139 4392 3199 4445 In
3239 4386 3481 4460 capitulo
3511 4390 3657 4446 lecto
3694 4409 3708 4445 :

320 4455 551 4528 incipiat
615 4455 969 4527 antiphonam
1025 4476 1056 4516 a
1098 4470 1323 4519 cantore
1369 4455 1803 4521 hebdomadario
1864 4465 1970 4521 sibi

320 4528 576 4594 delatam,
616 4529 990 4599 Exsultabunt,
1033 4539 1139 4588 etc.
1187 4534 1267 4588 Ad
1300 4536 1531 4591 Primam
1579 4543 1634 4592 et
1681 4536 1748 4592 ad
1781 4550 1973 4592 omnes

318 4601 495 4677 Horas
552 4600 1015 4677 hebdomadarius
1053 4605 1283 4677 majoris,
1320 4606 1499 4663 missae
1550 4608 1778 4677 incipiat
1824 4608 1971 4663 antis

321 4671 560 4748 phonam
610 4672 921 4748 loqueus,
962 4671 1391 4748 in‘adjutorinm.
1425 4680 1483 4733 ln
1516 4671 1758 4748 capitulo
1789 4679 1973 4734 omni-

322 4741 453 4820 ﬁant
481 4743 625 4820 sicut
653 4744 872 4820 solitum
900 4751 1003 4820 est,
1037 4741 1203 4802 lectio
1237 4750 1452 4818 Tempus
1481 4741 1617 4820 quod
1646 4750 1782 4805 inter
1808 4750 1974 4805 homi-

322 4816 404 4865 nis
425 4817 657 4879 mortem,
678 4816 797 4871 sine
823 4816 955 4872 lube
982 4826 1038 4873 et
1069 4820 1189 4874 sine
1213 4821 1288 4873 Tu
1308 4816 1504 4881 autem;
1521 4820 1752 4892 legatur.
1776 4822 1837 4876 In
1864 4821 1972 4876 ﬁne

2054 4462 2224 4533 Homo
2265 4462 2476 4531 quidam
2512 4476 2752 4533 peregre.
2802 4462 3085 4517 Processio
3142 4468 3335 4532 agatur
3380 4476 3503 4517 cum
3548 4474 3712 4530 capsa

2053 4532 2199 4587 beati
2233 4533 2577 4604 Rumpharii,
2605 4533 2718 4604 sed
2757 4546 2867 4587 non
2899 4533 2954 4586 in
3004 4535 3195 4603 cappis
3223 4534 3435 4589 sericis.
3468 4533 3548 4589 Ad
3581 4546 3713 4602 pro-

2053 4605 2358 4660 cessionem
2383 4603 2435 4674 ty
2455 4606 2572 4662 Sint
2594 4603 2771 4669 lumbi,
2796 4604 2905 4674 duo
2937 4604 3081 4659 cerei
3097 4606 3251 4674 juxta
3272 4619 3489 4673 capsam
3511 4604 3712 4673 depor-

2054 4682 2239 4730 tentur
2266 4676 2311 4730 si
2343 4672 2597 4732 aﬁ‘uerint
2618 4676 2803 4745 pueri;
2837 4672 2898 4746 ἦ,
2918 4672 3137 4743 Vigilate
3156 4677 3210 4731 in
3235 4672 3449 4746 pulpito
3471 4691 3502 4730 a
3532 4672 3712 4746 tribus

2054 4746 2397 4802 decantetur.
2429 4747 2510 4802 Ad
2542 4742 2781 4812 missam,
2815 4742 3055 4802 ofﬁcium
3086 4742 3301 4814 Statuit,
3328 4742 3435 4805 etc.
3464 4745 3710 4817 Epistola

2054 4819 2111 4874 in
2142 4820 2356 4889 pulpito
2389 4820 2621 4889 legatur.
2968 4834 2975 4839 '

1495 4977 1933 5064 INCERTI
1994 4975 2540 5065 AUCTOBIS

1055 5102 1593 5196 EXPOSITIO
1681 5105 2001 5196 SUPER
2088 5102 2566 5194 CANONEM
2664 5102 2989 5194 MISSIE

1332 5229 1700 5297 Secundum
1747 5231 2150 5296 Amalarium
2198 5230 2337 5317 [7728.
2392 5229 2706 5317 Alarium]

1454 5386 1471 5397 κ
1500 5344 1617 5416 (Ea:
1664 5347 1835 5401 Veteri
1863 5361 1959 5401 ms.
1993 5347 2171 5402 codice
2210 5344 2534 5416 Bigotiano.)

400 5489 966 5582 Damirtuspobiscum.
999 5494 1512 5582 Salutatns‘acerdos
1542 5498 1804 5582 populum
1845 5505 1982 5582 crat
2066 5499 2263 5582 pensio
2293 5499 2502 5582 .populi
2530 5506 2695 5582 atque
2724 5502 2932 5582 oratio,_
2970 5506 3031 5557 ut
3058 5500 3202 5582 sicut
3228 5499 3512 5582 sacerdos
3533 5499 3711 5582 oravit

333 5569 395 5618 ut
442 5562 705 5619 Dominus
750 5566 823 5622 sit
868 5582 989 5624 cum
1040 5566 1158 5624 illo.
1207 5568 1279 5623 Et
1326 5583 1438 5624 cum
1476 5562 1665 5642 spiritu
1721 5575 1807 5626 tuo
1845 5570 1983 5627 Res-
2065 5562 2126 5628 ut
2152 5562 2414 5628 Dominus
2441 5579 2587 5634 esset
2605 5562 2735 5630 'cum
2768 5562 2993 5644 populo,
3046 5578 3103 5627 et
3130 5571 3370 5642 populus
3397 5577 3519 5627 orat
3556 5570 3706 5641 quod

4082 784 4093 879 τ

4084 938 4091 1001 r
