4100 6166
333 264 432 321 195

326 388 667 460 angelorum.
690 455 706 460 Α
734 383 970 460 Supplici

329 454 523 519 humili
572 454 941 515 confessione.
999 454 1138 523 Quid
1179 454 1439 528 humilius
1478 455 1773 510 conﬁteri?
1810 471 1973 528 quam

326 532 698 601 nosmetipsos
727 535 936 601 aeterno
975 528 1121 583 Patri
1161 541 1260 597 per
1297 525 1491 601 lj‘ilium
1531 533 1795 601 aeternum
1826 525 1973 584 com-

325 596 609 670 mendaré,
670 608 725 657 et
763 600 831 655 de
889 604 1075 654 nostra
1132 596 1666 670 conscientia,__sive
1725 599 1973 655 bonitate

326 675 465 731 nihil
495 668 852 746 praesumere?
883 677 956 746 et_
969 672 1122 739 juxta
1153 668 1630 746 vocesangelieas
1669 684 1791 726 eum
1823 685 1974 746 sem-

328 761 429 818 per
456 739 798 803 incessanter
828 741 1055 797 credere
1086 746 1141 796 et
1171 739 1498 812 praedicare,
1530 740 1801 809 dicentes,
1833 743 1973 798 San-

330 841 441 892 ctus
487 827 644 897 368
692 836 922 898 sanctus,
971 835 1201 885 sanctus.
1250 831 1490 885 Joannes
1534 830 1870 898 evangelista
1917 831 1973 885 in

328 905 667 976 Apocalypsi
697 903 920 973 scripsit
965 916 1023 957 se
1060 901 1262 976 vidisse
1310 909 1439 957 ante
1488 901 1749 957 thronum
1785 902 1879 976 Dei
1905 910 1976 976 _et

335 973 459 1048 agni
509 973 699 1047 viginti
738 980 974 1044 quatuor
1008 973 1294 1048 seniores,
1329 979 1383 1028 et
1435 979 1675 1048 quatuor
1721 973 1976 1029 animalia

337 1044 590 1117 astantis,
622 1054 677 1103 et
705 1048 1043 1117 incessanter
1091 1044 1395 1117 dicentia;
1422 1044 1670 1117 Sanctus,
1720 1050 1933 1117 sanctus
1957 1089 1970 1112 ,

335 1115 581 1187 sanctus,
625 1126 729 1175 etc.
780 1116 917 1187 (cap.
960 1120 1057 1180 1v).
1108 1116 1240 1171 Ideo
1288 1115 1493 1170 dicitur
1540 1115 1715 1170 tribus
1762 1116 1976 1171 vicibus

338 1194 586 1254 Sanctus,
625 1195 685 1245 ut
721 1187 1125 1259 signiﬁcaretur
1156 1190 1328 1259 Pater
1367 1193 1610 1252 sanctus,
1643 1187 1811 1242 Filius
1851 1201 1976 1244 san-

340 1272 478 1327 ctus,
511 1262 745 1331 Spiritus
782 1258 959 1314 Patris
997 1258 1212 1331 eteFilii
1259 1264 1501 1331 sanctus.
1563 1259 1669 1313 Sed
1728 1260 1975 1328 quamvis

340 1329 631 1403 tripliciter
672 1333 848 1403 [ms.,~
882 1329 1208 1403 dupliciter]
1268 1330 1483 1384 dicatur
1540 1331 1806 1403 sanctus,
1861 1343 1972 1387 non

338 1401 516 1461 tamen
556 1401 760 1459 dicitur
798 1401 995 1470 plurali
1026 1413 1256 1456 numero
1294 1402 1541 1467 Sanctus,
1583 1401 1688 1456 Sed
1729 1404 1975 1471 quamvis

339 1490 446 1534 una
473 1476 738 1532 sanctitas
765 1473 822 1527 in
853 1474 921 1528 iis
950 1472 1127 1527 tribus
1164 1473 1434 1541 personis,
1476 1480 1531 1527 et
1560 1487 1667 1528 una
1695 1475 1975 1529 aeternitas

341 1547 698 1617 intelligatur.
765 1544 1015 1617 Dominus
1077 1545 1217 1617 Deus
1279 1544 1552 1617 sabbaoth.
1611 1544 1889 1617 Sabbaoth
1942 1560 1974 1599 a

342 1615 545 1676 multis
568 1619 711 1673 solet
765 1616 1116 1684 interpretari
1157 1615 1495 1686 omnipotens,
1544 1629 1576 1669 a
1622 1615 1808 1670 multis
1845 1630 1973 1672 vero

338 1690 657 1746 exercituum
712 1687 961 1742 Dominus
1008 1687 1160 1753 Deus,
1204 1692 1263 1741 ut
1306 1687 1423 1755 ipse
1471 1700 1662 1742 omnes
1699 1687 1974 1743 exercitus

338 1762 658 1827 angelorum
696 1766 860 1827 atque
908 1758 1187 1813 hominum
1244 1757 1583 1827 disponeret.
1640 1758 1789 1813 Pleni
1852 1765 1971 1815 sunt

338 1777 406 1817 an
448 1777 658 1816 ΒΙΟῙἯΙΙΙ
696 1777 860 1827 atque
908 1777 1187 1813 llOlIllUUIIl
1244 1777 1583 1827 utspoueret.
1640 1777 1789 1813 metu
1852 1777 1971 1815 sunt

338 1777 456 1889 οωῗί
493 1837 541 1888 et
588 1837 730 1886 terra
763 1829 934 1897 gloria
982 1834 1091 1896 tua,
1142 1831 1397 1884 Hosanna
1436 1831 1489 1884 in
1538 1829 1780 1884 excelsis.
1828 1833 1979 1898 Quo-

337 1903 503 1960 modo
555 1916 699 1959 nunc
754 1900 957 1956 dicitur
1021 1907 1280 1970 corrupte
1335 1903 1611 1967 Ilosanna,
1672 1916 1795 1956 cum
1852 1909 1978 1957 ante

336 1976 624 2033 dicebatur
679 1975 985 2042 liosyanna.
1027 1974 1134 2041 Osy
1199 1973 1510 2042 interjectio
1570 1979 1653 2028 est
1709 1973 1981 2028 laudantis

336 2048 473 2116 [ms.,
516 2044 709 2113 laudis]
744 2045 856 2099 sive
888 2043 1321 2113 magniﬁcantis;
1373 2057 1515 2116 anna
1562 2043 1799 2116 salvi/ica
1821 2066 1839 2109 ;
1873 2045 1970 2100 sed

332 2115 594 2187 corrupte
625 2116 830 2187 dicitur
856 2117 1132 2187 llosanna,
1166 2122 1222 2170 et
1250 2115 1483 2185 intelligi
1506 2122 1687 2187 potest
1716 2115 1975 2185 saluiﬁca,

330 2189 414 2246 vel
453 2186 658 2244 salvum
696 2186 821 2252 fac;
855 2187 911 2241 in
938 2186 1179 2251 excelsis,
1214 2187 1269 2242 id
1300 2195 1384 2242 est
1424 2188 1481 2242 in
1510 2186 1637 2242 altis
1665 2188 1976 2243 Benedictus

330 2261 419 2331 qui
448 2260 584 2315 venit
612 2260 665 2331 in
684 2258 889 2331 nomine
911 2258 1117 2331 Domini
1143 2258 1350 2331 (Matth.
1375 2274 1485 2326 xxx,
1513 2258 1569 2331 9;
1600 2261 1773 2314 Marc.
1800 2275 1875 2326 x1,
1901 2259 1977 2331 9).

329 2328 555 2401 Quando
612 2328 863 2385 Christus
925 2329 1077 2401 venit
1137 2330 1437 2401 Jerusalem
1504 2330 1849 2385 descendens
1910 2330 1979 2385 de

331 2399 518 2459 monte
550 2401 771 2466 Oliveti,
803 2407 937 2456 tunc
984 2399 1082 2455 ﬁlii
1130 2400 1298 2456 Israel
1347 2401 1738 2466 clamaverunt,
1780 2402 1977 2457 dicen-

334 2479 452 2531 tes:
506 2472 800 2530 benedictus
838 2472 928 2541 qui
979 2472 1114 2542 venit
1171 2472 1225 2527 in
1279 2472 1483 2528 nomine
1538 2472 1747 2527 Domini
1805 2472 1976 2600 gloria.

334 2561 431 2600 xu.
471 2543 727 2600 l3);sed
760 2542 892 2600 auid
941 2543 1269 2600 signiﬁcavit
1317 2543 1410 2598 ille
1468 2551 1738 2599 adventus
1774 2545 1811 2599 C
1859 2543 1976 2599 risti

333 2561 431 2614 xu,
471 2543 560 2614 13)
587 2565 601 2610 ;
630 2543 727 2600 sed
760 2542 892 2612 quid
941 2543 1269 2613 signiﬁcavit
1317 2543 1410 2598 ille
1468 2551 1738 2599 adventus
1774 2542 1978 2600 Christi

331 2633 652 2698 Jerusalem,
732 2631 838 2686 nisi
914 2629 1152 2686 futuram
1226 2632 1689 2687 resurrectionem
1724 2674 1737 2697 ,
1817 2623 1974 2693 369

332 2705 554 2774 quando
603 2703 822 2759 futurus
860 2703 966 2757 erit
1005 2702 1257 2772 judicare
1294 2702 1445 2758 vivos
1502 2709 1555 2758 et
1616 2709 1881 2770 mortuos,
1925 2710 1980 2758 et

329 2776 647 2846 apparuerit
674 2774 837 2829 nobis
864 2774 921 2846 in
954 2774 1143 2829 eadem
1175 2788 1340 2828 carne
1380 2789 1487 2843 qua
1513 2788 1614 2844 pro
1655 2775 1817 2831 nobis
1854 2789 1981 2844 pas-

331 2845 425 2904 sus
452 2852 577 2903 est?
605 2848 671 2902 Et
702 2852 831 2900 tunc
867 2845 922 2899 in
970 2846 1171 2900 nomine
1198 2847 1324 2900 Jesu
1350 2861 1499 2900 omne
1553 2861 1687 2913 genu
1740 2848 1981 2915 ﬂectatur

329 2918 630 2983 caelestium,
677 2918 997 2973 terrestrium
1037 2922 1087 2972 et
1128 2917 1451 2985 infernarum
1496 2916 1710 2988 (Philip.
1763 2933 1822 2983 Π,
1871 2916 1976 2986 10),

332 2996 387 3046 et.
416 2998 617 3047 caetera
655 3003 781 3057 quae
811 2988 951 3042 dixit
977 2988 1297 3056 Apostolus.

956 3076 1135 3131 Conon
1163 3075 1353 3130 missas.

409 3168 478 3223 Te
513 3166 691 3235 igitur,
715 3162 1106 3219 clementissime
1160 3166 1338 3221 Pater.
1384 3164 1471 3235 ,Te
1529 3162 1695 3229 clare,
1754 3164 1812 3222 id
1870 3171 1972 3234 est,

334 3234 758 3294 clementissime
813 3237 993 3302 Pater,
1051 3235 1315 3306 Clemens
1360 3234 1582 3303 dicitur,
1634 3237 1789 3306 quasi
1830 3236 1976 3292 clara

334 3324 506 3376 mens,
567 3308 679 3364 sive
738 3307 1043 3375 abundans,
1102 3308 1215 3362 sive
1274 3305 1610 3363 clarissimus
1648 3305 1732 3363 est
1769 3316 1971 3378 mente,

334 3388 390 3438 et
437 3379 985 3439 misericordissimus
1040 3377 1209 3434 corde
1264 3379 1444 3435 Pater.
1498 3381 1617 3434 Non
1676 3380 1802 3437 ideo
1852 3377 1974 3436 eum

332 3453 566 3509 dicimus
632 3452 955 3507 clementem
1026 3455 1081 3505 et
1138 3448 1547 3506 misericordem
1602 3452 1750 3521 quod
1808 3466 1976 3508 mem-

332 3525 448 3582 bris
473 3523 777 3593 corporeis,
810 3521 894 3593 vel
934 3521 1122 3587 corde,
1163 3527 1258 3577 aut
1295 3528 1478 3577 mente
1524 3522 1597 3578 sit
1636 3523 1976 3593 compositus

333 3598 476 3653 sicut
511 3592 678 3652 homo
702 3638 716 3661 ,
758 3592 856 3650 sed
895 3593 1022 3650 ideo
1062 3592 1388 3650 clementem
1445 3600 1499 3648 ct
1558 3592 1973 3652 miseric‘ordem

333 3669 647 3734 clamamus,
688 3672 749 3722 ut
786 3666 937 3721 illam
976 3665 1273 3721 clamemus
1301 3665 1669 3733 clementiam,
1712 3673 1766 3723 et
1805 3668 1974 3723 mise-

332 3739 627 3796 ricordiam
667 3751 833 3809 super
871 3749 973 3809 nos
1010 3736 1076 3790 ab
1107 3736 1229 3809 ipso
1258 3737 1576 3809 sentiamus,
1610 3744 1665 3792 et
1694 3738 1973 3809 intelliga-

334 3825 475 3875 mus,
518 3809 664 3864 unde
704 3807 969 3863 Salvatori
1007 3808 1210 3875 gratias
1266 3807 1582 3863 debeamus.
1645 3810 1743 3864 Per
1799 3807 1974 3865 Iesum

334 3881 594 3937 Christum
629 3876 820 3935 Filium
857 3882 1017 3931 tuum.
1074 3879 1233 3932 Jesus
1287 3880 1494 3944 Graece,
1553 3880 1744 3935 Latine
1798 3878 1977 3935 salva-

336 3956 418 4006 tor
455 3952 567 4005 sive
604 3946 856 4003 salutaris
893 3946 1116 4002 dicitur.
1175 3948 1420 4005 Salvator
1475 3962 1540 4004 eo
1598 3950 1746 4018 quod
1803 3951 1973 4006 salvat

336 4021 599 4091 populum
639 4032 796 4073 suum
835 4033 864 4072 a
896 4019 1136 4091 peccatis
1165 4033 1353 4073 eorum
1379 4041 1393 4087 ;
1436 4019 1563 4075 ideo
1589 4020 1759 4075 salvat
1787 4035 1817 4075 a
1849 4036 1977 4091 pec-

337 4089 495 4159 catis,
536 4092 666 4217 quia
696 4095 1036 4173 polestateni.
1053 4089 1218 4144 habet
1248 4091 1301 4144 in
1335 4099 1479 4146 terra
1510 4091 1823 4174 dimittendi
1850 4089 1978 4162 pec-

337 4170 459 4217 cata
487 4177 545 4217 sa
572 4168 742 4217 utaris
770 4162 896 4217 ideo
928 4160 1150 4217 dicitur.
1184 4161 1311 4217 quia
1341 4162 1571 4216 salutem
1610 4164 1771 4217 nobis
1800 4163 1972 4217 dedit.

337 4170 459 4219 cata
487 4160 742 4218 salutaris
770 4160 896 4217 ideo
928 4160 1150 4226 dicitur,
1184 4161 1311 4231 quia
1341 4162 1571 4216 salutem
1610 4164 1771 4218 nobis
1800 4160 1972 4230 dedit,

337 4242 397 4292 ut
434 4234 481 4291 si
521 4240 799 4305 praicepta
836 4234 955 4303 ejus
982 4247 1279 4299 servamus,
1302 4234 1466 4289 vitam
1497 4240 1756 4291 aeternam
1779 4248 1976 4305 capere

335 4304 631 4363 valeamus.
680 4304 871 4360 Filium
927 4309 1067 4359 tuum
1127 4305 1402 4360 Dominum
1454 4311 1725 4360 nostrum:
1780 4304 1975 4362 Filium

1463 260 1756 316 JOANNES
1791 259 2208 320 ARCHIEPISC.
2248 264 2583 321 ROTOMAG.

1024 384 1370 511 ωῖξξεεεῐοηρ,
1401 383 1647 452 dicentes,
1700 384 1807 467 ζιοο
1864 388 2265 463 est,Aquibue
2310 389 2615 447 offeruntur
2649 385 2879 452 indicat,
2919 385 2976 441 lu
3013 384 3206 456 primis
3242 383 3443 442 oﬁ‘erre
3472 385 3704 456 debent,

1024 458 1099 511 )lll
1179 454 1439 511 humilius
1478 455 1773 510 conﬁteri?
1810 471 1973 511 quam
2057 467 2163 511 hnc.
2202 469 2303 511 est-
2340 464 2393 511 in
2436 475 2542 511 una
2572 458 3020 511 congregatione.
3061 472 3216 511 auam
3250 458 3565 511 ναι-ἰήσατο.
3617 474 3703 511 cu-

3601 261 3701 318 196

2057 458 2163 522 hoc
2202 469 2304 529 est,
2339 464 2394 519 in
2436 475 2542 518 una
2572 458 3020 529 congregatione,
3061 472 3216 529 quam
3246 458 3565 529 paciﬁcans,
3617 474 3703 515 cu-

2055 536 2273 601 stodire,
2292 528 2543 590 radunare
2561 537 2608 587 et
2639 528 2820 600 regere
2848 528 3097 597 digneris,
3130 533 3235 601 toto
3250 528 3391 584 orbe
3419 535 3698 586 terrarum.

2056 610 2161 664 Pro
2188 599 2275 662 his
2304 605 2584 661 otierimus
2610 604 2667 658 in
2699 599 2890 672 primis
2913 609 2971 656 ut
3000 599 3372 670 supradictam
3392 615 3699 673 congrega-

2058 681 2265 737 tionem
2306 683 2453 733 tuam
2494 689 2593 744 per
2626 680 2796 730 totam
2837 673 3027 729 orbem
3077 679 3347 727 terrarum
3397 674 3700 742 paciﬁcam,

2057 751 2349 807 adunatam
2408 746 2686 803 custodire
2725 746 2989 815 digneris,
3038 758 3145 799 una
3192 758 3303 815 cum
3344 744 3544 814 fhmulo
3586 744 3698 812 illo,

2056 823 2164 878 hoc
2203 826 2305 887 est,
2348 833 2470 875 cum
2510 818 2606 873 illo
2646 817 2741 887 qui
2793 814 2980 872 Sedem
3026 814 3264 885 apostoli
3322 817 3472 871 Petri
3509 822 3700 883 tenet;

2060 903 2191 973 37l
2243 909 2371 980 quia
2409 907 2654 964 Ecclesia
2683 906 2739 960 in
2780 919 2886 975 qua
2927 906 3126 980 Petrus
3168 903 3427 980 princeps
3474 910 3704 980 εροξιο-

2056 983 2234 1038 lorum
2261 975 2440 1045 sedet,
2484 985 2647 1048 caput
2685 983 2769 1032 est
2808 977 3049 1032 omnium
3090 975 3457 1031 Ecclesiarum
3505 976 3705 1032 catho-

2057 1054 2324 1121 licarum;
2366 1047 2605 1120 ideoque
2640 1051 2802 1104 Petro
2843 1047 3324 1121 dixitAChristusa
3362 1049 3437 1121 Tu
3492 1063 3548 1102 es
3602 1049 3702 1102 Pe-

2056 1130 2187 1194 trus,
2219 1130 2267 1181 et
2285 1117 2442 1194 super
2469 1117 2604 1194 hanc
2630 1125 2831 1192 petram
2878 1118 3147 1194 wdiﬁcabo
3192 1117 3489 1194 Ecclesium
3536 1133 3705 1174 meam

2059 1190 2278 1270 (Matth.
2310 1190 2432 1270 xvi,
2479 1192 2598 1270 18)_;
2633 1190 2695 1247 ‘et
2742 1191 3127 1270 propter_hoc
3173 1190 3439 1270 debem_u_s
3493 1205 3595 1270 pro
3623 1204 3701 1270 eo

2057 1262 2238 1335 orare,
2288 1266 2437 1337 quod
2494 1265 2672 1320 eidem
2731 1270 2932 1337 praeest
2987 1262 3269 1337 Ecclesiae.
3337 1264 3421 1337 Et
3473 1262 3704 1317 antistite

2054 1333 2252 1405 nostro,
2294 1333 2401 1394 hoc
2439 1342 2541 1402 est,
2584 1348 2686 1406 pro
2716 1336 2978 1404 episcopo
3019 1341 3212 1406 nostro
3240 1333 3297 1387 in
3337 1335 3700 1406 cujusparo-

2056 1414 2177 1468 chia
2215 1404 2295 1482 (id
2324 1415 2401 1464 est
2429 1404 2683 1479 dioecesi)
2717 1419 3059 1482 sumus,__pro
3099 1405 3222 1475 ipso
3251 1417 3410 1460 orare
3440 1404 3704 1460 debemus

2055 1486 2183 1555 quia
2214 1477 2331 1553 ipse
2361 1487 2446 1536 est
2484 1477 2673 1549 pastor
2701 1485 2756 1533 et
2786 1477 3120 1548 praedicator
3149 1482 3359 1532 noster.

2125 1566 2406 1628 Memento,
2449 1561 2685 1624 Domine,
2734 1556 3069 1627 famulorum,
3116 1555 3535 1627 famularumque
3577 1561 3703 1628 tua-

2054 1648 2188 1702 rum,
2264 1638 2312 1688 et
2378 1627 2604 1687 omnium
2668 1628 3126 1702 circumstantium.
3189 1628 3458 1702 Sacerdos
3486 1699 3496 1702 Α
3521 1627 3699 1683 oravit

1992 1699 2188 1787 Bante
2230 1719 2329 1775 pro
2377 1701 2684 1787 apostolico
2732 1706 2788 1757 et
2833 1701 3096 1787 episcopo
3144 1699 3706 1787 suo.Si"episcopus

2062 1771 2281 1834 missam
2321 1775 2646 1839 celebraret,
2685 1786 2780 1845 pro
2832 1773 3063 1827 antistite
3092 1777 3290 1845 nostro
3350 1771 3537 1845 dicere
3593 1784 3706 1827 non

2062 1851 2249 1915 debet,
2290 1848 2419 1974 guia
2457 1842 2699 1901 antistes
2738 1844 2855 1913 ipse
2896 1849 3015 1899 est:
3058 1842 3102 1897 si
3157 1848 3351 1926 autem.
3390 1843 3702 1913 presbyter,

2063 1922 2248 1974 dicere
2329 1920 2476 1974 ebet.
2503 1919 2619 1972 Jam
2658 1923 2873 1972 oratum
2903 1919 2987 1969 est
3018 1928 3117 1974 pro
3146 1914 3481 1974 senioribus.
3515 1920 3702 1974 postea

2063 1922 2248 1977 dicere
2290 1914 2476 1974 debet.
2503 1919 2619 1972 Jam
2658 1923 2873 1972 oratum
2903 1919 2987 1969 est
3017 1928 3117 1984 pro
3146 1914 3481 1981 senioribus,
3514 1920 3707 1984 postea

2062 1993 2328 2050 orandum
2368 2003 2468 2060 pro
2508 1988 2734 2059 populo.
2789 1986 3017 2060 Quando
3048 1987 3317 2060 sacerdos
3361 1985 3534 2041 dicit:
3590 1988 3707 2040 Me-

2061 2070 2228 2120 mento
2252 2104 2268 2127 ,
2334 2057 2598 2127 Domine,
2665 2057 2977 2129 famulorum
3029 2057 3444 2128 famularumque
3470 2063 3707 2129 tuarum

2062 2137 2394 2206 deprecatur
2447 2134 2615 2206 Deum
2666 2128 2910 2206 Patrem,
2972 2134 3033 2183 ut
3088 2143 3391 2206 memorare
3433 2128 3741 2206 dignetur,

2063 2198 2306 2263 omnium
2345 2210 2401 2260 et
2428 2202 2595 2260 ofﬁcii
2625 2202 2804 2257 missas
2845 2201 2957 2256 sive
2995 2200 3363 2256 masculorum
3401 2198 3529 2255 sive
3552 2198 3709 2255 temi-

2062 2293 2253 2335 narum
2309 2273 2752 2341 advenientium;
2812 2279 2865 2328 et
2923 2272 3073 2341 quod
3125 2272 3329 2328 dicitur
3366 2273 3709 2326 circumten-

2062 2353 2208 2419 tium,
2258 2349 2364 2419 ipsi
2403 2352 2531 2402 sunt
2568 2344 2794 2419 masculi
2834 2350 2889 2399 et
2926 2343 3143 2419 feminae
3192 2345 3287 2419 qui
3320 2343 3701 2419 circumstant.

2059 2415 2467 2477 Jam'sacerdos
2497 2418 2674 2474 oravit
2703 2429 2803 2486 pro
2843 2416 3100 2471 omnibus
3137 2415 3231 2484 qui
3269 2415 3337 2470 ad
3377 2415 3705 2470 audiendam

2062 2495 2281 2549 missam
2337 2495 2641 2547 venerunt:
2686 2495 2818 2543 tunc
2874 2487 3093 2542 demum
3150 2492 3274 2541 orat
3310 2501 3413 2556 pro
3479 2486 3565 2541 his
3610 2486 3702 2555 qui

2063 2565 2372 2621 oblationes
2412 2564 2667 2629 oti'erunt,
2728 2559 2816 2630 qui
2860 2558 2953 2614 tibi
2999 2557 3216 2628 offerunt
3262 2559 3359 2613 hoc
3394 2559 3706 2628 sacriﬁcium

2062 2653 2254 2730 laudis.
2296 2652 2436 2707 Dicit
2475 2649 2622 2730 quod
2663 2662 2764 2719 pro
2813 2647 3004 2730 laude.
3033 2648 3128 2703 Dei
3186 2648 3241 2703 in
3301 2647 3491 2730 primis
3547 2637 3705 2709 372

2062 2725 2316 2791 oﬂ‘erunt,
2351 2730 2405 2779 et
2444 2718 2635 2792 postea
2668 2718 2767 2791 pro
2814 2734 2872 2773 se
2918 2718 3131 2790 quisque
3178 2718 3427 2792 omnibus,
3453 2733 3570 2792 pro
3628 2731 3711 2792 re-

2063 2788 2353 2869 demptione
2411 2788 2704 2869 animarum
2747 2788 2980 2869 suarum,
3026 2788 3124 2869 pro
3170 2805 3261 2862 spe
3305 2789 3490 2869 salutis
3540 2794 3613 2869 et_
3626 2788 3711 2842 in-

2062 2860 2376 2923 columitatis
2429 2879 2558 2929 suae,
2610 2862 2701 2918 tibi
2753 2862 2975 2917 reddunt
3024 2860 3143 2917 uota
3187 2860 3283 2917 sua
3332 2866 3525 2916 (sterno
3569 2860 3703 2928 Deo,

2062 2940 2175 2994 vivo
2206 2943 2254 2993 et
2274 2952 2431 3002 vero;
2476 2936 2602 2990 ideo
2641 2932 2878 2990 offerunt
2907 2932 3035 3003 quia
3062 2934 3184 2988 vivo
3210 2938 3263 2988 et
3291 2946 3420 2988 vero
3452 2934 3563 2987 Deo
3594 2944 3709 2987 om-

2065 3010 2214 3066 nium
2254 3010 2390 3065 ﬁdes
2437 3006 2908 3063 circumstantium
2956 3004 3300 3060 oﬁ‘erentium
3339 3004 3561 3075 cognita
3599 3008 3701 3068 est,

2000 3070 2120 3138 Cet
2170 3087 2301 3137 nota
2358 3078 2650 3136 devotione
2689 3091 2881 3133 omnes
2925 3076 3167 3132 reddunt
3218 3082 3344 3132 vota
3395 3070 3511 3131 sua.
3569 3076 3706 3130 Vota

2059 3153 2321 3209 dicuntur
2350 3166 2473 3221 qua:
2503 3150 2753 3206 volenter
2782 3149 3200 3221 promittuntur,
3225 3148 3353 3218 quia
3382 3144 3623 3203 libenter
3651 3151 3706 3201 et

2056 3226 2307 3281 volenter
2343 3219 2681 3289 Deogvovere
2711 3227 2766 3277 et
2805 3220 3038 3276 reddere
3077 3219 3365 3275 debemus-

2130 3305 2575 3362 Communicantes
2630 3306 2679 3358 et
2726 3302 3025 3356 memoriam
3071 3306 3376 3357 venerantes
3421 3301 3477 3373 in
3514 3298 3701 3373 primis

2057 3376 2303 3457 gloriosa;
2344 3389 2645 3457 semperque
2664 3374 2917 3457 “uirginis
2962 3373 3154 3457 {Varia}
3200 3372 3466 3457 genitricis
3512 3374 3612 3457 Dei
3634 3375 3704 3457 ,ει

2056 3442 2265 3506 Domini
2301 3442 2468 3504 nostri
2493 3442 2619 3501 Jesu
2655 3445 2869 3510 Christi,
2898 3445 2992 3500 sed
3031 3448 3079 3500 et
3127 3443 3397 3500 beatorum
3441 3442 3706 3516 apostolo-

2056 3535 2169 3576 rum
2225 3535 2290 3575 ac
2344 3523 2662 3588 martyrum,
2691 3521 2913 3572 tuorum.
2973 3516 3410 3584 Communicare,
3443 3516 3547 3572 hoc
3589 3518 3700 3588 est,

2058 3593 2323 3671 memoria
2377 3587 2780 3671 honorabiliter
2836 3592 3047 3671 tenere,
3106 3588 3254 3671 quod
3281 3588 3478 3671 “maria
3522 3587 3701 3671 ‘Vlrgo

2056 3679 2158 3791 Iilex:
2193 3663 2488 3720 adventum
2511 3658 2977 3743 .Spiritussancti
3015 3657 3254 3742 genitrix
3277 3658 3419 3715 facta
3457 3664 3541 3714 est
3578 3657 3702 3714 Filii

2103 3751 2153 3791 e1
2206 3737 2335 3791 Jesu
2397 3733 2598 3790 Christi
2636 3732 2853 3787 Domini
2909 3738 3084 3786 nostri
3132 3746 3225 3791 qur
3264 3732 3406 3786 Deus
3444 3737 3500 3787 et
3535 3730 3702 3786 homo

2103 3736 2153 3791 ei
2206 3737 2335 3791 Jesu
2397 3732 2598 3790 Christi
2636 3731 2853 3787 Domini
2909 3732 3084 3786 nostri
3132 3731 3225 3801 qui
3264 3732 3406 3786 Deus
3444 3737 3500 3787 et
3535 3730 3702 3786 homo

2059 3813 2162 3875 est,
2195 3821 2295 3876 per
2323 3819 2484 3874 quem
2515 3804 2662 3858 Patri
2709 3801 3100 3876 supplicamus,
3151 3808 3208 3876 et
3251 3802 3412 3876 ﬁdem
3461 3815 3703 3857 commu-

2058 3873 2244 3932 nicare
2311 3873 2595 3941 debemus,
2636 3879 2691 3929 et
2747 3873 2974 3929 credere
3040 3873 3189 3943 quod
3246 3874 3451 3945 Spiritu
3506 3878 3701 3945 sancto

2058 3948 2416 4003 annuntiante
2448 3946 2619 4002 Filius
2647 3945 2741 4000 Dei
2772 3952 2931 4000 natus
2961 3949 3045 4001 est
3074 3959 3142 4000 ex
3179 3959 3262 4012 ea,
3290 3944 3362 4001 et
3418 3944 3703 4015 virginitas

2059 4022 2179 4090 ejus
2228 4033 2339 4075 non
2386 4025 2469 4074 est
2516 4016 2735 4072 violata.
2776 4016 2886 4072 Sed
2933 4021 2981 4090 et
3033 4015 3301 4090 beatorum
3345 4015 3705 4090 apostolorum

2059 4087 2126 4172 ac
2152 4097 2438 4172 martyrum
2475 4094 2697 4172 tuorum.
2738 4087 3038 4172 Apostolus
3072 4089 3134 4172 in.
3174 4087 3580 4172 nostraA'llngu'a
3621 4087 3706 4143 di-

2060 4162 2205 4218 citur
2233 4158 2438 4229 missus,
2498 4165 2703 4230 martyr
2765 4159 2969 4214 dicitur
3020 4160 3165 4214 testis
3217 4158 3703 4230 Apostoli’dicun-

2061 4241 2151 4290 tur
2188 4234 2316 4305 quia
2370 4246 2401 4287 a
2456 4231 2903 4305 Christo‘missi
2931 4236 3079 4298 sunt,
3129 4238 3399 4301 martyres
3447 4230 3708 4305 dicuntur

2060 4305 2188 4377 quia
2206 4302 2393 4377 testes
2424 4311 2553 4377 sunt
2574 4302 2780 4358 Christi
2811 4302 2905 4375 qui
2944 4316 3138 4373 passus
3175 4308 3259 4358 est
3297 4317 3397 4373 pro
3437 4302 3616 4371 nobis,
3648 4307 3706 4357 et

336 4392 492 4435 suum
550 4377 912 4475 unigenlltlln,
980 4376 1109 4446 quia
1168 4378 1285 4447 ipse
1361 4382 1445 4433 est
1521 4378 1835 4449 unigenitus
1912 4375 2167 4475 exDipsi
2208 4390 2308 4447 pro
2338 4375 2579 4431 Christo.

335 4466 640 4526 substantia
706 4456 868 4529 370
925 4466 1120 4531 Patris,
1182 4479 1282 4520 nos
1335 4473 1518 4523 autem
1574 4467 1817 4537 adoptivi
1875 4467 1972 4525 ﬁlii

334 4555 522 4597 sumus
561 4540 858 4611 peripsum
896 4538 991 4607 qui
1030 4537 1346 4611 unigenitus
1384 4544 1487 4605 est,
1536 4553 1567 4593 a
1622 4540 1781 4596 Patre
1838 4553 1972 4610 pro-

336 4610 573 4679 cedens,
609 4610 758 4690 Patri
797 4614 1127 4690 coaeternus,
1179 4613 1239 4663 et.
1292 4610 1419 4690 ideo
1444 4624 1558 4690 .per
1595 4624 1719 4690 eum
1758 4612 1973 4666 Patrem

337 4690 525 4753 petere
591 4680 1220 4753 debemuskdicentes:
1284 4680 1558 4753 Supplices
1615 4686 1664 4737 te
1730 4697 1976 4750 rogamus

337 4751 385 4825 et
418 4754 678 4825 petimus.
736 4751 1031 4825 Supplices,
1082 4751 1146 4825 id
1186 4756 1291 4825 est,
1330 4752 1583 4825 humiles,
1624 4753 1700 4809 uti
1763 4758 1977 4825 accepta

338 4822 538 4879 habeas
609 4829 657 4878 et
730 4822 1003 4879 benedicas
1076 4822 1186 4878 htec
1259 4822 1436 4891 dona,
1511 4824 1621 4878 htec
1711 4822 1926 4880 munera
1956 4870 1973 4891 ,

336 4893 446 4950 hac
480 4899 666 4966 sancta
703 4895 964 4964 sacriﬁcia
1001 4893 1206 4951 illibata
1251 4896 1405 4951 Dona
1461 4901 1608 4963 sunt,
1670 4896 1817 4966 quod
1875 4910 1975 4952 vo-

337 4966 547 5025 luntate
587 4965 1063 5036 danturLIlIunera
1094 4971 1241 5033 sunt,
1284 4982 1408 5036 quae
1447 4968 1503 5023 in
1534 4965 1720 5036 aliquo
1750 4982 1976 5024 munere

336 5039 419 5093 vel
459 5036 712 5096 mercede
753 5034 1076 5101 offeruntur,
1118 5040 1228 5094 Deo
1260 5034 1319 5095 ut
1350 5045 1574 5108 peccata
1606 5034 1972 5095 dimittantur.

338 5108 575 5177 Illibata,
609 5109 664 5167 id
704 5114 788 5164 est
827 5107 1168 5165 immaculata
1203 5114 1257 5165 et
1295 5107 1363 5166 ab
1404 5111 1551 5166 omni
1602 5109 1774 5166 livore
1825 5110 1977 5165 mali-

339 5180 430 5236 tiae
468 5182 720 5237 alienata.
763 5181 913 5236 Tunc
952 5178 1095 5234 dona
1152 5187 1279 5236 sunt
1335 5188 1389 5236 et
1444 5181 1712 5237 sacriﬁcia
1768 5180 1978 5238 illibata

338 5259 542 5321 quanto
574 5253 779 5321 absque
818 5250 1203 5307 scandalorum
1240 5253 1467 5309 maculis
1503 5258 1632 5308 sunt
1670 5252 1881 5319 oﬁ‘erta,
1923 5259 1979 5309 et

332 5325 483 5395 justo
522 5330 649 5378 sunt
696 5323 883 5379 labore
922 5323 1211 5395 acquisita,
1262 5338 1373 5379 non
1413 5330 1471 5379 ut
1520 5325 1675 5380 multi
1715 5333 1843 5380 sunt
1881 5325 1975 5395 qui

339 5394 530 5450 dicunt
561 5394 767 5449 illibata
805 5410 925 5452 esse
965 5407 1073 5449 non
1115 5394 1312 5467 dicata.
1355 5397 1497 5466 Lege
1553 5403 1763 5467 septem
1803 5394 1976 5452 colla-

336 5468 520 5522 tiones
548 5468 787 5534 Patrum,
829 5469 968 5523 etin
1009 5466 1251 5521 secunda
1282 5468 1575 5524 collatione
1622 5466 1886 5535 Theonaa,
1920 5469 1977 5523 in

337 5551 485 5610 nono
526 5537 767 5610 capitulo
804 5539 1051 5594 invenies
1088 5551 1212 5607 quae
1251 5538 1362 5610 sint
1418 5538 1626 5610 illibata
1685 5542 1975 5610 (CASSIAN.,

336 5609 515 5667 collat.
563 5608 679 5680 22).
729 5610 794 5665 In
836 5610 1017 5680 primis
1063 5623 1178 5681 qua:
1225 5607 1320 5665 tibi
1366 5609 1665 5679 offerimus,
1691 5607 1835 5682 quia
1874 5607 1978 5682 pro

2130 4469 2285 4522 Hanc
2347 4466 2509 4534 igitur
2573 4464 2885 4521 oblationem
2940 4463 3205 4521 seruitutis
3273 4468 3506 4531 nostra,
3547 4452 3704 4525 373

2057 4539 2150 4594 sed
2213 4543 2261 4594 et
2317 4542 2541 4607 cuncth
2575 4536 2791 4607 familiis
2857 4541 2957 4592 tute
2979 4579 2995 4603 ,
3062 4550 3370 4607 quaesumus,
3438 4535 3659 4590 Domine
3689 4576 3705 4600 ,

2058 4615 2113 4667 ut
2146 4608 2390 4681 placatus
2429 4604 2681 4681 accipias.
2721 4608 2991 4681 Sacerdos
3048 4604 3390 4681 oblationem
3418 4620 3573 4681 suam
3630 4609 3709 4681 at:

2059 4676 2167 4753 qué
2205 4676 2662 4750 cunctorum-qui
2702 4680 2930 4753 Domino
2968 4678 3318 4753 famulantur,
3379 4679 3434 4753 id
3474 4685 3577 4744 est,
3612 4676 3709 4753 qui

2059 4750 2289 4810 Domino
2319 4753 2586 4817 serviunt,
2628 4750 2975 4807 commendat
3012 4757 3071 4807 ut
3106 4752 3337 4807 Domino
3378 4750 3611 4821 placeat,
3653 4752 3710 4806 et

2058 4826 2177 4902 ipse
2204 4825 2366 4880 nobis
2396 4824 2669 4902 propitius
2696 4823 2789 4902 sit.
2820 4823 3043 4902 Diesque
3090 4827 3294 4902 nostros
3340 4823 3395 4877 in
3442 4825 3534 4878 tua
3574 4834 3712 4902 pace

2096 4898 2309 4969 isponas
2335 4938 2369 4969 ,_
2398 4892 2553 4969 atque
2600 4893 2666 4969 ab
2714 4898 2911 4948 (eterna
2958 4892 3291 4969 damnatione
3349 4909 3443 4948 nos
3511 4892 3710 4964 eripias

2065 4964 2176 5039 [alI,
2224 4965 2397 5040 eripi],
2430 4964 2478 5022 et
2509 4967 2570 5040 in
2596 4964 2889 5040 electorum
2934 4969 3139 5040 tuorum
3178 4964 3368 5034 jubens
3415 4978 3571 5040 grege
3618 4977 3709 5017 nu-

2059 5036 2270 5095 merari.
2301 5036 2432 5094 'Per
2486 5036 2742 5093 Christum
2807 5037 3081 5093 Dominum
3148 5041 3402 5091 nostrum.
3468 5037 3573 5091 Pro
3640 5046 3710 5091 eo

2060 5110 2208 5182 quod
2239 5109 2500 5165 sacerdos
2528 5106 2687 5182 otiert
2718 5108 2955 5182 populus
2970 5106 3149 5182 debet
3178 5122 3335 5182 orare
3361 5112 3420 5163 ut
3447 5105 3711 5161 sacerdos

2060 5178 2403 5247 exaudiatur,
2438 5186 2498 5234 ut
2526 5179 2767 5233 omnium
2808 5179 2929 5234 dies
2966 5179 3022 5234 in
3072 5193 3204 5249 pace
3234 5178 3619 5249 disponantur,
3654 5182 3712 5233 et

2059 5255 2127 5309 ab
2168 5260 2372 5309 aeterna
2412 5250 2761 5306 damnatione
2800 5250 3125 5321 eripiantur,
3176 5250 3244 5305 de
3292 5266 3399 5320 qua
3448 5249 3715 5321 Dominus

2060 5332 2249 5381 noster
2287 5324 2342 5379 in
2383 5322 2488 5377 ﬁne
2518 5322 2707 5378 mundi
2739 5318 2999 5393 dicturus
3025 5322 3129 5377 erit
3161 5318 3380 5393 impiis:
3418 5324 3514 5393 Ite,
3550 5318 3715 5393 male:

2061 5397 2207 5462 dicti,
2238 5396 2293 5450 in
2321 5395 2488 5464 ignem
2522 5399 2786 5461 internum,
2821 5402 2928 5450 etc.
2976 5392 3194 5465 (Matth.
3236 5391 3499 5465 Xxv,r4l)
3545 5399 3601 5447 et
3638 5391 3710 5447 ad

2060 5468 2213 5523 illum
2241 5480 2461 5538 gregem
2499 5467 2801 5522 electorum
2821 5464 3055 5539 suorum
3094 5479 3193 5535 per
3232 5464 3459 5539 angelos
3486 5468 3714 5539 sanctos

2060 5533 2689 5605 numerari'mereamur,
2744 5536 2832 5593 cui
2889 5533 3141 5595 dicturus
3169 5538 3276 5593 erit
3299 5533 3329 5592 ἴ
3369 5536 3565 5603 Venite,
3615 5533 3714 5591 be—

2059 5610 2251 5667 nedicti
2277 5610 2452 5666 Patris
2480 5611 2599 5673 mei,
2632 5616 2741 5665 etc.
2774 5607 2957 5678 (Ibid.,
2988 5605 3099 5677 34).
