4100 6166
369 261 475 319 197

1805 259 1980 318 ACTA
2015 259 2302 321 VETERA.

3557 219 3748 314 ἰοε

439 386 609 454 Quam
655 383 967 442 oblationem
989 388 1064 452 tu,
1102 387 1263 452 Deus,
1309 385 1365 440 in
1407 383 1661 451 omnibus,
1700 397 2011 454 quwsumus,
2033 385 2088 444 A
2105 398 2208 453 pus
2245 383 2540 454 humanum
2578 380 2726 454 quod
2774 385 3143 454 assumpserat
3177 381 3438 454 junctum
3474 382 3747 444 divinitati

365 455 709 522 benedictum,
769 457 1072 526 ascriptum,
1130 455 1238 512 hoc
1279 461 1382 522 est,
1430 455 1760 526 assignatam
1798 455 2016 526 utrgsihi

364 527 601 598 placeat,
638 531 832 598 ratam,
890 524 947 584 id
986 533 1070 584 est
1109 528 1429 597 judicatam,
1489 524 1558 582 ut
1604 525 1824 598 dignam
1863 524 2012 598 illam

359 595 575 669 iudicet
629 597 688 654 in
751 603 1053 668 conspectu
1114 595 1219 654 suo
1257 598 1479 663 oderri;
1519 595 1903 669 rationabilem,
1961 596 2018 651 id

365 668 453 728 est
484 671 631 740 justa
659 669 870 726 ratione
909 669 1126 739 plenam
1165 669 1343 726 facere
1383 669 1660 740 dignetur,
1705 668 1835 738 quia
1882 675 2017 740 tunc

367 747 453 798 est
489 739 864 810 acceptabilis,
888 742 936 796 si
963 749 1114 798 recte
1143 741 1434 798 credentes
1454 739 1563 810 pro
1586 742 1736 810 jusia
1771 739 2021 796 oratione

365 812 679 870 offerimus:
715 813 923 882 justum
963 821 1049 868 est
1095 813 1374 882 postulare
1414 820 1475 868 ut
1509 812 1658 868 illam
1714 811 2020 867 orationem

362 885 452 941 vel
502 883 836 940 oblationem
902 898 1066 953 quam
1131 897 1234 940 nos
1287 884 1693 941 rationabiliter
1743 882 2024 940 oderimus

362 958 530 1012 Pater
557 955 911 1025 omnipotens
945 955 1271 1012 sanctiﬁcet.
1313 957 1376 1011 Ut
1405 954 1558 1012 nobis
1603 968 1789 1024 corpus
1826 959 1876 1010 et
1903 969 2024 1008 san-

361 1045 481 1115 guis
536 1035 697 1104 374
747 1045 841 1114 ﬁat
905 1043 1226 1100 dilectissimi
1281 1043 1407 1100 Filii
1466 1044 1542 1099 tui
1595 1043 1804 1098 Domini
1857 1042 2024 1115 nostri

361 1113 490 1173 Iesu
516 1115 727 1172 Christi.
749 1113 905 1170 Patri
943 1115 1178 1170 dilectus
1229 1122 1314 1171 est
1351 1115 1540 1182 Filius,
1571 1115 1717 1170 sicut
1761 1115 1879 1183 ipse
1928 1113 2024 1168 de-

363 1193 599 1244 testatus
655 1192 742 1242 est
777 1186 847 1241 de
894 1187 1057 1253 caelo,
1110 1186 1334 1242 dicens:
1387 1187 1489 1242 Hic
1544 1191 1622 1240 est
1666 1186 1835 1241 Filius
1880 1200 2022 1240 meus

364 1258 604 1326 dilectus,
636 1265 742 1313 etc.
775 1259 988 1329 (Matth.
1019 1273 1100 1324 tn,
1140 1258 1254 1329 17).
1278 1260 1344 1314 Et
1381 1272 1485 1329 nos
1513 1271 1636 1313 eum
1665 1257 1896 1329 diligere
1927 1257 2023 1311 de-

365 1330 562 1386 bemus
597 1329 726 1398 quia
763 1328 875 1400 ipse
897 1330 1048 1400 prior
1076 1327 1262 1385 dilexit
1288 1345 1384 1385 nos
1413 1328 1474 1400 (Ι
1505 1332 1662 1386 Joan.
1704 1343 1780 1394 IV,
1819 1327 1933 1397 10),
1966 1334 2022 1382 et

361 1415 562 1471 passus
590 1408 674 1457 est
699 1414 804 1470 pro
833 1401 1016 1456 nobis.
1047 1401 1148 1468 Qui
1177 1401 1344 1472 pridie
1373 1416 1528 1471 quam
1553 1406 1841 1471 pateretur,
1874 1413 2022 1472 acce-

357 1469 665 1553 paneni.
681 1469 980 1553 iucundas
1025 1487 1110 1553 ac_
1139 1469 1482 1553 uenerabiles“
1506 1469 1691 1553 manus
1734 1486 1881 1553 suas,
1914 1469 2023 1553 ele-

359 1542 500 1598 uatis
528 1542 694 1598 oculis
735 1544 792 1597 in
831 1542 1011 1598 caelum
1039 1543 1112 1597 ad
1141 1549 1190 1598 te
1236 1545 1399 1598 Deum
1441 1545 1651 1598 Patrem
1698 1543 2020 1612 omnipoten-

363 1619 486 1684 tem,
519 1613 609 1672 tibi
637 1615 839 1684 gratias
877 1629 1036 1682 agens
1082 1613 1367 1681 benedixit,
1405 1614 1581 1684 fregit,
1614 1613 1755 1669 dedit
1795 1614 2022 1684 discipu-

2101 452 2222 511 Sine
2261 454 2428 510 ullius
2465 452 2770 524 adjutorio,
2813 452 3037 524 propria
3085 452 3367 524 majestate
3414 459 3650 524 portavit
3686 457 3744 512 in

2102 527 2324 582 omium.
2357 526 2486 580 Ideo
2517 525 2692 580 dixit:
2725 523 2845 580 sine
2893 522 3058 578 ullius
3093 523 3393 593 adjutorio,
3417 522 3503 580 *ιιι
3546 527 3748 584 intelli-

2101 605 2262 668 gatur
2291 597 2439 666 quod
2471 595 2912 668 nonhominum,
2946 609 3050 651 nec
3077 593 3419 668 angelorum,
3445 609 3548 651 nec
3577 597 3743 654 ullius

2103 667 2370 724 creaturae
2408 667 2658 724 ascendit
2695 667 2750 721 in
2791 667 3011 734 coelum,
3070 667 3167 722 sed
3225 667 3402 722 Patris
3451 667 3735 736 majestate

2103 740 2347 796 elevatus
2375 745 2478 804 est,
2512 739 2581 796 de
2612 753 2719 808 qua
2749 737 2888 794 dixit
2923 739 2980 794 in
3009 738 3364 810 _Evangelio:
3407 740 3520 806 Ego
3559 743 3608 793 et
3629 739 3748 810 ΔΡιιμ

2103 817 2182 868 ter
2218 826 2375 866 unum
2427 825 2604 865 sumus
2632 807 2827 879 ’(Joau.
2887 824 2941 866 χ.
2997 808 3107 880 30).
3159 807 3432 879 Olferimus
3473 807 3749 880 praeclarae

2102 882 2364 950 majestati
2401 887 2502 936 tute
2533 881 2598 935 de
2645 881 2747 936 tuis
2790 882 2941 936 donis
2991 897 3056 937 ac
3101 881 3240 937 datis
3285 881 3506 938 hostiam
3532 895 3741 952 puram,

2103 953 2323 1008 hostiam
2379 957 2636 1018 sanctam,
2685 952 2908 1024 hostiam
2954 952 3358 1024 inunaculatam,
3397 967 3586 1024 panem
3622 967 3748 1007 san-

2103 1031 2258 1089 ctum,
2291 1025 2410 1078 υἱιω
2455 1028 2682 1086 (sternte,
2717 1029 2766 1078 et
2810 1023 3025 1078 calicem
3061 1023 3246 1080 salutis
3288 1023 3572 1094 perpetuae.
3626 1024 3740 1079 Do-

2103 1097 2268 1162 mine,
2327 1095 2568 1150 omnium
2615 1105 2887 1150 memores
2940 1095 3378 1164 supradictarum
3433 1095 3742 1151 bonitatum

2103 1189 2319 1240 tuarum
2359 1182 2619 1254 otferimus
2639 1173 2796 1243 377
2829 1188 2931 1237 tute
2977 1184 3241 1252 majestati
3279 1183 3501 1239 hostiam
3531 1198 3742 1254 puram,

2104 1255 2210 1312 hoc
2239 1261 2342 1319 est,
2394 1253 2561 1309 corde
2612 1266 2772 1322 puro,
2805 1254 2934 1322 quia
2984 1269 3181 1322 purum
3229 1261 3314 1310 est
3356 1253 3558 1324 corpus
3593 1262 3747 1310 tuum

2104 1327 2254 1398 quod
2285 1327 2353 1381 de
2387 1325 2493 1380 hoc
2533 1339 2672 1398 pane
2703 1325 2820 1398 ileri
2870 1325 3168 1380 credimus.
3218 1327 3461 1381 Hostiam
3487 1332 3745 1392 sanctam,

2103 1399 2232 1468 quia
2265 1404 2323 1453 tu
2368 1397 2722 1454 sanctiﬁcasli
2753 1409 2958 1466 corpus
3003 1403 3180 1462 tuum,
3209 1398 3430 1465 quando
3468 1398 3746 1454 hominem

2102 1467 2159 1526 in
2189 1471 2357 1525 Deum
2387 1468 2727 1540 assumpsisti
2753 1489 2767 1533 ;
2801 1474 2855 1522 et
2886 1480 3032 1540 nunc
3061 1467 3344 1540 sanctiﬁca
3374 1469 3520 1540 hunc
3550 1483 3746 1540 panem

2104 1549 2164 1598 ut
2219 1555 2422 1610 corpus
2477 1546 2628 1595 tuum
2687 1539 2796 1594 iiat.
2867 1539 3106 1594 Hostiam
3159 1538 3566 1607 immaculatum,
3617 1541 3747 1610 quia

2104 1615 2224 1668 sine
2281 1611 2492 1668 macula
2537 1611 2750 1680 peccati
2797 1624 2990 1679 passus
3037 1623 3097 1664 es
3165 1623 3265 1678 pro
3311 1610 3493 1665 nobis.
3551 1613 3747 1670 Panem

362 1683 432 1778 trite
458 1679 589 1778 suis,
619 1679 834 1766 dicens:
868 1679 1103 1755 Accipite
1131 1679 1516 1778 etlmaiiducate
1550 1679 1631 1778 \ea:
1659 1679 2008 1778 (ζιοοἿρηιιὶεξ.
2027 1719 2078 1778 Β
2105 1689 2362 1778 εατξοιαζη,
2392 1679 2772 1778 vitarat-erute,
2804 1682 2933 1751 quia
2980 1687 3039 1778 ill
3089 1681 3246 1763 panis
3273 1679 3426 1778 vivus
3463 1695 3525 1736 es
3554 1683 3649 1750 qui
3678 1683 3748 1738 de

361 1758 483 1813 Hoc
503 1752 581 1812 est
607 1757 743 1812 enim
767 1771 954 1828 corpus
981 1752 1147 1812 meum
1181 1757 1386 1826 (Μαιιὴ.
1421 1756 1600 1826 xxvr).
1653 1755 1822 1810 Simili
1857 1752 2078 1828 modo”
2099 1755 2253 1812 caalo
2282 1754 2636 1828 descendisti,
2672 1761 2958 1828 et_corpus
3005 1759 3165 1828 tuum
3206 1753 3265 1808 in
3303 1752 3410 1807 hoc
3454 1765 3656 1828 panea
3686 1759 3744 1808 te

357 1833 705 1900 posteaquam
731 1826 985 1884 ctenatum
1021 1833 1118 1894 est,
1159 1830 1424 1954 acmiens
1449 1833 1500 1884 et
1541 1829 1674 1884 hunc
1703 1826 2018 1898 praclarum

364 1899 583 1954 calicem
610 1899 662 1954 in
691 1904 904 1954 sanctas
928 1915 994 1954 ac
1019 1913 1207 1954 uenere
1254 1899 1264 1909 '
1313 1915 1341 1954 s
1368 1914 1552 1954 manus
1585 1914 1734 1954 suas.
1774 1901 1895 1954 item
1924 1898 2016 1954 tibi

364 1898 583 1955 calicem
610 1899 662 1954 in
691 1904 904 1954 sanctas
928 1915 994 1954 ac
1019 1898 1341 1956 uenerabiles
1368 1914 1552 1956 manus
1585 1914 1734 1964 suas,
1774 1901 1895 1954 item
1924 1898 2016 1954 tibi

363 1971 570 2040 gratias
597 1985 780 2040 agens,
833 1970 1116 2037 benedixit,
1150 1971 1292 2026 dedit
1329 1969 1598 2041 discipulis
1641 1971 1752 2041 suis
1799 1970 2011 2024 dicens:

364 2039 603 2113 Accipite
638 2039 687 2097 et
724 2041 879 2098 bibite
915 2057 978 2098 ex
1005 2057 1067 2097 eo
1098 2057 1294 2110 omnes,
1324 2043 1409 2097 hic
1455 2039 1531 2097 est
1569 2039 1714 2096 calix
1740 2041 2017 2110 sanguinis

365 2114 488 2181 mei,
517 2115 658 2169 Noui
698 2114 1005 2170 Testamenti
1052 2119 1102 2168 et
1146 2115 1345 2179 retenti,
1402 2113 1702 2181 mysterium
1749 2113 1890 2179 ﬁdei,
1931 2113 2019 2183 qui

361 2198 465 2255 pro
494 2183 638 2240 vobis
665 2190 714 2240 et
741 2199 838 2256 pro
866 2184 1040 2241 multis
1077 2184 1367 2254 effundetur
1410 2185 1466 2240 in
1513 2183 1866 2256 remissionem
1897 2199 2018 2254 pee-

364 2259 621 2312 catorum.
681 2258 812 2312 Htec
855 2256 1254 2326 quotiescunque
1305 2257 1535 2326 feceritis
1583 2257 1640 2311 in
1685 2255 1785 2310 mei
1829 2269 2018 2310 memo-

362 2327 504 2382 riam
555 2328 765 2398 facietis
820 2327 964 2398 (Luc.
1021 2328 1172 2396 xm).
1229 2328 1385 2394 Quod
1434 2326 1865 2384 intermisimus:
1917 2326 2019 2393 Qui

355 2398 540 2468 pridie
589 2413 746 2468 quam
788 2403 1074 2468 pateretur,
1125 2399 1232 2456 hoc
1261 2405 1366 2465 est,
1410 2399 1588 2468 pridie
1627 2412 1788 2467 quam
1826 2411 2018 2466 passus

361 2474 454 2524 est
482 2469 602 2537 ipse
642 2483 743 2538 pro
773 2469 954 2535 nobis,
985 2469 1158 2526 voluit
1187 2469 1406 2526 tradere
1436 2469 1724 2539 discipulis
1753 2469 1867 2539 suis
1895 2481 2018 2524 cor-

361 2539 530 2610 poris
568 2543 626 2594 et
662 2539 944 2608 sanguinis
989 2540 1074 2596 sui
1122 2541 1464 2610 mysterium,
1514 2538 1594 2596 ut
1626 2540 1707 2594 illi
1737 2538 2021 2594 traderent

359 2609 555 2668 nobis.
595 2610 728 2678 Quis
777 2611 922 2666 enim
978 2609 1231 2668 crederet
1283 2611 1434 2680 quod
1492 2611 1650 2680 panis
1704 2610 1760 2664 in
1800 2623 2019 2665 carnem

367 2681 644 2752 potuisset
701 2683 984 2748 converti,
1042 2683 1128 2738 vel
1193 2683 1378 2738 vinum
1433 2682 1492 2738 in
1542 2681 1882 2751 sanguinem,
1913 2680 2020 2736 nisi

367 2751 490 2822 ipse
520 2751 770 2808 Salvator
799 2753 1030 2818 diceret,
1064 2755 1158 2823 qui
1215 2767 1413 2823 panem
1469 2758 1526 2808 et
1580 2753 1763 2808 vinum
1795 2753 2018 2822 creavit,

369 2830 428 2880 et
455 2823 637 2878 omnia
658 2837 726 2878 ex
769 2823 943 2879 nihilo
972 2823 1148 2879 fecit?
1185 2825 1424 2880 Facilius
1451 2831 1536 2880 est
1571 2823 1782 2892 aliquid
1830 2837 1898 2879 ex
1925 2823 2021 2878 ali-

365 2925 482 2982 quo
539 2903 698 2972 375
757 2910 961 2978 facere,
1021 2927 1184 2983 quam
1243 2913 1426 2969 omnia
1477 2927 1545 2968 ex
1582 2911 1759 2983 nihilo
1805 2925 2016 2967 creare.

367 2985 495 3054 Ipse
529 2983 778 3039 Salvator
820 2983 994 3039 voluit
1037 2982 1241 3054 corpus
1279 2986 1575 3040 humanum
1615 2982 1920 3052 suscipere,
1962 2989 2018 3038 et

2097 1826 2437 1884 sanctiﬁcato
2486 1839 2586 1881 nos
2632 1825 2885 1894 accipere
2941 1823 3188 1890 voluisti,
3243 1829 3299 1880 et
3355 1837 3455 1894 per
3510 1823 3740 1880 calicem

2137 1897 2374 1956 assionis
2401 1903 2530 1963 tute,
2563 1910 2666 1952 nos
2711 1910 2810 1966 per
2837 1897 3158 1966 sanguinem
3206 1901 3360 1950 tuum
3407 1908 3624 1952 sumere
3654 1909 3746 1950 vo-

2121 1971 2270 2036 uisti,
2303 1976 2362 2025 tu
2411 1968 2692 2024 sanctiﬁca
2755 1967 2896 2024 hanc
2952 1967 3186 2024 hostiam
3237 1972 3296 2024 ut
3335 1967 3500 2022 nobis
3543 1979 3749 2036 corpus

2099 2049 2255 2100 tuum
2287 2047 2343 2095 et
2370 2040 2596 2110 sanguis
2626 2047 2754 2095 tuus
2781 2040 2893 2095 ﬁat.

2170 2114 2352 2183 Supra
2380 2109 2493 2182 quis
2519 2111 2744 2182 propitio
2774 2126 2838 2165 ac
2863 2124 3046 2165 sereno
3089 2109 3232 2166 vultu
3277 2109 3537 2180 respicere
3560 2109 3750 2183 digne-

2102 2186 2198 2241 ris.
2248 2181 2356 2240 Hic
2387 2181 2748 2252 deprecamur
2795 2189 2855 2237 ut
2894 2183 3054 2238 Pater
3081 2187 3305 2237 sanctus
3345 2196 3513 2251 super
3545 2181 3689 2237 dona
3718 2195 3750 2236 a

2101 2255 2264 2312 nobis
2291 2255 2484 2310 otferta
2530 2254 2622 2323 pio
2671 2259 2726 2310 et
2769 2252 2971 2309 blando
3007 2253 3180 2317 vultu,
3222 2258 3277 2308 et
3306 2252 3457 2308 claro
3495 2253 3754 2322 dignetur

2100 2327 2402 2397 respicere,
2453 2325 2510 2381 id
2560 2333 2644 2381 est
2692 2325 2900 2380 videre.
2955 2327 3022 2380 Et
3070 2329 3285 2394 accepta
3332 2323 3569 2397 hab_ere,_
3595 2323 3750 2397 sicuti

2101 2394 2320 2465 accepta
2377 2397 2570 2453 habere
2617 2397 2862 2465 dignatus
2917 2411 2973 2450 es
3030 2409 3244 2450 munera
3298 2395 3448 2464 pueri
3497 2395 3572 2450 tui
3616 2394 3750 2462 justi

2101 2414 2226 2456 αοσε
2264 2414 2320 2455 ιιι
2377 2414 2570 2453 Ιιαθενθ
2617 2414 2862 2465 dignatus
2917 2414 2973 2450 8-8
3030 2414 3244 2450 munera
3298 2414 3448 2464 pueri
3497 2414 3572 2450 ιω
3616 2414 3749 2462 μιειι

2098 2414 2259 2546 Abel:
2304 2475 2373 2546 et
2425 2469 2742 2546 sacri/icium
2793 2466 3141 2546 patriarchte
3171 2466 3366 2546 nostri
3387 2465 3661 2546 Abrahae,
3702 2469 3752 2520 et

2101 2536 2248 2612 quod
2277 2541 2374 2595 tibi
2428 2536 2609 2597 obtulit
2652 2536 2879 2612 summus
2925 2544 3059 2612 t_uus_
3078 2536 3482 2612 Melchisedech,
3513 2542 3750 2612 sanctum

2100 2608 2436 2682 sacriﬁcium,
2488 2610 2876 2666 immaculatam
2927 2609 3169 2682 hostium.
3246 2611 3486 2682 Accepta
3543 2608 3752 2682 habuit

2101 2679 2363 2737 Dominus
2400 2696 2626 2738 munera
2663 2682 2817 2746 Abel,
2860 2681 2989 2749 quia
3041 2680 3174 2748 quid
3232 2680 3498 2748 optimum
3539 2679 3750 2734 invenit

2103 2753 2306 2808 obtulit
2358 2755 2510 2820 Deo;
2560 2759 2615 2808 et
2665 2765 2770 2807 nos
2810 2753 2958 2820 justa
3011 2765 3237 2805 munera
3283 2756 3339 2806 et
3397 2750 3599 2805 munda
3639 2752 3751 2806 Deo

2102 2824 2310 2880 mundo
2363 2823 2530 2879 corde
2580 2822 2779 2878 oﬁ'erre
2811 2822 3097 2877 debemus.
3147 2821 3421 2876 Abraham
3475 2821 3614 2875 Filio
3651 2833 3753 2876 suo

2101 2909 2212 2951 non
2242 2896 2514 2966 pepercit,
2543 2895 2641 2950 sed
2691 2893 2960 2949 obediens
3000 2892 3241 2962 jussioni
3287 2891 3504 2948 Domini
3555 2891 3754 2947 oﬂ‘erre

2103 2976 2262 3045 378
2312 2998 2438 3038 eum
2494 2983 2691 3039 voluit.
2769 2981 3176 3037 Melchisedech
3224 2981 3433 3050 primus
3487 2980 3750 3036 sacerdos

368 3051 647 3127 hominem
683 3056 797 3110 Deo
845 3051 1218 3127 conjungere,
1268 3061 1323 3111 ut
1368 3071 1502 3110 unus
1549 3051 2332 3127 ﬂeretMediatorCDomino
2366 3069 2562 3127 panem
2609 3061 2664 3109 et
2705 3053 2893 3108 vinum
2942 3052 3163 3127 obtulit,
3189 3058 3254 3127 et
3300 3051 3428 3107 ideo
3485 3052 3755 3122 scriptum

372 3127 473 3181 Dei
505 3131 556 3182 et
591 3126 854 3182 hominum
889 3126 1040 3181 homo
1062 3125 1315 3183 Christus
1369 3129 1524 3183 Iesus
1581 3129 1635 3194 (Ι
1674 3126 1804 3181 Tim.
1838 3141 1900 3192 11,
1941 3125 2017 3193 ω,

367 3199 494 3268 Ipse
529 3197 705 3254 voluit
733 3212 832 3268 per
870 3211 975 3254 nos
1013 3212 1209 3267 panem
1258 3204 1313 3254 et
1340 3200 1526 3254 vinum
1575 3197 1761 3253 offerri
1800 3197 1928 3261 sibi,
1963 3204 2020 3253 et

367 3270 491 3339 ipsa
507 3268 770 3324 divinitus
787 3271 1131 3337 consecrari;
1164 3275 1218 3326 et
1249 3269 1466 3326 ﬁdelem
1497 3269 1759 3340 populum
1791 3269 2019 3324 credere

369 3354 541 3396 unum
564 3354 692 3412 esse
725 3341 1068 3412 mysterium,
1109 3343 1256 3412 quod
1298 3343 1417 3412 ipse
1455 3341 1685 3396 tradidit
1731 3340 2021 3410 discipulis

367 3412 489 3468 suis
515 3482 520 3483 ί
545 3411 738 3468 dicens
761 3411 795 3468 :’
833 3413 1069 3483 Accipite
1114 3418 1164 3468 et
1237 3414 1549 3469 manducate
1622 3427 1692 3467 ea:
1757 3411 1854 3466 hoc
1915 3427 2022 3468 om-

369 3498 463 3539 nes
494 3482 556 3554 (l
581 3484 703 3540 Cor.
737 3499 813 3549 xx,
845 3482 1053 3551 24).Et
1090 3485 1312 3553 quando
1351 3484 1545 3540 oculos
1571 3484 1640 3539 ad
1689 3483 1888 3538 coelum
1942 3483 2020 3538 le-

368 3553 520 3612 vavit
542 3559 599 3612 et
627 3555 774 3612 Patri
801 3556 1010 3626 gratias
1048 3557 1182 3626 egit,
1207 3569 1309 3612 nos
1345 3556 1537 3611 docuit
1565 3553 1714 3625 quod
1739 3568 1844 3610 nos
1871 3554 2019 3610 Patri

365 3639 591 3695 semper
627 3626 940 3696 supplicare
979 3626 1264 3693 debemus,
1305 3627 1454 3696 quod
1487 3626 1581 3682 ille
1613 3632 1721 3681 tam
1762 3637 2019 3696 magnum

367 3695 773 3754 sacramentum
815 3713 914 3768 per
941 3711 1135 3754 manus
1181 3695 1398 3753 nostras
1427 3697 1692 3766 perﬁcere
1723 3695 2017 3768 dignetur.

369 3770 442 3826 Et
471 3783 595 3826 cum
624 3767 871 3826 diceret:
922 3771 1054 3826 Haec
1088 3770 1488 3840 quotiescunque
1530 3767 1758 3840 feceritis
1813 3767 1868 3822 in
1921 3767 2022 3822 mei

370 3841 675 3896 memoriam
701 3842 926 3911 facietis,
953 3839 1118 3910 jussit
1167 3855 1270 3897 nos
1315 3841 1466 3896 illius
1503 3839 1778 3910 passionis
1815 3851 2022 3894 memo-

371 3925 470 3970 res
498 3925 616 3969 esse
653 3921 856 3982 quanta
903 3925 1004 3982 pro
1042 3913 1205 3968 nobis
1251 3913 1532 3968 sustinuit.
1573 3911 1730 3967 Omni
1769 3918 2019 3979 tempore

366 3997 644 4040 memores
707 3998 828 4040 esse
875 3984 1142 4040 debemus
1195 3984 1417 4054 quando
1465 3984 1572 4039 hoc
1619 3985 2020 4054 sacramentum

368 4053 737 4122 celebramus,
768 4062 824 4112 et
853 4058 974 4126 ejus
1011 4053 1431 4123 misericordiae,
1472 4069 1585 4112 non
1623 4061 1829 4111 nostrae
1862 4053 2020 4109 honi-

367 4126 490 4192 tati,
522 4125 776 4201 Qduciam
816 4125 968 4184 dare.

447 4215 596 4270 Unde
628 4219 678 4270 et
720 4230 972 4272 memores
1001 4232 1198 4283 sumus,
1236 4218 1476 4283 Domine,
1510 4232 1607 4272 nos
1633 4216 1773 4272 serui
1804 4215 1900 4281 tui,
1930 4213 2021 4268 sed

365 4291 418 4342 et
454 4284 600 4357 plebs
637 4292 728 4342 tua
762 4294 947 4343 sancta
1005 4289 1195 4344 Christi
1249 4288 1376 4344 Filii
1434 4289 1510 4342 tui
1567 4287 1775 4342 Domini
1832 4285 2016 4357 nostri.

367 4356 640 4414 Memores
675 4373 796 4416 esse
833 4374 936 4416 nos
966 4359 1284 4416 sacerdotes
1324 4359 1664 4428 proﬁtemur,
1697 4365 1862 4428 atque
1902 4356 2016 4428 plef

366 4430 495 4485 hem
527 4443 820 4486 memorem
850 4446 970 4487 esse
1001 4438 1266 4487 testamur
1292 4427 1496 4485 Christi
1527 4430 1647 4484 Filii
1679 4429 1757 4484 tui
1776 4427 2011 4483 Domini

367 4501 549 4557 nostri
584 4503 734 4558 Jesu.
786 4503 916 4558 Ideo
963 4503 1283 4558 sacerdotes
1321 4501 1560 4557 ﬁdeliter
1597 4513 1870 4556 memores
1899 4512 2019 4554 esse

365 4572 598 4644 debent,
650 4573 780 4642 quia
827 4573 932 4644 ipsi
979 4575 1200 4630 missam
1256 4573 1540 4630 celebrant
1590 4579 1646 4628 et
1691 4571 2020 4644 sacriﬁcium

370 4643 612 4700 oderunt
656 4642 865 4701 Christi
905 4646 1158 4716 exemplo
1206 4645 1498 4710 instructi;
1541 4651 1596 4698 et
1633 4643 1776 4699 scire
1810 4642 2020 4698 debent

371 4724 556 4807 376Δ
580 4733 714 4804 quid
775 4735 1077 4807 celebrant,
1127 4735 1256 4807 quia
1303 4733 1482 4807 stulta
1507 4732 1804 4804 postulatio
1851 4739 1945 4807 est
1972 4729 2019 4785 si

371 4802 665 4876 postulatis
690 4806 868 4863 nescit
897 4807 1031 4877 quid
1069 4802 1330 4876 postulat.
1369 4802 1522 4861 Plebs
1552 4811 1642 4860 tua
1669 4808 1852 4859 sancta
1884 4802 2018 4877 ideo

371 4875 588 4960 memor
611 4882 716 4944 est,
755 4879 885 4960 quia
912 4875 1309 4960 Christus_n_on
1349 4877 1528 4960 solum
1577 4889 1678 4960 pro
1707 4875 2020 4960 sacerdoti:

365 4947 477 5003 bus
508 4961 703 5018 passus
731 4947 834 5016 est,
873 4949 971 5006 sed
1010 4963 1111 5020 pro
1141 4949 1301 5020 plebe
1322 4955 1542 5012 sancta;
1576 4947 1702 5004 ideo
1733 4947 1936 5004 dicitur
1965 4953 2021 5003 et

367 5025 585 5092 sancta,
627 5021 756 5090 quia
794 5021 900 5077 ﬁde
930 5035 994 5078 ac
1033 5021 1306 5092 baptismo
1335 5021 1538 5078 Christi
1577 5026 1858 5092 praecepto
1896 5031 2021 5092 san:

367 5090 612 5148 ctiiicata
646 5089 752 5148 est.
786 5093 947 5150 Modo
977 5089 1185 5149 indicat
1215 5093 1358 5149 unde
1380 5089 1683 5149 memorare
1707 5090 1933 5158 debent,
1964 5089 2019 5145 id

367 5168 477 5229 est,
496 5167 618 5236 tam
645 5162 811 5220 beata:
851 5164 1139 5236 passionis,
1189 5179 1386 5236 necnon
1433 5170 1482 5219 et
1520 5163 1586 5219 ab
1639 5163 2022 5236 inferisiresurf

367 5235 640 5301 rectionis,
672 5236 766 5290 sed
795 5233 926 5291 et_in
963 5235 1119 5290 emtas
1151 5234 1393 5303 gloriosae
1448 5233 1769 5289 ascensionis
1813 5233 2019 5288 Christi

369 5305 472 5359 lilii
529 5307 648 5361 Dei.
710 5307 988 5364 Passionis
1043 5319 1315 5361 memores
1368 5320 1488 5361 esse
1546 5307 1830 5370 debemus,
1889 5305 2019 5374 quia

371 5376 490 5444 pati
519 5377 778 5448 dignatus
808 5385 892 5434 est
923 5392 1024 5448 pro
1063 5378 1260 5445 nobis;
1304 5377 1729 5432 resurrectionis
1757 5379 1877 5446 ejus
1898 5389 2020 5448 _me—

372 5461 561 5503 mores
588 5446 710 5505 esse
759 5446 1043 5515 debemus,
1083 5451 1214 5520 quia
1256 5449 1450 5503 anima:
1493 5450 1654 5515 justte
1704 5449 1771 5502 ab
1802 5446 2020 5520 inferis

372 5533 478 5590 per
531 5523 996 5582 resurrectionem
1062 5519 1181 5592 ejus
1231 5520 1480 5592 liberatae
1541 5525 1704 5588 sunt;
1763 5519 2019 5592 gloriosa:

373 5589 720 5650 ascensionis
755 5595 876 5664 ejus
911 5589 1188 5651 memores
1233 5605 1355 5648 esse
1394 5589 1682 5658 debemus,
1729 5589 1860 5658 quia
1897 5603 2022 5646 cor-

2103 3136 2188 3183 cst
2231 3127 2288 3182 in
2336 3123 2546 3196 psalmo
2597 3145 2610 3196 ;
2667 3127 2743 3180 Tu
2778 3123 3134 3196 essacerdos
3181 3123 3236 3196 in
3281 3129 3530 3196 tetanum
3564 3138 3750 3180 secun-

2102 3199 2242 3266 dum;
2293 3194 2400 3254 etc.
2458 3195 2622 3268 (Psal.
2667 3211 2775 3262 cur,
2818 3195 2914 3268 r5).
2964 3195 3100 3268 Quia
3156 3195 3302 3268 sicut
3348 3194 3442 3250 ille
3473 3208 3669 3264 panem
3699 3199 3756 3250 et

2100 3271 2286 3326 vinum
2315 3267 2539 3335 obtulit,
2573 3271 2649 3324 ita
2687 3275 2744 3324 et
2771 3267 3024 3322 Christus
3051 3267 3108 3322 in
3141 3267 3396 3335 passione
3423 3281 3523 3322 sua
3551 3280 3756 3336 corpus

2101 3349 2159 3398 et
2197 3343 2516 3412 sanguinem
2549 3353 2706 3395 suum
2740 3339 2956 3412 obtulit
3003 3340 3114 3393 Deo
3143 3339 3292 3412 Patri
3322 3351 3424 3405 pro
3454 3338 3639 3412 nobis,
3696 3342 3753 3412 et

2100 3415 2156 3468 in
2190 3407 2331 3483 pane
2362 3419 2417 3468 et
2445 3413 2573 3466 vino
2603 3409 2880 3483 passionis
2909 3423 3024 3483 sua;
3056 3408 3376 3483 mysterium
3406 3421 3510 3463 nos
3547 3407 3751 3483 imitari

2099 3479 2293 3550 voluit,
2326 3484 2548 3552 quando
2597 3479 2888 3552 discipulis
2936 3479 3053 3534 suis
3091 3479 3228 3532 dans
3257 3491 3454 3546 panem
3485 3479 3753 3552 etvinum

2100 3555 2186 3610 vel
2235 3549 2484 3619 calicem,
2544 3552 2684 3606 dixit
2735 3570 2748 3604 :
2797 3551 2914 3604 Hoc
2958 3553 3035 3619 est
3082 3562 3272 3618 corpus
3317 3563 3485 3602 meum
3542 3549 3752 3616 (Matth.

2100 3641 2247 3692 XXVI,
2280 3624 2408 3693 26);
2443 3617 2499 3678 et
2560 3643 2573 3676 :
2635 3622 2737 3676 Hic
2773 3625 2866 3693 est
2921 3617 3068 3693 calta;
3121 3617 3393 3686 sanguinis
3421 3620 3550 3693 Amet
3605 3622 3751 3682 (Luc.

2101 3689 2376 3766 χχιιέὲΟ).
2402 3695 2467 3749 Et
2497 3706 2598 3749 nos
2625 3689 3252 3766 supplicare_debemus,
3284 3694 3343 3744 ut
3388 3689 3532 3746 sicut
3562 3703 3756 3766 supra-

2101 3760 2374 3824 dictaruin
2406 3768 2624 3820 Patrum
2675 3760 2902 3833 accepta
2948 3763 3061 3818 Deo
3119 3760 3343 3818 fuerunt
3389 3774 3640 3831 munera,
3675 3762 3754 3817 ita

2102 3840 2235 3894 ﬁant
2263 3845 2318 3894 et
2349 3845 2565 3893 nostra.

2173 3918 2446 3990 Supplices
2493 3924 2542 3973 te
2575 3931 2842 3985 rogamus,
2890 3916 3229 3990 omnipotens
3265 3915 3450 3990 Deus,_
3470 3913 3599 3985 jube
3627 3913 3752 3990 hac

2099 3985 2321 4062 perferri.
2367 4004 2465 4060 per
2528 4004 2712 4043 manus
2750 3989 2929 4062 sancti
2983 3985 3157 4062 angeli
3205 3986 3266 4062 in
3314 3985 3532 4062 sublime
3582 3985 3755 4062 altare

2102 4058 2244 4118 tuum
2300 4058 2669 4131 in‘conspectu
2728 4059 2917 4114 divinae
2953 4058 3244 4129 majestatis
3293 4063 3415 4131 tute.
3458 4058 3752 4131 Humiliter

2103 4133 2443 4204 postulamus
2473 4128 2534 4187 ut
2580 4145 2806 4204 munera
2845 4128 3040 4204 nostra
3062 4129 3429 4204 superaltare
3458 4129 3565 4186 hoc
3595 4128 3747 4199 quod

2101 4200 2276 4260 videri
2327 4209 2509 4273 potest
2554 4203 2768 4267 oiferta,
2805 4203 2996 4273 jubeat
3043 4200 3286 4273 ctelestis
3313 4202 3477 4273 Pater
3505 4215 3605 4270 per
3632 4213 3753 4254 ma-

2108 4291 2212 4332 nus
2256 4270 2431 4330 sancti
2480 4275 2660 4344 angeli
2699 4270 3066 4342 sui’peri‘erri
3113 4272 3170 4325 in
3221 4270 3358 4344 illud
3415 4271 3586 4344 altare
3624 4277 3752 4344 ante

2103 4348 2339 4402 divinam
2390 4340 2725 4415 majestatem
2772 4340 2946 4415 suam,
2980 4340 3368 4415 quam__oculis
3414 4343 3622 4415 nostris
3678 4340 3752 4415 vi-

2032 4387 2081 4444 D
2737 4387 2867 4485 quia
2876 4387 3204 4487 “corporalis
3234 4424 3344 4466 non
3375 4387 3609 4487 estiws'ed
3635 4411 3752 4487 spi-

2102 4489 2299 4545 ritalis.
2335 4481 2586 4543 Et'sicut
2633 4481 3026 4542 nos—divinam
3077 4484 3415 4553 majestatem
3454 4482 3632 4536 Patris
3660 4481 3756 4536 in-

2101 4562 2372 4630 vestigare
2401 4573 2511 4614 non
2535 4573 2844 4630 possumus,
2868 4559 2965 4614 sed
2988 4558 3174 4627 potius
3193 4553 3421 4610 credere
3454 4555 3573 4630 :rUt
3602 4557 3752 4630 quot:

2102 4575 2372 4630 vesugare
2401 4575 2511 4614 non
2575 4575 2844 4624 ossumus,
2868 4575 2965 4614 seu
2988 4575 3174 4627 pouus
3193 4575 3421 4610 creuere
3454 4575 3466 4606 :
3506 4575 3573 4607 υι
3602 4575 3752 4623 qum-

2102 4638 2222 4708 quot
2247 4647 2317 4686 ea:
2366 4631 2465 4686 hac
2500 4575 2687 4686 nitaris
2719 4629 3153 4708 participatione
3185 4629 3579 4708 sacrosanctum
3626 4621 3754 4708 Filii

2102 4695 2178 4759 tui
2222 4717 2410 4774 corpus
2458 4707 2506 4758 et
2542 4695 2848 4773 sanguinem
2898 4695 3292 4771 sumpserimus,
3341 4695 3480 4750 omni
3540 4695 3752 4750 benedi-

2103 4793 2271 4848 ctione
2299 4789 2492 4847 scelesti
2533 4796 2582 4846 et
2625 4791 2799 4861 gratia
2828 4788 3141 4861 repleamur,
3168 4797 3268 4861 per
3303 4782 3561 4861 Christum
3589 4775 3748 4848 379

2105 4864 2380 4919 Dominum
2409 4857 2643 4918 nostrum
2661 4882 2678 4929 ;
2720 4857 3174 4929 orare'dehemus
3202 4857 3415 4912 Patrem
3446 4858 3750 4924 cmlestem,

2105 4941 2163 4990 ut
2238 4949 2430 4992 omnes
2505 4935 2599 5003 qui
2631 4927 2742 4987 fex
2823 4931 2944 4999 ipso
2974 5001 2983 5003 4
3018 4927 3176 4984 altari
3211 4943 3408 5003 super
3463 4929 3754 5003 oderimus

2102 5008 2214 5062 Deo
2263 5007 2408 5062 Patri
2467 4997 2536 5059 in~
2574 4997 3153 5059 commemorationem
3211 4997 3332 5056 Filii
3390 5001 3476 5055 sui
3531 4997 3748 5053 Domini

2103 5078 2277 5134 nostri
2333 5079 2452 5132 lasu
2500 5075 2702 5131 Christi
2757 5086 2960 5142 corpus
3005 5079 3060 5127 et
3115 5073 3436 5142 sanguinem
3494 5069 3747 5140 praedicti

2103 5150 2224 5205 Filii
2262 5150 2356 5204 Dei
2406 5147 2819 5216 sumpserimus,
2869 5157 3086 5200 omnem
3141 5142 3585 5200 benedictionem
3633 5155 3746 5198 cm-

2103 5221 2295 5278 lestem
2327 5221 2580 5288 accipere
2609 5231 2936 5272 mereamur.

2174 5300 2341 5380 Nobis
2385 5313 2584 5380 quoque
2627 5295 2990 5380 peccatoribus
3033 5293 3246 5380 famulis
3291 5293 3392 5349 tuis
3431 5293 3754 5380 de‘multitu-

2103 5373 2223 5427 dine
2268 5365 2657 5425 miserationum
2728 5373 2934 5423 tuarum
2989 5365 3316 5438 sperantibus
3389 5371 3592 5438 partem
3652 5365 3752 5438 ali-

2103 5459 2276 5514 quam,
2309 5451 2357 5498 et
2404 5439 2953 5514 societatemﬂdonare
2983 5437 3229 5514 digneris
3275 5437 3397 5492 cum,
3421 5439 3522 5514 tuis
3549 5437 3747 5514 sanctis

2105 5508 2356 5588 apostolis
2413 5510 2855 5588 et_jitartgribus,
2914 5510 2995 5567 vel
3038 5508 3283 5588 gmnibus
3337 5510 3557 5566 sanctis.
3619 5511 3750 5588 Haec

2105 5579 2288 5642 o'mnia
2334 5583 2604 5640 sacriﬁcia
2646 5579 2790 5641 'ideo
2829 5579 2959 5642 sunt
2995 5579 3190 5638 oﬁ'erta
3237 5585 3346 5637 tam
3389 5597 3420 5637 a
3458 5580 3747 5638 sacerdote
