4100 6166
376 312 476 367 199

1484 308 1775 363 JOANNES
1811 304 2226 363 ARCHIEPISC.
2266 306 2599 362 ROTOMAG.

3629 302 3735 362 200

367 450 529 508 quam
558 450 590 492 a
626 435 856 507 populo,
883 439 949 508 ut
996 433 1346 508 omnipotens
1390 433 1534 508 Deus
1563 439 1786 508 peccata
1815 436 2002 508 nostra
2023 430 2518 508 Acorde__(Matth.
2565 428 2783 508 v,m23)._
2824 431 2894 484 Et
2940 444 3005 508 ne
3032 443 3126 483 nos
3151 429 3373 508 inducas
3400 430 3457 484 in

370 503 480 565 non
529 503 769 578 reputet,
801 507 897 563 sed
948 521 1070 561 cum
1116 505 1320 560 sanctis
1361 504 1475 578 suis
1504 503 1664 557 nobis
1694 503 2003 578 portionem

370 574 609 636 tribuat:
648 581 799 634 Intra
846 592 1063 649 quorum
1098 592 1193 631 nos
1239 574 1550 649 consortium
1595 588 1699 649 non
1727 574 2012 649 testimator

368 652 559 717 meriti,
611 651 705 705 sed
760 644 943 716 venite,
986 662 1274 719 qucesumus
1329 645 1549 714 largitor
1597 644 1835 719 admitte.
1894 647 2011 699 Hoc

370 715 627 793 rogamus
656 729 716 777 ut
762 721 882 790 ipse
910 715 1207 796 .qu'itdixit
1248 738 1259 771 :
1302 719 1376 796 In
1396 730 1697 796 quacunque
1734 715 1866 796 hora
1891 731 2013 795 pec-

369 788 519 848 cator
572 788 848 847 conversus
891 788 1069 861 fuerit,
1120 794 1167 844 et
1213 788 1571 859 pwnitcntiam
1618 788 1799 855 egerit.
1831 788 2012 861 omnia

369 870 587 935 peccata
642 864 755 932 ejus
808 864 862 918 in
892 858 1177 935 'rablutione
1214 858 1381 914 erunt
1432 873 1610 913 coram
1664 872 1744 935 me
1798 858 2009 935 (Ezech:

370 929 589 1005 xxxiii),
622 929 734 990 non
778 933 1195 990 retributionem
1227 935 1597 1005 peccatorum
1628 929 1883 1005 aestimet,
1914 929 2013 984 sed

370 1007 490 1077 ipse
521 1000 593 1062 sit
638 1006 812 1061 venite
858 1005 1103 1077 largitor,
1138 1010 1193 1077 et
1224 1002 1367 1077 intra
1398 1000 1738 1077 consortium
1784 1007 2015 1077 sancto-

371 1071 493 1133 rum
551 1091 654 1132 nos
700 1077 877 1131 mittat
919 1071 1076 1129 {Per
1126 1074 1385 1128 Christum
1440 1071 1709 1127 Dominum
1761 1076 2013 1125 nostrum.

372 1150 480 1204 Per
509 1163 668 1217 quem
720 1148 839 1202 haec
886 1145 1068 1200 omnia
1106 1144 1252 1199 dona
1299 1143 1505 1217 creavit
1543 1142 1660 1217 ipse
1695 1142 2015 1217 sanctiﬁcet

367 1224 423 1275 et
468 1213 777 1282 benedicat,
847 1223 903 1272 et
953 1223 1181 1285 praestet
1234 1214 1397 1269 nobis
1443 1227 1543 1285 per
1579 1213 1854 1268 Christum
1914 1228 2016 1283 per

368 1304 528 1359 quem
558 1289 699 1343 facta
727 1292 857 1343 sunt
886 1282 1090 1351 omnia,
1116 1293 1317 1359 etcum
1348 1298 1458 1354 quo
1487 1282 1631 1359 facta
1660 1286 2011 1359 suntAomnia,

368 1354 495 1430 quia
534 1368 847 1416 coaeternus
897 1364 981 1413 est
1010 1358 1176 1421 Patri,
1224 1370 1443 1426 semper
1484 1357 1688 1425 gratias
1718 1354 2016 1411 referamus

366 1448 533 1503 Patri.
566 1450 667 1503 Per
687 1447 859 1502 omnia
892 1437 1057 1506 380
1099 1444 1291 1499 swcula
1319 1442 1645 1497 saeculorum.
1686 1445 1870 1499 Amen.

436 1520 717 1589 Prteceptis
788 1517 1110 1589 salutaribus
1181 1516 1381 1589 moniti,
1458 1515 1660 1569 Christi
1720 1514 2017 1584 praeceptis

365 1605 489 1660 quae
519 1587 694 1645 salute
724 1596 853 1644 sunt
886 1588 1066 1657 plena,
1100 1587 1228 1660 quia
1260 1588 1377 1660 ipse
1399 1590 1482 1660 est
1512 1592 1719 1660 aeterne
1749 1600 2013 1660 summus,

365 1656 633 1739 admoniti
681 1666 737 1714 et
779 1656 940 1729 jussi.
991 1661 1074 1739 Et_
1109 1656 1651 1739 divinaninstituli-one
1690 1658 1928 1739 formati,
1958 1657 2015 1711 id

2091 518 2205 557 nem
2238 498 2445 571 (Matth.
2486 516 2563 566 vi,
2614 498 2877 567 13),'hoc
2926 507 3029 571 est,
3079 515 3147 555 ne
3194 501 3462 556 intremus
3490 501 3545 556 in
3586 502 3736 557 illam

2094 574 2453 628 tentationem
2502 573 2557 626 in
2605 585 2711 640 qua
2755 570 3008 627 diabolus
3054 585 3156 626 nos
3193 578 3389 637 tentat,
3432 578 3487 628 et
3516 573 3565 628 ei
3597 587 3737 628 con-

2093 645 2429 711 sentiamus;
2463 643 2559 698 sed
2590 643 2853 697 Dominus
2893 643 3011 711 ipse
3060 656 3161 698 nos
3190 642 3449 698 defendat
3478 657 3547 699 ne
3577 645 3739 699 indu-

2094 730 2281 771 camur
2331 716 2387 770 in
2435 714 2792 770 tentationem
2842 714 3190 775 diabolicam.
3223 716 3349 783 quia
3381 716 3425 769 si
3457 717 3600 769 Deus
3637 729 3740 770 nos

2095 788 2341 853 dimittit,
2373 787 2555 841 statim
2587 786 3002 840 introduccmur
3030 786 3083 839 in
3117 784 3368 854 laqueum
3400 786 3628 841 diaboli.

2164 858 2355 913 Libera
2404 872 2519 923 nos,
2579 871 2887 927 quaesumus.
2920 858 3157 923 Domine,
3208 856 3274 911 ab
3331 856 3566 912 omnibus
3629 873 3740 912 ma-

2096 929 2159 983 tis
2190 929 2489 1011 praeteritis,
2538 927 2877 1054 lpraesentibus
2926 934 2977 983 et
3002 928 3226 1009 futuris.
3268 928 3364 1009 [iis
3397 928 3741 997 postulamus

2096 1007 2156 1054 ut
2202 1015 2319 1054 inse
2354 1014 2456 1054 nos
2500 1013 2531 1053 a
2618 1013 2766 1054 omni
2806 998 2947 1054 malo
2977 998 3176 1053 liberet
3204 1014 3299 1054 (ιιιι
3338 1012 3440 1054 nos
3469 1000 3647 1054 bonos
3685 1008 3740 1054 et

2096 1007 2156 1055 ut
2192 998 2319 1069 ipse
2354 1014 2456 1055 nos
2500 998 2571 1054 ab
2618 999 2766 1054 omni
2806 998 2947 1054 malo
2977 998 3176 1053 liberet
3204 999 3299 1068 qui
3338 1012 3440 1055 nos
3469 1000 3647 1055 bonos
3685 1008 3740 1055 et

2095 1071 2332 1126 mundos
2360 1071 2586 1136 creavit,
2617 1085 2649 1124 a
2687 1084 2798 1140 quo
2840 1070 3045 1124 nullum
3086 1077 3169 1125 est
3198 1070 3419 1125 malum.
3454 1072 3739 1126 Praeterita

2097 1150 2225 1198 sunt
2255 1157 2377 1212 quae
2419 1143 2530 1211 jam
2579 1147 2717 1211 ante
2757 1147 3049 1211 peccantes
3097 1141 3488 1207 commisimus,
3522 1148 3579 1197 et
3610 1142 3738 1197 ideo

2096 1213 2308 1283 ﬂagella
2365 1215 2734 1279 sustinemus;
2797 1213 3090 1282 praasentia
3145 1219 3273 1267 sunt
3320 1228 3443 1282 qua:
3491 1212 3739 1282 quotidie

2097 1284 2508 1346 committimus,
2542 1283 2723 1339 futura
2777 1292 2905 1338 sunt
2956 1297 3078 1352 quae
3126 1284 3308 1339 adhuc
3363 1283 3585 1339 diabolo
3618 1299 3742 1340 sua-

2099 1357 2263 1411 dente
2302 1355 2559 1410 advenire
2590 1362 2839 1424 possuut.
2873 1357 2938 1409 Et
2966 1354 3092 1410 ideo
3122 1367 3342 1410 oramus
3380 1362 3441 1409 ut
3467 1356 3535 1409 ab
3566 1356 3742 1410 omni-

2098 1428 2201 1482 bus
2238 1426 2556 1492 liberemur,
2600 1427 2729 1496 quia
2771 1432 2897 1481 ante
2944 1432 3301 1494 conspectum
3340 1426 3554 1481 Domini
3586 1426 3737 1481 nulla

2098 1505 2226 1554 sunt
2281 1500 2581 1566 praeterita,
2614 1512 2717 1552 nec
2773 1497 2973 1563 futura,
3024 1498 3120 1551 sed
3174 1498 3357 1552 omnia
3423 1498 3739 1566 prasentia.

2099 1570 2457 1625 Intercedente
2494 1583 2593 1639 pro
2638 1568 2788 1623 nobis
2843 1568 2996 1623 beata
3052 1574 3101 1622 et
3148 1567 3401 1636 gloriosa,
3440 1584 3743 1639 semperque

2099 1658 2295 1726 virgine
2334 1659 2431 1712 Dei
2468 1657 2713 1725 genitrice
2754 1656 2955 1722 Maria,
2999 1660 3053 1727 et
3094 1655 3263 1710 beatis
3292 1656 3542 1727 apostolis
3580 1649 3739 1719 383

367 1741 472 1799 est,
505 1732 734 1814 formam
781 1726 834 1821 et
865 1729 1170 1813 exemplum
1218 1742 1249 1782 a
1292 1727 1524 1810 Christo.
1549 1726 1780 1821 Domino
1812 1735 2005 1821 nostro
2027 1765 2076 1821 B
2100 1731 2201 1821 tuis
2231 1731 2404 1821 Pietro,
2437 1734 2485 1783 et
2531 1727 2696 1782 Paulo
2730 1732 2901 1821 Latque
2941 1726 3173 1821 Andlraaa
3202 1726 3578 1821 cum’om‘nibus
3603 1745 3739 1811 san-

367 1798 729 1872 suSccpimus,
762 1809 817 1856 et
870 1802 988 1856 ausi
1030 1798 1222 1855 ’sumus
1260 1813 1437 1863 orare,
1480 1799 1624 1872 sicut
1670 1798 2212 1872 illeidocuit”ctis.
2262 1802 2607 1872 invocamus;
2650 1799 2814 1872 nobis
2886 1799 2942 1853 in
3009 1798 3340 1872 adjutorium
3408 1799 3739 1855 Genitricem

366 1870 671 1943 discipulos
698 1887 849 1939 suos,
879 1881 934 1929 et
963 1874 1176 1943 Patrem
1207 1876 1455 1925 nostrum
1478 1870 1753 1925 credimus
1781 1871 1836 1925 in
1868 1870 2010 1926 ctelo

368 1960 488 2001 esse
516 1942 746 2014 quinos
793 1945 1016 2009 creavit,
1060 1950 1114 1999 et
1149 1942 1385 1997 dicimus
1429 1961 1441 1995 ε
1493 1943 1653 1996 Pater
1696 1946 1892 2007 noster,
1926 1942 2011 2012 qui

365 2032 421 2071 es
448 2016 503 2069 in
533 2015 695 2081 cwlis,
727 2015 977 2071 Christus
997 2014 1137 2069 dixit
1168 2019 1293 2083 post
1322 2014 1785 2068 resurrectionem
1815 2027 2006 2068 suam:

366 2088 603 2142 Ascendo
652 2086 723 2141 ad
778 2089 987 2141 Patrem
1034 2100 1199 2139 meum
1228 2089 1277 2139 et
1304 2086 1515 2138 Patrem
1543 2089 1786 2138 uestrum.
1838 2085 2012 2139 Aliter

367 2159 504 2214 dicit
552 2160 764 2213 Patrem
805 2171 982 2222 suum,
1017 2162 1072 2212 et
1117 2156 1278 2211 aliter
1326 2156 1539 2209 Patrem
1596 2161 1881 2220 nostrum;
1917 2157 2009 2209 Pa-

368 2236 506 2284 trem
556 2244 713 2284 suum
745 2229 873 2297 quia
918 2228 1174 2297 proprius
1220 2231 1303 2282 est
1332 2225 1509 2297 Filius
1532 2227 1707 2281 Patris
1738 2233 1865 2281 ante
1899 2240 2013 2282 om-

366 2301 457 2354 nia
493 2309 740 2369 tempora
768 2296 1035 2369 genitus,
1066 2298 1211 2353 Patri
1269 2296 1587 2366 coaequalis.
1620 2299 1779 2351 Pater
1814 2302 2008 2364 noster,

366 2370 492 2426 ideo
522 2373 650 2440 quia
700 2383 802 2425 nos
852 2371 1056 2425 creavit
1086 2370 1142 2424 in
1183 2377 1428 2440 tempore
1462 2375 1794 2433 coaeternus,
1824 2375 1882 2440 et
1911 2382 2014 2424 nos

367 2442 464 2496 ﬁlii
513 2439 598 2497 sui
646 2455 835 2498 sumus
889 2440 1155 2509 ad0ptivi,
1199 2446 1255 2494 et
1300 2439 1677 2494 haareditatem
1731 2439 2011 2495 cmlestem

366 2512 542 2567 Patris
590 2512 765 2567 nostri
822 2512 1065 2567 cmlestis
1109 2510 1391 2581 possidere
1437 2510 1720 2575 debemus,
1753 2511 1800 2564 si
1830 2512 2013 2580 operi-

368 2584 473 2639 bus
501 2584 792 2652 implemus
821 2597 944 2652 qua:
985 2597 1083 2651 per
1113 2582 1521 2650 susceptionem
1548 2581 1673 2637 ﬁdei
1711 2582 2013 2651 spopondi-

364 2670 505 2711 mus.
537 2655 746 2709 leum
776 2668 807 2708 a
837 2653 1053 2708 celando
1087 2654 1291 2707 dicitur
1318 2652 1465 2718 ideo,
1499 2654 1627 2722 quia
1657 2653 1799 2707 celat
1828 2653 2013 2708 divina

362 2732 596 2781 secreta.
628 2725 802 2780 Aliter
839 2725 1036 2780 cmlum
1085 2738 1115 2779 a
1157 2723 1458 2778 celsitudine
1504 2723 1727 2789 dicitur,
1760 2737 1827 2778 eo
1858 2724 2009 2794 quod

361 2796 528 2853 altius
570 2804 654 2851 est
701 2797 868 2851 rebus
906 2796 1161 2850 terrenis.
1194 2796 1306 2849 Nos
1339 2801 1520 2849 autem
1570 2794 1697 2849 ideo
1728 2794 1961 2851 dicimus
1993 2816 2006 2851 :

362 2869 523 2922 Pater
550 2872 745 2933 noster,
787 2867 873 2937 qui
901 2882 957 2920 es
1000 2869 1059 2920 in
1105 2866 1268 2932 cwlis,
1303 2871 1362 2919 ut
1400 2864 1627 2920 credere
1658 2866 2011 2921 ostendamus

363 2952 465 2994 nos
494 2939 550 2993 in
572 2940 785 2993 Patrem
825 2938 1105 2993 ccelestem
1131 2959 1144 3003 ;
1169 2944 1224 2992 et
1244 2938 1388 2992 sicut
1416 2937 1513 2990 ﬁlii
1543 2945 1819 3005 praecepta
1840 2938 2013 3006 patris

363 3009 449 3063 sui
485 3008 714 3078 implere
761 3009 1010 3077 cupiunt,
1044 3008 1120 3062 ita
1148 3014 1203 3062 et
1231 3021 1334 3062 nos
1367 3007 1553 3078 ipsius
1608 3015 1886 3077 praecepta
1913 3009 2013 3063 im-

2094 1872 2212 1935 Dei,
2246 1885 2370 1940 qua;
2399 1871 2553 1940 virgo
2583 1869 2686 1924 fuit
2727 1877 2853 1925 ante
2896 1874 3131 1939 partum,
3163 1870 3316 1940 virgo
3348 1878 3472 1939 post
3501 1878 3739 1940 partum,

2095 1948 2151 1997 et
2200 1942 2392 1997 beatos
2446 1941 2731 2010 apostolos
2787 1940 2880 2011 qui
2921 1942 3082 1997 nobis
3127 1941 3247 1997 haec
3299 1943 3556 2011 mysteria
3595 1942 3743 1997 cele-

2095 2013 2303 2068 branda
2334 2013 2698 2077 tradiderunt,
2742 2020 2801 2067 ut
2849 2012 3193 2068 intercedant
3239 2026 3341 2082 pro
3390 2014 3571 2081 nobis,
3611 2014 3741 2083 quia

2094 2098 2197 2140 nos
2225 2084 2331 2153 ipsi
2361 2084 2512 2153 digni
2554 2098 2663 2139 non
2713 2098 2900 2139 sumus
2945 2084 3013 2139 de
3045 2085 3341 2153 praeteritis
3370 2091 3426 2139 et
3458 2086 3742 2154 presenti—

2093 2156 2198 2211 bus
2254 2156 2463 2210 veniam
2534 2157 2857 2225 promereri,
2912 2168 3014 2210 nec
3071 2155 3139 2210 de
3196 2154 3395 2210 futuris
3447 2156 3738 2222 cautelam,

2095 2228 2201 2282 nisi
2251 2228 2413 2281 nobis
2462 2240 2653 2282 eorum
2701 2228 2951 2282 oratione
3001 2226 3259 2281 donetur.
3311 2228 3427 2281 Jam
3467 2228 3744 2283 oravimus

2095 2304 2156 2353 ut
2214 2298 2512 2353 liberemur
2557 2312 2589 2352 a
2636 2297 2814 2363 malis,
2874 2310 3019 2353 nunc
3076 2312 3294 2355 oramus
3346 2304 3407 2353 ut
3459 2299 3743 2367 praedictis

2095 2370 2301 2423 sanctis
2341 2369 2834 2424 intervenientibus
2881 2369 2997 2437 ipse
3045 2369 3214 2424 donet
3255 2382 3463 2438 pacem.
3506 2372 3587 2425 Da
3613 2385 3741 2440 pro-

2091 2441 2251 2565 pitius
2284 2455 2469 2511 pacem
2507 2442 2564 2494 in
2610 2439 2791 2495 diebus
2825 2440 3040 2505 nostris,
3090 2441 3183 2509 qui
3220 2446 3417 2509 potens
3448 2455 3509 2496 es
3536 2455 3565 2495 a
3598 2439 3741 2496 malo

2118 2511 2331 2565 iberare
2360 2533 2373 2565 :
2415 2510 2484 2565 da
2514 2525 2703 2565 nacem
2734 2512 2789 2565 in
2821 2510 3026 2565 diaboli
3067 2512 3391 2565 tentatione.
3426 2526 3494 2565 ne
3516 2512 3741 2565 induca-

2118 2510 2331 2566 iberare
2360 2533 2373 2577 ;
2415 2510 2484 2566 da
2514 2525 2703 2580 pacem
2734 2512 2789 2566 in
2821 2510 3026 2567 diaboli
3067 2512 3391 2577 tentatione,
3426 2526 3494 2567 ne
3516 2512 3741 2567 induca-

2097 2597 2217 2637 mur
2246 2582 2302 2637 in
2333 2597 2449 2638 eam
2482 2582 2552 2637 da
2582 2597 2772 2652 pacem
2818 2597 2849 2636 a
2889 2582 3045 2637 malis
3075 2583 3330 2638 omnibus
3360 2596 3429 2638 ne
3472 2584 3740 2652 patiamur

2096 2654 2307 2723 ﬂagella
2354 2668 2564 2708 eorum.
2621 2656 2686 2708 Ut
2734 2669 2829 2724 ope
2866 2654 3236 2708 misericordia:
3284 2660 3385 2708 tua:
3413 2654 3599 2723 adjuti,
3632 2655 3739 2709 hoc

2095 2732 2198 2789 est,
2233 2732 2291 2779 ut
2331 2727 2426 2780 Dei
2465 2726 2743 2794 adjutorio
2786 2725 2991 2795 adjuti,
3014 2730 3061 2779 et
3102 2740 3134 2778 a
3158 2726 3390 2795 peccatis
3416 2727 3579 2779 simus
3606 2741 3741 2780 sem-

2088 2811 2187 2867 per
2215 2795 2366 2851 liberi
2411 2800 2460 2851 et
2506 2795 2574 2851 ab
2612 2796 2750 2851 omni
2795 2794 3183 2866 perturbatione
3229 2797 3417 2851 securi.
3448 2797 3553 2851 Per
3589 2797 3745 2852 Chri-

2092 2872 2227 2921 stum
2256 2867 2529 2921 Dominum
2565 2872 2814 2921 nostrum.

2164 2940 2285 2993 Pax
2314 2938 2520 2992 Domini
2565 2938 2632 2992 sit
2660 2951 2862 3008 semper
2898 2936 3178 2993 vobiscum.
3226 2937 3473 2993 Christus
3509 2943 3594 2993 est
3634 2952 3742 3007 pax

2095 3014 2319 3075 aeterna,
2373 3009 2467 3078 qui
2516 3022 2618 3063 nos
2660 3008 3037 3064 reconciliavit
3085 3009 3229 3064 Patri
3278 3023 3376 3078 per
3425 3009 3739 3079 passionem

366 3079 539 3149 plere,
565 3077 622 3134 et
640 3079 708 3133 ad
739 3080 937 3133 coelum
968 3078 1195 3133 tendere
1225 3077 1621 3133 desideremus.
1643 3079 2011 3148 Sanctiﬁcetur
2032 3096 2074 3155 ρ
2095 3094 2266 3155 suam,
2299 3094 2368 3134 ne
2399 3077 2628 3155 propter
2656 3088 2941 3149 peccatum
2971 3080 3130 3155 primi
3162 3077 3401 3155 hominis
3426 3077 3481 3135 in
3521 3079 3738 3136 inferno

366 3158 504 3228 381
557 3181 739 3221 nomen
760 3172 900 3221 tuum
934 3165 1152 3234 (Matth.
1193 3180 1266 3232 vi,
1298 3164 1383 3233 9),
1418 3165 1522 3221 hoc
1553 3172 1656 3233 est,
1698 3172 1758 3221 ut
1787 3181 1889 3222 nos
1934 3170 2009 3223 si-

363 3252 485 3294 mus
504 3238 657 3308 digni
687 3251 885 3293 nomen
907 3244 1154 3292 sanctum
1176 3237 1295 3306 ejus
1326 3244 1514 3291 tenere
1543 3237 1600 3291 in
1632 3237 1893 3294 cordibus
1914 3253 2010 3295 no-

361 3310 513 3377 stris,
545 3315 606 3363 ut
641 3308 785 3364 sicut
830 3308 1011 3378 angeli
1040 3308 1215 3362 sancti
1265 3308 1358 3377 qui
1404 3308 1461 3361 in
1499 3308 1641 3363 coelo
1670 3316 1799 3364 sunt
1826 3310 2009 3366 sciunt

363 3386 418 3435 et
447 3380 763 3450 intelligunt
808 3380 1153 3451 sanctitatem
1183 3379 1269 3433 sui
1299 3379 1558 3445 nominis,
1592 3380 1667 3435 ita
1698 3386 1753 3435 et
1783 3394 1885 3436 nos
1912 3382 2007 3451 qui

360 3450 419 3505 in
448 3458 595 3507 terra
625 3466 813 3506 sumus
850 3452 972 3520 ipso
1017 3450 1307 3520 adjuvante
1355 3451 1697 3506 sanctitatem
1748 3452 1867 3521 ejus
1895 3450 2008 3509 me-

360 3536 580 3578 reamur
621 3536 977 3593 cognoscere,
1025 3528 1086 3578 ut
1131 3522 1281 3578 Sicut
1324 3522 1380 3575 in
1425 3520 1552 3593 cado
1601 3522 1678 3577 ita
1707 3528 1756 3577 et
1782 3520 1839 3577 in
1863 3529 2007 3580 terra

359 3593 541 3663 (Ibid.,
590 3594 679 3663 10)
702 3592 783 3649 sit
830 3606 1027 3649 nomen
1085 3595 1204 3661 ejus
1256 3592 1679 3648 sanctiﬁcatum.
1742 3594 2005 3651 Adveniat

356 3679 569 3734 regnum
609 3670 749 3720 tuum
783 3663 1002 3736 (Ibid),
1036 3664 1142 3720 hoc
1173 3669 1276 3730 est,
1314 3671 1374 3719 ut
1404 3678 1507 3720 nos
1535 3679 1761 3736 regnum
1793 3667 1911 3735 ejus
1949 3672 2005 3723 et

360 3738 660 3806 potentiam
717 3738 837 3805 ejus
895 3749 1203 3791 mereamur
1260 3749 1619 3805 cognoscere,
1676 3744 1732 3792 et
1779 3744 1840 3792 ut
1892 3739 2003 3807 jam

361 3814 855 3878 propterpeccata
888 3814 1077 3861 nostra
1134 3807 1388 3878 diabolus
1434 3820 1545 3862 non
1602 3814 1793 3877 regnet
1838 3823 2005 3878 super

361 3891 483 3950 nos,
523 3877 622 3950 sed
652 3878 825 3945 ipsius
872 3890 1101 3950 regnum
1144 3877 1417 3950 adveniat,
1443 3879 1611 3950 rsicut
1671 3881 1724 3932 in
1765 3877 2005 3950 Evange-

359 3946 436 4002 lio
482 3948 748 4015 scriptum
814 3954 898 4002 est
929 3966 951 4016 γε
990 3949 1218 4016 Regnum
1266 3949 1366 4002 Dei
1430 3949 1571 4002 intra
1612 3964 1703 4002 vos
1735 3955 1810 4003 est
1878 3946 2005 4014 (Luc

364 4032 497 4083 xvn,
538 4016 654 4087 21).
694 4019 817 4072 Fiat
854 4015 1094 4072 uoluntas
1132 4022 1223 4071 tua
1250 4019 1382 4072 sicut
1412 4018 1467 4072 in
1502 4017 1628 4073 caelo
1676 4024 1725 4074 et
1771 4020 1826 4073 in
1861 4026 2003 4077 terra

366 4088 576 4157 (Matth.
635 4102 707 4155 γι,
767 4087 891 4155 10);
942 4087 1049 4142 hoc
1087 4094 1191 4153 est,
1232 4096 1291 4143 ut
1342 4090 1462 4157 ejus
1498 4090 1831 4145 voluntatem
1860 4092 2004 4147 sicut

360 4159 442 4214 illi
480 4160 655 4228 quiin
686 4158 828 4214 cmlo
858 4165 986 4213 sunt
1023 4158 1249 4226 faciunt,
1291 4159 1366 4213 ita
1397 4167 1451 4214 et
1489 4174 1591 4215 nos
1628 4162 1721 4229 qui
1761 4162 1817 4216 in
1858 4169 2003 4218 terra

358 4244 550 4286 sumus
604 4229 902 4296 faciamus;
963 4235 1111 4285 terra
1164 4244 1195 4285 a
1250 4230 1462 4285 terendo
1519 4231 1741 4287 dicitur.
1810 4235 2003 4289 Panem

356 4307 588 4374 nostrum
654 4301 1030 4374 quotidianum
1063 4302 1076 4372 [
1115 4301 1211 4369 al.,
1259 4302 1847 4374 supersubstantialem]
1932 4305 2003 4360 da

354 4372 503 4429 nobis
529 4373 683 4429 hodie
721 4376 866 4439 (Luc.
899 4389 973 4441 x1,
1005 4372 1078 4439 3).
1107 4375 1222 4428 Pan
1245 4372 1389 4443 apud
1419 4376 1658 4440 Graecos,
1700 4376 1756 4430 in
1808 4372 1992 4432 nostra

351 4444 540 4515 lingua
586 4433 738 4500 omne
772 4433 1203 4515 interpretatur;
1240 4433 1295 4500 et
1332 4460 1434 4501 nos
1462 4433 1682 4502 oramus
1713 4454 1771 4502 ut
1810 4433 2062 4503 omni»D

353 4526 554 4588 potens
591 4518 752 4572 Pater
799 4531 1016 4573 omnem
1073 4518 1274 4571 victum
1306 4518 1645 4586 spiritualem
1694 4533 1757 4574 ac
1815 4533 2006 4575 carna-

356 4589 462 4645 lem
521 4588 722 4657 largire
774 4588 1035 4659 dignetur
1072 4588 1221 4643 omni
1261 4595 1528 4658 tempore.
1580 4592 1649 4644 Et
1688 4591 1887 4647 dimitte
1914 4606 2004 4646 no-

352 4659 433 4715 bis
494 4660 668 4715 debita
714 4666 917 4727 nostra,
947 4660 1079 4714 sicut
1116 4665 1165 4714 et
1200 4674 1296 4714 nos
1341 4661 1641 4716 dimittimus
1688 4662 2003 4718 debitoribus

353 4733 547 4785 nostris
594 4731 806 4796 (Matth.
861 4746 933 4797 Vl,
994 4729 1125 4800 l2);
1189 4731 1324 4786 nihil
1376 4733 1519 4786 enim
1570 4733 1833 4801 injustum
1872 4733 2004 4789 facit

353 4802 449 4869 qui
487 4801 593 4874 sibi
643 4802 867 4858 debenti
923 4802 1173 4874 debitum
1204 4804 1483 4874 requirit.
1526 4804 1632 4857 Sed
1678 4806 1724 4858 si
1752 4806 2001 4874 omnipo-

353 4876 478 4952 tens
514 4872 658 4952 Deus
686 4874 847 4952 nobis
875 4875 1057 4952 omnia
1089 4873 1275 4952 debita
1314 4883 1503 4952 nostra
1541 4872 2001 4952 requirit,_nul_luS

353 4942 472 4999 sine
512 4941 702 4997 debito
747 4944 1092 5012 invenietur;
1127 4951 1182 5001 et
1221 4945 1346 5001 ideo
1370 4941 1637 5001 debemus
1669 4941 2000 5003 nos'debito-

352 5032 506 5089 ribus
551 5031 757 5088 nostris
798 5030 982 5088 debita
1024 5035 1322 5101 dimittere,
1363 5026 1521 5096 382
1563 5039 1621 5088 ut
1670 5036 1832 5091 nobis
1878 5038 1999 5091 0m-

354 5104 632 5174 nipotens,
676 5108 865 5161 nostra
902 5104 1159 5173 dimittat,
1200 5106 1329 5176 quia
1385 5108 1504 5176 ipse
1555 5104 1694 5160 dixit
1736 5126 1748 5160 :
1795 5108 1858 5163 Si
1895 5123 1998 5161 non

351 5177 655 5232 remiscritis
696 5176 1046 5247 unusquisque
1072 5178 1233 5247 fratri
1268 5193 1362 5232 suo
1408 5179 1473 5234 de
1510 5176 1752 5231 cordibus
1789 5178 1992 5245 uestris,

351 5261 448 5318 nec
517 5249 677 5302 Pater
749 5253 918 5302 uester
984 5249 1203 5303 cretestis
1260 5250 1479 5304 remittet
1538 5253 1755 5318 peccata
1822 5255 1997 5303 uestra

354 5315 567 5390 (Matth.
619 5333 690 5384 v1,
730 5318 840 5389 15);
889 5325 944 5374 et
991 5319 1121 5373 alibi
1176 5334 1187 5368 :
1240 5315 1559 5390 Att/eruatur
1593 5319 1721 5389 [al.,
1754 5319 1995 5388 colligent

353 5388 419 5463 de
456 5403 612 5456 regno
657 5390 768 5463 ejus
806 5391 978 5446 omnia
1034 5390 1291 5463 scandala
1323 5388 1557 5461 (Matth.
1596 5388 1717 5458 7x111,
1774 5391 1895 5463 41),
1938 5397 1993 5463 et

350 5459 550 5515 iterum
597 5462 922 5518 sacriﬁcium
974 5474 1083 5517 non
1136 5459 1401 5530 recipitur
1454 5464 1500 5517 si
1558 5477 1680 5518 cum
1734 5459 1992 5518 seandalo

353 5530 617 5604 oﬁ‘ertur;
659 5532 755 5588 sed
802 5542 928 5591 ante
975 5534 1149 5591 altare
1197 5532 1471 5589 dimittere
1520 5535 1769 5604 jubetur,
1818 5548 1992 5604 usque

353 5602 481 5661 dum
531 5604 922 5661 reconcilietur
962 5604 1116 5662 fratri
1164 5615 1289 5671 suo,
1321 5610 1375 5659 et
1416 5602 1546 5662 tunc
1577 5606 1760 5663 oll‘erri
1788 5602 1991 5663 mundo

2095 3152 2487 3207 detineremur.
2522 3153 2651 3207 Haac
2700 3159 2820 3207 orat
2848 3151 3108 3207 sacerdos
3146 3159 3205 3207 ut
3236 3151 3329 3206 illa
3354 3166 3458 3221 pax
3486 3166 3608 3207 cum
3640 3166 3739 3221 po-

2091 3222 2221 3291 pulo
2252 3228 2487 3289 maneat,
2534 3230 2589 3277 et
2621 3236 2813 3278 omnes
2860 3222 3167 3278 concordes
3213 3221 3398 3288 faciat,
3433 3229 3493 3278 ut
3523 3223 3736 3293 paciﬁci

2090 3308 2213 3348 cum
2260 3293 2479 3365 Christo
2528 3308 2835 3349 mereamur
2882 3308 3113 3365 regnare
3167 3294 3223 3348 in
3281 3293 3444 3350 caelo.
3503 3296 3569 3349 Et
3611 3294 3737 3350 ideo

2088 3370 2221 3420 tunc
2252 3363 2481 3420 facimus
2511 3379 2701 3434 pacem
2752 3363 3045 3435 antequam
3093 3378 3297 3435 corpus
3332 3372 3389 3420 et
3416 3365 3736 3436 sanguinem

2089 3468 2365 3509 sumamus
2422 3455 2656 3521 Domini,
2700 3460 2759 3509 ut
2806 3455 3158 3511 concordiam
3212 3445 3371 3516 384
3428 3454 3571 3509 inter
3634 3467 3738 3510 nos

2088 3525 2292 3581 habere
2340 3524 2714 3591 ostendamus,
2774 3533 2829 3580 et
2888 3540 3010 3582 cum
3058 3527 3358 3582 concordia
3418 3540 3622 3595 corpus
3677 3532 3734 3581 et

2087 3598 2407 3667 sanguinem
2471 3597 2679 3653 domini
2747 3598 2919 3653 nostri
2970 3599 3097 3653 Jesu
3146 3597 3348 3653 Christi
3414 3598 3471 3652 in
3501 3610 3733 3667 corpore

2086 3675 2280 3725 nostro
2322 3669 2703 3738 suscipiamus}
2728 3669 2855 3738 quia
2903 3669 3024 3724 sine
3081 3669 3379 3724 concordia
3416 3668 3569 3739 digni
3626 3681 3737 3724 non

2087 3753 2274 3796 sumus
2320 3747 2565 3796 sanctam
2614 3740 3054 3796 communionem
3103 3740 3406 3810 suscipere,
3455 3741 3584 3809 quia
3623 3754 3737 3795 mu-

2087 3824 2220 3867 nera
2267 3818 2478 3878 nostra,
2510 3812 2557 3866 si
2598 3811 2929 3867 discordiam
2979 3811 3244 3867 habemus
3299 3825 3422 3866 cum
3472 3811 3735 3880 proximis

2087 3882 2292 3938 nostris
2337 3890 2631 3951 antequam
2678 3882 3102 3937 reconciliemur
3149 3882 3216 3937 ad
3267 3896 3477 3946 omnes,
3511 3895 3621 3937 non
3652 3895 3737 3936 re-

2086 3954 2386 4021 cipiuntur.
2447 3955 2597 4008 Tunc
2653 3960 2775 4009 orat
2830 3954 3013 4008 clerus
3040 3954 3314 4009 cantando
3349 3973 3362 4008 :
3396 3954 3579 4021 Agnus
3610 3953 3731 4017 Dei,

2086 4025 2174 4093 qui
2220 4023 2359 4079 tollis
2413 4029 2630 4095 peccata
2675 4024 2871 4087 mundi,
2903 4026 3149 4079 miserere
3193 4024 3362 4079 nobis.
3395 4026 3573 4092 Agnus
3611 4025 3731 4088 Dei,

2086 4100 2314 4164 propter
2341 4094 2732 4161 innocentiam,
2766 4096 2894 4165 quia
2925 4096 3060 4151 nulli
3086 4096 3368 4151 hominum
3398 4109 3501 4150 nec
3532 4094 3737 4149 bestia-

2085 4180 2205 4220 rum
2236 4171 2419 4229 nocet,
2453 4174 2507 4221 et
2542 4166 2672 4220 dum
2707 4166 2772 4221 ad
2818 4167 3093 4230 victimam
3133 4167 3356 4222 ducitur
3384 4165 3729 4222 occidentem

2084 4250 2144 4291 se
2175 4250 2285 4292 non
2314 4237 2486 4302 lzedit,
2519 4237 2615 4292 sed
2637 4239 2916 4294 occisores
2936 4253 3066 4294 suos
3096 4240 3376 4294 occisione
3398 4252 3497 4293 sua
3519 4237 3728 4301 reﬁcit;

2085 4307 2160 4362 ita
2209 4314 2264 4363 et
2311 4308 2558 4364 Christus
2614 4309 2823 4364 nullum
2880 4309 3032 4365 laedit
3088 4311 3232 4365 sicut
3282 4308 3577 4379 Apostolus
3612 4308 3729 4362 ait:

2084 4379 2185 4445 Qui
2225 4384 2495 4451 peccatum
2540 4395 2643 4434 non
2685 4381 2827 4451 fecit,
2862 4396 2957 4435 nec
2982 4382 3218 4435 inventus
3265 4378 3342 4435 est
3382 4378 3530 4435 dolus
3556 4380 3613 4433 in
3640 4392 3734 4433 ore

2082 4451 2193 4519 ejus
2222 4451 2265 4520 (l
2320 4453 2460 4506 Petr.
2494 4467 2555 4511 ιι.
2595 4451 2725 4519 22);
2765 4452 2864 4507 sed
2896 4459 3020 4521 post
3051 4453 3361 4521 passionem
3391 4464 3544 4506 suam
3591 4463 3733 4506 con-

2088 4535 2278 4577 versus
2333 4530 2718 4592 persecutores
2761 4537 2893 4578 suos
2932 4523 3131 4579 multos
3179 4538 3279 4592 per
3306 4528 3548 4578 sanctam
3588 4535 3736 4577 com-

2087 4592 2401 4649 munionem
2460 4602 2516 4650 et
2560 4595 2842 4665 sanguinis
2887 4595 2971 4649 sui
3031 4594 3347 4650 cﬁ‘usionem
3406 4592 3620 4665 refecit,
3679 4598 3735 4648 et

2087 4665 2378 4721 credentes
2406 4665 2554 4721 fecit.
2589 4668 2711 4735 Ipse
2742 4666 2870 4721 tulit
2900 4673 3125 4734 peccata
3172 4666 3359 4721 mundi
3398 4664 3619 4734 quando
3652 4678 3737 4718 re-

2086 4737 2401 4792 missionem
2452 4745 2805 4806 peccatorum
2844 4737 3006 4792 nobis
3052 4736 3225 4803 dedit,
3267 4737 3395 4806 quia
3433 4743 3560 4791 ante
3611 4748 3735 4806 pas-

2083 4808 2295 4863 sionem
2344 4803 2468 4877 ejus
2503 4809 2639 4877 justi
2688 4815 2742 4863 ct
2799 4813 3120 4878 peccatores
3173 4809 3228 4862 in
3268 4803 3540 4863 infernum
3604 4803 3728 4876 (54)

2084 4878 2514 4945 descendebant,
2556 4880 2685 4948 quia
2730 4880 2786 4934 in
2838 4879 3028 4934 Veteri
3074 4881 3421 4935 Testamento
3452 4878 3733 4933 remissio-

2082 4962 2207 5005 nem
2253 4956 2604 5019 peccatorum
2662 4965 2930 5020 nusquam
2988 4951 3240 5021 legimus.
3299 4950 3548 5005 Christus
3597 4961 3731 5003 vero

2081 5035 2182 5091 per
2246 5021 2625 5090 pmnitentiam
2685 5035 2797 5076 non
2856 5022 3034 5077 solum
3078 5024 3291 5078 veniam
3350 5026 3727 5091 peccatorum,

2080 5092 2177 5147 scd
2218 5098 2274 5147 et
2330 5092 2584 5163 gaudium
2635 5093 2798 5148 nobis
2842 5094 3094 5163 promisit
3123 5093 3452 5164 angelicum,
3485 5091 3678 5147 dicens
3712 5110 3727 5145 :

2082 5164 2341 5219 Gaudium
2379 5164 2476 5218 erit
2534 5177 2711 5218 coram
2749 5164 2951 5234 angelis
2998 5166 3097 5222 Dei
3140 5180 3299 5235 super
3325 5179 3427 5219 uno
3452 5167 3733 5235 peccatore

2073 5235 2429 5305 paenitentiam
2478 5240 2664 5302 agente
2702 5236 2826 5301 (Luc
2874 5252 2960 5301 xv,
3025 5235 3124 5305 10).
3186 5234 3367 5304 Ipsum
3424 5234 3728 5298 Christum,

2078 5314 2237 5385 385
2278 5323 2372 5393 qui
2403 5326 2487 5377 est
2514 5326 2699 5394 Agnus
2727 5326 2821 5381 Dei
2854 5326 3141 5390 innocens,
3176 5325 3271 5393 qui
3301 5338 3496 5394 passus
3516 5327 3600 5378 est
3625 5335 3728 5392 pro

2076 5395 2251 5449 salute
2286 5394 2496 5460 mundi,
2550 5393 2786 5465 petimus
2832 5404 2893 5453 ut
2943 5397 3269 5453 misereatur
3304 5393 3491 5452 "nostri
3541 5393 3729 5449 dicen-

2077 5466 2211 5521 tium
2256 5486 2267 5520 :
2310 5467 2565 5522 Miserere
2604 5467 2772 5524 nobis.

2148 5606 2264 5679 (54)
2302 5609 2422 5665 Non
2452 5613 2631 5666 tamen
2660 5609 2718 5665 in
2747 5609 2992 5666 eamdem
3022 5607 3221 5666 inferni
3253 5614 3483 5681 partem.
