4100 6166
238 267 317 324 201

1635 272 1807 329 ACTA
1841 271 2126 329 VETERA.

248 397 3545 425 mm—

888 480 1466 567 EXPOSITIO
1524 483 2141 570 DIVINORUM
2206 482 2877 570 OFFlCIORUM

1378 628 1485 697 (Ea:
1510 627 1692 683 eodem
1720 643 1817 683 ms.
1849 612 2029 684 codice
2056 628 2377 699 Bigotiano.)

569 844 707 912 Quid
736 845 990 916 signiﬁcet
1019 847 1245 918 ofﬁcium
1270 850 1461 905 missa.

283 932 747 1005 Spiritussancti
798 935 974 1004 gratia
1037 935 1341 1005 inspirante
1399 937 1693 993 dicendum
1749 943 1834 993 est

227 1003 340 1076 quid
366 1003 631 1076 signiﬁcet
656 1003 904 1060 Ofﬁcium
953 1003 1153 1073 missa,
1181 1021 1304 1063 cum
1351 1009 1485 1064 satis
1514 1016 1679 1076 esset,
1714 1009 1833 1064 sine

226 1075 535 1147 cantoribus
577 1075 689 1145 [ms.
732 1076 1144 1147 cantatoribus],
1203 1078 1523 1146 lectoribus,
1584 1081 1833 1136 caeteris-

148 1168 165 1190 ο
225 1162 317 1218 que
357 1160 473 1221 qua
521 1145 599 1200 ibi
634 1152 917 1221 _aguntur,_
933 1148 1049 1203 sola
1089 1145 1833 1221 benedictioneepiscopo-

224 1216 328 1291 rum
351 1217 427 1272 vel
454 1216 804 1291 sacerdotum
851 1218 920 1273 ad
968 1219 1369 1276 conﬁciendum
1398 1216 1602 1291 corpus
1630 1228 1685 1278 et
1713 1216 1838 1277 san-

222 1290 416 1359 guinem
462 1287 698 1362 Domini,
727 1289 871 1362 sicut
923 1295 1169 1359 tempore
1215 1287 1613 1362 apostolorum.
1645 1293 1840 1362 Signo-

223 1374 324 1433 rum
352 1374 477 1433 usus
502 1374 537 1433 ξι
566 1360 748 1433 Veteri
765 1360 1122 1433 ATestamento
1150 1368 1233 1418 est
1252 1360 1531 1433 sumptus,
1564 1360 1841 1419 habebant

224 1430 472 1503 enim‘ﬁlii
501 1430 669 1503 Israel
702 1430 1194 1503 tubashargenteas
1235 1430 1437 1503 quibus
1465 1436 1842 1491 convocabant

226 1501 463 1576 populum
520 1501 704 1576 (Nunt.
757 1501 945 1576 x_,__2).
977 1501 1116 1559 'Nos
1167 1501 1432 1576 habemus
1486 1505 1641 1576 signa
1698 1520 1843 1562 area

224 1571 492 1628 sonoriora
536 1571 593 1627 et
644 1571 999 1645 durabiliora,
1031 1575 1394 1645 signiﬁcantia
1435 1571 1844 1645 ora'pradica-

225 1651 419 1714 torum;
463 1649 598 1699 tunc
628 1643 773 1699 enim
800 1645 973 1702 Notus
1012 1646 1069 1700 in
1089 1643 1281 1702 Iudam
1317 1648 1458 1702 Deus
1487 1643 1649 1713 (Psal.
1682 1662 1841 1714 Lxxv,

222 1713 274 1784 2)
304 1720 530 1788 tantum,
562 1727 708 1770 nunc
737 1714 794 1770 in
842 1715 991 1771 omni
1023 1722 1204 1788 terra;
1239 1723 1369 1773 tunc
1404 1713 1846 1788 pradicabantur

224 1785 549 1860 temporalia,
586 1799 745 1860 nunc
793 1787 1342 1860 aterna.__Plectrum
1389 1785 1554 1859 signi,
1606 1789 1844 1860 linguam

220 1855 489 1930 doctoris;
547 1856 825 1930 vinculum
869 1871 979 1930 quo
1029 1857 1231 1928 ligatur
1258 1855 1494 1930 signum,
1536 1866 1621 1915 est
1649 1855 1847 1930 pradi-

220 1872 489 1924 uoctoris;
547 1872 825 1912 vinculum
869 1872 979 1983 quo
1029 1872 1231 1928 ligatur
1258 1873 1494 1930 Signum,
1536 1872 1621 1915 est
1649 1872 1843 1930 praui-

220 1929 434 2010 cationis
469 1928 830 2010 .moderatio;
903 1929 1087 2010 ignum
1131 1944 1162 1984 a
1208 1943 1317 2010 quo
1367 1931 1572 2001 pendet
1607 1931 1843 2010 signum,

223 2004 295 2072 est
333 1999 521 2072 crucis
566 1999 933 2072 mysterium;
971 1999 1393 2057 instrumentum
1441 2016 1473 2057 a
1503 2016 1614 2072 quo
1647 1999 1849 2072 ligatur

219 2069 475 2157 signiﬁcat
511 2069 747 2157 oracula.
780 2070 1207 2157 prOphetarum;
1240 2086 1280 2157 εἰ
1303 2073 1450 2157 ligno
1482 2069 1847 2157 descendens,

1850 835 2126 927 Aposito,
2181 854 2240 905 ut
2290 851 2345 906 in
2393 851 2539 927 bono
2600 844 2760 914 388
2820 867 2986 925 Opere
3052 861 3108 911 et
3166 858 3558 927 pradicatione

1914 921 2261 996 doctoresse
2293 937 2413 996 esse
2442 924 2730 996 interram
2761 921 3122 996 cognoscant;
3146 921 3358 986 medius
3378 940 3560 989 autem

1915 1006 2109 1047 cereus
2154 992 2308 1047 illum
2346 993 2618 1063 signiﬁcat
2647 996 2741 1064 qui
2770 992 2856 1051 ait'
2880 1018 2892 1052 :
2934 997 3031 1052 Ubi
3060 992 3160 1053 duo
3186 1000 3267 1055 vel
3295 1007 3401 1057 tres
3430 1019 3559 1059 con-

1915 1064 2116 1132 gregati
2180 1068 2314 1134 sunt
2388 1065 2442 1118 in
2508 1065 2713 1119 nomine
2775 1082 2908 1134 meo,
2975 1068 3050 1122 ibi
3111 1085 3224 1125 sum
3286 1072 3341 1127 in
3388 1076 3559 1130 medio

1917 1148 2103 1209 eorum,
2162 1132 2379 1258 SMatth.
2440 1149 2592 1199 xvm,
2661 1135 2782 1201 20).
2850 1132 3131 1195 Transitus
3187 1143 3432 1214 episcopi
3493 1147 3561 1202 de

1919 1204 2101 1258 medio
2140 1218 2170 1258 a
2196 1207 2328 1258 taris
2370 1205 2440 1258 ad
2489 1205 2766 1258 dexteram
2808 1214 3013 1258 partem
3045 1212 3317 1258 signiﬁmi
3360 1216 3561 1258 Chl-iin

1919 1204 2103 1281 medio
2140 1204 2328 1281 altaris
2370 1205 2440 1260 ad
2469 1205 2767 1281 dexteram
2807 1214 3016 1276 partem
3045 1204 3317 1281 signiﬁcat
3360 1204 3565 1273 Christi

1920 1275 2207 1331 transitum
2233 1276 2301 1331 de
2338 1277 2592 1343 passione
2624 1286 2749 1345 post
2790 1275 3250 1339 resurrectionem
3293 1286 3362 1341 ad
3405 1295 3566 1343 ater-

1921 1359 2045 1401 nam
2075 1347 2258 1413 vitam,
2308 1347 2401 1401 ubi
2443 1347 2740 1403 Dominicis
2784 1348 2981 1405 diebus
3026 1356 3082 1407 et
3122 1352 3331 1411 festivis
3370 1358 3569 1415 diebus

1923 1424 2237 1496 sanctorum
2268 1416 2450 1496 Gloria
2498 1417 2552 1472 in
2598 1418 2976 1496 excelsisDeo
3027 1423 3262 1496 canitur,
3309 1430 3404 1496 qui
3441 1444 3569 1486 san-

1923 1493 2044 1544 ctos
2061 1502 2173 1567 per
2190 1489 2528 1567 Dominicam
2550 1491 3013 1567 resurrectionem
3032 1493 3225 1567 gloria
3248 1489 3568 1567 angelorum

1924 1558 2144 1639 recolit:
2202 1560 2371 1639 Betro
2428 1560 2500 1639 in!
2551 1560 2742 1639 eadem
2808 1567 2963 1639 parte
3031 1558 3365 1639 ministrant,
3416 1572 3565 1639 quia,

1925 1630 2172 1699 quamvis
2207 1631 2264 1685 in
2293 1631 2396 1686 hac
2432 1632 2541 1686 vita
2571 1631 2956 1703 ﬁdelisadhuc
2988 1636 3154 1703 positi
3184 1630 3569 1701 sunt,'Ch'risti

1926 1706 2109 1776 tamen
2147 1703 2443 1776 aternitati
2491 1716 2711 1773 semper
2754 1702 3079 1776 intendunt,
3112 1710 3172 1760 ut
3232 1708 3349 1776 ipse
3391 1710 3566 1766 dicit:

1928 1771 2028 1852 Qui
2092 1772 2221 1852 inihi
2256 1771 2687 1852 ministrat-nte
2719 1780 2995 1852 _seq_uatu_r
3056 1771 3383 1852 (Joanfxn,
3442 1779 3567 1852 26).

1926 1842 2154 1909 Quando
2182 1843 2494 1915 episcOpus,
2536 1845 2773 1901 dicendo
2810 1842 3080 1901 Dominus
3100 1842 3379 1915 vobiscum,
3429 1842 3574 1907 salu-

1928 1919 2007 1968 tat
2037 1914 2339 1991 populum,_
2375 1916 2425 1991 e_i
2464 1913 2657 1971 faciem
2697 1930 2849 1991 suam
2889 1924 3206 1991 praseutat,
3241 1913 3474 1991 excepto
3514 1923 3573 1979 in

1929 1997 2039 2040 uno
2070 1984 2216 2051 loco,
2248 1986 2342 2041 ubi
2381 1986 2721 2042 demonstrat
2768 1984 3117 2044 devotionem
3149 1984 3574 2049 intentissimam

1930 2070 2092 2133 quam
2145 2056 2310 2133 habet
2346 2057 2430 2133 in
2481 2056 2762 2113 offerendo
2824 2060 3115 2133 sacriﬁcio.
3184 2063 3295 2117 Hac
3352 2064 3576 2133 quidem

220 2126 429 2211 etvopus
461 2126 912 2211 pradicatio'nis';
972 2126 1224 2199 executio
1248 2126 1411 2199 funis
1426 2126 1850 2212 suiéhhiffdféil

1941 2126 2183 2222 episcOpi
2214 2127 2542 2222 salutatione
2572 2135 2628 2184 et
2656 2131 3014 2222 responsione
3060 2132 3313 2222 internus
3349 2126 3579 2219 aﬁ‘ectus

219 2227 379 2285 lectus
410 2222 571 2292 386
604 2231 870 2297 doctoris,
903 2237 1163 2301 quantum
1215 2233 1468 2302 proﬁciat
1514 2234 1572 2289 in
1601 2234 1856 2289 sublimi-

220 2307 317 2355 tate
346 2302 654 2369 virtutum;
696 2304 955 2358 retractio
1004 2302 1151 2359 funis
1177 2317 1451 2370 seorsum,
1484 2305 1856 2361 consideratio

218 2379 470 2440 quantum
524 2375 706 2441 jaceat
755 2375 811 2428 in
849 2387 959 2429 uno
1006 2375 1300 2441 vitiorum;
1356 2376 1593 2431 annulus
1639 2377 1696 2432 in
1727 2375 1857 2433 fune

216 2442 468 2499 vitiorum
503 2444 787 2499 reticenda
816 2443 1014 2500 divina
1043 2446 1340 2515 Scriptura
1369 2446 1658 2518 signiﬁcat.

871 2533 943 2586 De
969 2532 1208 2588 ecclesia.

275 2619 537 2675 Ecclesia
604 2618 808 2692 dicitur
859 2619 1121 2692 ﬁdelium
1187 2627 1508 2687 conventus,
1576 2622 1633 2677 in
1698 2637 1859 2692 quam

213 2704 369 2759 quare
403 2691 804 2745 conveniamus
841 2689 950 2745 duo
980 2698 1126 2745 sunt.
1173 2693 1347 2746 Unum
1380 2698 1440 2747 ut
1468 2692 1543 2746 ibi
1577 2689 1862 2749 audiamus

206 2761 404 2827 judicia
464 2767 678 2825 nostra,
739 2761 851 2814 sive
908 2761 1074 2827 bona,
1124 2761 1238 2817 sive
1296 2762 1469 2828 mala;
1522 2763 1754 2819 alterum
1802 2771 1861 2819 ut

210 2832 278 2886 ibi
315 2831 698 2902 percipiamus
745 2832 1084 2886 Dominicum
1124 2846 1345 2901 corpus.
1397 2834 1619 2889 Masculi
1668 2836 1724 2889 in
1756 2849 1861 2890 au-

210 2904 355 2956 strali
388 2908 550 2971 parte
577 2908 724 2956 stare
754 2902 958 2957 debent
987 2902 1258 2969 ecclesia,
1291 2903 1508 2959 femina
1537 2906 1594 2959 in
1624 2906 1855 2972 boreali,

207 2979 257 3045 et
284 2974 657 3029 ostendantur
676 2972 946 3028 ﬁrmiores
974 2982 1120 3045 stare
1142 2974 1345 3029 debere
1376 2982 1569 3030 contra
1589 2978 1855 3045 majorum

208 3043 360 3113 hujus
388 3045 589 3099 saeculi
620 3051 786 3099 astus
816 3044 1199 3099 tentationum.
1224 3046 1372 3100 Situs
1392 3046 1643 3101 ecclesia
1665 3043 1718 3101 in
1743 3061 1859 3104 mo-

208 3114 326 3169 dum
356 3117 568 3181 crucis,
603 3114 659 3169 in
690 3114 910 3169 modum
942 3115 1164 3170 humani
1199 3117 1451 3185 corporis
1479 3117 1683 3172 dicitur
1711 3132 1852 3174 esse.

205 3186 517 3257 Cancellum
538 3185 813 3256 signiﬁcat
832 3190 1016 3255 caput,
1045 3201 1179 3241 crux
1199 3201 1268 3241 ex
1294 3194 1528 3257 utraque
1549 3194 1703 3257 parte
1726 3190 1856 3243 bra-

208 3256 330 3330 chia
342 3262 400 3313 et
418 3271 642 3321 manus,
657 3256 869 3330 reliqua
890 3271 1016 3325 pars
1036 3258 1287 3328 corporis
1301 3259 1369 3313 ab
1380 3256 1690 3325 occidente,
1704 3260 1857 3330 quid-

210 3328 334 3396 quid
376 3330 644 3399 corporis
672 3327 891 3399 videtur
916 3342 1205 3397 superesse
1231 3349 1245 3393 ;
1276 3330 1604 3385 sacriﬁcium
1643 3327 1853 3398 altaris,

206 3405 383 3456 votum
412 3398 612 3457 cordis
634 3419 649 3468 ;
670 3398 947 3466 fenestra,
979 3413 1174 3455 sensus
1201 3399 1441 3456 hominis
1466 3402 1553 3456 vel
1583 3403 1853 3472 corporis.

802 3487 1043 3558 Ofﬁcium
1079 3489 1271 3545 missas.

272 3577 528 3635 Ofﬁcium
591 3577 659 3633 ad
714 3576 933 3633 missam
990 3577 1317 3633 Calestinus
1382 3592 1521 3649 papa
1580 3579 1855 3649 instituit;

213 3656 331 3705 ante
390 3651 544 3706 enim
597 3648 843 3718 Epistola
892 3655 1100 3719 tantum
1150 3656 1204 3704 et
1250 3648 1542 3719 Evangelio
1591 3648 1858 3717 recitatis,

211 3720 365 3776 missa
416 3721 828 3777 celebrabatur.
871 3718 1127 3775 Praferri
1177 3719 1342 3774 debet
1371 3718 1708 3776 thuribulum
1738 3735 1860 3777 cum

211 3791 457 3860 incenso,
525 3792 791 3861 subsequi
842 3791 1081 3861 acolythi
1141 3805 1263 3845 cum
1323 3791 1520 3857 cereis,
1576 3791 1678 3848 hos
1734 3793 1865 3847 sub-

211 3861 447 3929 diaconi,
481 3864 595 3918 hos
632 3864 926 3933 episcopus
956 3862 1100 3916 inter
1128 3861 1268 3918 duos
1316 3862 1687 3933 presbyteros.
1710 3864 1862 3919 Thu-

210 3950 447 4006 ribulum
480 3942 641 4013 387
685 3949 956 4021 signiﬁcat
1029 3962 1231 4019 corpus
1293 3950 1517 4017 Christi,
1594 3952 1863 4008 carbones

212 4021 472 4093 Spiritum
531 4020 807 4086 sanctum,
870 4023 1155 4077 incensum
1208 4020 1434 4077 odorem
1489 4022 1622 4078 boni
1678 4023 1864 4093 operis

212 4091 430 4165 Christi,
481 4095 622 4163 quia
677 4093 927 4165 Christus
972 4097 1235 4148 venturus
1290 4093 1346 4165 in
1406 4094 1667 4149 mundum
1716 4091 1866 4165 pra-

211 4162 354 4235 misit
411 4162 745 4235 prophetas,
786 4164 1063 4233 sapientes
1093 4169 1148 4219 et
1190 4164 1422 4235 scribas.
1473 4166 1534 4220 In
1563 4165 1688 4222 loco
1717 4162 1862 4222 scri-

211 4231 702 4305 barnm'acolythi
750 4231 863 4303 qui’
892 4241 1113 4303 portant
1169 4233 1383 4289 divinas
1428 4236 1759 4305 Scripturas,
1810 4244 1867 4293 et

214 4306 540 4372 pracedunt
571 4305 644 4361 ad
675 4305 1089 4360 illuminandum
1134 4305 1304 4360 corda
1333 4305 1613 4374 ﬁdelium;
1655 4309 1713 4363 in
1739 4308 1866 4363 loco

214 4378 547 4445 sapientium
599 4377 947 4448 subdiaconi,
998 4376 1093 4445 qui
1139 4377 1420 4445 sapienter
1469 4378 1652 4433 sciunt
1676 4379 1869 4448 dispo-

217 4458 341 4501 nere
373 4463 501 4504 rasa
552 4448 797 4515 Domini,
830 4448 887 4502 in
934 4447 1060 4502 loco
1112 4447 1503 4516 prophetarum
1551 4447 1868 4504 diaconi’in

216 4520 649 4589 evangelizando
679 4518 914 4573 futuram
960 4518 1287 4572 annuntiant
1316 4519 1523 4589 rvitam;
1576 4520 1871 4589 episcopus

217 4586 534 4646 inter'duos
566 4591 925 4660 presbyteros
969 4589 1241 4660 signiﬁcat
1268 4588 1542 4645 Christum
1589 4586 1734 4646 inter
1759 4586 1870 4647 duo

221 4659 589 4728 testamenta;
627 4659 866 4716 ofﬁCium
902 4664 1084 4715 autem
1130 4659 1331 4714 Christi
1369 4660 1660 4716 adventum
1699 4668 1754 4716 et
1783 4675 1873 4731 po-

220 4731 329 4797 puli
357 4733 764 4789 adunationem
793 4730 1083 4802 signiﬁcat.
1115 4730 1421 4802 Episcopus
1458 4732 1737 4787 osculatur
1767 4730 1875 4802 pri-

220 4814 357 4856 mum
398 4805 700 4860 ministros
739 4802 958 4873 (postea
1006 4802 1049 4857 it
1094 4801 1163 4856 ad
1201 4801 1423 4872 altare),
1472 4802 1674 4859 deinde
1705 4801 1873 4859 Evan-

217 4873 415 4941 gelium
452 4892 466 4925 :
503 4872 765 4932 Christus
819 4873 965 4929 enim
1021 4872 1395 4944 reconciliavit
1450 4874 1684 4943 primum
1738 4888 1874 4944 apo-

218 4944 407 5017 stolos,
482 4953 689 5017 postea
749 4945 1010 5017 reliquos
1038 4943 1301 5017 _Judaos,
1356 4943 1565 5017 deinde
1617 4943 1870 5017 gentiles.

221 5013 499 5087 Bemanet'
518 5013 901 5087 Evangelium
919 5016 974 5070 in
1003 5014 1162 5069 altari
1193 5015 1260 5070 ab
1289 5016 1449 5087 initio
1474 5013 1649 5072 Ofﬁcii
1698 5016 1876 5073 donec

219 5083 431 5159 legatur
465 5132 483 5157 ,
546 5083 703 5159 quia'
754 5087 1018 5142 remansit
1053 5155 1066 5159 _
1095 5086 1408 5159 evangelica
1478 5087 1731 5143 doctrina
1809 5089 1877 5143 ab

220 5155 473 5229 adventu
508 5155 733 5215 Domini
774 5159 831 5213 in
859 5155 1159 5229 Jerusalem
1211 5155 1334 5213 loco
1384 5159 1676 5228 passionis,
1730 5160 1878 5229 quod

218 5227 574 5302 signiﬁcatur
614 5244 714 5301 per
760 5230 951 5293 altare,
1003 5228 1194 5302 donec
1220 5227 1438 5297 publiCe
1477 5230 1610 5302 exiit
1650 5231 1716 5285 ad
1747 5227 1880 5302 gen-

220 5300 361 5355 tiles.
416 5298 662 5357 lnteriin
710 5307 900 5356 tenent
955 5298 1197 5368 acolythi
1246 5312 1438 5354 cereos
1498 5301 1552 5355 in
1610 5298 1880 5368 manibus,

220 5370 345 5443 quia
374 5372 656 5429 doctores
684 5372 889 5428 debent
917 5382 1174 5426 exercere
1205 5369 1351 5443 quod
1383 5371 1605 5426 docent.
1637 5375 1694 5428 ln
1716 5374 1885 5443 Kyrie

218 5440 413 5497 eleison
446 5451 587 5501 orat
634 5443 898 5509 Ecclesia,
949 5447 1010 5496 ut
1065 5439 1372 5495 sacerdotis
1417 5443 1595 5497 oratio
1656 5444 1728 5498 sit
1771 5439 1885 5500 Deo

220 5512 540 5579 placabilis.
609 5516 741 5570 Cum
796 5513 1061 5583 incipitur
1125 5510 1293 5585 Ifyijie
1365 5509 1578 5578 eleison,
1617 5514 1887 5585 Aacolythi

219 5595 417 5642 cereos
464 5586 545 5642 ad
590 5590 791 5642 terram
849 5580 1083 5656 ponunt,
1116 5580 1444 5639 altrinsecus
1472 5595 1582 5637 uno
1612 5583 1668 5639 in
1707 5580 1889 5642 medio

444 5692 703 5751 PATROL.
732 5690 975 5747 CXLVII.

1938 2199 2227 2277 utriusque
2300 2199 2489 2277 debet
2539 2214 2679 2255 esse.
2722 2202 2933 2277 __Pr_ima
3006 2203 3262 2277 salutatio
3315 2207 3576 2277 episcopi

1938 2268 2233 2346 signiﬁcat_
2271 2269 2668 2346 salutationem,
2712 2271 2943 2346 Christig
2970 2273 3037 2328 ad
3094 2268 3397 2346 discipulos
3454 2268 3580 2346 post

1939 2340 2420 2417 resurrectionem.
2510 2343 2709 2417 gratio
2770 2348 2851 2417 _et
2915 2340 3295 2417 benedictim
3331 2340 3579 2417 episcopi

1938 2417 2065 2466 ante
2127 2413 2696 2487 sessionemJChristi
2736 2411 2825 2487 _[f.
2895 2413 3057 2487 deL],
3114 2411 3397 2487 _signiﬁcat
3442 2411 3579 2473 illud

1939 2488 2155 2551 tempus
2228 2498 2353 2556 quo,
2412 2484 2661 2540 Christus
2734 2484 3019 2541 benedixit
3092 2484 3381 2556 discipulis
3466 2489 3632 2547 suis.

1940 2566 2272 2631 ascensurus
2341 2555 2397 2609 in
2482 2556 2725 2631 calum._
2795 2557 2979 2612 Sessio
3074 2558 3319 2628 episcopi
3412 2560 3577 2631 signig

1941 2623 2068 2677 ﬁcat
2138 2625 2438 2681 sessionem
2527 2627 2729 2682 Christi
2830 2634 2955 2697 post
3046 2623 3423 2685 ascensionem
3463 2623 3583 2686 "ad

1943 2701 2100 2771 389
2155 2711 2432 2768 dexteram
2479 2715 2674 2779 Patris;
2727 2716 2901 2770 sessio
2942 2716 3339 2782 ministrorum,
3380 2719 3587 2775 sessio-

1942 2794 2066 2859 nem
2105 2796 2292 2859 eorum
2329 2785 2541 2859 quibus
2582 2785 2789 2859 dicitur
2813 2786 3149 2859 :uSedebitis
3187 2793 3236 2859 et
3284 2804 3377 2859 vos
3425 2804 3583 2859 super

1938 2853 2389 2928 sedesduodecim
2421 2855 2626 2928 (Matth.
2668 2870 2777 2921 xxx,
2815 2855 2927 2925 28).
2962 2858 3066 2910 Per
3104 2858 3402 2925 Epistolam
3443 2853 3583 2928 pra-

1939 2922 2272 2996 dicationem
2336 2922 2538 2980 veteris
2602 2922 2933 2981 Testamenti
3000 2922 3163 2996 quam
3228 2922 3578 2986 humiliorem

1938 2993 2314 3069 intelligimus.
2349 2997 2778 3069 Responsorium
2808 2998 2935 3052 ideo
2984 2993 3211 3069 dictum,
3269 3000 3417 3069 quod
3468 3016 3580 3057 uno

1938 3065 2237 3137 incipiente
2275 3065 2471 3122 cateri
2512 3068 2903 3137 respondeant,
2956 3065 3404 3137 praedicationem
3441 3074 3578 3129 Novi

1938 3136 2267 3207 Testamenti
2296 3151 2421 3207 qua
2450 3136 2811 3194 excellentior
2829 3144 2912 3194 est
2936 3136 3213 3203 {lectores
3242 3148 3296 3196 et
3326 3149 3581 3200 cantores

1936 3205 2275 3280 adoﬁlcium
2303 3205 2592 3278 surgentes
2622 3211 2841 3280 negotia
2889 3211 3103 3265 Domini
3154 3212 3377 3280 habent,
3428 3215 3575 3269 sicut

1936 3276 2049 3332 illis
2085 3278 2326 3334 dicitur:
2360 3276 2734 3348 Negotiamini,
2767 3282 2887 3335 dum
2933 3283 3080 3336 venio
3123 3281 3269 3352 (Luc.
3319 3276 3432 3351 xix,
3472 3284 3576 3355 l3).

2130 3386 2307 3453 Quare
2331 3388 2668 3458 responsoria
2697 3386 2854 3442 altius
2884 3386 3102 3441 lectione
3126 3388 3386 3445 dicuntur.

1880 3492 1925 3555 α
1982 3490 2448 3563 _Besponsorium
2490 3490 2940 3563 altius_lectione
2970 3489 3214 3563 auditur,
3264 3493 3416 3563 utsi
3457 3496 3582 3563 quis

1945 3560 2232 3631 obduratis
2278 3561 2504 3616 auribus
2559 3560 2744 3616 cordis
2808 3573 2920 3614 non
2986 3561 3256 3631 excitatur
3320 3560 3582 3631 depressa

1940 3630 2317 3686 admonitione
2347 3631 2558 3685 Veteris
2613 3631 2969 3695 Testamenti,
3029 3630 3119 3684 hic
3176 3630 3463 3688 excitetur.
3523 3635 3583 3689 In

1940 3714 2156 3756 versum
2188 3715 2351 3770 quem
2382 3700 2535 3756 solus
2563 3707 2765 3767 cantat,
2807 3701 3064 3756 admonet
3112 3705 3173 3756 ut
3220 3701 3371 3758 solus
3401 3709 3587 3760 retra-

1943 3778 2056 3826 ctet
2092 3771 2440 3841 fragilitatem
2468 3785 2641 3827 suam.
2673 3773 2889 3845 Timore
2939 3786 3130 3827 versus
3176 3773 3284 3829 alte
3331 3774 3583 3845 incipere

1943 3856 2268 3914 responsum
2298 3856 2407 3898 non
2433 3849 2515 3898 est
2545 3856 2727 3898 ausus.
2760 3842 2941 3898 Finito
2969 3849 3150 3900 autem
3181 3858 3362 3914 versu,
3394 3842 3584 3903 vocem

1943 3913 2147 3986 exaltat
2192 3914 2519 3986 ﬁducialius,
2560 3913 2655 3986 ubi
2683 3914 2945 3986 designat
2993 3928 3089 3971 eos
3127 3916 3223 3986 qui
3270 3913 3587 3974 considera-

1943 3984 2094 4040 tione
2124 3986 2365 4055 propria
2412 3984 2723 4055 fragilitatis
2768 3984 3036 4057 quidquid
3084 3984 3273 4057 agunt,
3325 3989 3588 4046 humilius

1943 4061 2146 4126 agunt;
2182 4057 2273 4112 hic
2305 4057 2431 4112 illos
2468 4056 2561 4126 qui
2610 4057 2952 4113 conﬁdentes
2990 4056 3343 4127 praﬁdentes
3374 4062 3451 4127 [id
3479 4065 3581 4126 est,

1945 4133 2361 4196 prasumentes]
2401 4128 2470 4183 de
2505 4127 2883 4185 misericordia
2929 4129 3046 4196 Dei,
3087 4130 3398 4189 ﬁducialius
3449 4132 3588 4188 insi-

1945 4204 2098 4254 stunt
2128 4199 2277 4255 omni
2306 4213 2421 4256 sua
2451 4200 2679 4254 actioni.

2409 4289 2550 4356 Quid
2575 4288 2826 4358 signiﬁcet
2857 4288 3133 4356 graduale.

2017 4376 2283 4432 Graduale
2322 4377 2525 4432 bonum
2566 4390 2705 4446 opus
2751 4374 3042 4446 signiﬁcat,
3094 4376 3152 4431 in
3203 4390 3312 4445 quo
3351 4378 3585 4433 semina-

1951 4460 2071 4503 mus
2107 4447 2254 4503 illam
2292 4462 2445 4517 spem
2497 4445 2935 4515 contemplativa
2983 4446 3108 4501 vita
3159 4447 3214 4502 in
3271 4461 3379 4516 qua
3425 4450 3587 4503 meti-

1952 4531 2072 4573 mus
2100 4518 2479 4587 ;-pracedunt
2507 4532 2636 4573 vero
2668 4524 2874 4573 tractus
2903 4518 3163 4585 tristitia,
3205 4518 3456 4587 sequitur
3493 4532 3592 4574 au-

1953 4609 2062 4661 tem
2094 4607 2304 4671 latitia,
2347 4596 2508 4666 390
2536 4607 2665 4675 quia
2695 4606 3015 4674 pracedunt
3039 4606 3149 4662 duo
3173 4606 3292 4661 dies
3314 4606 3383 4661 de
3404 4606 3593 4676 sepul-

1955 4691 2071 4742 cro,
2103 4677 2353 4746 sequitur
2381 4678 2577 4732 tertius
2608 4678 3027 4732 resurrectionis
3055 4678 3276 4746 gloria;
3303 4676 3480 4732 lector
3505 4678 3590 4733 vel

1956 4755 2150 4803 cantor
2178 4746 2414 4803 ofﬁcium
2444 4762 2601 4803 suum
2622 4748 2796 4803 acturi
2817 4763 2982 4817 supra
3011 4748 3239 4817 gradum
3260 4748 3587 4815 ascendunt,

1892 4828 1941 4885 D
1958 4820 2084 4888 quia
2097 4819 2293 4875 doctor
2303 4818 2775 4889 perfectionevita
2787 4819 2980 4889 vulgus
2990 4818 3156 4873 debet
3175 4820 3587 4877 transcendere.

2406 4918 2484 4973 De
2506 4916 2886 4986 signiﬁcatione
2914 4915 3130 4971 incensi.

2027 5015 2160 5070 Cum
2217 5014 2565 5086 Evangelium
2621 5013 2787 5068 debet
2842 5011 2949 5080 legi
3008 5013 3164 5081 ponit
3209 5015 3267 5070 in
3307 5015 3594 5071 thuribulo

1956 5099 2124 5155 super
2163 5100 2364 5155 prunas
2400 5085 2683 5155 incensum
2745 5087 2805 5137 ut
2842 5096 3059 5138 suavem
3116 5087 3329 5141 emittat
3366 5087 3595 5141 odorem

1960 5154 2230 5212 bonorum
2286 5171 2515 5227 operum
2549 5198 2563 5221 ,
2631 5154 2767 5227 hac
2815 5155 3069 5227 superius
3133 5157 3411 5227 exposita,
3446 5162 3592 5212 sunt.

1960 5228 2167 5283 Deinde
2206 5224 2473 5283 diaconus
2500 5230 2725 5294 accepta
2753 5224 3161 5292 benedictione,
3196 5224 3251 5283 et
3280 5226 3599 5283 conﬁrmata

1963 5300 2144 5355 crucis
2200 5298 2560 5368 impressione
2616 5301 2677 5368 ut
2736 5309 2963 5352 securus
3018 5298 3258 5363 incedat,
3318 5297 3386 5353 de
3443 5299 3601 5354 altari

1964 5367 2313 5440 Evangelium
2340 5369 2524 5435 sumit,
2556 5367 2782 5424 sinistro
2821 5368 3047 5424 brachio
3086 5369 3431 5438 superponit,
3472 5371 3603 5440 quia

1966 5441 2024 5496 in
2061 5443 2170 5496 vita
2201 5440 2488 5510 temporali
2520 5452 2745 5511 necesse
2775 5445 2859 5511 est
2886 5440 3237 5511 Evangelium
3267 5440 3560 5508 pradicari
3586 5462 3602 5509 ;

1968 5511 2243 5638 depositio
2274 5509 2612 5595 liaculorum.
2638 5509 3001 5594 humilitatem
3035 5509 3308 5593 Signiﬁcat
3337 5510 3603 5579 ﬁdelium,

1970 5598 2034 5638 ve
2112 5597 2181 5638 ne
2245 5582 2533 5637 Videantur
2567 5581 2775 5637 Similes
2828 5583 3035 5638 Judais
3062 5582 3384 5638 arundinem
3414 5592 3603 5638 tenen-

1970 5581 2058 5639 vel
2112 5597 2181 5638 no
2245 5582 2533 5637 videantur
2567 5581 2775 5637 similes
2828 5582 3035 5638 Judais
3062 5582 3384 5639 arundinem
3414 5592 3609 5640 tenen-

3368 5691 3400 5741 7
