4104 6172
504 260 613 315 203

1619 253 1910 311 JOANNES
1945 245 2360 306 ARCHIEPISC.
2401 243 2735 300 ROTOMAG.

3752 240 3862 297 204

505 387 653 444 tibus
706 386 764 441 in
820 386 1119 455 conspectu
1159 382 1424 455 cruciﬁxi.
1474 380 1842 455 Thuribulum
1886 380 2137 455 portatur
2150 372 2298 455 A'cs
2326 374 2508 455 motus
2543 368 2723 455 sopiti
2757 368 3106 455 su‘niLquodL
3121 373 3216 455 est
3246 369 3414 455 δίψῃ
3452 366 3628 455 igitur,
3662 379 3851 455 usque

504 472 672 527 super
698 456 936 511 tribunal
959 447 1093 510 'ante
1132 453 1499 527 Evangelium,
1543 452 1670 521 quia
1715 447 1920 527 Christi
1963 460 2133 527 opera

506 515 907 599 praecesserunt
963 529 1081 597 ejus
1136 515 1492 600 doctrinam;
1522 515 1581 600 ut
1634 529 1718 600 est
1770 520 1949 600 illud,_
1987 515 2134 600 quod

505 590 654 671 ἕτερα
699 602 851 655 Jesus
894 590 1069 671 facere
1110 601 1162 671 _et
1194 598 1384 671 _docere
1412 598 1547 671 (_Act.
1586 592 1735 671 i,__i).
1770 590 2137 671 Excellentior

507 662 592 736 [id
648 676 762 737 est,
829 662 1123 735 Excelsior]
1194 667 1347 737 locus
1410 663 1716 737 Evangelii,
1756 662 2135 737 _eminentiam

505 732 775 812 signiﬁcat
830 732 1257 810 praedicationis,
1313 735 1422 812 _duo_
1480 732 1627 790 cerei
1676 734 1769 803 qui
1817 732 2137 812 praecedunt

505 807 1033 881 diaconum—legem
1072 817 1126 863 et
1170 807 1513 881 prophetiam
1561 821 1685 881 qua:
1735 809 2137 881 praecesserunt

503 876 1215 953 Evangeliumfcereorum
1264 877 1331 931 ad
1372 884 1572 933 terram
1607 877 1905 953 depositio,
1957 876 2133 953 legem

506 960 559 1009 et
626 946 973 1023 prophetiam
1033 948 1370 1023 inferiorem
1407 963 1528 1003 esse
1606 946 1917 1023 Evangelia.
1970 947 2137 1023 Lecto

504 1015 796 1094 Evangel'io
864 1020 1196 1094 (54‘)ucerei
1258 1020 1674 1094 extinguuntur,
1733 1015 1881 1094 quia,
1942 1015 2139 1094 praedi-

506 1088 720 1151 catione
748 1088 1024 1162 Evangelii
1052 1091 1224 1160 ﬁnita,
1257 1091 1343 1146 lex
1396 1088 1451 1145 et
1498 1090 1791 1160 prophetia
1819 1088 2133 1145 cessabunt.

900 1189 1033 1259 39|
1084 1199 1162 1252 De
1198 1197 1475 1252 monitione
1511 1197 1756 1267 episcopi.

575 1290 705 1345 Post
742 1287 1089 1357 Evangelium
1140 1285 1359 1356 quando
1409 1287 1702 1357 episcopus
1741 1285 1915 1357 dicit:
1946 1286 2140 1357 rDomi-

503 1376 597 1415 nus
652 1355 930 1423 vobiscum,
991 1355 1185 1427 incipit
1220 1357 1366 1412 aliud
1424 1355 1671 1412 Oflicium
1727 1356 1862 1427 (55),
1923 1356 2139 1412 Oremus

501 1430 761 1498 dicendo,
803 1434 988 1484 monet
1037 1426 1479 1498 unumquemque
1527 1428 1594 1483 ad
1644 1441 1701 1498 se
1750 1426 1952 1492 redire,
2006 1441 2139 1483 con-

500 1502 761 1558 scientias
788 1515 915 1556 suas
965 1497 1262 1567 discutere,
1311 1497 1552 1569 seipsum
1608 1497 1985 1555 holocaustum
2026 1500 2137 1555 Deo

500 1573 716 1630 oﬁerre.

944 1642 1079 1709 Quid
1115 1642 1369 1711 signiﬁcet
1407 1638 1699 1711 corporale.

2217 445 2383 511 Quam
2421 436 2768 504 oblationem;
2810 437 3040 493 alterum
3079 438 3208 494 hinc
3245 452 3419 507 usque
3454 436 3624 511 Nobis
3652 452 3851 511 quoque

2210 508 2608 585 peccatoribus,
2642 512 2695 565 in
2745 523 2877 585 quo
2906 516 3263 585 neces_se_est
3304 508 3560 585 quotidie
3609 508 3849 585 carnalia

2218 580 2461 640 mactari.
2508 586 2565 638 ln
2595 582 2697 636 hac
2740 582 2989 636 oratione
3037 580 3198 635 sindo
3236 580 3543 635 subsistens
3579 580 3851 650 signiﬁcat

2216 656 2418 711 Christi
2449 656 2503 709 in
2559 652 2811 722 passione
2870 651 3263 716 humilitatem;
3323 651 3623 716 sudarium,
3690 650 3851 722 labo-

2217 741 2350 782 rem.
2384 727 2459 780 De
2497 721 2755 779 crucibus
2782 736 2911 778 vero
2959 737 3096 791 quas
3140 723 3378 777 solemus
3421 722 3638 777 diverso
3684 721 3849 777 modo

2217 797 2397 853 facere
2430 808 2597 865 super
2624 808 2821 865 panem
2851 800 2906 849 et
2934 794 3137 859 vinum,
3170 801 3389 865 nonest
3420 792 3552 865 quid
3583 793 3761 865 dicam
3795 794 3850 847 in

2219 869 2314 923 tali
2353 864 2511 931 loco,
2529 865 2613 921 vel
2641 880 2740 920 cur
2777 864 2962 934 plures
2999 880 3097 919 seu
3137 864 3424 933 pauciores
3453 864 3603 919 ﬁant.
3636 866 3696 918 In
3726 864 3851 920 loco

2219 939 2312 994 ubi
2353 938 2585 993 dicitur:
2621 938 2748 990 Haec
2783 936 3195 1006 quotiescumque
3229 936 3473 1005 feceritis,
3513 935 3569 989 in
3607 935 3851 1006 meime-

2218 1006 2668 1087 moriamfucielis
2686 1027 2715 1087 ;Δ
2745 1003 2834 1061 hic
2872 1003 3290 1087 simplex—panis
3319 1003 3765 1087 revertitur

2220 1076 2600 1135 rationabilem
2631 1084 2875 1132 naturam
2907 1078 3158 1147 corporis
3196 1083 3250 1132 et
3298 1077 3579 1146 sanguinis
3624 1076 3849 1131 Christi.

2225 1152 2371 1206 Unde
2408 1156 2455 1205 et
2485 1163 2752 1210 memores,
2794 1148 2883 1203 hic
2912 1142 3106 1217 incipit
3137 1147 3336 1219 passio.
3381 1142 3617 1202 Hostiam
3645 1162 3850 1219 puram,
3942 1142 3957 1155 ⁸

2219 1223 2438 1277 hostiam
2476 1226 2731 1285 sanctam,
2781 1219 3001 1274 hostium
3048 1218 3469 1283 immaculatum,-
3521 1218 3609 1273 hic
3650 1218 3854 1288 incipit

2220 1292 2522 1348 crnciﬁxio.
2555 1289 2828 1361 Supplices
2855 1296 2905 1345 te
2938 1305 3226 1359 rogamus;
3259 1291 3375 1345 haec
3405 1291 3580 1345 oratio
3601 1290 3656 1344 in
3688 1304 3854 1345 cruce

2220 1365 2458 1433 incoepta
2495 1377 2526 1417 a
2580 1362 2786 1431 psalmo
2837 1376 2927 1415 xxi
2977 1361 3117 1431 [xxx]
3178 1376 3352 1430 usque
3398 1363 3465 1433 In
3502 1366 3852 1433 manus‘tuas

2219 1431 2514 1489 commendo
2543 1434 2782 1503 spiritum
2810 1447 2993 1499 meum,
3042 1433 3303 1501 episcopo
3343 1431 3625 1495 inclinato,
3675 1431 3853 1502 signi-

2218 1505 2345 1560 ﬁcat
2402 1502 2748 1560 emissionem
2817 1503 3045 1572 spiritus
3080 1503 3301 1568 Christi,
3370 1504 3549 1572 capite
3585 1502 3851 1559 inclinato

2220 1592 2389 1650 Nobis
2425 1607 2624 1663 quoque
2661 1582 2819 1653 394
2854 1590 3231 1663 peccatoribus.
3274 1591 3421 1663 Haec
3450 1590 3626 1663 oratio
3673 1591 3854 1646 tendit

2220 1679 2394 1734 usque
2418 1660 2515 1735 per
2538 1660 2715 1735 omnia
2736 1660 2937 1735 _stecula
2973 1660 3299 1735 saeculorum.
3359 1661 3459 1735 Hic
3496 1662 3704 1735 elevata
3746 1675 3853 1735 vox

571 1731 833 1797 Sindone,
868 1730 920 1786 id
962 1737 1064 1804 est,
1098 1730 1372 1804 corporali
1412 1729 1670 1804 imposito
1718 1727 1897 1793 altari,
1932 1728 2133 1804 admo-
2887 1704 3336 1788 excvlam'ati'o'neln
3359 1704 3853 1804 ‘Eéniiii5iiis_'&'£

501 1811 702 1860 nentur
738 1802 995 1868 ministri,
1062 1802 1145 1858 vel
1202 1800 1459 1871 populus,
1519 1808 1579 1855 ut
1615 1802 1726 1856 sint
1782 1800 2027 1856 mundati
2065 1801 2134 1856 ab

501 1875 649 1937 omni
679 1875 978 1944 cupiditate
1008 1870 1232 1939 carnali,
1274 1870 1417 1928 Sicut
1479 1870 1626 1944 illud
1669 1871 1990 1944 inundatum
2053 1878 2138 1927 est

500 1962 531 2002 a
560 1942 794 2002 naturali
822 1946 1095 2001 viriditate
1126 1952 1181 2000 et
1208 1944 1457 1999 humore.
1491 1942 1630 1998 lllud
1661 1943 1915 2012 splendet
1935 1943 2133 2009 nitore,

498 2018 590 2073 isti
621 2019 838 2073 virtute.
874 2019 1067 2071 Postea
1115 2022 1370 2071 cantante
1418 2014 1609 2078 choro,
1651 2016 1925 2083 susceptis
1973 2014 2132 2069 obla-

498 2089 745 2145 tionibus
799 2103 831 2143 a
884 2088 1108 2157 populo,
1152 2088 1445 2156 episcOpus
1492 2085 1898 2157 revertiturad
1938 2085 2129 2139 altare.

497 2160 783 2226 Christus,
824 2156 1095 2228 susceptis
1152 2158 1389 2213 ﬁdelium
1421 2157 1626 2228 _votis,
1669 2156 1909 2211 ﬁdelium
1959 2157 2135 2211 turbis

498 2231 845 2287 cantantibus
881 2226 1136 2284 Hosanna
1172 2231 1228 2283 in
1265 2226 1526 2292 Excelsis,
1549 2227 1627 2283 uti
1659 2234 1777 2282 erat
1815 2241 2039 2282 necesse
2079 2228 2132 2282 in

498 2303 749 2372 proximo
796 2301 1191 2365 immolaturus,
1237 2300 1474 2372 intravit,
1497 2299 1552 2372 in
1590 2298 1887 2372 templum.
1919 2299 2133 2372 Oblatio

537 2374 657 2428 anis
687 2379 742 2428 et
769 2372 878 2426 vini
907 2371 1176 2441 signiﬁcat
1234 2372 1322 2440 pia
1360 2370 1636 2425 desideria
1663 2370 1776 2424 sive
1807 2384 1906 2441 per
1935 2370 2132 2441 immo-

519 2446 795 2509 ationem,
853 2440 979 2497 sive
1024 2457 1125 2512 per
1178 2443 1349 2497 vivam
1416 2441 1669 2512 hostiam.
1730 2440 1935 2495 Deinde
1994 2440 2135 2496 levat

499 2516 793 2585 episcopus
821 2511 1101 2585 manus’ut
1129 2513 1239 2585 sint
1267 2511 1502 2585 mundae
1531 2526 1561 2585 a
1601 2519 1837 2585 terreno
1871 2525 2028 2580 pane,
2079 2519 2135 2585 et

501 2582 623 2642 orat
658 2582 784 2640 ante
823 2584 993 2639 altare
1025 2591 1083 2638 ut
1110 2584 1183 2638 sit
1211 2583 1411 2653 dignus
1436 2582 1505 2637 ad
1546 2582 1933 2638 immolandum
1965 2584 2134 2638 sacri-

497 2656 699 2722 ﬁcium,
734 2669 803 2710 ne
841 2656 933 2710 ﬁat
962 2655 1041 2709 illi
1071 2655 1214 2709 sicut
1241 2653 1439 2709 factum
1472 2662 1555 2708 est
1583 2655 1638 2708 in
1687 2653 2128 2713 Bethsamitibus.

496 2727 550 2783 in
591 2728 792 2799 quibus
828 2726 923 2799 qui
970 2739 1080 2781 non
1128 2726 1431 2799 timuerunt
1467 2724 1654 2799 videre
1699 2738 1878 2799 arcam
1919 2725 2129 2799 Domini

495 2795 663 2855 occisi
691 2807 822 2855 sunt
849 2795 926 2853 de
976 2796 1180 2867 populo
1236 2811 1375 2851 Lxxv
1427 2796 1550 2863 viri,
1605 2795 1673 2850 de
1716 2795 1873 2864 plebe
1912 2795 2131 2849 Lmillia

497 2868 554 2941 (Ι
588 2873 714 2940 Reg.
755 2868 849 2939 vr).
882 2868 1240 2924 Thuribulum
1270 2867 1419 2937 quod
1449 2868 1846 2936 superponitur
1892 2867 2130 2922 orationi

491 2959 763 3084 ggniﬁcat
792 2949 947 3019 392
977 2956 1249 3011 Christum
1289 2969 1389 3025 per
1436 2968 1598 3024 quem
1636 2954 1741 3009 sibi
1798 2954 2132 3024 propitietur

538 3044 776 3084 ominus.

538 3044 776 3085 ominus.

854 3099 934 3154 De
970 3096 1319 3151 commistione
1355 3095 1461 3150 vini
1497 3101 1547 3150 et
1585 3111 1753 3166 aqua.

563 3187 881 3245 Commistio
910 3186 1022 3241 vini
1052 3192 1107 3240 et
1137 3198 1315 3253 aquas,
1346 3185 1666 3253 conjunctio
1712 3184 1915 3239 Christi
1946 3189 2029 3239 est
2078 3189 2133 3240 et

495 3260 775 3317 Ecclesiae.
843 3258 1021 3313 Prima
1078 3260 1291 3311 secreta
1363 3255 1634 3324 signiﬁcat
1706 3254 1839 3310 illud
1916 3262 2131 3325 tempus

496 3331 717 3402 quando
745 3330 993 3402 Christus
1020 3327 1172 3402 venit
1202 3327 1271 3382 ad
1310 3325 1472 3402 diem
1501 3326 1697 3402 festum
1741 3340 1855 3402 _non
1904 3327 2129 3402 inanite-

494 3397 577 3459 ste
627 3403 724 3458 sed
755 3400 911 3471 quasi
940 3401 997 3453 in
1018 3397 1377 3471 occulto,_vel
1417 3397 1551 3471 illud
1610 3398 1756 3471 quod
1815 3398 1870 3451 in
1909 3398 2126 3471 Christo

495 3474 735 3537 latebat,
776 3468 987 3542 'Agnus
1053 3469 1323 3539 paschalis
1361 3468 1760 3542 immolandus,
1802 3468 1949 3537 quod
2007 3476 2126 3525 erat

490 3552 763 3601 secretum
819 3539 1073 3599 omnibus
1128 3555 1301 3610 usque
1358 3540 1413 3594 in
1472 3539 1615 3595 diem
1667 3552 1862 3595 ctenaa.
1903 3541 2124 3609 quando

490 3616 779 3686 discipulis
805 3614 1040 3684 aperuit.
1072 3613 1131 3666 In
1160 3612 1263 3686 hac
1291 3618 1505 3666 secreta
1545 3617 1772 3686 vocatur
1797 3612 2123 3667 sacriﬁcium

488 3682 716 3745 oblatio.
748 3689 793 3742 A
821 3682 1071 3741 Dominus
1106 3682 1366 3737 vobiscum
1404 3696 1577 3751 usque
1616 3682 1684 3737 ad
1732 3683 1981 3749 Sanctus,
2022 3696 2122 3738 vo-

489 3766 644 3815 catur
672 3759 926 3827 hymnus,
967 3754 1096 3822 quia
1144 3753 1757 3827 laudibussanctorum
1806 3754 2122 3824 angelorum

489 3837 573 3886 est
610 3824 843 3893 plenus;
875 3832 1101 3881 vocatur
1130 3825 1481 3893 praeparatio,
1515 3824 1642 3892 quia
1673 3832 1946 3893 praeparat
1974 3839 2123 3881 men-

489 3906 573 3955 tes
610 3894 851 3954 ﬁdelium
889 3896 956 3951 ad
1005 3894 1204 3950 futurae
1260 3894 1617 3949 reverentiam
1668 3896 2119 3951 consecrationis.

488 3970 766 4039 Signiﬁcat
821 3974 1018 4039 autem
1054 3965 1189 4039 illud
1247 3970 1463 4033 tempus
1517 3964 1738 4039 quando
1770 3965 2029 4039 _Christus
2067 3967 2122 4022 in

469 4035 644 4096 ~coéna
674 4041 730 4095 in
776 4036 1060 4093 ctenaculo
1115 4035 1373 4106 hymnum
1429 4036 1634 4106 retulit,
1678 4041 1727 4091 et
1763 4036 1948 4106 hymno
1987 4038 2122 4093 dicto

487 4112 648 4167 exivit
694 4111 749 4165 in
784 4114 1004 4164 montem
1058 4104 1245 4161 Oliveti
1296 4105 1512 4174 (Matth.
1571 4121 1717 4171 xxvr,
1759 4104 1865 4173 30).
1917 4109 1982 4162 Et
2032 4109 2123 4164 hic

487 4182 657 4237 altare
687 4181 957 4252 signiﬁcat
980 4190 1243 4252 _mensam
1281 4176 1518 4252 Domini_
1545 4177 1756 4252 in__qua
1799 4180 2123 4235 convivaba-

487 4261 579 4309 tur
607 4247 1046 4320 cum'discipulis
1074 4249 1225 4315 suis;
1257 4247 1577 4320 corporale,
1610 4248 1834 4303 linteum
1866 4264 1975 4318 quo
2005 4257 2124 4306 erat

486 4325 854 4395 prmcinctus;
906 4318 1214 4395 sudarium,
1256 4318 1501 4395 laborem
1541 4333 1606 4374 ex
1636 4322 2118 4395 persecutoribus;

482 4390 687 4451 sursum
724 4394 907 4457 corda,
948 4390 1324 4446 ascensionem
1356 4390 1410 4444 in
1441 4390 1801 4446 coenaeulum.

555 4468 733 4521 Finito
773 4464 971 4534 hymno
1011 4464 1526 4534 Sauctus,‘sanctus,
1569 4476 1730 4534 quem
1756 4461 1845 4516 hic
1883 4462 2115 4519 inseruit

480 4539 679 4609 Xystus
716 4532 876 4609 papa,
908 4535 1066 4603 cujus
1089 4532 1310 4609 _h_ymni_
1330 4533 1502 4609 prima
1533 4546 1659 4601 pars
1696 4533 1909 4609 laudem
1942 4535 2116 4590 conti-

481 4603 575 4665 net
626 4603 980 4678 angelorum,
1049 4603 1235 4658 ultima
1297 4603 1619 4669 hominum,
1679 4605 1995 4660 sacerdotes
2060 4611 2115 4662 et

481 4698 697 4754 diaconi
761 4703 908 4752 retro
969 4698 1178 4748 stantes
1235 4682 1390 4752 393
1451 4692 1696 4746 inclinati
1762 4701 2114 4761 perseverant

480 4784 653 4837 usque
692 4770 748 4823 in
778 4769 937 4823 ﬁnem
977 4764 1609 4837 Dominica3_ora_tionis.
1662 4764 1755 4818 Isti
1804 4765 2113 4837 signiﬁcant

481 4834 761 4908 apostolos
789 4839 881 4907 qui
913 4839 966 4891 in
1000 4836 1253 4905 passione
1284 4834 1497 4908 Domini
1534 4847 1740 4908 magna
1757 4836 2111 4908 tribulatione

480 4904 730 4979 oppressi
761 4904 869 4963 non
901 4904 1175 4962 audebant
1205 4919 1264 4960 se
1295 4904 1516 4979 erigere
1540 4911 1598 4958 ut
1627 4904 1685 4959 Se
1714 4905 1919 4979 Christi
1948 4908 2115 4963 disci-

481 4976 1075 5053 pulosieonﬁtereutur
1117 4991 1258 5039 esse,
1309 4983 1363 5031 et
1408 4976 1637 5053 _stabant
1672 4981 1859 5053 tamen
1908 4978 1963 5053 in
2004 4980 2110 5035 ﬁde

476 5047 530 5109 in
562 5051 755 5108 faciem
785 5057 992 5119 aperte.
1023 5050 1176 5104 Sicut
1204 5053 1360 5102 erant
1389 5047 1498 5119 duo
1528 5047 1737 5119 altaria
1756 5048 1811 5102 in
1851 5050 2114 5105 taberna—

476 5126 622 5189 culo,
683 5116 849 5179 unum
905 5120 1275 5190 thymiamatis
1292 5161 1305 5183 ,
1354 5117 1588 5190 alterum
1648 5116 1975 5186 holocausti,
2034 5122 2108 5175 ita

474 5202 603 5251 sunt
639 5195 748 5251 duo
777 5189 1117 5256 sacramenta
1156 5189 1435 5255 Ecclesia,
1469 5201 1634 5243 unum
1672 5189 1729 5243 in
1769 5204 1879 5259 quo
1919 5205 2109 5247 carna-

548 5282 678 5359 (ᾖξ’)
703 5283 975 5359 ita__.loan1
1001 5279 1385 5359 _Abrincensis,
1405 5291 1549 5359 ‘pag.
1592 5276 1675 5359 l9.

545 5347 672 5478 (ἐξ)
697 5353 918 5434 Scilicet
946 5351 1207 5433 ﬁdelium,
1249 5348 1658 5404 catechumenis
1685 5347 1947 5404 dimissis.

545 5436 558 5478 t
639 5423 654 5478 l
684 5427 994 5478 Revertitur.
1025 5421 1079 5477 id
1110 5428 1215 5478 est.
1245 5433 1547 5474 conversum
1584 5423 1679 5474 est.
1708 5421 1947 5475 Praasens

545 5421 654 5493 (56)
684 5424 994 5488 Revertitur,
1025 5421 1216 5493 idest,
1245 5433 1547 5493 convcrsum
1584 5423 1679 5493 est.
1708 5421 1960 5475 Prmsens
1998 5435 2101 5493 pro

473 5490 752 5565 praeterito
782 5495 1025 5565 ponitur,
1056 5492 1222 5565 simili
1264 5490 1431 5547 modo
1476 5491 1724 5561 loquitur
1761 5496 1973 5559 auctor,
2004 5492 2102 5549 lib.

469 5561 540 5623 de
569 5561 952 5623 ecclesiilier.
992 5578 1044 5621 c.
1074 5561 1129 5619 3.

2220 1807 2432 1862 centis:
2478 1808 2605 1859 Vere
2632 1802 2800 1859 Filius
2832 1804 2925 1858 Dei
2955 1808 3067 1858 erat
3106 1805 3204 1859 iste
3255 1803 3469 1873 (Matth.
3521 1802 3847 1874 xxvu.,54).

2220 1880 2419 1933 lterum
2456 1876 2665 1931 stabant
2704 1875 2810 1929 noti
2855 1875 2966 1942 ejus
3011 1890 3186 1929 omnes
3236 1891 3269 1929 a
3307 1874 3476 1943 longe,
3517 1880 3566 1929 et
3611 1873 3853 1930 mulieres

2218 1962 2332 2019 qua:
2354 1953 2543 2019 secuta:
2571 1952 2719 2019 erant
2756 1960 2870 2019 eum
2898 1961 2931 2019 a_
2952 1944 3211 2019 _Gatiltea,
3232 2016 3242 2019 _
3261 1945 3371 2019 lucc
3415 1945 3643 2019 videntes
3694 1946 3849 2019 (Luc.

2216 2015 2387 2085 ixm,
2447 2018 2559 2088 49).
2631 2018 2740 2071 llos
2794 2016 3104 2085 signiﬁcant
3161 2016 3510 2072 subdiaconi.
3568 2015 3647 2071 Ad
3681 2015 3851 2088 hanc

2214 2104 2404 2145 vocem
2435 2087 2620 2144 creteri
2654 2087 2845 2153 erecti,
2877 2094 2932 2141 et
2961 2088 3237 2142 intuentes
3266 2089 3321 2142 in
3353 2101 3415 2143 os
3444 2087 3719 2157 episcopi;
3755 2090 3854 2143 mi-

2218 2162 2444 2216 noribus
2481 2168 2660 2215 autem
2709 2158 2996 2226 discipulis
3051 2158 3126 2212 ita
3184 2160 3544 2224 intuentibus,
3583 2160 3853 2228 apostolis

2211 2246 2342 2287 vero
2382 2232 2697 2294 latentibus,
2737 2231 2885 2284 venit
2924 2229 3252 2284 Nicodemus
3281 2239 3336 2285 et
3380 2231 3605 2299 Ioseph,
3648 2239 3702 2284 et
3741 2231 3847 2286 de-

2214 2303 2450 2372 positum
2489 2315 2691 2371 corpus
2728 2301 3069 2356 involverunt
3128 2301 3183 2354 in
3242 2301 3473 2372 sindone
3530 2301 3847 2372 mundaet

2217 2371 2521 2443 posuerunt
2576 2374 2629 2426 in
2672 2379 3023 2427 monumento
3048 2371 3281 2443 Δ(ΜαιιΙι.
3324 2386 3518 2443 cxxvn,
3579 2371 3669 2437 59,
3726 2371 3842 2438 60;

2212 2441 2367 2500 Joan.
2410 2460 2521 2510 χιχ,
2562 2443 2674 2509 42),
2715 2456 2855 2512 quos
2890 2441 3200 2511 signiﬁcant
3244 2442 3537 2511 episcopus
3574 2449 3629 2497 et
3659 2443 3849 2497 archi-

2215 2515 2500 2582 diaconus,
2541 2515 2636 2584 qui
2694 2514 3124 2569 subdiaconibus
3169 2527 3198 2567 a
3240 2514 3398 2583 longe
3429 2514 3844 2582 aspicientibus,

2215 2586 2540 2641 diaconibus
2578 2591 2727 2641 retro
2765 2584 3037 2639 stantibus
3065 2585 3279 2639 elevant
3305 2584 3531 2640 calicem
3559 2584 3628 2639 de
3656 2585 3844 2651 altari,

2211 2664 2268 2712 et
2324 2657 2601 2713 involvunt
2641 2656 2696 2709 in
2733 2655 2957 2710 sudario
3015 2661 3070 2710 et
3123 2663 3418 2723 reponunt.
3468 2657 3596 2711 Duae
3650 2670 3849 2712 cruces

2213 2727 2371 2783 factae
2422 2729 2575 2797 juxta
2631 2726 2856 2782 calicem
2895 2726 3095 2781 docent
3141 2727 3414 2781 Christum
3473 2741 3573 2795 pro
3627 2726 3852 2782 duobus

2214 2799 2433 2868 populis
2470 2799 2808 2853 cruciﬁxum.
2839 2798 3029 2853 Oblata
3059 2799 3114 2852 in
3139 2797 3310 2853 calice
3346 2797 3616 2867 signiﬁcat
3642 2811 3855 2867 corpus

2212 2870 2447 2925 Domini.
2482 2871 2675 2925 Vinum
2715 2869 2857 2923 intra
2894 2869 3140 2934 calicem,
3181 2870 3323 2924 intra
3362 2882 3563 2938 corpus
3608 2875 3664 2923 et
3708 2883 3852 2924 san-

2211 2942 2450 3022 guinem.
2484 2940 2817 3022 subdiaconi
2842 2939 3165 3022 recedentes
3200 2954 3247 3022 a_
3278 2938 3690 3022 facieepiscopi
3720 2954 3853 3022 cum

2147 3040 2188 3099 α
2214 3010 2475 3099 incipitur
2512 3013 2669 3099 Pater
2703 3017 2905 3099 noster,
2944 3011 3255 3099 signiﬁcant
3311 3010 3568 3099 mulieres
3608 3012 3848 3099 sepulto

2216 3084 2443 3138 Do“.an
2473 3096 2504 3136 a
2535 3089 2888 3138 monumento
2927 3083 3268 3137 recedentes.
3320 3083 3521 3137 Patena
3574 3082 3857 3153 signiﬁcat

2213 3153 2534 3208 feminarum
2573 3153 2741 3209 corda
2778 3155 2835 3208 in
2873 3153 3142 3222 obsequio
3179 3153 3477 3222 sepulturae
3524 3154 3726 3210 Christi
3765 3154 3855 3210 la-

2212 3225 2447 3280 titudine
2485 3225 2769 3279 charitatis
2818 3226 3098 3292 patentia,
3155 3224 3212 3279 in
3251 3224 3701 3280 reconciliatione
3757 3240 3856 3282 se-

2211 3296 2395 3365 ptima:
2425 3295 2535 3351 diei
2576 3295 2795 3365 quando
2833 3296 3081 3351 Christus
3127 3295 3184 3351 in
3238 3296 3493 3365 sepulcro
3550 3296 3850 3365 requievit,

2206 3384 2472 3439 inseritur
2499 3384 2777 3439 Dominica
2809 3386 2986 3439 oratio
3016 3397 3138 3453 quae
3167 3386 3417 3440 continet
3443 3390 3653 3454 septem
3683 3375 3849 3447 395

2209 3456 2523 3524 petitiones.
2580 3455 2960 3511 Subdiaconus
2997 3454 3090 3510 dat
3136 3461 3387 3524 patenam
3418 3456 3672 3522 diacono,
3713 3458 3854 3525 quia

2208 3527 2668 3582 resurrectionem
2700 3527 2957 3582 mulieres
2985 3528 3372 3582 nuntiaverunt
3400 3527 3686 3596 apostolis.
3708 3529 3851 3583 Pars

2206 3597 2404 3653 oblatae
2437 3598 2677 3653 immissa
2715 3598 2873 3653 calici
2921 3598 3163 3653 ostendit
3210 3611 3412 3667 corpus
3446 3599 3649 3653 Christi
3687 3598 3846 3667 quod

2206 3669 2507 3724 resurrexit
2535 3683 2566 3723 a
2605 3668 2856 3724 mortuis.
2907 3670 3037 3723 Pars
3074 3684 3103 3723 a
3141 3670 3429 3724 sacerdote
3468 3674 3708 3725 comesta
3752 3669 3845 3725 vel

2205 3754 2235 3794 a
2276 3740 2479 3809 populo
2534 3740 2804 3810 signiﬁcat
2850 3753 3051 3808 corpus
3104 3740 3305 3795 Christi
3363 3739 3543 3795 adhuc
3598 3741 3651 3795 in
3692 3747 3847 3795 terra

2207 3824 2451 3866 manens.
2487 3809 2616 3866 Pars
2646 3811 2837 3866 relicta
2859 3812 2914 3865 in
2943 3809 3100 3866 altari
3131 3825 3291 3880 quam
3313 3811 3555 3866 Ecclesia
3583 3811 3848 3867 viaticum

2206 3882 2312 3936 sibi
2344 3882 2529 3946 sumit,
2571 3882 2842 3951 signiﬁcat
2894 3895 3097 3950 corpus
3136 3882 3376 3937 ﬁdelium
3419 3882 3704 3952 jacensiin
3741 3896 3848 3937 se-

2207 3952 2451 4021 pulcris:
2495 3953 2613 4007 haac
2652 3966 2777 4021 pars
2806 3960 3056 4007 remanet
3084 3954 3137 4006 in
3176 3954 3334 4008 altari
3373 3951 3546 4022 uSque
3575 3951 3643 4007 ad
3674 3952 3844 4009 ﬁnem

2206 4023 2406 4089 missae,
2430 4023 2558 4094 quia
2576 4023 2837 4094 usquead
2862 4024 3020 4078 ﬁnem
3050 4024 3238 4079 saeculi
3268 4038 3501 4094 corpora
3520 4030 3843 4080 sanctorum

2205 4093 2496 4163 quiescunt
2533 4095 2588 4149 in
2618 4093 2906 4162 sepulcris.
2939 4095 3201 4150 Munditia
3231 4093 3536 4165 corpOralis
3562 4094 3847 4165 signiﬁcat

2204 4165 2526 4219 munditiam
2585 4165 2771 4233 populi
2828 4164 3024 4221 ﬁdelis.
3081 4164 3345 4221 Dominus
3396 4164 3723 4222 ascensurus
3779 4166 3843 4223 in

2204 4235 2401 4291 coelum
2429 4235 2711 4291 benedixit
2739 4236 3046 4305 discipulis,
3080 4243 3135 4292 et
3162 4238 3422 4293 sacerdos
3450 4238 3705 4293 omnibus
3731 4238 3843 4293 rite

2207 4307 2445 4375 peractis
2482 4306 2760 4361 benedicit
2799 4307 3005 4377 populo
3036 4307 3135 4376 (57)
3160 4315 3324 4377 atque
3363 4308 3598 4374 salutat;
3632 4307 3841 4365 deinde

2133 4376 2271 4434 Dad
2311 4379 2578 4433 orientem
2618 4376 2915 4433 conversus
2978 4379 3177 4433 Christi
3217 4376 3557 4434 ascensionis
3592 4392 3651 4434 se
3689 4392 3845 4434 com-

2196 4449 2437 4504 mendat.
2464 4450 2619 4503 Missa
2639 4457 2722 4504 est
2744 4456 2921 4503 tamen
2953 4450 3021 4504 ab
3051 4450 3329 4505 oﬁ‘erenda
3359 4464 3531 4519 usque
3554 4452 3651 4515 Ite,
3672 4450 3841 4505 missa

2194 4524 2289 4573 est.
2326 4520 2709 4575 Catechumeni
2739 4521 2808 4574 ab
2830 4520 3062 4575 ecclesia
3084 4534 3192 4576 non
3215 4527 3343 4576 sunt
3371 4520 3681 4589 expellendi
3703 4526 3839 4576 ante

2196 4591 2543 4661 Evangelium
2569 4605 2691 4646 cum
2713 4592 3065 4660 praecipiatur
3085 4592 3166 4646 eis
3184 4592 3252 4646 ad
3278 4592 3710 4661 praedicandum,
3733 4591 3838 4646 sed

2195 4670 2322 4715 ante
2352 4661 2698 4722 sacriﬁcium,
2733 4661 2821 4715 cui
2854 4662 3074 4716 nonnisi
3114 4665 3318 4718 renatis
3354 4662 3485 4717 licet
3539 4662 3835 4718 interesse.

2197 4732 2455 4787 Diabolus
2471 4733 2525 4804 iu
2546 4732 2967 4804 Quadragesima
2995 4735 3177 4789 acrius
3199 4734 3491 4789 humanum
3520 4748 3707 4804 genus,
3724 4734 3844 4804 im-

2122 4836 2128 4843 -
2197 4810 2422 4873 pugnat,
2439 4803 2565 4857 ideo
2588 4811 2717 4857 tunc
2737 4803 2996 4858 sacerdos
3016 4803 3581 4874 humilitercapitibus
3602 4803 3844 4858 inclina-

2192 4875 2267 4928 tis
2297 4876 2352 4928 in
2384 4875 2489 4928 ﬁne
2528 4873 2706 4928 missa:
2740 4874 3025 4929 conﬁrmat
3052 4888 3175 4929 eum
3205 4873 3389 4931 addita
3419 4874 3838 4931 benedictione.

2264 4945 2344 4999 Ad
2376 4946 2511 4999 hora
2539 4945 2701 4999 tertia
2730 4958 2903 5014 usque
2941 4945 3009 5000 ad
3050 4960 3246 5002 nonam
3288 4961 3425 5017 papa
3463 4946 3846 5016 Telesphorus

2193 5033 2411 5104 missam
2441 5032 2709 5088 celebrari
2748 5035 3055 5100 constituit,
3095 5026 3253 5096 396
3293 5035 3559 5104 quiahoc
3580 5041 3841 5104 tempore

2192 5103 2440 5158 Christus
2477 5117 2577 5172 pro
2617 5104 2778 5158 nobis
2825 5105 3058 5160 hostiam
3096 5121 3156 5161 se
3196 5107 3341 5160 Patri
3389 5106 3630 5171 obtulit,
3692 5103 3843 5161 hora

2192 5173 2334 5227 enim
2386 5174 2547 5228 tertia
2593 5174 2885 5247 cruciﬁxus
2922 5183 3003 5231 est
3032 5176 3348 5232 Iudaeorum
3388 5176 3625 5247 linguis;
3675 5182 3845 5231 sexta

2190 5258 2408 5316 crucem
2473 5246 2741 5313 ascendit,
2791 5260 2934 5302 nona
2990 5248 3244 5316 spiritum
3301 5246 3502 5303 emisit.
3564 5249 3622 5301 ln
3661 5247 3843 5302 natali

2188 5327 2318 5369 vero
2356 5315 2569 5371 Domini
2601 5317 2777 5373 media
2815 5325 2978 5374 nocte
3007 5315 3153 5374 idem
3182 5332 3321 5389 papa
3359 5317 3666 5383 constituit,
3699 5318 3845 5387 quia

2262 5421 2364 5491 (57)
2408 5425 2511 5480 Per
2537 5425 2678 5482 hanc
2717 5426 3158 5498 benedictionem
3199 5426 3444 5498 intellige
3496 5425 3839 5498 orationem,

2188 5499 2256 5574 ut.
2276 5507 2343 5549 ex
2379 5498 2737 5624 sequentibus
2774 5497 2914 5555 infra
2950 5504 3120 5568 patet,
3153 5498 3237 5554 vel
3285 5497 3673 5555 salutationem
3721 5497 3843 5552 Do-

2188 5579 2355 5620 minus
2383 5581 2446 5623 oo
2527 5583 2664 5624 cum.

2186 5579 2355 5620 minus
2383 5579 2664 5625 eoeneum.
