4100 6166
500 253 606 308 W7
1614 247 1821 303 JOANN
1827 246 1906 302 ES
1940 245 2361 302 ARCHIEPISC.
2400 244 2730 301 ROTOMAG.
3744 239 3848 296 ωδ

500 379 707 434 tinetur
734 377 792 432 in
822 374 999 431 tribus
1027 372 1284 445 psalmis:
1316 371 1553 445 Laudatis
1574 371 1847 445 Dominum
1875 370 1952 445 de
1966 369 2129 445 oculis,
2154 371 2206 431 Α
2222 367 2684 445 communicandi‘.
2707 366 2938 437 Sanguis
2955 378 3066 421 non
3095 368 3406 445 reservetur
3425 376 3494 445 ne
3523 363 3852 445 effundatur,

500 451 721 505 Cantate
746 447 991 512 Domino,
1027 435 1259 501 'Laudtue
1286 443 1558 499 Dominum
1584 442 1639 496 in
1664 441 1880 496 sanctis.
1912 442 1979 497 Et
2007 435 2136 510 quia
2220 440 2594 498 sanctiﬁcatur
2623 439 2803 512 vinum
2823 435 3195 512 'pe_r_corpus.
3234 435 3419 512 Altare
3457 436 3743 512 Dominum
3773 437 3851 491 si-

500 525 629 575 sunt
658 519 763 573 tria
790 505 994 588 genera
1022 514 1473 588 hominum,rquia
1503 527 1570 568 ex
1597 512 1890 588 Evangelio
1919 505 2142 588 sub'no-
2220 512 2480 588 gniﬁcat;
2520 505 3113 588 vestimentaé-ﬁdeles;
3154 506 3353 561 lavatio
3381 520 3561 588 aqum,
3592 505 3855 588 lacryrnas

500 591 648 646 mine
676 579 827 656 lecti,
860 588 1162 644 molendini
1192 587 1278 656 agi
1308 579 1584 656 dicuntur,
1608 584 1677 639 de
1698 579 1899 656 quibus
1926 584 1983 656 in
2010 585 2136 638 uni-
2219 579 2441 656 Mariae;
2492 595 2693 656 ramus,
2717 579 2993 656 capillos;
3034 579 3238 656 vinum,
3271 585 3628 656 unguentum.
3654 579 3854 656 Quinta

500 668 613 717 tate
642 659 772 715 ﬁdei
811 648 939 729 pars
966 648 1408 728 congregabitur,
1440 655 1497 710 hi
1528 648 1641 710 tres
1677 648 1871 724 psalmi
1899 654 2000 709 sub
2032 668 2138 709 una
2220 654 2372 729 feria
2392 652 2453 729 ﬁt
2492 648 2982 729 absolutiorignis
3006 650 3131 729 novi
3170 648 3507 729 benedictio,
3548 648 3855 729 chrismatis

501 719 1217 801 antiphona'cantantur.rv_
1434 796 1447 801 _
1507 796 1520 801 _
1632 797 1643 801 _
1677 719 1704 801 ‘_
1737 795 1748 801 _
1906 797 1931 801 _
1969 796 1983 801 _
2008 795 2021 801 _
2220 734 2275 781 et
2322 719 3078 801 olci__consecratio,’pedum
3110 719 3488 801 lavatio,_quia
3514 726 3667 774 sexta
3697 727 3853 801 aetate

572 792 980 872 septuagesima
1009 799 1290 872 Dominica
1315 797 1405 853 die
1434 796 1601 852 habet
1628 795 1865 872 initium,
1899 795 2133 851 Sabbato
2218 796 2367 851 venit
2403 794 2661 872 Christus
2693 795 2763 872 _in
2810 792 3094 872 mundum,
3127 792 3223 872 qui
3271 792 3851 872 retinetdsacramenta

503 881 628 945 post
644 862 862 928 Pascha
886 872 1070 945 ﬁnem:
1108 868 1389 945 Signiﬁcat
1416 874 1595 923 autem
1627 868 1999 945 captivitatem
2030 881 2135 945 po-
2218 866 2659 945 supradictorum
2689 865 2745 919 in
2767 878 2846 945 se.
2870 863 3203 945 Yestimenta
3222 876 3345 931 quae
3374 862 3705 931 partiuntur.
3726 862 3849 918 dum

504 935 618 1015 puli
664 945 760 999 Dei
806 944 862 998 in
910 935 1223 1015 Babylonia,
1274 940 1368 1015 qui
1416 935 1710 1008 peccando
1758 935 2060 1015 recesserat
2105 952 2137 993 a
2217 935 2417 1015 legitur
2446 936 2648 1015 passio,
2678 935 2913 1015 apostoli
2946 940 3093 1015 sunt.

502 1000 754 1081 Domino,
787 1014 941 1084 quasi
986 1000 1268 1084 Dominica
1291 1000 1432 1077 ‘die,
1456 1017 1512 1065 et
1534 1024 1678 1084 Aper_
1702 1008 2135 1084 misericordiam
2245 1000 2525 1084 A‘Sabbato
2550 1000 2742 1063 sancto
2772 1005 3041 1084 quidquid
3070 1004 3253 1084 agitur
3272 1004 3326 1084 in
3346 1000 3549 1084 Ofﬁcio
3566 1003 3703 1059 nihil
3733 1018 3852 1074 per-

503 1088 599 1143 Dei
647 1074 937 1141 revertitur
966 1082 1033 1137 ad
1072 1083 1339 1153 requiem,
1390 1074 2135 1153 quasi'Sabbato.__Tempus
2217 1080 2356 1153 tinet
2383 1079 2451 1134 ad
2494 1074 2816 1153 praesentem
2866 1077 3008 1153 diem
3048 1074 3313 1153 sepulcri,
3340 1074 3438 1153 _sed
3484 1074 3551 1129 ad
3590 1089 3850 1153 superve-

503 1155 924 1227 Septuagesimae
955 1168 1129 1223 usque
1152 1147 1235 1227 ad
1275 1147 1492 1227 Pascha
1510 1152 1787 1227 significat
1827 1151 1963 1227 illud
2002 1147 2138 1227 tem:
2215 1152 2456 1227 nientem
2496 1147 2946 1227 'Rensurrectionis
2981 1154 3249 1227 noctem;
3300 1147 3535 1227 ideoque
3573 1147 3718 1227 sicut
3732 1160 3852 1227 _non

500 1217 603 1298 pus
643 1217 838 1295 in'quo
871 1217 1193 1298 peccatores
1222 1225 1277 1278 in
1308 1217 1939 1298 afﬁictioneettristitia
1969 1222 2135 1291 positi
2216 1223 2396 1293 agitur
2422 1221 2748 1276 sacriﬁcium
2788 1226 2939 1273 sexta
2976 1217 3131 1282 feria,
3164 1217 3244 1272 sic
3283 1224 3431 1280 nota,
3465 1230 3567 1272 nec
3604 1218 3849 1286 septima.

498 1294 626 1355 sunt
654 1294 761 1368 pro
778 1297 1029 1379 “peccatis
1056 1296 1172 1379 suis
1199 1295 1474 1379 ante‘d_ies
1504 1301 1559 1348 et
1588 1294 1722 1379 illud
1762 1301 1996 1379 tempus,
2024 1307 2134 1379 quo

2240 1298 2377 1372 306
2404 1309 2667 1365 Columna
2698 1308 2841 1377 ignis
2870 1306 3153 1379 praecessit
3183 1306 3326 1360 ﬁlios
3346 1305 3512 1359 Israel
3534 1311 3660 1379 ante
3687 1320 3851 1373 mare,

498 1385 618 1451 Per,
646 1364 1031 1451 βεξηίῖεὲηῐίθῐζὶ
1061 1375 1132 1451 εξ,
1154 1365 1589 1451 CODSOlaPiOPem
1636 1372 1827 1451 ιξλῐξὲίῗιλ
1868 1364 2134 1451 δμωθνδῑί
2218 1364 2429 1450 εῗρῦεῐ
2455 1364 2602 1435 mare
2628 1364 2805 1447 usqvue
2837 1364 2889 1432 in
2911 1377 3233 1451 Jerusalem,
3257 1383 3311 1431 et
3332 1390 3526 1451 cereus
3555 1376 3704 1451 lucet
3730 1364 3854 1432 ante

498 1435 921 1506 ἒυιιῑξάίοθυῐθε
945 1458 958 1492 ε
983 1438 1327 1493 Ραθηωπιυδ
1343 1436 1475 1491 δέεαι
1495 1435 1749 1521 σοηερριρ
1769 1435 1929 1506 (Ρθαι-
1954 1440 2133 1503 CXXV)-
2218 1435 2506 1521 baptisma,
2540 1459 2595 1505 et
2626 1435 2751 1520 post
2778 1463 2952 1518 usque
2972 1449 3038 1521 in
3069 1435 3318 1521 octavas,
3338 1447 3588 1502 Christus
3616 1448 3854 1503 animum

499 1529 796 1585 Sabbatum
843 1526 979 1581 illud
1028 1530 1243 1594 tempus
1288 1524 1560 1595 signiﬁcat
1596 1515 1757 1585 403
1794 1538 1905 1594 quo
1938 1525 2049 1594 jam
2078 1525 2134 1579 in
2217 1515 2364 1579 lucet
2387 1515 2560 1592 usque
2582 1515 3023 1595 indiemjudicii.
3047 1520 3283 1595 Sabbato
3306 1520 3587 1573 incensum
3611 1526 3857 1587 portatur

498 1599 681 1675 futura
706 1599 824 1675 vita_
845 1597 1060 1675 plenam
1091 1591 1420 1675 recipiemus
1434 1596 1776 1675 requietum
1812 1591 1830 1594 ⁷
1940 1591 1954 1594 ⁷
2087 1671 2095 1675 Δ
2218 1593 2712 1675 ante-evangelium
2744 1599 2971 1675 propter
2990 1591 3247 1673 mulieres
3276 1597 3527 1675 aromata
3544 1596 3850 1675 portantes:

572 1662 916 1759 Sexagesima
963 1662 1242 1759 DLom‘inic'a
1290 1666 1378 1759 die
1434 1662 1892 1759 hab—et‘inltium,
1942 1663 2448 1759 quartaBAllclrria
2494 1662 2765 1759 signiﬁcat
2807 1662 3028 1759 {Iudaeos
3076 1662 3228 1759 prius
3274 1673 3604 1759 conversos,
3653 1667 3857 1759 tractus

500 1740 635 1796 feria
674 1732 814 1794 infra
851 1738 1057 1793 Pascha
1085 1737 1266 1793 ﬁnem.
1308 1740 1437 1793 Haec
1475 1742 1666 1807 quarta
1713 1736 1849 1792 feria
1886 1732 2200 1807 quartam”
2222 1735 2457 1807 gentiles
2484 1732 2688 1807 postea
2714 1733 3033 1807 credentes.
3075 1732 3223 1807 illam
3260 1732 3488 1807 gloriam
3520 1732 3859 1807 quamrdedit

503 1753 635 1796 terra
674 1753 814 1794 intra
851 1753 1057 1793 Pascna
1085 1753 1266 1793 unem.
1308 1753 1437 1793 haec
1516 1753 1666 1793 uarta
1713 1753 1849 1792 Ieria
1886 1753 2192 1807 quartam—
2222 1753 2457 1807 gentues
2495 1753 2688 1804 poswa
2725 1753 3033 1789 creuemes.
3075 1753 3223 1787 Illam
3260 1753 3488 1803 gloriam
3520 1753 3683 1800 quam
3708 1753 3851 1787 ueuu

503 1819 717 1867 aetatem
762 1810 1052 1880 signiﬁcat,
1085 1808 1305 1879 quando
1346 1753 1583 1878 poptﬂus
1612 1808 1706 1862 Dei
1748 1808 1850 1862 sub
1888 1808 2142 1880 Davidret
2223 1811 2365 1863 Deus
2419 1805 2571 1872 Adae,
2607 1806 2726 1880 nisi
2782 1809 3085 1880 peccasset,
3124 1804 3228 1880 _dat
3284 1804 3571 1880 baptizatis
3618 1803 3851 1880 Sabbato

502 1883 791 1938 Salomone
814 1874 1207 1950 gloriosus'est
1247 1874 1632 1949 triumphatus.
1674 1880 2020 1948 Quapropter
2048 1879 2138 1935 die
2222 1885 2448 1950 sancto;
2501 1886 2555 1932 et
2602 1876 2729 1950 ideo
2758 1874 2987 1931 Alleluia
3016 1875 3262 1950 canitur.‘
3282 1874 3389 1929 Sed
3419 1874 3746 1950 quiat‘estat
3774 1875 3856 1929 via

501 1954 599 2009 illo
631 1945 1038 2023 processionem
1078 1952 1287 2023 agimus
1323 1945 1522 2006 vexillo
1565 1945 1993 2023 sanctae—crucis
2030 1950 2143 2023 elee
2222 1948 2459 2023 vivendi,
2488 1949 2744 2023 sequitur
2791 1953 2998 2001 tractus
3034 1945 3352 2023 patientiam
3393 1945 3726 2023 signiﬁcans,
3760 1960 3856 2015 per

500 2017 646 2089 vato,
678 2023 747 2078 ad
777 2036 939 2092 quem
974 2017 1308 2091 triumphum
1338 2034 1447 2077 non
1488 2026 1671 2090 potest
1708 2021 2002 2092 perveniri,
2035 2022 2140 2076 nisi
2223 2034 2383 2092 quam
2416 2018 2620 2074 debent
2648 2025 2966 2092 exspectare
2995 2017 3226 2092 gloriam
3254 2017 3661 2092 sempiternam,
3692 2030 3855 2092 quam

503 2111 603 2166 per
631 2088 956 2165 Decalogum
987 2088 1208 2218 legis—et
1237 2107 1334 2148 sex
1362 2088 1536 2174 opera
1578 2088 1993 2173 misericordiae.
2223 2088 2519 2173 praesignat
2547 2103 2783 2159 sequens
2809 2089 3121 2171 Sabbatum.
3146 2088 3385 2157 Ideoque
3415 2088 3470 2142 in
3502 2088 3597 2143 illo
3621 2088 3854 2171 Sabbato

572 2166 1031 2218 Oninanaeesima
1100 2164 1225 2218 abet
1253 2165 1467 2218 initium
1505 2163 1788 2217 Dommica
1817 2163 1926 2218 die.
1960 2177 2142 2218 resur-
2222 2177 2332 2218 non
2373 2167 2588 2217 camtur
2624 2160 2904 2218 graduale,
2937 2174 3065 2218 quia
3109 2160 3310 2214 bonum
3340 2173 3481 2218 onus
3522 2172 3631 2214 non
3663 2165 3747 2213 est
3779 2159 3854 2213 lbl

572 2159 1031 2235 Quinquagesima
1045 2159 1225 2235 habet
1246 2159 1467 2235 initium
1505 2163 1788 2235 Dominica
1817 2163 1926 2229 die,
1960 2177 2142 2235 resurf
2222 2159 2332 2218 non
2373 2159 2588 2235 canitur
2624 2160 2904 2231 graduale,
2937 2161 3065 2229 quia
3109 2160 3310 2235 bonum
3340 2173 3481 2228 opus
3505 2172 3633 2235 _non_
3663 2165 3747 2213 est
3779 2159 3855 2235 ibi

502 2230 767 2292 rectionis
800 2230 953 2306 (add.
986 2236 1041 2290 in
1073 2234 1191 2298 die)
1232 2234 1431 2299 ﬁnem;
1469 2234 1744 2306 signiﬁcat
1779 2241 1961 2289 autem
1991 2234 2139 2306 quod
2223 2233 2594 2306 necessarium
2623 2230 2643 2299 ;
2687 2244 2798 2287 non
2830 2237 3064 2306 tractus,_
3088 2230 3217 2306 quia
3254 2244 3359 2306 nec
3406 2230 3706 2306 patientia;
3756 2230 3855 2285 sed

501 2309 548 2363 si
579 2307 704 2376 quis
731 2300 1059 2375 Decalogum
1090 2305 1227 2375 legis
1255 2320 1356 2375 per
1383 2300 1628 2375 quinque
1666 2318 1861 2360 sensus
1890 2300 2144 2376 corporis
2224 2306 2335 2361 duo
2374 2303 2619 2376 Alleluia,
2652 2316 2818 2376 unum
2868 2316 2968 2371 pro
3011 2302 3190 2376 gloria
3232 2303 3447 2376 animae,
3481 2300 3709 2376 alterum
3757 2315 3857 2376 pro

501 2372 823 2447 expleverit,
855 2372 1085 2432 securus
1126 2372 1418 2446 perveniet
1438 2376 1506 2430 ad
1538 2372 1803 2447 gaudium
1841 2372 2142 2432 Dominicis
2224 2375 2497 2447 corporis.
2533 2374 2805 2447 Graduale
2844 2387 2954 2429 non
2993 2372 3198 2447 dicitur
3234 2373 3289 2427 in
3327 2387 3435 2447 sex
3462 2372 3677 2447 diebus,
3709 2372 3859 2443 quod

500 2442 947 2515 resurrectiOnis,
977 2447 1064 2503 vel
1093 2442 1231 2503 suae.
1550 2442 1573 2447 ⁷
2224 2442 2495 2517 signiﬁcat
2532 2445 2675 2501 bona
2705 2459 2871 2514 opera
2901 2445 3091 2517 activa:
3120 2445 3266 2517 vitae.
3297 2442 3525 2517 Alleluia
3553 2458 3703 2517 spem
3734 2457 3863 2499 con-

573 2520 995 2588 Quadragesima
1034 2518 1313 2573 Dominica
1352 2517 1442 2573 die
1479 2517 1647 2573 habet
1683 2518 1920 2584 initium,
1953 2518 2144 2587 quinta
2225 2515 2554 2587 templativa:
2601 2517 2727 2571 vitae
2774 2515 3063 2588 signiﬁcat.
3113 2515 3515 2585 Quinquaginta
3563 2515 3681 2570 dies
3737 2519 3863 2583 post

502 2589 640 2646 feria
678 2587 839 2645 ﬁnem
878 2603 1046 2658 super
1074 2589 1215 2644 duos
1243 2589 1363 2646 dies
1391 2603 1564 2658 usque
1592 2590 1658 2645 ad
1692 2589 2018 2659 baptismum
2049 2602 2143 2643 re-
2226 2588 2684 2644 resurrectionem
2726 2587 2995 2659 usquead
3051 2592 3269 2659 octavas
3315 2588 3699 2659 Pentecostes“
3724 2599 3861 2659 con-

502 2661 884 2726 surrectionis,
934 2655 1062 2729 quia
1118 2659 1213 2729 qui
1259 2660 1328 2714 ad
1384 2655 1656 2715 Christum
1714 2655 2000 2716 transeunt
2046 2674 2145 2728 per
2224 2659 2769 2730 templativamvitam
2792 2655 3122 2728 Signiﬁcant,
3144 2658 3237 2730 ubi
3259 2657 3364 2712 erit
3384 2655 3859 2730 tantumrAllcluia.

503 2732 854 2810 baptismum,
886 2727 1347 2810 eod_em_riumero
1385 2730 1616 2810 ad‘eum
1656 2732 2001 2810 perveniunt,
2032 2727 2143 2810 quo
2225 2727 2387 2810 quam
2411 2727 3225 2810 laetitiam_quin’quagenarius
3264 2742 3533 2810 numerus-
3568 2727 3858 2799 signiﬁcat,

502 2799 622 2873 ipse
671 2817 771 2872 per
815 2802 1189 2872 genealogiam
1218 2816 1371 2857 suam
1414 2800 1483 2856 ad
1523 2815 1624 2858 nos
1654 2799 1840 2858 venire
1888 2799 2146 2873 dignatus
2226 2799 2319 2873 qui
2346 2801 2623 2873 jubilazus,
2656 2801 2711 2873 id
2733 2808 2842 2873 est,
2870 2799 3047 2870 jubilo
3078 2800 3272 2873 plenus
3290 2799 3524 2873 dicitur.

503 2870 605 2930 est.
638 2870 900 2944 Exemplo
937 2870 1118 2928 autem
1155 2873 1367 2944 Domini
1410 2873 1772 2944 quadraginta
1810 2870 2007 2930 diebus
2045 2887 2144 2928 ex-
2245 2870 2258 2873 ⁷
2298 2870 2430 2927 Tres
2489 2871 2679 2941 psalmi
2728 2871 2785 2925 in
2832 2871 3236 2926 resurrectione
3283 2871 3498 2926 Domini
3545 2870 3649 2925 tria
3694 2882 3862 2940 opera

503 2944 999 3030 teQ‘di'nlﬁjﬁlllndii
1025 2943 1210 3030 905W
1232 2950 1467 3030 ιβφριιεε
1526 3015 1599 3030 λη
1632 2943 1642 2944 ⁷
1715 3020 1725 3030 ,
1770 3015 1785 3030 ,
1841 3028 1850 3030 4
1895 3020 1936 3030 ,ί
2167 3025 2197 3030 μ
2227 2962 2441 3017 Domini
2469 2965 2593 3030 post
2618 2961 3077 3016 resurrectionem
3097 2951 3254 3021 407
3277 2974 3426 3015 suam
3448 2960 3504 3014 in
3527 2971 3862 3028 unoquoque

575 3016 706 3102 pug;
724 3014 1095 3102 Ῑξξιξάρξιξεςίξ
1109 3015 1733 3102 ⁸ρεξιξδξφῃξε»,εξίειξίίίφεωξ
1753 3015 1862 3102 duo
1883 3020 2141 3102 pingam
2160 3025 2201 3085 C
2225 3014 2375 3088 ﬁdat:
2404 3014 2899 3102 factasigniﬁcant,
2921 3014 3323 3101 separationem
3352 3014 3710 3097 inﬁdelitatis,
3732 3014 3864 3086 can-

505 3091 633 3175 ante
663 3085 989 3175 legem._8_l_11{
1010 3084 1150 3175 183?.
1174 3085 1381 3141 Pascha
1406 3084 1624 3175 tempus
1651 3087 1753 3142 sub
1782 3087 1975 3175 gratia-
2007 3085 2139 3175 Sa“:
2220 3084 3864 3175 iudicasseiis;'assesassesinmensus:*Tempe

515 3174 644 3229 bato
673 3178 798 3228 ante
835 3163 997 3233 404
1034 3171 1241 3241 palmas
1286 3173 1452 3227 Maria
1492 3176 1646 3229 unxit
1690 3174 1860 3244 pedes
1895 3176 2043 3239 Jesu,
2076 3172 2143 3244 ad
2220 3163 2682 3243 'Quadragesimaa,
2716 3163 2987 3244 passionis
3033 3163 3318 3244 signiﬁcat
3342 3187 3586 3243 praesens
3624 3163 3860 3242 tempus,

507 3246 665 3317 cujus
707 3243 1066 3317 imitationem
1088 3258 1255 3317 _papa
1293 3246 1588 3314 Gregorius
1635 3243 2149 3317 eleemosynamrfa-
2229 3247 2487 3317 quoniam
2532 3259 2631 3315 per
2659 3243 2841 3301 omnia
2888 3243 3135 3316 tempora
3181 3250 3401 3315 oportet
3438 3258 3540 3301 nos
3587 3244 3858 3317 laborare,

508 3313 709 3382 ciebat,
751 3315 987 3384 ideoque
1035 3313 1281 3386 Ofﬁcium
1333 3313 1507 3370 vacat.
1556 3318 1694 3371 Ante
1742 3313 1985 3386 quinque
2029 3316 2149 3371 dies
2230 3313 2297 3372 ad
2328 3313 2575 3372 ultimum
2607 3317 2767 3371 mori.
2802 3313 3153 3372 Resurrectio
3191 3313 3355 3372 vitam
3385 3330 3543 3386 quam
3584 3316 3866 3386 accepturi

507 3387 732 3444 Pascha:
780 3400 953 3456 agnus
996 3385 1364 3442 immolandus
1408 3387 1465 3441 in
1497 3386 1718 3444 domum
1754 3385 2146 3454 introducitur,
2230 3402 2418 3444 sumus
2446 3388 2502 3443 in
2523 3387 2613 3443 die
2637 3387 2852 3456 judicii.
2876 3389 3109 3457 Propter
3137 3393 3367 3443 mortem
3394 3385 3617 3454 Christi,
3640 3385 3736 3457 qui
3763 3386 3869 3441 fuit

508 3459 758 3516 Christus
786 3457 842 3512 in
872 3457 1112 3513 civitate.

580 3530 737 3585 Feria
766 3535 959 3598 quarta
989 3526 1260 3583 consilium
1284 3529 1516 3598 fecerunt
1537 3529 1711 3585 Judwi
1736 3535 1792 3585 ut
1809 3532 1987 3586 Iesum
2014 3528 2152 3584 occi-

510 3601 688 3657 derent
721 3600 926 3670 (Matth.
950 3615 1101 3671 xxvi,
1128 3598 1200 3670 4).
1231 3600 1429 3667 Quinta
1460 3607 1515 3655 et
1542 3609 1697 3657 sexta
1725 3614 2004 3671 campanae
2033 3614 2150 3655 ces-

510 3679 673 3740 sant;
706 3672 940 3737 Domine,
974 3670 1116 3726 labia
1144 3686 1287 3737 mea,
1308 3671 1646 3739 benedictio,
1680 3670 1940 3743 capitula,
1973 3671 2150 3728 oratio

510 3757 623 3799 non
654 3742 932 3807 dicuntur,
964 3743 1093 3811 quia
1130 3743 1322 3797 Pastor
1358 3749 1567 3809 noster,
1598 3742 1867 3812 Christus,
1900 3744 2149 3809 recessit,

511 3814 749 3881 ideoque
780 3813 960 3867 omnis
995 3812 1317 3884 praedicatio
1343 3820 1404 3884 et
1436 3814 1738 3871 admonitio
1776 3815 2152 3884 apostolorum

515 3891 743 3952 propter
771 3888 972 3936 metum
1004 3882 1236 3937 cessavit
1254 3883 1598 3949 Judieorum;
1632 3885 1759 3941 ideo
1786 3882 1967 3941 minus
1994 3898 2152 3940 suum

514 3953 722 4025 faciunt
748 3952 995 4025 Ofﬁcium
1024 3952 1081 4006 in
1102 3952 1355 4025 psalmis,
1383 3954 1735 4024 lectionibus,
1759 3956 2151 4025 responsoriis,

514 4024 784 4097 versibus,
818 4024 873 4097 in
904 4022 1167 4097 exemplis
1202 4036 1395 4097 eorum
1425 4026 1518 4094 qui
1550 4022 1951 4097 erant'cogniti
1981 4026 2155 4081 disci-

516 4094 631 4221 ruli
660 4094 882 4149 Christi.
933 4093 1309 4149 Invitatorium
1338 4093 1456 4150 non
1488 4103 1742 4178 cantatur
1778 4093 2006 4167 propter
2033 4111 2153 4153 ma-

540 4180 627 4221 um
658 4171 983 4220 conventum
1013 4164 1348 4220 Judaaorum.
1380 4165 1643 4221 Salutatio
1673 4175 1728 4221 et
1758 4167 2005 4221 osculum
2044 4181 2153 4221 non

540 4180 627 4221 um
658 4171 983 4220 conventum
1013 4164 1348 4220 Judaaorum.
1380 4165 1643 4223 Salutatio
1673 4175 1728 4223 et
1758 4164 2005 4224 osculum
2044 4181 2155 4224 non

515 4237 576 4293 ﬁt
624 4242 852 4306 propter
881 4235 1227 4308 dolositatem
1274 4250 1484 4308 eorum.
1526 4239 1631 4293 Pro
1660 4240 1939 4308 campanis
1968 4240 2026 4294 ﬁt
2067 4253 2157 4295 so-

515 4310 665 4364 nitus
703 4308 996 4378 lignorum,
1028 4307 1083 4362 in
1114 4322 1223 4377 quo
1255 4307 1364 4364 duo
1395 4317 1542 4375 sunt,
1576 4307 1805 4366 malleus
1834 4318 1889 4367 et
1926 4310 2149 4377 tabula;

514 4395 615 4507 per
644 4366 918 4461 malleum,
952 4366 1161 4462 lignum
1207 4366 1708 4464 praevaricationis;
1762 4366 1861 4451 per
1889 4366 2218 4465 tabu.lam,D

538 4466 720 4507 renum
752 4448 1112 4507 fructiferum.
1145 4449 1202 4505 ld
1232 4457 1335 4507 est.
1366 4451 1660 4507 Christum.
1693 4454 1927 4507 Pronter
1955 4458 2152 4507 trinam

556 4466 720 4523 gnum
752 4448 1112 4513 fructiferum,
1145 4448 1335 4523 idrest,
1366 4451 1660 4523 Christum.
1693 4448 1927 4523 Propter
1955 4454 2152 4508 trinam

514 4520 852 4593 sepulturam
885 4526 1131 4593 nostrum
1161 4520 1400 4577 ofﬁcium
1430 4522 1491 4578 ﬁt
1526 4520 2003 4579 humilius—tribus
2032 4525 2153 4580 die-

514 4595 638 4650 bus.
670 4596 730 4649 ln
760 4593 848 4648 his
878 4592 1054 4647 tribus
1081 4592 1277 4648 diebus
1296 4594 1365 4649 de
1388 4607 1578 4649 novem
1610 4595 1851 4664 psalmis,
1884 4603 1939 4651 et
1967 4596 2159 4651 lectio-

514 4667 698 4732 nibus,
732 4664 1187 4737 etresponsoriis
1215 4684 1227 4719 :
1263 4679 1361 4734 per
1390 4679 1583 4721 novem
1622 4666 1862 4736 psalmos
1900 4668 1993 4736 qui
2026 4681 2154 4737 per-

516 4738 695 4792 tinent
740 4736 809 4791 ad
858 4736 1060 4792 bonum
1111 4749 1287 4805 opus;
1341 4751 1439 4806 per
1482 4750 1676 4793 novem
1718 4737 1987 4794 lectiones
2028 4736 2155 4808 quae

518 4824 795 4892 pertinent
832 4825 900 4879 ad
937 4824 1273 4895 agnitionem
1312 4824 1407 4879 Dei
1432 4824 1457 4889 ς’
1497 4840 1598 4894 per
1626 4841 1819 4883 novem
1848 4817 2018 4889 405
2062 4840 2153 4881 re-

516 4895 806 4963 sponsoria
836 4910 957 4969 quae
991 4896 1364 4969 pertinentad
1395 4897 1617 4969 cantica,
1639 4899 1977 4969 angelorum,
2002 4911 2153 4953 mon-

515 4972 723 5040 stratur
741 4966 889 5034 quod
919 4966 1204 5040 descendit
1233 4967 1301 5022 ad
1330 4968 1539 5040 inferos
1567 4966 1801 5025 liberare
1831 4969 1935 5025 tria
1954 4983 2155 5040 genera

517 5037 840 5111 electorum,
892 5038 984 5105 qui
1032 5036 1254 5111 fuerunt
1299 5046 1426 5094 ante
1474 5039 1670 5109 legem,
1712 5041 1813 5095 sub
1867 5036 2007 5111 lege,
2051 5041 2153 5095 sub

517 5108 825 5182 prophetis,
858 5112 913 5162 et
950 5109 1233 5182 conjunxit
1269 5123 1462 5166 novem
1496 5108 1785 5167 ordinibus
1812 5108 2150 5182 angelorum.

516 5178 718 5253 Yiginti
749 5185 987 5249 quatuor
1032 5178 1321 5253 luminaria
1367 5182 1791 5252 exstinguuntur
1828 5178 2155 5253 unaquaque

517 5250 628 5323 die,
661 5252 1168 5323 monstraturrquod
1200 5252 1436 5323 apostoli
1467 5250 1577 5308 uno
1599 5267 1819 5323 quoque
1841 5250 2025 5321 die,‘id
2049 5250 2152 5319 est,

515 5320 707 5391 viginti
737 5327 975 5392 quatuor
1010 5321 1166 5377 horis
1205 5320 1500 5380 latuerunt.
1543 5320 1925 5381 ln'Parasceve
1954 5338 2066 5381 non
2097 5324 2157 5378 ﬁt

517 5405 721 5464 corpus
742 5393 1151 5465 Domini,_quia
1188 5393 1437 5465 Christus
1474 5396 1826 5465 semetipsum
1865 5396 1977 5452 Deo
2009 5396 2155 5450 Patri

514 5476 620 5588 pro
665 5463 1106 5548 nobishostiam
1153 5463 1373 5532 obtulit,
1405 5467 1502 5522 sed
1551 5463 1861 5551 reservatur
1895 5480 1927 5522 a
1965 5465 2156 5588 quinta

538 5547 652 5588 ena
707 5536 1066 5588 sacriﬁcium.
1119 5539 1179 5588 ut
1234 5534 1472 5588 habeant
1517 5538 1717 5588 mnbns
1774 5542 1859 5588 est
1904 5550 1972 5588 vo
1997 5541 2156 5588 untas

538 5532 652 5588 'eria
707 5535 1066 5603 sacriﬁcium,
1119 5539 1179 5591 ut
1234 5534 1472 5595 habeant
1517 5538 1717 5611 quibus
1774 5542 1859 5596 est
1904 5532 2157 5595 voluntas

2231 3460 2366 3516 hora
2394 3473 2540 3514 nona
2567 3467 2834 3526 mortuus,
2867 3458 3211 3527 baptizantur
3239 3460 3333 3528 qui
3371 3459 3427 3513 in
3457 3465 3633 3513 morte
3662 3457 3868 3513 Christi

2232 3530 2596 3600 baptizantur.
2640 3531 2784 3585 liora
2836 3542 2980 3585 nona
3020 3537 3247 3599 propter
3291 3529 3625 3598 sepulturam
3663 3528 3868 3600 Christi

2233 3599 2470 3657 Sabbato
2516 3601 2877 3671 baptizantur.
2930 3602 3210 3670 Frequens
3247 3601 3472 3656 mutatio
3503 3608 3719 3655 cantum
3750 3599 3873 3655 ani-

2234 3688 2348 3754 mas
2378 3673 2648 3754 bonorum
2678 3672 2870 3754 invitat
2898 3671 2965 3754 ad
2988 3672 3293 3754 Dominum.
3317 3674 3446 3754 Post
3475 3671 3874 3754 quinquaginta

2234 3746 2354 3800 dies
2382 3750 2590 3813 septem
2620 3743 2995 3799 solemnitates
3024 3744 3233 3813 agimus
3253 3748 3479 3813 propter
3496 3742 3873 3812 septiformem

2234 3815 2515 3885 Spiritum,
2545 3814 2629 3870 vel
2656 3821 2884 3884 propter
2909 3814 3167 3884 gaudium
3206 3814 3620 3884 baptizatorum.
3652 3815 3874 3883 Septem

2236 3886 2431 3967 diebus
2479 3885 2728 3967 celebret
2772 3886 3005 3967 quisque
3052 3884 3344 3967 adventum
3390 3885 3625 3954 Spiritus
3669 3885 3875 3967 sancti,

2236 3957 2329 4026 qui
2361 3970 2483 4011 eum
2522 3957 2736 4025 accepit
2774 3970 2872 4025 per
2909 3956 3315 4025 impositionem
3363 3970 3556 4011 manus
3600 3956 3876 4025 episcopi.

2236 4028 2471 4097 Spiritus
2515 4035 2738 4082 sanctus
2783 4033 3037 4097 tanquam
3069 4034 3264 4083 ventus
3291 4032 3348 4083 et
3375 4028 3518 4097 ignis
3546 4041 3712 4097 super
3740 4040 3880 4097 apo-

2237 4099 2411 4154 stolos
2442 4097 2746 4153 descendit.

2308 4169 2558 4224 Sabbatis
2587 4169 2642 4223 in
2666 4171 2910 4235 Quatuor
2937 4168 3296 4239 Temporibus
3323 4170 3466 4239 apud
3498 4171 3773 4226 Romanos
3800 4168 3886 4225 le—

2237 4240 2506 4311 gebantur
2528 4254 2625 4295 sex
2648 4239 2935 4307 lectiones,
2958 4243 3145 4296 Graece
3167 4248 3394 4310 propter
3419 4243 3658 4305 Graecos,
3684 4240 3881 4296 Latine

2241 4312 2719 4394 propter_Latinos
2756 4311 2831 4394 ibi
2862 4319 3299 4394 commorantes;
3350 4312 3585 4394 ideoque
3616 4312 3885 4394 dicuntur

2240 4381 2295 4437 in
2346 4382 2635 4438 duodecim
2687 4383 3039 4438 lectionibus.
3096 4384 3340 4450 Quatuor
3378 4384 3587 4453 jejunia
3622 4381 3882 4449 facimus,

2241 4467 2575 4524 unoquoque
2622 4462 2870 4522 tempore
2918 4460 3032 4509 tres
3078 4454 3217 4520 dies,
3270 4454 3396 4523 quia
3446 4453 3885 4524 unumquodque

2240 4532 2454 4594 tempus
2482 4526 2647 4580 habet
2686 4531 2801 4580 tres
2836 4538 3071 4580 menses.
3113 4526 3172 4579 In
3212 4525 3299 4579 his
3336 4533 3527 4594 quarta
3567 4524 3703 4580 feria
3735 4525 3888 4594 jeju-

2239 4611 2448 4663 namus,
2480 4599 2608 4666 quia
2636 4600 2692 4651 in
2726 4610 2788 4652 ea
2818 4596 3086 4651 consilium
3120 4596 3352 4663 fecerunt
3388 4596 3579 4664 Judwi,
3610 4601 3666 4651 ut
3701 4598 3888 4651 Iesum

2238 4684 2528 4740 occiderent
2582 4683 2787 4754 (Matth.
2829 4699 2976 4750 XXVI,
3018 4683 3113 4751 4;;
3161 4675 3319 4745 408
3370 4689 3522 4740 sexta
3573 4684 3700 4753 quia
3753 4697 3885 4738 eum

2238 4754 2597 4821 occiderunt;
2647 4754 2879 4823 septima
2926 4754 3053 4824 quia
3099 4755 3320 4810 tristitia
3367 4754 3470 4810 fuit
3525 4754 3886 4824 p0pulorum,

2237 4840 2344 4896 qua
2373 4828 2516 4881 Deus
2561 4825 2920 4881 sanctiﬁcavit
2958 4825 3272 4891 Sabbatum,
3301 4832 3356 4881 et
3385 4826 3618 4881 charitas
3647 4826 3745 4880 Dei
3775 4826 3891 4894 dif-

2234 4899 2356 4967 fusa
2385 4897 2542 4951 estin
2579 4896 2821 4968 cordibus
2866 4897 3057 4968 nostris
3085 4911 3178 4967 per
3222 4898 3480 4968 Spiritum
3512 4902 3749 4968 sanctum
3790 4898 3889 4966 qui

2238 4968 2391 5023 datus
2419 4972 2496 5022 est
2522 4967 2669 5022 nobis
2701 4970 2865 5032 (Rom.
2888 4983 2944 5033 v,
2967 4967 3039 5035 5).
3062 4967 3425 5035 Quarta’feria
3455 4967 3578 5023 duae
3609 4967 3891 5022 lectiones

2236 5039 2513 5108 leguntur,
2536 5047 2596 5093 ut
2622 5038 2915 5094 ordinandi
2944 5038 3181 5094 habeant
3212 5040 3457 5094 notitiam
3489 5039 3625 5109 legis
3654 5044 3709 5093 et
3742 5051 3890 5107 pro-

2240 5110 2545 5179 phetarum;
2577 5115 2771 5179 quarta
2800 5110 2943 5165 enim
2970 5116 3132 5165 aetate
3162 5110 3251 5165 lex
3280 5117 3335 5165 et
3374 5109 3663 5180 prophetia
3692 5110 3894 5179 vigue-

2202 5224 2209 5229 ι
2238 5188 2385 5236 runt.
2417 5182 2577 5235 Sexta
2605 5179 2761 5248 feria,
2793 5195 2900 5236 una
2931 5181 3094 5237 lectio
3124 5181 3344 5251 legitur,
3377 5179 3505 5251 quia
3533 5187 3685 5236 sexta
3715 5186 3892 5235 aetate

2238 5252 2325 5307 lex
2355 5258 2410 5305 et
2437 5252 2741 5321 prOphetite
2772 5252 3102 5308 clauduntur
3134 5251 3447 5323 Evangelio.

2308 5323 2517 5388 Clerus,
2544 5320 2685 5389 sors,
2713 5323 2768 5378 id
2798 5330 2900 5382 est.
2931 5338 3058 5393 pars
3086 5324 3201 5378 Dei.
3232 5320 3307 5378 ln'
3324 5323 3542 5378 clericis
3571 5320 3719 5393 quod
3752 5334 3894 5391 pars

2238 5398 2322 5449 est
2367 5395 2602 5461 Domini,
2634 5394 2717 5450 vel
2768 5395 3029 5452 Dominus
3077 5409 3203 5465 pars
3251 5396 3389 5464 ejus,
3423 5399 3587 5464 caput
3629 5397 3894 5465 nostrum

2236 5470 2473 5521 mentem
2521 5465 2835 5538 rsigniﬁcat;
2896 5463 3100 5536 capilli,
3161 5463 3563 5537 cogitationes;
3622 5463 3896 5538 superior

2238 5550 2366 5606 pars
2410 5535 2606 5608 capitis
2649 5551 2770 5595 rasa
2816 5535 3053 5596 mentem
3082 5535 3373 5594 Dominum
3411 5535 3893 5607 contemplantem
