4100 6166
425 288 525 345 211

1544 289 1835 343 JOANNES
1867 287 2283 345 ARCHIEPISC.
2324 290 2655 346 ROTOMAG.

3675 282 3789 339 2l2

428 414 529 483 Qui
556 413 692 470 enim
713 414 1130 485 perseuerauerit
1157 426 1319 485 usque
1345 413 1401 467 in
1434 412 1608 480 ﬁnem,
1647 410 1731 465 hic
1755 409 1933 485 saivus
1958 411 2584 485 seritAPeriaathereum
2622 417 2677 469 et
2722 425 2889 469 unum
2916 410 3178 485 colorem
3211 406 3478 485 designat
3510 407 3676 485 vitam
3704 422 3791 465 sa-

435 482 641 555 (Matth.
674 482 731 549 κζ
778 483 885 553 22).
918 483 1126 539 Deinde
1163 482 1413 551 sequitur
1434 494 1595 555 zona,
1635 493 1759 555 qua:
1789 482 2067 555 cingulum

432 551 656 621 dicitur,
690 569 797 624 qua
826 551 1179 624 restringitur
1209 552 1505 624 pectorale,
1539 565 1607 624 ne
1636 551 1743 606 late
1775 567 1874 622 per
1893 551 2074 622 pedes

433 571 656 621 (llCllUl‘,
690 571 797 624 qua
826 571 1027 610 PBSU’ID
1069 571 1179 609 ιιιιι·
1209 571 1505 622 pecwrate,
1539 571 1607 606 ne
1636 571 1743 606 ιεηθ
1775 571 1874 622 per
1904 571 2071 622 ρεαδς

433 626 666 693 difﬂuat,
700 641 801 696 per
829 640 990 695 quam
1028 571 1345 696 gesignatur
1374 623 1635 696 discretio
1677 626 1917 678 omnium
1958 625 2071 678 vir-

435 705 651 763 tutum;
693 694 923 752 virtutes
970 698 1112 752 enim
1152 697 1270 750 sine
1310 694 1667 758 discretione,
1699 708 1809 750 non
1840 697 2074 750 virtutes

437 770 535 826 sed
583 768 712 824 vitia
750 775 899 833 sunt,
943 782 1065 822 nam
1112 768 1342 821 virtutes
1388 766 1445 820 in
1488 765 1725 836 quodam
1764 766 2071 821 meditullio

438 846 567 896 sunt
596 840 930 895 constitutaz.
960 839 1218 906 Sequitur
1246 838 1505 902 orarium,
1540 836 1593 890 id
1627 844 1709 891 est
1738 836 1898 903 stola,
1923 836 2070 907 quod

438 911 769 975 oratoribus,
826 910 881 965 id
922 916 1005 964 est
1044 908 1498 978 prtedicatoribus
1542 908 1925 964 concedatur:
1967 908 2071 963 ad-

437 988 625 1039 monet
670 981 822 1036 illum
861 980 955 1049 qui
1002 979 1097 1034 illo
1128 980 1377 1034 induitur
1404 986 1465 1033 ut
1494 992 1703 1033 memor
1730 980 1802 1033 sit
1843 994 1901 1034 se
1949 993 2071 1034 esse

437 1071 792 1127 constitutum
829 1066 945 1138 sub!
975 1070 1108 1137 jugo
1160 1067 1362 1124 Christi
1399 1058 1543 1127 4|5
1595 1067 1741 1136 quod
1773 1066 1889 1123 leve
1915 1073 2073 1123 estet

431 1155 595 1197 suave
627 1138 835 1206 (Matth.
868 1154 944 1203 x1,
976 1138 1087 1203 30).
1121 1139 1414 1194 Dalmatica
1445 1152 1569 1207 qua:
1607 1139 1857 1207 sequitur
1873 1139 1945 1194 ob
1966 1138 2073 1194 hoc

431 1212 654 1275 dicitur,
685 1224 749 1265 eo
781 1210 929 1279 quod
964 1209 1018 1264 in
1049 1209 1309 1265 Dalmatia
1350 1210 1423 1264 sit
1461 1217 1698 1277 reperta.
1732 1211 1872 1265 Usus
1890 1217 2070 1265 autem

429 1282 841 1337 dalmaticarum
880 1295 909 1334 a
950 1281 1112 1336 beato
1156 1280 1418 1336 Silvestro
1450 1294 1589 1348 papa
1637 1280 1919 1336 institutus
1965 1286 2069 1347 est,

429 1366 553 1408 nam
591 1357 753 1407 antea
800 1351 1037 1407 colobiis
1066 1352 1381 1407 utebantur.
1423 1350 1710 1406 Colobium
1744 1366 1874 1407 vero
1904 1353 2074 1407 vestis

429 1424 650 1479 estsine
681 1422 939 1487 manicis;
965 1422 1233 1493 signiﬁcat
1274 1429 1452 1493 autem
1484 1421 1541 1476 in
1562 1436 1629 1478 eo
1652 1423 1801 1492 quod
1840 1429 1925 1478 est
1953 1424 2072 1478 sine

429 1494 680 1558 manicis,
714 1492 1158 1563 unumquemque
1189 1492 1405 1549 ﬁdelem
1436 1499 1682 1549 exertum
1721 1508 1841 1549 esse
1870 1493 2075 1550 debere

429 1565 499 1622 ad
546 1566 690 1621 bona
739 1564 1065 1620 exercenda.
1104 1566 1237 1620 Cum
1283 1578 1414 1620 vero
1460 1564 1680 1619 nuditas
1724 1565 2074 1621 brachiorum

433 1635 753 1705 culparetur
780 1649 812 1689 a
850 1635 1011 1691 beato
1041 1635 1324 1702 Silvestro,
1366 1640 1426 1690 ut
1458 1634 1712 1701 diximus,
1751 1635 2075 1692 dalmatica-

433 1720 555 1762 rum
586 1710 839 1775 repertus
869 1711 953 1761 est
973 1721 1104 1763 usus
1126 1728 1140 1774 ;
1164 1713 1248 1762 est
1277 1712 1457 1762 autem
1478 1707 1859 1762 vestimentum
1884 1709 1940 1763 in
1962 1722 2079 1763 mo-

434 1779 564 1834 dum
594 1776 797 1835 crucis.
832 1791 1062 1833 monens
1099 1779 1156 1833 in
1195 1778 1526 1847 adjutorium
1563 1792 1719 1834 suum
1759 1779 2077 1834 cruciﬁxum

438 1862 593 1905 suum
643 1862 764 1904 esse
820 1848 1023 1904 debere
1082 1849 1285 1905 mundo
1327 1849 1483 1919 juxta
1537 1849 1897 1919 Apostolum:
1947 1850 2082 1908 Mihi

435 1919 655 1975 mundus
684 1920 965 1988 cruciﬁxus
985 1926 1060 1975 est
1086 1919 1223 1988 (Gai.
1256 1935 1331 1984 v1,
1370 1918 1492 1989 l4);
1526 1918 1692 1975 habet
1721 1921 1883 1976 etiam
1913 1920 1969 1975 in
2008 1922 2083 1977 si-

436 1991 609 2045 nistra
638 1996 792 2059 parte
822 1991 906 2045 sui
938 1990 1215 2056 ﬁmbrias;
1251 2004 1348 2059 per
1376 1990 1651 2046 sinistram
1684 2006 1929 2060 praesens
1972 1992 2082 2047 vita

437 2062 707 2133 ﬁguratur
722 2075 846 2133 quae
867 2062 1099 2133 diversis
1120 2062 1269 2116 curis
1289 2061 1532 2133 abundat
1556 2084 1569 2128 ;
1595 2077 1742 2117 curae
1771 2063 2083 2133 signiﬁcan-

436 2140 529 2187 tur
560 2147 656 2201 per
685 2132 933 2203 ﬁmbrias
965 2132 1204 2187 sinistra:
1238 2132 1445 2200 partis;
1498 2147 1597 2201 per
1634 2132 1916 2190 dexteram
1957 2149 2081 2203 quae

434 2204 679 2274 ﬁmbriis,
704 2210 873 2267 caret,
916 2202 1097 2257 tutura
1126 2204 1235 2258 vita
1277 2204 1620 2271 exprimitur,
1672 2206 1727 2259 in
1767 2220 1874 2274 qua
1915 2202 2080 2261 nulla;

433 2289 580 2329 curat
600 2273 903 2343 sollicitant
928 2274 1136 2328 animas
1165 2281 1500 2330 sanctorum.
1534 2273 1889 2331 lnconsutilis
1917 2277 2079 2332 etiam

434 2352 537 2412 est,
579 2345 793 2416 quiaiin
824 2345 1070 2400 Ecclesia
1090 2345 1172 2400 vel
1205 2346 1259 2400 in
1291 2346 1459 2401 corde
1499 2348 1930 2416 uniuscujusque
1954 2347 2084 2401 tide-

437 2417 506 2471 lis
526 2415 675 2471 nulla
695 2415 861 2471 debet
882 2430 1003 2470 esse
1032 2417 1292 2482 scissura,
1325 2416 1424 2471 sed
1454 2415 1744 2472 indiscissa
1773 2415 1899 2472 ﬁdei
1930 2419 2078 2473 inte-

435 2488 625 2557 gritas.
658 2487 830 2541 Aliter
856 2488 1138 2542 sinistrum
1168 2486 1310 2541 latus
1330 2487 1495 2543 habet
1524 2488 1784 2552 ﬁmbrias,
1826 2489 1953 2557 quia
1982 2504 2080 2544 ac-

437 2560 548 2614 tiva
594 2557 703 2612 vita
738 2557 974 2629 sollicita
1020 2564 1105 2613 est
1151 2564 1205 2613 et
1260 2558 1513 2614 turbatur
1550 2573 1678 2629 erga
1717 2560 1975 2628 plurima;
2026 2566 2082 2615 at

439 2629 666 2685 dextera
696 2641 807 2684 non
837 2628 1022 2692 habet,
1057 2629 1183 2698 quia
1214 2628 1637 2698 contemplativa
1666 2632 1776 2685 vita
1808 2631 1942 2685 nihil
1983 2631 2079 2686 ha-

438 2700 535 2755 bet
563 2700 618 2754 in
666 2701 969 2755 sinistrum.
1025 2701 1269 2770 Largitas
1309 2700 1658 2757 brachiorum
1690 2702 1995 2770 largitatem
2027 2710 2082 2758 et

437 2787 765 2869 hilaritatem
807 2787 1054 2869 doctoris
1098 2788 1632 2869 signiﬁcatsMapula
1669 2781 1814 2851 4l6
1849 2792 2082 2869 (μιξεᾏεὶ-

439 2860 612 2914 nistra
644 2866 798 2928 parte
818 2866 1083 2929 gestatur,
1115 2874 1222 2929 qua
1253 2860 1449 2929 pituita
1478 2861 1764 2917 oculorum
1790 2869 1845 2916 et
1871 2863 2082 2917 narium

438 2930 764 3002 detergitur,
799 2939 1123 2998 praesentem
1172 2930 1344 3002 vitam
1367 2932 1617 3002 designat
1655 2932 1711 2987 in
1750 2947 1856 3001 qua
1885 2947 2084 3002 super-

438 3000 580 3073 ﬁuos
607 3000 866 3073 humores
897 3001 1385 3073 patimurtCasula
1425 3000 1546 3072 quin
1585 3017 1751 3073 super
1770 3000 1969 3059 omnia
1991 3005 2082 3058 in-

2153 484 2485 541 cerdotalem
2534 499 2658 554 quae
2705 482 2959 553 supernis
3002 483 3178 538 solum
3210 482 3549 554 incessanter
3577 480 3790 554 intenta

2154 555 2457 611 desideriis.
2503 551 2973 611 conversationem
3033 554 3189 620 juxta
3255 552 3576 620 Apostolum
3623 551 3792 607 debet

2154 571 2457 611 aesnaerus.
2503 571 2973 611 conversationem
3063 571 3189 608 uxta
3255 571 3576 620 Aposwllllll
3623 571 3791 607 debet

2154 640 2371 697 semper
2398 627 2601 683 habere
2641 628 2694 681 in
2727 627 2882 682 caalis
2908 571 3115 696 (Phillip.
3148 640 3231 697 in,
3276 621 3397 693 20).
3448 622 3791 697 Per_coloris

2154 693 2531 763 mutationem,
2562 698 2854 753 fraternam
2904 693 3360 765 compassionem,
3411 700 3472 749 ut
3526 693 3603 748 ait
3648 698 3791 765 Apo-

2153 769 2361 825 stolus:
2405 770 2647 826 Gaudere
2682 784 2793 823 cum
2832 764 3193 837 gaudentibus,
3240 766 3365 836 ﬂere
3405 780 3519 837 cum
3553 764 3791 837 [testibus

2155 842 2321 903 (Rom.
2372 857 2469 906 x11,
2507 840 2620 912 15),
2662 840 2809 909 quod
2835 835 3081 909 'proprie
3119 844 3203 893 est
3242 835 3546 912 pontiﬁcis,
3585 835 3792 912 signiﬁ-

2155 917 2243 965 cat
2280 912 2548 967 rationem
2571 906 2903 966 sutilimium
2938 906 3047 966 non
3097 914 3283 979 patere
3329 908 3435 962 nisi
3492 906 3787 975 perfectis;

2155 997 2254 1050 per
2291 983 2397 1037 hoc
2427 982 2574 1052 quod
2606 989 2690 1037 est
2717 983 2883 1037 vestis
2911 982 3142 1036 interior
3171 988 3355 1035 etnon
3387 979 3644 1052 cingitur,
3670 979 3790 1052 vir-

2154 1061 2299 1109 tutes
2344 1050 2538 1108 animae
2576 1054 2701 1109 soli.
2763 1056 2873 1108 Deo
2930 1054 3177 1123 cognitas
3222 1051 3341 1105 sine
3387 1050 3792 1123 intermissione

2153 1139 2369 1194 semper
2396 1125 2693 1181 habendas.
2736 1126 2841 1179 Per
2868 1119 3209 1179 dalm‘aticam
3227 1135 3362 1194 qua:
3402 1120 3632 1175 candida
3661 1119 3794 1174 dua-

2152 1195 2256 1251 bus
2275 1193 2453 1251 lineis
2483 1196 2760 1251 coccineis
2786 1200 2912 1250 ante
2952 1203 3007 1250 et
3036 1202 3182 1249 retro
3204 1193 3498 1248 decoratur
3524 1205 3555 1247 a
3584 1203 3795 1245 summo

2154 1298 2328 1353 usque
2380 1285 2663 1349 deorsum,
2703 1275 2848 1345 4|8
2872 1283 3071 1337 mentis
3110 1280 3390 1353 munditia
3415 1292 3535 1335 cum
3593 1278 3798 1353 utrius-

2155 1350 2263 1424 que
2328 1354 2657 1410 Testameuti
2717 1354 3247 1424 przedicatione,_et
3299 1350 3795 1424 Deiproximique

2156 1421 2453 1481 dilectione
2497 1421 2838 1496 designatur,
2872 1425 3072 1494 quibus
3094 1421 3307 1496 fulgere
3337 1421 3502 1476 debet
3534 1421 3797 1476 sacerdos

2156 1503 2212 1552 et
2240 1496 2544 1565 diaconus;
2596 1493 2695 1566 p'er
2741 1493 3033 1554 duodecim
3082 1493 3325 1566 ﬁmbrias
3355 1506 3507 1566 quas
3544 1498 3794 1566 utrmque

2157 1568 2319 1624 linea:
2363 1568 2418 1622 in
2456 1561 2858 1631 se'continent,
2900 1565 3191 1621 duodecim
3234 1563 3369 1619 rami
3410 1563 3669 1618 virtutum
3698 1561 3795 1631 qui

2158 1654 2224 1695 ex
2279 1638 2464 1694 radice
2494 1637 2777 1693 charitatis
2815 1638 3076 1704 pendent,
3117 1648 3258 1704 quos
3295 1635 3469 1704 etiam,
3503 1635 3797 1703 Apostolus

2094 1715 2460 1791 Benunterat,
2493 1708 2714 1791 dicens;
2778 1703 3019 1791 Cltaritas
3060 1703 3399 1791 patiensest,
3442 1703 3798 1791 ibeaignalest

2165 1783 2231 1847 (Ι
2250 1782 2371 1837 Cor.
2406 1795 2526 1846 xm,
2558 1780 2634 1846 4),
2667 1786 2773 1836 etc.
2802 1780 2981 1836 Tertia
3009 1775 3138 1833 vero
3165 1777 3307 1832 linea
3335 1790 3459 1846 qua:
3489 1775 3635 1831 inter
3661 1775 3799 1830 duas

2162 1850 2335 1907 lineas
2373 1851 2748 1916 constituitur,
2771 1857 2826 1906 et
2880 1850 3058 1905 tribus
3095 1848 3325 1904 ﬁmbriis
3367 1853 3493 1902 ante
3540 1853 3596 1902 et
3647 1852 3796 1901 retro

2163 1923 2532 1988 connectitur,
2574 1923 2813 1977 charitas
2860 1936 2982 1990 qua:
3030 1920 3381 1976 dilectionem
3428 1916 3526 1990 Dei
3573 1924 3629 1990 et
3671 1930 3801 1987 pro-

2161 1996 2293 2050 ximi
2323 1995 2378 2048 in
2418 2008 2476 2049 se
2506 1994 2774 2049 continet.
2804 1988 3087 2047 Trinitatis
3130 1990 3235 2046 ﬁde
3266 1988 3525 2059 insignita
3563 1988 3801 2043 demou-

2163 2072 2387 2121 stratur.
2421 2066 2525 2120 Per
2570 2066 2887 2119 coccineum
2919 2062 3159 2118 colorem
3206 2075 3373 2131 opera
3404 2059 3799 2131 misericordia:

2163 2145 2218 2192 et
2248 2135 2472 2206 pupillis
2501 2142 2556 2190 et
2585 2135 2763 2190 viduis
2807 2134 3222 2206 intelliguntur;
3267 2146 3364 2201 per
3402 2130 3641 2206 ﬁmbrias
3677 2131 3801 2206 qui-

2164 2202 2287 2263 dem
2317 2202 2523 2261 sinistri
2565 2206 2752 2261 lateris
2787 2202 3104 2260 sollicitudo
3135 2204 3398 2273 ﬁguratur
3422 2202 3546 2257 vitae
3584 2202 3797 2273 activae.

2162 2280 2266 2333 Per
2294 2279 2544 2334 dextrum
2586 2276 2733 2345 quod
2787 2276 3015 2331 ﬁmbriis
3051 2272 3221 2339 caret,
3272 2273 3429 2342 quies
3466 2272 3803 2345 contempla-

2164 2350 2322 2413 tivze;
2358 2362 2456 2417 per
2475 2344 2889 2427 amplitudinem
2928 2346 3278 2402 brachiorum
3314 2345 3536 2427 largitas
3565 2344 3801 2427 eleemo-

2161 2433 2436 2491 synarum.
2480 2421 2583 2473 Per
2623 2418 2859 2491 casulam
2907 2432 3031 2491 qua;
3063 2431 3245 2491 super
3269 2418 3454 2491 omnia
3483 2422 3801 2491 ornamenta

2162 2485 2429 2556 induitur,
2476 2490 2737 2545 sanctitas
2782 2495 2846 2559 et
2895 2485 3158 2559 justitia,’
3188 2487 3402 2559 quibus!
3443 2485 3802 2541 sacerdotalis

2160 2562 2334 2688 gloria
2382 2575 2481 2631 per
2526 2562 2707 2617 omnia
2768 2557 2977 2630 fulgere
3011 2557 3229 2642 .debet,
3287 2557 3800 2637 designaturgpro

2203 2648 2269 2688 oc
2318 2633 2464 2688 auod
2497 2632 2701 2688 duplex
2746 2631 2979 2686 habetur
3009 2638 3154 2685 inter
3202 2629 3479 2688 humeros.
3522 2640 3798 2688 proximo-

2203 2648 2269 2688 oc
2318 2627 2464 2701 quod
2497 2632 2701 2701 duplex
2746 2627 2979 2686 habetur
3009 2631 3154 2685 inter
3202 2629 3479 2694 humeros,
3522 2627 3798 2701 proximo-

2163 2718 2282 2759 rum
2324 2699 2454 2758 cura
2492 2711 2547 2758 et
2577 2699 2913 2772 ‘compassio,
2955 2706 3011 2756 et
3044 2702 3103 2756 in
3142 2714 3201 2755 se
3232 2714 3366 2769 pura
3398 2700 3596 2772 mentis
3624 2699 3801 2772 inten-

2164 2776 2266 2840 tio,
2319 2781 2374 2829 et
2414 2787 2512 2842 per
2539 2769 3131 2843 aliam'duplicitatem,
3162 2772 3217 2826 in
3268 2778 3515 2843 pectore,
3546 2769 3805 2825 doctrina

2166 2847 2221 2900 iu
2272 2841 2497 2914 populo,
2546 2841 2855 2913 veritasque
2895 2857 3002 2913 qua
3049 2842 3214 2914 debet
3252 2842 3436 2914 ornari
3490 2841 3546 2895 in
3596 2849 3799 2914 mente.

2169 2911 2659 2971 Pet-'ca'lceamenta
2697 2911 2839 2969 linea
2877 2911 2999 2984 quae
3034 2912 3272 2969 candore
3318 2913 3530 2984 nitent,
3548 2918 3603 2984 et
3642 2911 3804 2967 lineae

2165 2995 2450 3053 vocantur,
2521 2986 2588 3041 ad
2637 2983 2964 3041 currendum
3040 2985 3095 3040 in
3151 2984 3349 3039 malum
3416 2983 3800 3054 prohibentur,

441 3052 700 3124 dumenta
726 3052 2078 3143 gqnnaiIs‘igninéifEﬁaﬁﬁiein"aﬁa'sii'és'vﬁ-
2102 3052 2144 3112 Ο
2163 3068 2306 3138 419
2375 3052 2514 3130 etin
2546 3076 2748 3130 bonum
2796 3072 3053 3129 festinare
3084 3072 3393 3128 hortantur.
3419 3052 3537 3126 VPer
3561 3070 3805 3126 sandalia

440 3146 588 3215 tutes
616 3139 975 3215 exce_llit;__de
1015 3139 1122 3215 qua
1156 3143 1454 3215 Apostolus
1491 3139 1929 3201 commemoratis
1959 3147 2081 3215 qui-

441 3209 670 3266 busdam
703 3210 994 3267 virtutibus
1022 3209 1134 3268 ait:
1176 3209 1357 3283 Major
1383 3218 1553 3269 autem
1580 3215 1761 3271 horum
1797 3222 1872 3270 est
1901 3209 2080 3272 chari-

443 3286 525 3337 tas
549 3282 606 3350 (Ι
631 3282 751 3336 Cor.
784 3281 925 3351 xm).
956 3296 965 3309 '

464 3296 525 3337 αθ
549 3295 598 3337 (Ι
631 3295 751 3336 σον.
784 3295 925 3337 XIII).
956 3296 965 3309 '

511 3351 757 3427 Amictus
787 3353 955 3427 igitur
1002 3355 1233 3424 primum
1266 3360 1349 3411 est
1376 3356 1780 3425 vestimentum,
1813 3372 1923 3427 quo
1953 3358 2080 3413 ideo

443 3424 645 3499 collum
675 3424 1079 3499 circumdamus
1108 3434 1167 3481 ut
1205 3440 1308 3482 vox
1337 3442 1460 3498 quae
1492 3443 1591 3498 per
1628 3424 2081 3499 collum—egredi-

441 3501 532 3551 tur
560 3496 629 3550 ab
650 3496 815 3571 omni
848 3512 1010 3566 prava
1040 3497 1318 3571 locutione
1349 3496 1642 3566 muniatur,
1670 3503 1823 3571 juxta
1843 3496 2083 3569 Prophe-

441 3574 587 3623 tam:
630 3570 701 3624 0s
730 3575 978 3642 nostrum
1028 3570 1421 3637 custodiamus,
1473 3586 1541 3627 ne
1592 3570 1878 3642 in’lingua
1907 3572 2084 3628 delin-

442 3654 672 3709 quamus
725 3640 897 3712 (Psal.
958 3645 1209 3706 xxxvnt).
1267 3643 1577 3699 Secundum
1634 3640 1857 3699 camisia
1912 3644 2079 3710 linea,

440 3727 565 3782 quae
594 3713 716 3767 alba
744 3713 829 3768 vel
856 3713 1171 3782 pectoralis,
1202 3713 1285 3769 vel
1319 3714 1504 3770 talaris
1534 3722 1900 3783 nuncupatur,
1933 3715 2082 3785 quod

440 3784 510 3839 ad
541 3785 761 3857 modum
791 3785 1043 3857 corporis
1093 3791 1218 3857 acta
1261 3791 1434 3841 totum
1465 3799 1666 3854 corpus
1703 3786 1910 3855 absque
1950 3801 2083 3857 ruga

441 3855 642 3936 operit.
676 3856 796 3936 Per.
819 3854 1112 3936 candorem
1139 3855 1220 3936 ad
1261 3870 1421 3936 quem
1452 3856 1620 3936 nimio
1662 3854 2084 3936 labore_perdii_-

442 3925 607 3989 citur,
631 3925 830 3979 mentis
858 3932 912 3978 et
933 3926 1184 3997 corporis
1212 3928 1434 3982 castitas
1461 3934 1625 3997 atque
1647 3927 1912 3982 munditia
1943 3927 2085 3982 desi-

442 4002 676 4068 gnatur,_
702 4009 826 4063 quae
859 3996 1030 4050 multo
1074 3997 1271 4065 jejunii
1318 4006 1373 4053 et
1410 3997 1732 4068 vigiliarum,
1782 4005 1838 4052 et
1876 3999 2081 4054 oratio-

445 4064 607 4132 num,
661 4064 1043 4136 bonorumque
1078 4064 1318 4137 operum
1377 4064 1640 4124 exercitio
1698 4069 2078 4137 acquiruntur.

445 4139 551 4193 Per
572 4141 841 4191 texturam
872 4138 1181 4193 vestimenti
1203 4139 1392 4205 virtus,
1424 4153 1542 4206 cor,
1576 4147 1883 4208 cunctaque
1914 4153 2085 4195 mem-

446 4208 546 4264 bra
595 4209 846 4281 corporis
887 4209 955 4264 ab
993 4210 1141 4265 omni
1172 4224 1398 4279 operum
1434 4212 1697 4281 pravitate
1736 4211 2079 4277 coercenda;

449 4294 549 4350 per
576 4279 765 4335 talaris
792 4294 923 4352 vero
955 4281 1373 4352 longitudinem,
1407 4279 1547 4352 opus
1585 4283 1788 4339 bonum
1810 4297 1983 4351 usque
2012 4282 2080 4337 ad

2164 3162 2287 3217 quin
2317 3146 2557 3215 desuper
2586 3151 2791 3215 patent,
2835 3144 2931 3199 sed
2972 3145 3165 3217 subtus
3193 3144 3360 3199 soleis
3388 3157 3419 3217 a
3450 3148 3595 3217 terra
3635 3142 3805 3212 pedes

2163 3214 2478 3287 prohibent,
2520 3214 2911 3286 praedicatores
2955 3215 3198 3271 cmlestia
3235 3228 3346 3271 non
3384 3214 3588 3270 debere
3617 3227 3807 3269 ascen-

2164 3290 2296 3344 dere
2329 3301 2508 3356 neque
2540 3288 2774 3343 terrenis
2804 3287 3014 3342 inhiare
3045 3287 3327 3357 ﬁguratur.

2236 3353 2460 3414 Pallium
2502 3372 2612 3428 quo
2649 3372 2816 3427 super
2854 3359 3035 3413 omnia
3073 3353 3391 3413 ornamenta
3444 3353 3802 3428 archipresul

2164 3431 2339 3485 utitur
2394 3429 2663 3499 signiﬁcat
2730 3436 2981 3498 torquem
3038 3442 3197 3498 quem
3255 3428 3507 3483 solebant
3547 3427 3804 3499 legitime

2165 3497 2482 3556 constantes
2509 3502 2782 3569 accipere.
2815 3497 2918 3555 Per
2946 3497 3209 3555 circulum
3241 3513 3351 3568 quo
3382 3500 3528 3554 circa
3546 3497 3806 3569 humeros

2167 3572 2585 3652 constringitur,
2634 3568 2799 3652 timor
2840 3579 2895 3626 et
2926 3570 3215 3652 disciplina
3247 3568 3715 3652 Domini,_quibus
3743 3583 3805 3624 se

2166 3650 2334 3700 totam
2366 3640 2605 3714 suosque
2636 3644 3000 3711 eoepiscopos
3038 3640 3151 3714 sibi
3176 3641 3395 3714 quidem
3427 3640 3681 3695 subditos
3708 3654 3801 3695 re-

2165 3730 2294 3785 gere
2333 3712 2533 3780 debet,‘
2576 3714 2911 3783 designatur.
2973 3714 3077 3769 Per
3123 3713 3260 3768 duas
3297 3712 3469 3785 lineas
3515 3726 3545 3785 a
3591 3724 3803 3785 summo

2166 3782 2340 3856 usque
2371 3787 2626 3842 deorsum
2676 3782 2744 3840 ex
2774 3792 3005 3856 utraque
3046 3791 3219 3856 parte,
3252 3782 3571 3856 praedicatio
3594 3783 3807 3856 utrius-

2166 3853 2272 3926 que
2302 3858 2653 3919 Testamenti,
2704 3862 2759 3910 et
2797 3855 3022 3911 dilectio
3061 3855 3156 3910 Dei
3202 3862 3257 3910 et
3296 3853 3530 3923 proximi
3562 3853 3680 3907 sine
3712 3853 3804 3909 in-

2164 3928 2531 3983 termissione.
2563 3926 2860 3994 Corporale
2908 3928 2995 3981 cui
3036 3926 3429 3995 superponitur
3458 3938 3660 3993 corpus
3690 3926 3804 3980 Do-

2168 3999 2449 4062 minicum,
2482 4011 2591 4052 non
2623 3997 2772 4053 aliud
2808 4011 2967 4067 quam
3011 3996 3212 4052 lineum
3246 4010 3366 4051 esse
3396 4001 3639 4067 oportet,
3671 4008 3809 4066 quo.

2165 4070 2310 4124 niam
2352 4068 2557 4139 Joseph
2606 4066 2839 4123 linteum
2880 4067 3138 4124 mundum
3197 4067 3397 4137 legitur
3427 4066 3645 4139 emisse,
3677 4067 3808 4121 dum

2165 4154 2368 4208 corpus
2438 4136 2777 4195 Dominicum
2840 4139 3065 4195 involvit
3126 4136 3342 4209 (Matth.
3404 4136 3620 4207 XXVII);
3682 4151 3809 4192 nam

2164 4210 2333 4267 linum
2368 4224 2584 4280 purum:
2613 4224 2836 4281 germen
2883 4218 2967 4265 est
3008 4216 3190 4276 terrae,
3226 4214 3297 4281 et
3335 4210 3595 4281 Dominus
3621 4222 3810 4281 verum

2165 4289 2221 4338 et
2271 4296 2465 4352 purum
2522 4280 2724 4351 corpus
2770 4280 2979 4346 habuit,
3031 4294 3141 4352 non
3190 4280 3530 4345 simulatum;
3573 4285 3630 4335 et
3665 4280 3812 4352 sicut

447 4349 1001 4436 consummationem;
1046 4349 1142 4436 per
1163 4368 1415 4436 rugarum
1442 4349 2348 4436 devitationem,‘§iuib_usDlinum
2394 4367 2493 4423 per
2548 4349 2751 4436 multos
2800 4352 3016 4436 labores
3059 4351 3141 4407 vel
3192 4352 3452 4436 sudores”
3462 4350 3709 4436 pervenit
3740 4349 3811 4406 ad

447 4424 828 4493 exprimuntur
847 4420 1320 4482 circumﬁexioﬁes
1341 4425 1615 4482 haeretica;
1647 4420 1927 4495 pravitatis
1954 4425 2081 4480 ﬁdei
2103 4420 2149 4434 ν
2176 4420 2492 4492 candorem,
2544 4425 2620 4480 ita
2645 4426 2803 4480 Jesus
2828 4424 3088 4495 Christus
3120 4423 3330 4495 multis
3352 4420 3658 4495 _aﬁ‘ectatus
3693 4435 3814 4491 pas-

447 4495 757 4553 catholicaa.
809 4496 913 4551 Per
950 4495 1249 4569 cingulum,
1300 4497 1561 4554 discretio
1600 4512 1724 4569 qua:
1790 4504 1874 4553 est
1911 4502 2085 4553 mater

445 4577 593 4657 4|7
660 4585 901 4642 omnium
949 4585 1229 4642 virtutum.
1281 4587 1384 4643 Per
1439 4587 1655 4653 stolam,
1705 4600 1829 4657 qua:
1885 4586 2088 4657 dicitur

447 4656 711 4723 orarium,
757 4659 947 4726 Iugum
993 4658 1203 4714 Domini
1248 4673 1409 4713 suave
1454 4664 1529 4714 est
1575 4664 1623 4714 et
1671 4655 1801 4714 onus
1830 4657 1940 4726 ejus
1979 4655 2087 4712 leve

449 4728 659 4798 (Matth.
694 4745 770 4801 χι,
799 4727 907 4798 30,,
942 4729 1261 4801 designatur
1305 4730 1651 4801 Evangelium
1678 4750 1697 4801 :7
1736 4744 1835 4801 per
1871 4728 2088 4801 albedi-

450 4812 576 4854 nem
605 4800 784 4865 stolae,
818 4801 1027 4869 puritas
1056 4799 1325 4858 doctrina:
1366 4799 1478 4871 (58}
1498 4818 1512 4865 ;
1554 4816 1652 4871 per
1689 4799 2087 4871 longitudinem

450 4872 630 4942 usQue
673 4871 767 4942 ad,
799 4871 990 4942 pedes,
1033 4874 1207 4929 virtus
1252 4871 1577 4929 humilitatis
1625 4877 1681 4927 et
1736 4883 2089 4942 perseveran-

449 4940 991 5027 tiaa:.‘Per_balteum
1033 4959 1144 5027 quo
1191 4944 1359 5027 lumbi
1409 4940 1848 5027 restringuntur,
1892 4941 2092 5027 mentis

450 5011 677 5085 castitas
704 5011 1068 5085 designatur,‘
1094 5017 1250 5085 juxta
1298 5015 1446 5084 quod
1476 5011 1738 5071 Dominus
1780 5015 1857 5069 ait
1896 5033 1909 5068 :
1969 5012 2091 5085 Sint

451 5083 612 5141 lumbi
650 5083 1127 5156 uestﬁr’prwcincti
1176 5083 1432 5154 (Luc’xn,
1471 5085 1583 5152 35).
1622 5086 1832 5142 Deinde
1882 5084 2086 5156 tunica,

453 5156 524 5211 de
567 5171 674 5226 qua
722 5155 866 5212 dixit
903 5157 1168 5214 Dominus
1219 5159 1287 5214 ad
1336 5161 1516 5214 Aaron
1563 5178 1576 5213 :
1637 5157 1825 5214 Facies
1864 5155 2093 5226 tunicam

454 5224 840 5299 hyacinthiuam
881 5228 1085 5299 (Exod.
1136 5246 1327 5296 xxvul,
1359 5230 1467 5298 3|),
1508 5228 1629 5285 haec
1668 5242 1798 5285 vero
1837 5225 1938 5299 sub
1977 5224 2094 5299 dal-

454 5295 652 5355 niatica
692 5295 943 5356 induitur
979 5307 1035 5357 et
1079 5295 1347 5358 subucula
1383 5295 1714 5357 nominatur.
1758 5295 2095 5368 Hyacinthus

450 5382 583 5425 vero
622 5383 725 5427 nec
755 5386 911 5429 rarus
939 5376 1042 5440 est,
1084 5386 1187 5429 nec
1232 5372 1503 5430 densitate
1533 5373 1816 5440 obtensus,
1859 5382 1963 5424 nec
1992 5381 2091 5422 ru-

453 5440 606 5520 tilat_
624 5444 931 5520 aequaliter,
983 5439 1196 5520 sereno
1214 5446 1358 5502 enim
1401 5439 1642 5520 cmloﬁt
1661 5440 2006 5520 perspicuus,
2025 5445 2094 5520 .et

454 5512 647 5571 nubilo
691 5509 939 5585 pallidus
968 5523 1072 5582 est,
1106 5516 1268 5573 unius
1310 5522 1366 5572 et
1411 5516 1568 5586 quasi
1597 5509 1823 5572 aetherei
1865 5509 2091 5567 coloris.

2167 4496 2417 4551 sionibus
2450 4496 2700 4567 migravit
2723 4496 2792 4551 ab
2826 4494 2932 4550 hoc
2966 4492 3194 4567 saeculo,
3226 4502 3281 4548 et
3300 4492 3378 4567 ad_
3398 4492 3693 4549 candorem
3724 4506 3814 4567 [e-

2168 4564 2551 4623 surrectionis'
2579 4575 2744 4636 atque
2792 4565 3216 4621 immortalitatis
3249 4564 3547 4636 perductus
3577 4570 3679 4619 est.
3733 4564 3813 4618 Ita

2169 4652 2300 4709 ergo
2332 4640 2427 4708 qui
2457 4635 2669 4707 corpus
2690 4638 2902 4693 Domini
2936 4637 2990 4691 in
3012 4650 3075 4709 se
3104 4636 3351 4705 recipere
3382 4635 3678 4709 desiderat,
3714 4649 3818 4703 per

2168 4707 2369 4765 multos
2414 4710 2685 4765 bonorum
2732 4721 2961 4777 operum
3011 4707 3229 4763 labores
3257 4715 3313 4763 et
3359 4720 3458 4776 per
3505 4707 3815 4761 castitatem

2169 4799 2368 4853 mentis
2415 4789 2573 4859 420
2607 4805 2661 4853 et
2701 4798 2953 4867 corporis
2989 4797 3155 4853 debet
3194 4811 3254 4852 se
3284 4794 3517 4851 reddere
3550 4794 3816 4867 mundum

2169 4876 2333 4939 atque
2354 4869 2667 4933 candidum,
2682 4866 2829 4939 quod
2844 4870 2918 4924 ita
2939 4868 3143 4939 placari
3165 4868 3350 4932 debet,
3369 4873 3429 4939 ut
3447 4874 3552 4929 nec
3572 4866 3814 4939 initium,

2169 4937 2272 4996 nec
2303 4940 2446 5005 ﬁnis,
2469 4941 2549 4995 sic
2570 4937 2715 4995 enim
2736 4940 2790 4995 in
2812 4937 3067 5009 sepulcro
3089 4939 3304 4995 Domini
3324 4937 3602 4993 sudarium
3628 4938 3820 5009 inven-

2172 5019 2284 5067 tum
2298 5017 2401 5067 est.
2417 5010 2705 5067 Sudarium
2729 5018 2814 5066 est
2831 5007 3065 5081 ligamen
3087 5009 3305 5079 capitis,
3328 5023 3427 5078 per
3447 5007 3817 5081 caputdivini-

2172 5082 2602 5153 tasdesignatur,
2628 5081 2756 5151 quia
2776 5079 3149 5153 caputChristi
3170 5082 3314 5137 Deus
3338 5087 3449 5153 est;
3482 5079 3695 5153 volutio
3720 5093 3822 5135 au-

2172 5160 2281 5208 tem
2333 5149 2452 5209 haec
2499 5149 2770 5223 signiﬁcat
2817 5149 2947 5224 quia
2988 5152 3238 5208 Christus
3277 5151 3371 5220 qui
3419 5151 3475 5224 in
3506 5149 3821 5224 humilitate

2172 5225 2364 5280 habuit
2400 5220 2617 5280 initiu'm
2657 5220 2957 5291 nascendo,
2999 5230 3054 5280 et
3100 5224 3260 5278 ﬁnem
3294 5221 3602 5288 moriendo,
3645 5221 3700 5277 in
3733 5220 3821 5276 di-

2171 5295 2396 5351 vinitate
2444 5302 2699 5352 neutrum
2757 5297 2973 5360 horum,
3041 5294 3139 5351 sed
3199 5307 3418 5364 semper
3464 5306 3586 5349 esse
3625 5291 3815 5364 habet.

2172 5364 2438 5422 Triforme
2485 5372 2569 5423 est
2616 5382 2819 5438 corpus
2854 5365 3077 5432 Christi,
3123 5362 3566 5438 eorum:scilicet
3595 5362 3821 5438 quigu-

2173 5443 2453 5493 staverunt
2484 5433 2732 5495 mortem"
2757 5447 2812 5495 et
2848 5438 3099 5495 morituri
3138 5441 3287 5492 sunt.
3321 5436 3559 5492 Primum
3601 5433 3821 5489 scilicet

2173 5515 2419 5565 sanctum
2442 5515 2497 5566 et
2525 5511 2950 5576 immaculatum,
2989 5508 3138 5580 quod
3167 5514 3442 5578 sumptum
3480 5510 3663 5563 estex
3700 5505 3819 5561 Ma-

530 5602 632 5678 (58)
661 5608 753 5664 Ea:
780 5605 859 5662 his
887 5606 1225 5679 corrigendae
1251 5610 1302 5662 et
1327 5602 1642 5677 supplendas
1671 5601 1801 5659 liber
1826 5602 1983 5659 Joan.
2005 5596 2221 5655 Abt-inc.
2252 5612 2306 5669 ρ.
2329 5596 2397 5653 85
2427 5603 2475 5655 et
2502 5615 2610 5669 seq.
