4100 6166
268 301 361 358 213

1683 300 1856 357 ACTA
1892 299 2156 359 VETERA

3492 306 3601 364 214

267 428 337 501 ria
368 424 580 501 Virgine
599 446 635 501 ;_
662 401 914 501 alterum,
946 424 1096 501 quod
1141 424 1383 501 ambulat
1426 424 1484 480 in
1524 424 1714 501 terris;
1754 430 1873 501 te_r-
1892 425 2402 501 Abebdomadibus
2419 432 2544 485 ante
2576 426 2782 501 Pascha
2806 427 3065 501 instituit,
3095 429 3356 501 hymnum
3383 435 3597 501 angeli-

264 499 399 565 tium,
437 496 582 566 quod
616 498 765 566 jacet
818 496 875 552 in
923 496 1211 566 sepulcris.
1256 500 1355 552 Per
1401 496 1721 564 particulam
1768 497 1877 552 ob-

267 570 373 625 lata}
408 569 583 624 missae
632 569 687 622 in
735 566 906 623 calice
956 567 1268 624 ostenditur
1312 581 1516 636 corpus
1553 567 1756 622 Christi
1786 568 1882 636 qui

263 641 540 696 resurrexit
568 654 599 694 a
629 639 892 705 mortuis;
927 654 1028 709 per
1058 644 1353 694 comestam
1398 652 1429 693 a
1466 638 1757 694 sacerdote
1796 638 1881 694 vel

261 726 287 766 a
322 711 532 780 populo,
583 710 868 765 ambulans
915 711 1097 765 adhuc
1128 724 1295 778 super
1324 716 1566 775 terram;
1614 724 1713 779 per
1744 710 1879 764 reli-

264 788 387 838 ctam
434 783 488 837 in
535 781 696 836 altari
742 795 915 850 usque
964 782 1020 836 in
1057 781 1219 836 tinem
1249 780 1450 848 missae,
1483 782 1677 850 jacens
1704 782 1762 836 in
1790 794 1880 836 se-

260 854 449 923 pulcris
478 866 648 932 usqne
679 854 737 907 in
766 851 930 907 finem
956 852 1165 909 saeculi.

574 961 651 1013 De
678 958 759 1012 his
787 960 876 1029 qui
900 958 1272 1013 ordinaverunt
1301 958 1532 1013 missam.

315 1065 711 1135 Consequentia
748 1065 966 1122 missam
1006 1065 1323 1121 celebrandi
1349 1067 1458 1133 jam
1501 1065 1568 1120 ad
1610 1065 1880 1135 integrum

254 1138 538 1207 composita
566 1138 636 1192 ab
675 1137 943 1206 apostolis
983 1144 1039 1193 et
1087 1137 1409 1205 apostolicis
1437 1137 1721 1191 ministris.
1756 1136 1882 1205 Epi-

252 1197 407 1263 stolas
444 1210 651 1278 quippe
696 1197 751 1263 ἐι
799 1197 1145 1279 Evangelium
1199 1208 1466 1263 recitabat
1517 1208 1762 1263 Ecclesia
1801 1197 1881 1279 'ex

250 1280 584 1348 antiquorum
646 1278 965 1344 traditione,
1023 1293 1147 1348 quae
1185 1279 1455 1349 indigesta
1511 1286 1639 1333 sunt
1696 1279 1749 1333 in
1806 1278 1879 1334 li-

254 1349 343 1404 bro
397 1352 492 1419 qui
535 1350 844 1419 appellatur
908 1353 1109 1416 Comes,
1159 1364 1319 1419 quem
1377 1349 1444 1405 ad
1501 1350 1878 1404 Constantium

245 1427 377 1498 42|
441 1438 810 1508 Hieronymus
857 1438 1147 1508 scripsisse
1195 1438 1417 1493 dicitur.
1449 1436 1760 1509 Alexander
1788 1439 1876 1492 VII

246 1522 371 1576 papa
407 1509 502 1578 qui
538 1509 776 1564 instituit
805 1523 1002 1579 aquam
1038 1510 1093 1580 [f.
1136 1509 1262 1564 add.
1298 1509 1469 1579 usum]
1510 1509 1878 1565 benedicendi

244 1585 292 1633 et
332 1580 726 1649 aspersionem,
778 1581 1011 1635 inseruit
1048 1580 1363 1635 memoriam
1416 1580 1714 1636 Dominicse
1746 1594 1879 1648 pas-

243 1650 400 1705 sionis
434 1651 508 1705 ad
555 1653 1032 1707 consecrationem
1076 1651 1453 1707 Eucbaristiaa.
1497 1651 1712 1705 Primus
1740 1652 1877 1720 Xys-

242 1726 319 1793 tus
346 1722 453 1793 VIII
476 1736 618 1793 papa
659 1723 916 1792 hymnum
948 1724 1196 1788 Sanctus,
1227 1727 1458 1787 sanctus,
1498 1727 1732 1777 sanctus.
1774 1724 1875 1777 Te-

236 1789 517 1861 lesphorus
544 1789 686 1864 papa
702 1789 786 1849 'lx
835 1795 930 1864 qui
977 1794 1416 1864 Quadragesimaa
1457 1794 1727 1863 jejunium
1776 1808 1873 1849 sex

1966 511 2087 553 cum
2122 496 2304 554 Gloria
2350 500 2406 554 in
2450 497 2672 554 excelsis
2698 499 2806 554 Deo
2840 497 3071 555 addidit.
3112 496 3391 559 Damasius
3419 496 3599 563 XXXV

1968 583 2111 652 papa
2139 570 2305 652 Credo
2344 570 2399 652 in
2426 586 2581 652 unum
2610 572 2778 652 Deum
2808 570 3362 652 solemnibusdiebus
3391 579 3600 652 cantnri

1964 639 2207 713 instituit
2251 655 2319 695 ex
2364 642 2589 696 decreto
2632 648 2834 697 sanctae
2883 644 3206 713 universalis
3234 644 3429 713 synodi
3459 661 3488 700 a
3517 649 3601 703 CL

1965 711 2243 780 episcopis
2316 713 2791 782 Constantinopoli
2857 712 3169 769 celebratae.
3247 711 3603 773 Innocentius

1964 782 2215 836 XXXVIII
2259 796 2397 851 papa
2450 784 2694 839 decrevit
2751 784 2997 839 osculum
3059 785 3211 853 pacis
3267 788 3332 842 ad
3385 788 3602 847 missam

1964 853 2102 927 (_lari.
2143 853 2490 927 _Ccelestiuus
2539 856 2649 909 XLI
2691 869 2828 924 papa
2870 855 3148 923 introitus,
3181 858 3480 927 gradualia,
3523 858 3605 915 of-

1964 922 2188 996 fertoria
2219 932 2273 979 et
2303 922 2716 980 communiones
2763 922 2828 981 ex
2879 928 3098 996 psalmis
3136 922 3412 985 'm'odulari
3462 922 3603 986 anti-

1964 994 2244 1066 phonatim
2294 996 2551 1050 instituit.
2596 998 2702 1051 Leo
2731 994 2891 1052 XLIII
2929 1013 3066 1066 papa
3098 1000 3151 1054 in
3183 1014 3390 1056 canone
3421 1002 3601 1058 missae

1963 1064 2441 1138 addiditSauclum
2457 1067 2791 1138 sacrificium,
2825 1064 3207 1125 immaculatum
3236 1071 3475 1128 hostiam.
3499 1075 3602 1129 Ge-

1963 1136 2129 1213 lasius
2158 1137 2477 1213 XLI’iApapa
2515 1136 2777 1213 coliectas
2808 1145 2861 1213 et
2893 1139 3240 1213 praefationes
3268 1145 3596 1213 composuit.

1960 1209 2253 1281 Gregorius
2282 1209 2391 1263 LXI
2423 1222 2560 1281 papa
2591 1210 2775 1281 Hyrie,
2806 1208 3019 1277 eleison,
3052 1212 3270 1280 Christe,
3300 1208 3511 1281 eleison,
3544 1221 3599 1272 et

1960 1277 2187 1357 Alleluia
2203 1285 2362 1357 _extra
2381 1277 2927 1357 Quinquagesimam,
2950 1287 3005 1336 et
3034 1277 3338 1357 in_candne
3372 1277 3593 1357 Diesque

1960 1355 2166 1404 nostros
2195 1350 2249 1403 in
2288 1356 2377 1404 tua
2411 1365 2545 1420 pace
2573 1350 2841 1420 disponas,
2874 1356 3028 1421 atque
3058 1351 3123 1407 ab
3154 1361 3348 1410 (eterna
3378 1350 3599 1413 domita-

1960 1421 2099 1475 tione
2134 1436 2228 1496 uos
2256 1422 2480 1496 eripi,_et
2506 1422 2559 1476 in
2577 1421 2855 1496 electorum
2882 1426 3086 1476 tuorum
3105 1424 3294 1491 jubeas
3323 1441 3477 1496 grege
3505 1443 3598 1483 nu-

1960 1493 2172 1566 merari,
2206 1499 2261 1546 et
2291 1493 2595 1566 orationem
2639 1492 2997 1557 Dominicam,
3022 1507 3119 1562 per
3150 1492 3596 1566 quam'apostoli

1960 1563 2133 1616 solam
2165 1563 2582 1630 consecrabant,
2599 1570 2723 1633 post
2742 1577 3006 1619 canonem
3027 1563 3462 1624 consecrationis
3503 1571 3600 1626 ad-

1960 1650 2121 1726 didit.
2166 1652 2245 1707 Ad
2275 1651 2621 1726 hincuomnia
2659 1653 2881 1726 Sergius
2918 1654 3099 1709 LXXX
3124 1648 3290 1726 V422
3321 1670 3460 1726 papa
3489 1657 3597 1714 hoc

1957 1722 2208 1797 nitimum
2252 1723 2498 1790 addidit,
2548 1730 2608 1779 ut
2655 1722 2802 1780 inter
2856 1722 3598 1797 communicanduin‘Agnue

1953 1795 2102 1849 Deia
2131 1792 2283 1849 clero
2314 1802 2587 1851 cantetur.

490 1987 1061 2072 FUNDATIO
1125 1988 1209 2071 X
1265 1985 1970 2072 CLERICOBUM
2035 1986 2553 2073 COLLEGII
2616 1989 2760 2074 DE
2826 1989 3339 2078 ALBANIA

1231 2134 1307 2198 In
1336 2133 1620 2199 ecclesia
1647 2133 2142 2219 Rotomagensi,
2175 2153 2343 2199 anno
2375 2134 2570 2201 1245.

1284 2266 1394 2331 (Ea:
1422 2262 1744 2320 chartulario
1774 2263 2212 2337 archiepiscopali
2239 2268 2539 2336 Rotomag.)

288 2438 508 2509 Penus
556 2436 906 2493 miseratione
954 2435 1136 2509 divina
1190 2433 1932 2509 Albanensis‘episcOpusB
1958 2433 2049 2490 die
2103 2434 2506 2509 distribuantur
2534 2435 2791 2509 fideliter.
2845 2438 2923 2493 Ita
2971 2441 3150 2509 tamen
3198 2436 3346 2508 quod
3379 2452 3441 2494 ea
3471 2453 3595 2509 qua:

228 2506 320 2577 (59)
352 2508 634 2563 universis
671 2514 972 2577 praesentes
1010 2507 1222 2562 litteras
1248 2505 1602 2576 inspecturis,
1633 2504 1861 2560 salutem

228 2580 277 2634 in
305 2580 568 2635 Domino.

288 2649 695 2705 Beneﬁciorum
726 2663 852 2718 qua:
889 2662 920 2703 a
958 2647 1131 2703 nobili
1187 2646 1576 2717 Rotomagensi
1622 2644 1865 2718 Ecclesia

230 2721 608 2790 multipliciter
636 2717 944 2789 recepimus
974 2732 1085 2775 non
1116 2722 1464 2774 immemores
1493 2731 1595 2772 nec
1639 2717 1863 2790 ingrati,

230 2788 445 2861 dignum
498 2805 635 2847 esse-
664 2788 976 2860 judicamus
1013 2796 1069 2846 et
1098 2790 1294 2845 animae
1335 2794 1539 2845 nostra:
1580 2788 1733 2861 valde
1772 2801 1868 2842 ne-

229 2859 541 2927 cessarium,
586 2859 675 2928 ut,
715 2869 771 2917 et
799 2862 846 2917 si
878 2874 988 2917 non
1034 2861 1306 2930 possimus
1353 2867 1409 2915 et
1457 2873 1556 2928 pro
1581 2866 1670 2930 tot
1698 2859 1867 2913 bene-

228 2932 358 2988 ficiis
397 2949 429 2988 a
471 2933 636 2989 nobis
672 2940 729 2987 et
756 2934 825 2988 ab
873 2932 991 3001 ipsa
1025 2929 1301 3001 perceptis
1354 2929 1691 3001 respondere
1732 2942 1865 2984 con-

229 3003 403 3074 digne,
436 3005 633 3060 saltem
664 3010 718 3058 et
758 3000 965 3073 aliquid
1012 3000 1375 3074 rependamus
1404 3015 1514 3074 quo
1553 3000 1734 3074 cultus
1762 3013 1861 3074 au-

228 3071 531 3155 guientetur
562 3075 799 3141 divinus,
840 3071 895 3129 et
926 3088 1024 3155 per
1056 3071 1161 3155 hnc
1190 3073 1360 3155 decor
1389 3080 1445 3128 et
1474 3071 1864 3155 bonoruipsins

227 3141 278 3199 in
321 3156 608 3216 posterum
655 3141 1030 3201 conservetur.
1090 3146 1228 3200 Hinc
1284 3150 1367 3199 est
1413 3143 1569 3216 quod
1611 3141 1862 3216 diligenti

228 3213 668 3273 consideratione
699 3217 1001 3285 prmhabita
1040 3216 1107 3271 ad
1158 3216 1425 3271 honorem
1478 3214 1595 3280 Dei,
1646 3220 1701 3269 et
1748 3213 1864 3283 glo-

230 3288 380 3345 riosze
408 3289 676 3355 Virginis,
700 3294 758 3343 et
791 3289 849 3343 Β.
883 3288 1133 3352 Romani,
1168 3288 1223 3342 in
1255 3299 1488 3355 quorum
1528 3285 1738 3341 honore
1778 3289 1862 3355 est

230 3358 364 3414 dicta
409 3353 667 3417 ecclesia
700 3358 983 3424 fabricata,
1015 3358 1083 3413 ad
1132 3353 1378 3427 praesens
1424 3356 1679 3411 duximus
1715 3353 1863 3411 ordi-

231 3430 476 3499 nandum,
539 3439 602 3486 ut
650 3444 749 3499 per
785 3429 1258 3499 archiepiscopum
1303 3428 1396 3497 qui
1456 3441 1557 3497 pro
1613 3434 1860 3499 tempore

230 3498 382 3557 fuerit
427 3503 484 3557 in
520 3498 912 3571 Rotdmagensi
942 3498 1175 3555 ecclesia
1223 3504 1516 3568 ponantur,
1557 3511 1655 3553 seu
1705 3498 1863 3552 insti-

230 3594 438 3645 tuantur
477 3582 639 3653 423
677 3590 734 3645 in
771 3604 835 3646 ea
864 3590 1054 3645 decem
1098 3588 1286 3643 clerici
1325 3586 1508 3643 idonei
1542 3592 1598 3641 et
1644 3586 1861 3641 honesti

230 3662 312 3729 qui
359 3665 627 3717 continue
684 3663 739 3717 in
798 3662 988 3717 eadem
1036 3659 1268 3715 ecclesia
1327 3658 1666 3722 residebunt,
1711 3655 1860 3725 quod

227 3733 435 3800 quidem
474 3734 532 3789 in
576 3733 893 3802 receptione
939 3746 1037 3787 sua
1085 3730 1377 3802 ﬁrmabant
1435 3731 1659 3802 proprio
1710 3729 1862 3802 jura-

1952 2511 2182 2580 propter
2223 2506 2503 2580 defectus
2527 2508 2921 2580 subtrahentur
2978 2508 3196 2580 clericis
3216 2506 3234 2580 ί
3255 2506 3591 2578 memora—tis,

1949 2577 2049 2649 per
2076 2577 2347 2650 eumdem
2395 2578 2868 2645 arcbidiaconum,
2903 2579 2996 2648 qui
3037 2579 3173 2634 nulli
3222 2579 3279 2635 in
3309 2580 3411 2635 hac
3442 2577 3595 2650 parte

1947 2647 2175 2720 gratiam
2205 2647 2388 2713 faciet,
2412 2650 2882 2720 conservabuntur
2900 2647 3154 2716 ﬁdeliter,
3170 2655 3226 2705 et
3249 2666 3348 2719 per
3377 2647 3593 2708 manum

1949 2718 2211 2782 cantoris,
2238 2719 2460 2787 majoris
2480 2720 2876 2785 archidiaconi,
2895 2729 2950 2776 et
2970 2718 3319 2788 thesaurarii,
3342 2730 3436 2777 aut
3457 2724 3595 2779 duo-

1954 2802 2073 2846 rum
2106 2802 2171 2860 ex
2210 2789 2345 2857 ipsis
2391 2790 2458 2860 in
2491 2790 2612 2857 pios
2650 2804 2801 2856 usus,
2834 2798 2999 2859 prout
3041 2791 3302 2860 expedire
3333 2792 3591 2860 viderint,

1949 2859 2351 2928 expendantur.
2386 2859 2466 2914 Ad
2498 2859 2600 2915 hos
2620 2867 2800 2915 autem
2824 2862 3071 2917 redditus
3096 2859 3362 2917 emendos
3382 2868 3437 2917 et
3465 2864 3598 2919 assi-

1946 2930 2217 3003 gnandos,
2240 2930 2569 3003 deputamus
2597 2931 2744 2986 mille
2775 2938 2830 2987 et
2868 2934 3194 3002 quingentas
3231 2932 3402 2988 libras
3429 2935 3596 2991 Turo-

1947 3001 2165 3059 nenses.
2199 3001 2447 3057 volentes
2477 3008 2536 3056 ut
2567 3016 2666 3071 per
2695 3017 2887 3058 manus
2905 3001 3235 3059 venerabilis
3262 3004 3471 3059 Odonis
3491 3007 3596 3062 Ro-

1947 3072 2283 3141 tomagensis
2321 3072 2723 3144 archiepiscopi
2764 3073 2923 3129 amici
2974 3074 3147 3129 nostri
3187 3073 3591 3144 litteratissimi,

1946 3143 2439 3216 necnonmagistri
2466 3144 2708 3216 Hugonis
2746 3145 2925 3216 Pisaui
2956 3145 3393 3216 Rotomagensis,
3446 3148 3593 3204 Petri

1944 3216 2012 3270 de
2046 3214 2255 3288 _Pa_pia,
2303 3221 2371 3288 et»
2398 3214 2674 3288 Cuillelmi
2725 3215 2793 3271 de
2847 3218 3123 3288 Rezeana,
3174 3214 3593 3288 Rotomagensis

1944 3285 2193 3343 ecclesia:
2223 3285 2757 3358 arcbidiaconorum,
2797 3287 3024 3358 Joannis
3069 3287 3137 3342 de
3176 3285 3593 3358 Campistuil-

1943 3358 2091 3413 lelmi
2142 3356 2352 3419 Laudii,
2386 3362 2442 3411 et
2490 3358 2736 3427 Hugonis
2778 3356 2846 3412 de
2892 3358 3164 3423 Alumnia,
3197 3356 3590 3415 canenicorum

1945 3427 2449 3497 Rotomagensium,
2481 3427 2525 3481 si
2559 3434 2861 3495 przesentes
2900 3427 3124 3492 fuerint,
3156 3427 3240 3481 vel
3270 3427 3461 3482 saltem
3495 3443 3593 3497 per

1944 3512 2139 3554 manus
2168 3497 2402 3552 duorum
2434 3503 2527 3551 aut
2549 3498 2711 3551 trium
2734 3511 2802 3550 ex
2830 3498 2965 3565 ipsis
2992 3497 3085 3565 qui
3109 3505 3411 3565 praesentes
3427 3499 3593 3555 exsti-

1944 3570 2133 3632 terint,
2166 3580 2408 3621 unacum
2439 3566 2859 3690 archiepiscopo
2890 3566 2984 3634 qui
3016 3580 3115 3634 pro
3149 3574 3396 3690 IBIIIJ)OI'B
3425 3568 3593 3624 tuerit

1944 3644 2213 3690 emantur.
2248 3643 2303 3690 et
2331 3637 2681 3690 assignentur
2701 3636 2768 3690 ad
2813 3635 3099 3690 aciendum
3125 3650 3237 3690 orae
3282 3637 3407 3690 icta.
3435 3639 3591 3690 Onod

1944 3644 2213 3701 emantur,
2248 3643 2303 3691 et
2331 3637 2681 3706 assignentur
2701 3636 2768 3690 ad
2791 3635 3099 3691 faciendum
3125 3635 3407 3704 praedicta.
3435 3639 3591 3704 Quod

1944 3710 1989 3764 si
2046 3713 2402 3763 memoratum
2452 3705 2928 3775 archiepiscopum
2948 3708 3181 3761 amicum
3215 3713 3481 3774 nostrum,
3508 3709 3593 3765 vel

227 3767 435 3800 ψιιιιιςιιι
475 3767 532 3789 ιιι
577 3767 893 3802 ισυεμιιυιιυ
939 3767 1037 3787 su.
1086 3767 1377 3785 ..ιιιιιιυιιιιι
1435 3767 1659 3798 rw...”
1711 3767 1836 3796 δυ...

226 3811 418 3870 mento,
450 3805 549 3874 qui
590 3804 751 3859 etiam
790 3805 847 3858 in
894 3803 1095 3874 eadem,
1135 3800 1369 3856 ecclesia
1407 3799 1662 3874 omnibus
1709 3798 1863 3853 horis

1951 3781 2179 3874 aliqnos,
2237 3783 2331 3832 aut
2376 3777 2614 3846 aliquem
2641 3767 2714 3833 de
2752 3767 3073 3847 ja'm‘dictis,
3100 3784 3392 3847 antequam
3415 3767 3519 3835 ista
3540 3788 3595 3837 et

230 3869 551 3940 intererunt,
599 3875 706 3929 nisi
754 3880 981 3944 propter
1011 3873 1380 3929 infirmitatem
1411 3870 1495 3944 vel
1536 3869 1695 3944 aliam
1733 3884 1861 3944 cau-

229 3957 329 3999 sam
367 3939 1068 4007 sufﬁcientemJbo'nestam
1119 3951 1176 3999 et
1222 3942 1609 3999 necessariam.
1658 3939 1862 3995 fuerint

229 4014 483 4084 impediti.
540 4019 618 4073 De
665 4016 753 4071 his
797 4024 977 4071 autem
1008 4015 1227 4071 clericis
1264 4019 1426 4069 erunt
1456 4018 1693 4082 quatuor
1732 4011 1862 4084 sub-

232 4082 456 4153 diaconi,
500 4095 620 4144 tres
648 4087 885 4151 diaconi,
937 4094 992 4141 et
1038 4094 1152 4141 tres
1198 4084 1535 4150 sacerdotes,
1584 4090 1639 4137 et
1678 4082 1861 4138 nullus

233 4166 453 4223 ponatur
508 4159 620 4215 nisi
667 4158 984 4229 vigesimum
1035 4158 1266 4229 primum
1306 4169 1505 4210 annum
1536 4154 1716 4209 aetatis
1744 4167 1858 4229 su_:_e_

231 4230 600 4298 compleverit,
656 4224 846 4297 et'qui
876 4229 1017 4283 bene
1035 4224 1187 4283 'sciat
1215 4227 1398 4298 legere
1426 4233 1483 4298 et
1519 4232 1759 4298 cantare.
1793 4224 1860 4279 Hi

232 4296 396 4355 autem
427 4301 622 4357 clerici
655 4314 723 4355 ex
750 4296 912 4354 eausa
934 4298 1244 4355 necessaria
1273 4296 1519 4367 qualibet
1547 4297 1637 4351 die
1668 4296 1860 4367 deesse

235 4376 481 4449 poterunt
528 4386 640 4427 una
690 4370 844 4449 liora,
904 4370 1217 4449 dummodo_
1237 4366 1492 4449 omnibus
1536 4367 1658 4449 aliis
1710 4366 1862 4449 horis

232 4436 511 4512 intersint;
578 4442 726 4512 quod
772 4443 819 4497 si
876 4455 988 4497 non
1047 4439 1397 4512 interfuerint
1437 4436 1862 4512 omnibusaliis

232 4508 389 4583 boris,
445 4508 785 4583 stipendium
834 4512 982 4582 quod
1031 4511 1237 4567 debent
1296 4510 1385 4565 die
1432 4509 1526 4563 illa
1564 4508 1862 4583 percipere

232 4580 578 4640 subtrahatur
630 4580 867 4639 eisdem.
939 4583 1133 4640 Nullus
1199 4588 1378 4637 autem
1458 4594 1489 4634 a
1563 4580 1858 4645 Matutinis,

234 4651 401 4718 Missa,
460 4657 639 4722 Nona,
691 4662 745 4711 et
775 4656 1031 4725 Vesperis
1079 4655 1301 4725 impune
1332 4665 1391 4725 se
1423 4650 1627 4725 poterit
1672 4651 1865 4705 absen-

234 4727 377 4796 tare;
408 4727 671 4796 quoniam
704 4726 750 4781 si
772 4721 900 4781 una'
918 4726 986 4781 de
1019 4726 1141 4780 istis
1160 4721 1330 4796 Horis
1360 4721 1863 4796 d_efecerit,__q‘uam_-

233 4794 307 4849 vis
340 4792 602 4853 omnibus
645 4797 767 4852 aliis
798 4798 961 4853 Horis
1016 4795 1328 4853 interfuerit
1374 4794 1562 4850 debito
1617 4792 1722 4847 sibi
1771 4792 1864 4846 sti-

232 4868 424 4939 pendio
452 4870 704 4939 privetur
739 4868 833 4923 illa
869 4867 980 4935 die,
1022 4868 1127 4923 nisi
1169 4871 1406 4939 propter
1423 4863 1861 4939 imminutionem

232 4935 295 4991 de
312 4934 533 4995 licentia
560 4940 804 4995 cantoris
831 4939 913 4994 vel
945 4934 1359 4995 hebdomadarii
1381 4935 1542 5003 facta,
1567 4935 1649 4990 vel
1672 4948 1739 4990 ex
1757 4934 1864 4989 alia

233 5020 383 5065 causa
447 5011 705 5076 honesta,
763 5009 1078 5075 sufficienti,
1146 5010 1347 5065 idonea
1423 5014 1480 5064 et
1554 5005 1864 5062 necessaria

234 5091 286 5132 se
311 5081 487 5137 valeat
516 5095 685 5152 super
713 5080 820 5137 hoc
858 5095 1139 5137 excusare.
1172 5084 1311 5136 Sane
1356 5079 1588 5152 quilibet
1624 5077 1853 5152 clerico-

234 5161 341 5223 [um
380 5149 612 5209 istorum
659 5152 998 5223 singulorum
1051 5153 1320 5223 percipiet
1356 5149 1647 5223 duodecim
1697 5149 1866 5223 libras

233 5219 574 5281 Turonenses
610 5219 891 5280 annuatim
940 5219 1064 5293 quae
1106 5219 1220 5292 pro'
1248 5228 1364 5277 rata
1404 5236 1503 5290 per
1530 5221 1766 5289 aliquem
1800 5220 1868 5274 de

238 5310 461 5385 ecclesia
522 5311 628 5368 ﬁde
684 5311 909 5385 dignum
960 5318 1017 5385 et
1060 5313 1305 5385 juratum
1336 5302 1494 5385 424
1529 5309 1615 5385 _ad
1647 5309 1752 5385 hoc
1774 5306 1866 5385 _f_a-

237 5382 504 5448 ciendum,
541 5398 639 5453 per
666 5380 948 5449 cautorem
979 5380 1320 5453 de'consilio
1350 5381 1573 5453 majoris
1600 5380 1868 5453 archidia-

235 5455 351 5525 coni
380 5462 437 5509 et
467 5450 818 5523 tbésaurarii,
850 5456 898 5511 si
946 5450 1519 5525 praesentesfuerint.
1550 5451 1634 5508 vel
1673 5465 1863 5525 eorum

236 5522 457 5581 alterius
503 5527 601 5594 qui
647 5541 894 5596 praesens
924 5522 1217 5591 exstiterit,
1249 5523 1587 5592 deputatum,
1618 5523 1865 5591 qualibet

1942 3860 2099 3931 425
2142 3866 2245 3922 alia
2268 3880 2391 3935 qua:
2421 3866 2775 3937 continentur
2796 3864 3025 3922 inferius
3054 3866 3433 3937 compleantur
3463 3882 3597 3926 con-

1945 3942 2117 4010 tingat
2146 3938 2435 4010 decedere,
2470 3936 2687 4010 futurus
2714 3937 3167 4008 archiepiscopus
3186 3936 3447 3995 Succedat
3468 3940 3593 3999 loco

1942 4008 2077 4067 dicti
2106 4008 2531 4082 archiepiscopi,
2563 4014 2618 4063 et
2648 4008 2784 4082 loco;
2801 4009 3033 4082 majoris
3070 4010 3444 4082 archidiaconi
3475 4014 3595 4082 ejus

1940 4095 2266 4147 successor;
2319 4080 2442 4135 loco
2476 4093 2606 4135 vero
2638 4080 3026 4149 praadictorum
3080 4081 3313 4137 duorum
3360 4080 3591 4140 aliorum

1941 4152 2478 4215 archidiaconorum,
2503 4152 2802 4207 succedant
2833 4152 3075 4208 decanus
3094 4159 3150 4209 et
3170 4160 3365 4209 cantor
3386 4169 3593 4211 memo-

1943 4224 2067 4279 rati.
2102 4223 2256 4291 Quod
2287 4223 2333 4278 si
2363 4222 2533 4292 aliqui
2566 4237 2632 4277 ex
2664 4223 2744 4277 eis
2772 4229 3064 4291 antequam
3109 4224 3212 4278 ista
3244 4231 3299 4278 et
3327 4224 3433 4279 alia
3463 4240 3587 4293 quae

1942 4296 2298 4351 continentur
2318 4292 2546 4348 inferius
2566 4293 2947 4361 compleantur
2977 4294 3338 4359 decesserint,
3362 4296 3419 4349 in
3443 4292 3592 4351 eise-

1943 4365 2165 4421 cutione
2214 4364 2479 4434 praedicta
2526 4364 2771 4433 ipsorum
2818 4375 3171 4434 successores
3218 4362 3342 4434 loco
3393 4377 3586 4419 eorum

1942 4432 2264 4499 succedant,
2298 4437 2373 4490 ita
2403 4432 2561 4504 quod
2600 4433 3051 4502 archiepiscopus
3079 4446 3203 4488 cum
3236 4432 3373 4500 ipsis
3403 4434 3586 4488 omni-

1944 4507 2065 4570 bus,
2100 4507 2145 4561 si
2179 4512 2481 4575 praesentes
2511 4504 2733 4572 fuerint,
2765 4504 2847 4559 vel
2898 4504 3090 4560 saltem
3122 4504 3339 4560 duobus
3368 4511 3462 4575 aut
3493 4505 3590 4558 tri-

1944 4579 2048 4634 bus
2075 4592 2142 4633 ex
2172 4573 2273 4642 eis,
2315 4576 2633 4646 supradicta
2678 4581 2733 4631 et
2779 4575 2885 4631 alia
2915 4590 3039 4646 qua:
3069 4575 3329 4631 dicuntur
3356 4573 3590 4631 inferius

1945 4655 2333 4718 exsequantur.

2014 4741 2213 4795 Verum
2243 4739 2289 4793 si
2320 4738 2389 4794 de
2420 4737 2752 4807 supradictis
2782 4737 2930 4793 mille
2977 4741 3035 4793 et
3081 4734 3401 4807 quingentis
3428 4734 3586 4792 libris

1945 4811 2356 4866 Turonensibus
2383 4806 2526 4865 ultra
2555 4824 2816 4864 summam
2856 4815 3075 4864 centum
3104 4806 3294 4866 viginti
3325 4806 3587 4864 librarum

1945 4882 2190 4952 ejusdem
2222 4888 2457 4937 monetae
2505 4895 2667 4951 quam
2715 4880 2862 4952 dicti
2895 4879 3089 4952 decem
3115 4878 3321 4952 clerici
3352 4893 3454 4952 pro
3484 4892 3586 4936 suo

1944 4949 2091 5009 victu
2122 4953 2431 5022 percipient
2462 4949 3245 5022 an‘nuatim,_aliqui_redditus
3272 4949 3379 5008 emi
3420 4955 3584 5022 pote-

1946 5031 2075 5081 runt
2100 5019 2137 5090 ,'
2170 5019 2420 5079 volumus
2462 5022 2610 5093 quod
2658 5020 2792 5076 illud
2838 5019 2986 5089 quod
3016 5019 3587 5093 superfueritemptis

1878 5095 2260 5162 Dredditibus
2303 5091 2741 5165 supradictarum
2799 5098 3016 5165 centum
3076 5094 3265 5165 viginti
3320 5091 3583 5165 librarum

1943 5173 2295 5224 convertatur
2342 5162 2397 5221 in
2448 5165 2779 5233 emptionem
2820 5162 3149 5219 reddituum'
3179 5163 3247 5218 ad
3288 5162 3611 5231 emendum;

1942 5253 2144 5308 cappas
2173 5237 2447 5293 choriales
2492 5234 2933 5308 annis__singulis
2980 5248 3080 5308 pro
3111 5234 3329 5308 clericis
3377 5248 3584 5308 memof

1942 5304 2095 5366 ratis.
2137 5310 2249 5365 Nos
2287 5308 2429 5363 enim
2479 5304 2814 5362 intendimus
2858 5306 3005 5375 quod
3036 5306 3271 5376 quilibet
3298 5317 3508 5372 eorum,
3535 5306 3583 5361 si

1943 5380 2061 5438 ﬂeri
2110 5379 2334 5449 poterit,
2367 5377 2566 5433 habeat
2610 5377 2889 5449 annuatim
2947 5391 3112 5434 unum
3160 5390 3388 5449 cappam
3448 5377 3584 5449 cho-

1945 5447 2158 5517 rialem,
2181 5464 2306 5520 quae
2334 5449 2525 5520 viginti
2572 5447 2876 5505 solidorum
2917 5447 3315 5520 Turonensium
3348 5448 3583 5520 pretium

1946 5537 2058 5582 non
2086 5517 2336 5579 excedat.
2380 5517 2475 5576 Isti
2523 5526 2703 5576 autem
2751 5520 2942 5579 clerici
2979 5517 3141 5575 simul
3191 5519 3245 5574 in
3282 5517 3389 5576 una
3417 5519 3583 5578 domo

308 5612 409 5683 (59)
440 5615 639 5671 Petrus
666 5616 735 5673 de
763 5614 1123 5684 Collemedio,
1153 5614 1250 5684 qui
1287 5612 1389 5670 fuit
1416 5611 1836 5681 Rotomagcnsis
1863 5612 2329 5682 archiepiscopus.
