4104 6172
419 315 525 370 215

1577 307 1869 364 JOANNES
1904 305 2316 362 ARCHIEPISC.
2360 307 2691 363 ROTOMAG.

3673 313 3782 366 216

419 457 702 529 iacebunt.
733 455 802 510 ad
825 455 982 529 90108
1008 454 1398 529 inceptionem.
1427 443 1591 529 426.
1608 450 1872 529 άυερηιεε
1896 449 2064 529 libras
2081 431 2320 529 Αςξῑπξῑο
2345 432 3782 529 911iinierat?aegrae"?!.99.veneﬁcae:

423 521 764 599 deputamus,
781 527 848 581 ad
881 521 1124 599 praesens
1149 521 1171 592 ;’
1200 528 1251 580 in
1301 523 1500 599 eadem
1521 521 1876 599 etiamdomo
1907 521 2062 599 simi:

422 593 552 656 liter
609 598 770 654 simul
819 593 1126 662 comedent,
1160 599 1205 651 si
1253 594 1536 650 commode
1587 593 1704 646 ﬁeri
1753 593 1976 662 poterit,
2009 597 2064 646 et

427 671 879 740 archiepiscopus
934 669 1028 736 qui
1059 681 1186 740 pro
1229 673 1473 740 tempore
1522 663 1684 740 fuerit
1733 664 1800 718 ad
1833 664 1938 740 hoc
1969 677 2065 740 eos

421 734 636 797 arctaré
667 734 890 809 poterit,
923 734 969 793 si
1018 734 1217 792 viderit
1261 736 1538 809 expedire.
1563 737 1843 809 Praeterea
1882 735 1928 788 si
1955 734 2066 809 ali-_

424 814 550 884 quis
579 805 1006 884 der—supradictis
1031 809 1254 884 _clericis
1275 822 1332 884 se
1347 807 1600 862 habuerit
1622 807 1936 884 inhoneste,
1981 805 2062 859 vel

427 878 574 940 circa
607 878 849 938 divinum
888 880 1135 935 Otﬁcium
1185 879 1470 948 negligens
1516 878 1802 948 exstiterit
1830 885 1924 932 aut
1979 890 2066 931 re-

428 957 647 1019 missus,
679 953 761 1008 vel
787 967 859 1006 ex
889 951 1048 1020 culpa
1095 964 1191 1004 sua
1219 947 1287 1004 ad
1318 947 1662 1004 serviendum
1694 947 1942 1020 ecclesia;
1976 948 2064 1002 in-

426 1025 627 1082 habilis
656 1023 830 1079 factus
860 1019 1041 1086 fuerit,
1095 1021 1161 1075 ad
1202 1021 1670 1075 denuntiationem
1711 1019 1926 1084 decani,
1960 1034 2066 1072 ma—

421 1098 561 1166 joris
611 1094 1006 1166 archidiaconi,
1042 1092 1366 1166 thesaurarii
1419 1098 1474 1166 et
1508 1091 1778 1166 ‘cantoris‘
1827 1090 1919 1158 qui
1965 1103 2066 1159 pro

423 1161 672 1237 tempore
705 1165 928 1237 fuerint,
951 1169 1044 1237 aut
1066 1163 1296 1218 duorum
1320 1177 1385 1216 ex
1416 1162 1550 1230 ipsis
1581 1176 1701 1237 eum
1735 1161 1853 1237 sine
1877 1174 2066 1237 magna

423 1232 766 1294 discussione
784 1235 1235 1304 archiepiscopus
1249 1240 1513 1297 amoveat,
1531 1233 1759 1287 etalium
1774 1232 2069 1304 substituat

421 1311 544 1366 loco
563 1310 700 1377 ejus.
729 1308 848 1361 Non
873 1303 1015 1360 enim
1039 1305 1372 1377 intendimus
1394 1311 1453 1358 ut
1478 1303 1726 1377 prgedicti
1751 1303 1937 1377 clerici
1959 1303 2069 1377 sint

423 1373 695 1452 perpetui,
712 1377 817 1452 sed.
833 1377 1015 1452 potius
1036 1375 1457 1452 temporales,ut
1475 1375 1730 1452 videlicet
1753 1374 1939 1452 tandiu
1964 1373 2068 1452 ipsi

465 1445 731 1520 ercipiant
779 1445 1381 1520 siipradictaquandiu
1439 1447 1679 1520 servient
1731 1445 1980 1520 ecclesiae
2016 1450 2070 1498 et

465 1469 731 1520 erClpl'dUl
779 1469 1091 1516 Sllpl'aUlULil
1140 1469 1381 1515 quauunu
1439 1469 1679 1500 δυϊνιυιιι
1731 1469 1980 1500 υυυιυδιω
2016 1469 2070 1498 ει

425 1469 656 1578 Roneste
671 1535 729 1574 se
751 1517 1414 1580 habuerint,sicutdecet.
1440 1519 1816 1571 Verumtamen
1841 1516 1885 1569 si
1909 1528 2072 1584 prop-

429 1603 513 1650 ter
533 1597 893 1654 senectutem,
916 1589 998 1644 vel
1031 1596 1259 1657 propter
1290 1588 1656 1642 inﬁrmitatem
1684 1587 2072 1657 supervenien-

428 1673 558 1728 tem,
575 1663 657 1717 vel
681 1661 814 1715 alias
835 1662 953 1714 sine
975 1656 1243 1728 culpaSua
1265 1659 1330 1712 ad
1353 1659 1698 1713 serviendum
1711 1657 1960 1713 ecclesia:
1978 1656 2074 1710 mi-

2147 503 2313 568 dicta,
2346 504 2403 557 in
2459 503 2548 557 illa
2583 505 2743 558 etiam
2783 503 3106 576 dier'decem
3156 503 3434 562 solidi'de
3466 503 3779 576 supradicta

2145 589 2352 630 summa
2383 576 2436 628 in
2468 588 2606 644 pane
2637 575 2971 645 pauperibus
3018 592 3114 646 per
3142 591 3332 633 manus
3362 575 3778 634 hebdomadarii

2147 653 2476 715 erogeutur;
2511 647 2744 702 residuze
2775 661 2905 702 vero
2936 654 3061 703 octo
3093 648 3244 704 libra:
3277 655 3330 704 et
3359 651 3583 705 dimidia
3613 653 3780 705 Turo-

2146 718 2363 782 nerises,
2397 717 2795 773 distribuantur
2837 719 3118 775 canonicis
3163 725 3216 774 et
3247 722 3464 776 clericis
3512 722 3580 776 de
3607 722 3779 777 choro

2148 787 2426 857 prazdictaz
2458 789 2727 855 ecclesiae,
2761 791 2854 858 qui
2904 791 3208 846 intererunt
3254 793 3433 846 missa:
3483 793 3552 847 de
3589 799 3782 848 sancto

2146 859 2372 928 Spiritu,
2424 873 2584 928 quam
2631 875 2706 914 xu
2739 861 3009 917 Kalendas
3051 862 3196 916 Junii
3251 863 3306 916 in
3356 863 3501 918 dicta
3549 864 3783 919 ecclesia

2146 929 2415 995 volumus,
2469 930 2594 985 dum
2642 933 2955 1000 vixerimus,
3004 933 3323 988 solemniter
3378 934 3666 1000 celebrari,
3707 935 3783 989 ita

2148 1002 2295 1073 quod
2322 1001 2572 1073 canonici
2604 1008 2811 1071 septem
2856 1003 3024 1058 libras
3055 1004 3380 1073 percipient,
3414 1013 3467 1058 et.
3495 1005 3680 1060 clerici
3715 1007 3783 1061 de

2149 1072 2320 1144 choro
2369 1072 2591 1142 triginta
2643 1073 2888 1141 solidos;
2926 1077 3000 1129 ita
3043 1072 3189 1144 quod
3219 1072 3343 1130 nec
3375 1077 3645 1141 canonici,
3681 1090 3784 1131 nec

2149 1143 2336 1197 clerici
2365 1144 2573 1213 aliquid
2603 1143 2732 1200 inde
2764 1143 3086 1215 percipiant,
3120 1145 3224 1200 nisi
3255 1145 3602 1202 interfuerint
3623 1148 3785 1202 dictae

2150 1215 2348 1269 missae.
2382 1216 2650 1270 Caaterum
2691 1224 2976 1285 postquam
3019 1225 3248 1272 vocante
3288 1219 3517 1273 Domino
3549 1219 3785 1273 transie-

2151 1286 2320 1359 rimus
2350 1299 2415 1339 ex
2445 1287 2550 1359 hoc
2581 1288 2802 1352 mundo,
2848 1289 2939 1342 ﬁat
2991 1288 3058 1342 de
3116 1287 3398 1356 praadictis
3445 1289 3634 1359 viginti
3692 1304 3787 1344 sex

2151 1357 2306 1410 libris
2337 1358 2482 1424 quod
2513 1359 2768 1425 superius
2797 1366 2880 1412 est
2917 1373 3253 1427 expressum.

2224 1429 2755 1500 lnsuper_volumus
2804 1436 2881 1494 ut,
2922 1430 2988 1484 de
3029 1430 3335 1484 redditibus
3385 1431 3667 1500 sexaginta
3726 1437 3783 1485 et

2153 1498 2343 1553 decem
2398 1498 2697 1571 solidorum
2750 1500 3146 1556 Turonensium
3195 1514 3336 1569 quos
3382 1498 3585 1556 dudum
3643 1501 3790 1571 apud

2157 1571 2355 1623 Locum
2407 1570 2559 1624 Veris
2605 1571 2834 1624 emimus
2880 1578 2934 1625 ct
2980 1571 3035 1625 in
3083 1572 3229 1626 dicta
3275 1571 3507 1627 ecclesia
3537 1573 3603 1627 ad
3634 1570 3790 1627 uSum

2156 1639 2562 1712 deputavimusr
2591 1640 2983 1712 lampadarum,
3026 1643 3132 1696 nisi
3179 1643 3341 1697 dictae
3385 1643 3661 1712 lampades
3707 1658 3794 1698 ar-

431 1711 1955 1799 his;Megiste{destinamusquaesisset-hoc
1976 1728 2070 1799 de-
2090 1729 2138 1787 Β
2158 1711 2328 1799 ξίςέὲῇὶ
2353 1711 2837 1799 ίῐιιέἓξτιεῗὲίεῇρᾼίβ,
2871 1727 2933 1799 at:
2981 1721 3162 1777 ηοοῐθς
3197 1713 3288 1799 ille
3319 1711 3586 1799 redditas
3614 1716 3669 1769 in
3701 1715 3793 1768 die

428 1807 593 1860 beant
622 1803 880 1868 amoveri,
906 1817 972 1856 ne
988 1802 1236 1856 videatur
1255 1798 1471 1855 afﬂictis
1494 1799 1718 1856 afﬂictio
1747 1798 2063 1869 superaddi.

433 1877 625 1931 Videat
645 1879 825 1929 autem
856 1873 1327 1942 archiepiscopus,
1361 1873 1454 1940 qui
1486 1886 1585 1940 pro
1608 1877 1853 1940 tempore
1883 1869 2068 1942 fuerit,

434 1954 492 2002 ut
552 1947 607 2000 in
663 1945 952 2014 ponendis,
996 1941 1092 1998 seu
1142 1943 1496 1998 instituendis
1527 1943 1580 1997 in
1623 1943 1810 1998 eadem
1839 1941 2073 1996 ecclesia

433 2018 598 2073 dictis
623 2015 860 2082 clericis,
885 2015 1081 2069 habeat
1113 2029 1224 2083 pra:
1256 2015 1431 2068 oculis
1460 2014 1637 2069 solum
1667 2016 1855 2078 Deum,
1890 2019 1945 2066 et
1977 2026 2072 2066 ca-

435 2116 555 2161 veat
594 2119 663 2160 ne
693 2105 748 2158 in
781 2103 1159 2173 praejudicium
1192 2103 1362 2157 divini
1400 2095 1556 2162 427
1583 2102 1780 2167 cultus,
1814 2115 1976 2170 quem
2006 2101 2075 2155 ad

435 2178 692 2233 decorem
714 2176 910 2230 domus
930 2174 1142 2229 Domini
1163 2174 1219 2228 in
1251 2188 1313 2228 ea
1344 2175 1595 2242 cupimus
1621 2173 1888 2242 ampliari,
1915 2185 2079 2240 prop-

437 2255 523 2303 ter
552 2246 918 2310 aﬂ'ectionem,
943 2245 1025 2299 vel
1050 2258 1262 2313 preces,
1284 2244 1368 2298 vcl
1392 2250 1449 2298 ut
1470 2243 1696 2299 forsitan
1729 2243 2081 2313 provideatur

445 2331 698 2387 personae
730 2317 914 2384 potius
943 2312 1104 2384 quam
1136 2315 1408 2387 ecclesiaa,
1440 2317 1614 2385 gratia
1643 2312 1809 2384 super
1839 2312 2078 2387 hoc_ulli

439 2385 551 2453 fiat,
587 2400 710 2442 cum
767 2392 970 2442 nostra:
1027 2386 1355 2441 intentionis
1410 2387 1482 2440 sit
1526 2395 1584 2440 ut
1614 2387 1731 2440 sine
1761 2385 2080 2454 acceptione

444 2471 822 2528 personarum,
855 2457 1061 2521 idonei,
1087 2457 1326 2528 honesti,
1361 2463 1414 2511 et
1446 2456 1609 2511 utiles
1637 2457 1703 2510 ad
1735 2456 2082 2528 serviendum

443 2525 696 2587 ecclesiae
725 2534 1089 2582 assumantur.
1127 2527 1385 2582 Volumus
1423 2529 1648 2596 insuper
1685 2534 1739 2582 et
1769 2525 2086 2582 ordinamus

444 2609 524 2668 ut,
545 2602 589 2654 si
629 2599 1081 2668 archiepiscopus
1103 2599 1196 2667 qui
1229 2612 1328 2667 pro
1359 2606 1604 2667 tempore
1629 2598 1815 2665 fuerit,
1852 2599 2086 2669 praedic-

444 2682 534 2728 tos
563 2670 814 2736 clericos,
841 2670 924 2724 vel
955 2669 1192 2738 aliquem
1220 2684 1286 2724 ex
1315 2670 1396 2724 eis
1425 2685 1546 2724 cum
1578 2670 1698 2724 loca
1727 2683 2076 2726 vacarecon-

447 2742 651 2813 tigerit,
685 2756 714 2795 a
746 2741 1273 2813 temporescientize
1305 2740 1714 2813 ultramensem
1747 2743 1801 2796 in
1834 2743 1978 2796 dicta
2001 2756 2090 2796 ec-

444 2811 610 2870 clesia
641 2825 844 2880 ponere
874 2826 972 2866 seu
997 2811 1284 2866 instituere
1304 2811 1598 2876 distulerit,
1633 2812 1872 2869 decanus
1896 2819 1951 2866 et
1995 2827 2090 2866 ca-

450 2885 680 2956 pitulum
710 2883 1003 2956 vicesAejus
1047 2882 1373 2956 suppleant;
1424 2887 1486 2956 et_
1527 2884 1571 2956 si
1603 2881 1708 2951 ipsi
1756 2885 1897 2938 ultra
1925 2883 2091 2956 alium

449 2952 690 3011 mensem
722 2953 828 3008 hoc
853 2952 1033 3008 facere
1063 2953 1397 3017 distulerint,
1422 2953 1488 3006 ad
1522 2953 1808 3018 decanum,
1833 2955 2092 3021 majorem

450 3025 1239 3110 archidiaconumhcantorem,
1273 3023 1690 3110 thesaurarinm,
1715 3027 1807 3093 qui
1840 3037 1940 3094 pro
1962 3031 2095 3078 tem-
2118 3052 2160 3110 ρ

454 3109 587 3166 pore
619 3094 969 3166 fuerint,_ill_a
1005 3093 1481 3166 vi_ce_devolv_atur
1511 3101 1770 3166 potestas.

524 3168 794 3220 Caeterum
825 3163 870 3217 si
892 3163 1092 3231 aliquis
1114 3164 1181 3217 de
1207 3163 1487 3232 prmdictis
1509 3165 1726 3219 clericis
1757 3166 1957 3219 absens
1975 3179 2094 3219 esse

455 3235 690 3291 voluerit
710 3235 776 3289 ab
808 3234 1059 3299 ecclesia,
1085 3240 1138 3288 et
1168 3248 1328 3288 causa
1361 3235 1609 3290 morandi
1629 3237 1697 3290 ad
1721 3237 1900 3290 locum
1931 3237 2094 3290 alium

457 3322 515 3362 se
546 3304 862 3370 transferre,
888 3311 1013 3360 ante
1042 3319 1316 3359 recessum
1347 3320 1503 3360 suum
1548 3322 1644 3375 per
1674 3322 1913 3362 mensem
1945 3315 2098 3361 tene-

458 3379 609 3434 bitur
638 3377 743 3432 hoc
775 3375 992 3445 publice
1035 3375 1364 3446 denuntiare
1396 3378 1657 3446 capitulo,
1699 3385 1752 3433 et
1792 3378 2098 3446 archiepis-

461 3463 623 3519 copo,
656 3449 700 3502 si
732 3461 988 3519 przesens‘
1023 3445 1206 3512 fuerit,
1247 3445 1583 3519 velrilli’qui
1615 3448 1779 3503 fuerit
1805 3449 1926 3504 loco
1958 3445 2096 3516 ejus,

462 3517 655 3576 ut'sic
707 3533 773 3574 eo
831 3517 1123 3574 recedente
1171 3517 1526 3586 provideatur
1569 3521 1716 3589 quod
1776 3521 1897 3575 loco
1954 3520 2102 3574 illius

460 3592 823 3647 substituatur
880 3589 1058 3655 alius,
1129 3603 1198 3644 ne
1265 3596 1490 3659 propter
1553 3591 1897 3660 repentinum
1983 3593 2102 3658 ejus

462 3677 736 3719 recessum
789 3662 1071 3732 contingat
1119 3660 1405 3732 ecclesiam
1437 3663 1502 3717 ad
1537 3668 1752 3732 tempus
1800 3662 1962 3718 unius
1991 3676 2102 3716 ser-

463 3735 656 3790 vitoris
685 3733 867 3790 oflicio
895 3731 1225 3788 defraudari.
1270 3734 1501 3802 insuper
1523 3731 1840 3788 ordinamus
1871 3739 1924 3788 et
1953 3733 2102 3787 volu-

464 3838 584 3878 mus
615 3829 673 3877 ut
693 3823 760 3877 de
784 3823 1089 3876 redditibus
1107 3822 1295 3892 viginti
1325 3814 1482 3881 428
1505 3837 1598 3876 sex
1637 3822 1897 3876 librarum
1934 3823 2103 3876 Turo-

468 3895 736 3973 nensium,
771 3907 906 3960 quas
953 3893 1096 3960 apud
1129 3891 1507 3974 Lo'cum-V'cris
1566 3893 1806 3974 [Galli_ce,
1837 3891 2099 3974 Loci/iere]

468 3964 719 4022 emimus,
753 3976 888 4030 quas
917 3977 984 4016 ex
1006 3976 1149 4016 nunc
1191 3963 1576 4031 Rotomagensi
1610 3963 1858 4018 ecclesiae
1891 3963 2101 4028 damus,

468 4034 644 4088 tribus
673 4033 884 4086 vicibus
915 4033 969 4085 in
992 4032 1223 4086 ecclesia
1254 4034 1517 4102 praedicta
1548 4034 1638 4087 llat
1659 4035 2105 4089 commemoratio

473 4105 643 4159 nostri
675 4103 974 4167 annuatim,
1007 4103 1261 4158 videlicet
1289 4104 1344 4157 in
1391 4105 1480 4158 die
1525 4105 1698 4159 nostri
1729 4105 1932 4169 obitus,
1965 4111 2019 4157 et
2050 4105 2102 4158 in

470 4175 593 4230 aliis
622 4174 838 4230 duobus
867 4174 1114 4228 terminis
1146 4188 1243 4242 per
1289 4174 1782 4244 archiepiscopum,
1816 4175 2103 4238 decanum,

472 4253 527 4302 et
556 4245 853 4315 capitulum
901 4245 1268 4315 assignandis,
1318 4245 1392 4299 ita
1441 4247 1589 4315 quod
1639 4260 1971 4315 unoquoque
2003 4253 2108 4300 ter-

473 4298 1082 4386 mechaenics‘qa’r
1104 4298 1668 4372 iniéaueiincamae
1683 4298 1936 4386 “genta
1951 4298 2107 4372 librae
2123 4370 2168 4386 ,κ
2191 4299 2510 4386 Keil-Sane?
2537 4298 2699 4386 ei???
2717 4314 2918 4382 ἓωῐιυῐη

2158 1781 2334 1854 nostri
2363 1781 2547 1854 obitus
2577 1788 2631 1854 et
2658 1782 2781 1837 aliis
2805 1783 3018 1838 duabus
3037 1786 3650 1840 commemorationibus
3669 1799 3796 1854 quae

2154 1853 2293 1924 ﬁent
2323 1852 2378 1906 in
2419 1853 2650 1924 ecclesia
2681 1855 3067 1924 Rotomagensi
3120 1869 3218 1924 pro
3259 1856 3438 1920 nobis,
3473 1870 3571 1924 per
3600 1852 3795 1911 manus

2154 1923 2564 1978 hebdomadarii
2596 1931 2892 1993 erogentur
2922 1923 2974 1979 in
3008 1923 3166 1994 pane,
3192 1928 3266 1980 ita
3297 1926 3442 1996 quod
3476 1923 3636 1982 tertia
3670 1941 3798 1996 pars

2157 2011 2550 2084 praedictorum
2577 2011 2828 2079 quolibet
2857 2013 3090 2068 termino
3115 2005 3271 2075 430
3313 2015 3672 2084 expendatur,
3705 2029 3799 2070 su-

2158 2082 2487 2156 pradictam_
2505 2087 2684 2136 autem
2738 2097 2998 2156 summam
3032 2085 3178 2140 mille
3224 2093 3277 2140 et
3323 2082 3794 2156 septingentarum

2159 2153 2416 2208 librarum
2449 2153 2865 2218 Turonensium,
2899 2169 3058 2223 quam
3107 2170 3320 2211 exnunc
3368 2153 3473 2211 tam
3505 2153 3572 2212 ad
3610 2170 3798 2212 emen-

2161 2225 2288 2279 dum
2318 2223 2589 2296 redditus,
2623 2230 2680 2278 ut
2711 2225 3031 2296 praedictum
3081 2234 3184 2293 est,
3217 2242 3378 2296 quam
3415 2228 3575 2283 etiam
3618 2228 3686 2283 ad
3717 2228 3805 2282 in-

2162 2295 2509 2368 coeptionem
2541 2295 2736 2349 domus
2781 2295 3125 2368 deputamus,
3161 2295 3510 2368 praecipimus
3548 2313 3646 2368 per
3693 2312 3806 2352 ma-

2163 2382 2266 2421 nus
2291 2365 2726 2438 supradictorum
2783 2367 2839 2420 in
2870 2367 3126 2424 thesauro
3158 2365 3798 2438 Rotomagensi'deponi,

2165 2437 2498 2562 consignari,
2531 2443 2586 2492 et
2616 2438 2924 2492 conservari
2956 2439 3249 2509 diligenter
3271 2447 3324 2494 et
3346 2437 3598 2507 ﬁdeliter,
3623 2437 3808 2495 donec

2165 2523 2324 2562 como
2350 2509 2555 2562 etasint
2577 2523 2638 2562 ea
2653 2510 2992 2562 auaesuntde
3015 2512 3275 2562 nrmdicta
3292 2513 3519 2562 necunia
3533 2511 3804 2562 facienda.

2165 2509 2435 2580 completa
2446 2509 2555 2562 sint
2577 2523 2638 2562 ea
2653 2522 2776 2577 quae
2787 2510 2992 2564 suntde
3015 2512 3275 2580 praedicta
3292 2513 3519 2580 pecunia
3533 2511 3804 2566 iacienda.

2169 2583 2235 2652 Et
2263 2579 2494 2652 quilibet
2525 2592 2711 2634 eorum
2744 2580 2885 2652 bona
2925 2579 3030 2636 fide
3063 2579 3347 2650 promittat
3379 2584 3525 2652 quod
3549 2596 3655 2638 non
3682 2597 3810 2652 per-

2169 2651 2348 2706 mittet
2387 2650 2585 2705 dictam
2636 2651 2921 2718 pecuniam
2954 2652 3008 2706 in
3057 2653 3194 2708 alios
3247 2650 3694 2718 usus—converti,
3721 2653 3810 2708 vel

2173 2735 2272 2792 pro
2302 2721 2408 2775 alio
2441 2721 2662 2789 negotio
2685 2735 2918 2790 unquam
2952 2725 3118 2793 tangi.
3153 2726 3291 2778 Sane
3321 2725 3568 2779 volumus
3596 2732 3656 2779 ut
3684 2738 3814 2792 spa-

2174 2794 2327 2866 tium,
2361 2799 2650 2866 antequam
2705 2792 2910 2861 aliquid
2965 2792 3418 2866 de’supradictis
3465 2797 3654 2866 viginti
3713 2809 3813 2849 sex

2173 2864 2330 2918 libris
2355 2862 2678 2931 percipiant,
2701 2862 3190 2920 commendationis
3219 2873 3420 2921 nostra:
3451 2862 3560 2921 duo
3590 2866 3813 2920 termini

2177 2949 2276 3004 per
2305 2933 2776 3002 archiepiscopum
2809 2949 2912 2989 una
2957 2950 3077 2990 cum
3127 2938 3336 2992 decano
3369 2943 3422 2991 et
3463 2937 3702 3006 capitulo
3733 2951 3818 2990 as-

2179 3006 2483 3076 signentur.
2518 3006 2648 3059 Item
2680 3006 2883 3074 szepius
2917 3006 2984 3060 ad
3025 3009 3338 3063 memoriam
3369 3008 3696 3064 reducentes
3725 3007 3818 3062 de-

2181 3075 2380 3147 fectum
2408 3075 2500 3144 qui
2546 3077 2712 3130 ﬁebat
2742 3077 2795 3130 in
2836 3077 3016 3132 missis
3055 3093 3176 3147 quae
3219 3085 3508 3134 cantantur
3535 3080 3589 3133 in
3623 3079 3818 3147 majori

2176 3148 2333 3202 altari
2365 3146 2540 3218 beatae
2587 3147 2838 3215 Virginis,
2872 3163 3032 3218 quem
3065 3146 3164 3218 per
3192 3150 3638 3206 constitutionem
3680 3146 3818 3204 nos-

2179 3226 2315 3273 tram
2347 3217 2596 3289 volumus
2625 3218 2919 3286 aliquando
2960 3217 3220 3286 relevare,
3253 3222 3347 3289 qui
3394 3228 3572 3276 tamen
3611 3222 3682 3276 ob
3714 3234 3820 3275 ne-

2178 3289 2492 3359 gligentiam
2538 3288 2846 3357 aliquorum
2888 3291 3126 3346 nondum
3155 3299 3256 3357 est,
3271 3288 3429 3347 isicut
3459 3293 3661 3347 dicitur
3683 3291 3822 3346 rele-

2181 3368 2381 3423 vatus;
2419 3360 2788 3431 attendentes
2844 3361 2993 3428 quod
3064 3375 3183 3428 nos,
3243 3365 3338 3431 qui
3397 3363 3694 3419 canonicos
3750 3362 3818 3416 ad

2181 3430 2525 3503 serviendum
2587 3445 2693 3503 non
2752 3432 3134 3500 compulimus,
3193 3430 3392 3488 fuimus
3457 3435 3819 3503 negligentes,

2181 3502 2499 3558 ordinamus
2519 3507 2572 3555 et
2593 3501 2934 3570 disponimus
2949 3503 3016 3557 ad
3040 3505 3356 3571 praedictam
3378 3501 3626 3559 nostram
3640 3503 3823 3572 negli-

2181 3573 2417 3644 gentiam
2461 3573 2805 3645 expiandam,
2848 3581 2905 3628 ut
2943 3576 3125 3630 statim
3177 3575 3523 3645 assignentur
3559 3575 3629 3630 de
3660 3574 3825 3645 bonis

2183 3643 2212 3700 a
2243 3648 2353 3700 Deo
2385 3643 2545 3698 nobis
2575 3644 2790 3698 collatis
2837 3645 3151 3715 quingentae
3184 3643 3337 3701 librae
3369 3647 3719 3701 Turonenses
3748 3643 3822 3698 ad

2184 3733 2446 3789 emendos
2470 3731 2736 3796 redditus,
2777 3725 2918 3793 431
2975 3733 3066 3802 qui
3117 3733 3448 3803 deputentur
3493 3734 3822 3802 presbytero

2185 3805 2438 3868 diacono,
2485 3811 2540 3856 et
2584 3803 2922 3860 subdiacono
2971 3805 3252 3860 canonicis
3293 3805 3386 3874 qui
3427 3805 3482 3859 in
3522 3803 3714 3873 majori
3752 3803 3826 3858 ad

2186 3888 2431 3944 magnam
2473 3875 2688 3928 missam
2734 3875 3122 3930 ministrabunt
3160 3876 3352 3939 altari;
3387 3877 3460 3930 ita
3491 3876 3638 3944 quod
3679 3875 3832 3928 inter

2187 3949 2337 4016 ipsos
2365 3945 2594 4016 singulis
2643 3945 2837 3999 diebus
2868 3961 2966 4014 pro
3015 3955 3129 4001 rata
3171 3947 3457 4015 aequaliter
3486 3946 3826 4010 dividantur,

2187 4015 2241 4071 et
2273 4017 2375 4070 hoc
2406 4015 2497 4068 ﬁat
2528 4029 2626 4083 per
2661 4016 3099 4084 supradictorum
3149 4032 3358 4080 manus,
3391 4017 3831 4072 decano‘tamen

2189 4086 2575 4155 Rotomagensi
2622 4094 2834 4152 vocato,
2870 4090 2962 4157 qui
3012 4097 3231 4143 tenetur
3284 4088 3576 4158 diligenter
3605 4087 3832 4156 negotia

2189 4157 2411 4226 capituli
2461 4170 2776 4224 procurare.
2826 4160 3092 4214 Praedicta
3132 4160 3313 4215 omnia
3347 4157 3596 4214 volumus
3627 4159 3681 4212 in
3715 4158 3830 4212 vita

2190 4237 2397 4289 nostra,
2432 4229 2770 4284 exsecutioni
2804 4231 3084 4296 mandari;
3128 4238 3182 4285 et
3231 4231 3333 4284 nisi
3376 4233 3429 4285 in
3477 4230 3583 4284 vita
3615 4234 3830 4292 nostra,

2969 4309 3093 4370 post
3141 4308 3371 4357 mortem
3420 4307 3660 4356 nostram
3693 4313 3838 4370 prae-

473 4369 927 4452 indagasse
974 4369 2337 4458 amasseaiam;aniaciamur;Ddicta
2371 4371 2729 4458 _9X§¢Pu}i_9tﬁ
2779 4369 3126 4458 Ψίθῐξςίεἰηυζε
3171 4369 3836 4458 ,Oljdﬁnﬁltnysgﬁ$539111:

473 4462 624 4530 ginta
671 4459 835 4514 solidi
882 4458 1299 4523 distribuantur,
1335 4467 1498 4528 prout
1550 4461 1606 4515 in
1637 4460 1826 4515 eadem
1876 4459 2108 4515 ecclesia

476 4532 593 4587 tieri
623 4531 926 4596 consuevit,
949 4530 1154 4584 residui
1185 4544 1314 4585 vero
1341 4531 1530 4586 decem
1550 4531 1712 4587 solidi
1744 4533 1797 4586 in
1821 4531 1909 4586 die
1937 4531 2112 4587 nostri

476 4602 662 4659 obitus
709 4603 762 4656 in
813 4615 952 4670 pane
985 4615 1084 4670 per
1113 4615 1306 4672 manus
1334 4602 1746 4658 hebdomadarii
1779 4603 2113 4672 pauperibus

476 4679 792 4744 erogentur.
829 4675 1017 4744 Porro?
1047 4671 1298 4744 volumus
1339 4680 1422 4744 rut,
1453 4674 1694 4742 quandiu
1726 4671 1985 4728 Dominus
2017 4687 2115 4743 per

478 4743 629 4799 suam
677 4743 1108 4798 misericordiam
1158 4743 1375 4798 dederit
1409 4746 1570 4799 nobis
1603 4745 1786 4812 vitam,
1819 4745 1874 4799 in
1924 4745 2112 4800 eadem

483 4814 743 4882 przedicta
795 4814 1028 4869 ecclesia
1082 4814 1138 4869 in
1197 4816 1402 4869 octavis
1459 4815 1754 4871 nativitatis
1815 4817 1870 4870 Β.
1934 4817 2115 4870 Mariae

479 4883 718 4954 Virginis
747 4885 907 4957 missa
939 4885 1007 4941 de
1039 4885 1226 4941 eadem
1257 4886 1495 4955 gloriosa
1534 4887 1753 4957 Virgine
1783 4886 2113 4952 celebretur,

480 4962 535 5012 et
585 4956 866 5027 canonicis
915 4957 1010 5024 qui
1064 4958 1371 5012 intererunt
1416 4957 1494 5012 illi
1539 4956 1720 5013 miSsaa
1790 4965 1999 5027 septem
2053 4957 2118 5012 li-

481 5027 596 5083 brae
642 5025 710 5081 de
754 5027 1086 5095 supradictis
1131 5028 1320 5098 viginti
1373 5042 1470 5083 sex
1500 5028 1673 5096 libris,
1716 5035 1771 5083 et
1801 5025 2020 5084 clericis
2047 5028 2116 5082 de

482 5100 654 5155 choro
693 5098 794 5170 qui
834 5098 1142 5153 intererunt
1196 5099 1419 5170 triginta
1476 5099 1637 5154 solidi
1695 5099 2114 5164 distribuantur,

483 5177 648 5240 prout
671 5176 755 5225 est
784 5169 839 5224 in
870 5170 1059 5225 eadem
1108 5169 1338 5226 ecclesia
1386 5177 1742 5234 consuetum;
1794 5171 1846 5224 in
1879 5171 2118 5226 crastino

481 5255 613 5295 vero
643 5241 883 5297 omnium
913 5247 1226 5296 sanctorum
1259 5257 1363 5311 qua
1403 5242 1492 5297 die
1523 5242 1650 5296 dum
1681 5241 1993 5307 vixerimus,
2027 5255 2120 5297 vo-

484 5312 664 5367 lumus
691 5313 745 5366 in
777 5313 924 5368 dicta
961 5311 1192 5367 ecclesia
1240 5327 1340 5381 pro
1387 5313 1671 5367 animabus
1713 5317 2118 5367 antecessorum

487 5390 798 5438 nostrorum
845 5383 1406 5452 archiepiscoporum,
1441 5392 1496 5438 et
1544 5398 1642 5454 pro
1688 5384 1972 5438 animabus
2020 5397 2121 5452 pa-

487 5460 700 5510 rentum
742 5462 1049 5512 nostrorum
1101 5453 1195 5522 qui
1252 5469 1318 5510 ex
1373 5455 1480 5510 hoc
1535 5453 1739 5511 Sazculo
1787 5455 2122 5509 transierunt

487 5545 1058 5600 commemorationem
1079 5543 1630 5609 ﬁeri,distribuentur
1647 5536 1805 5608 429
1841 5545 2122 5601 canonicis

488 5615 582 5687 qui
631 5615 980 5672 interfuerint
1018 5615 1199 5672 ofﬁcio
1236 5623 1443 5684 septem
1493 5617 1668 5687 librae,
1703 5624 1759 5674 et
1808 5616 2024 5674 clericis
2054 5615 2122 5672 de

2196 4457 2335 4506 mus,
2361 4449 2415 4497 et
2446 4441 2547 4496 sub
2588 4443 3032 4498 interminatione
3073 4444 3242 4498 divini
3270 4444 3464 4512 judicii
3499 4441 3840 4510 injungimus

2194 4513 2610 4582 archiepiscopo
2649 4514 2743 4583 qui
2793 4528 2892 4584 pro
2938 4521 3184 4584 tempore
3236 4514 3421 4577 tuerit,
3461 4521 3520 4568 ut
3550 4512 3840 4584 praedictis

2196 4585 2449 4655 personis
2471 4592 2527 4638 et
2555 4585 2968 4641 successoribus
2997 4599 3206 4651 eorum,
3239 4593 3299 4640 ut
3345 4598 3494 4640 mora
3525 4583 3838 4653 postposita

2197 4656 2550 4726 pauperibus,
2575 4656 2680 4724 piis
2709 4656 2866 4721 locis,
2897 4656 3152 4711 videlicet
3182 4656 3436 4712 domibus
3465 4656 3838 4724 leprosorum,

2197 4727 2531 4797 pauperibus
2568 4727 2913 4781 monasteriis
2953 4728 3266 4783 monialium
3317 4733 3371 4783 et
3427 4726 3839 4797 religiosorum,

2197 4795 2412 4854 necnon
2443 4803 2497 4851 et
2525 4797 2800 4865 aliquibus
2821 4799 3152 4867 pauperibus
3171 4799 3471 4868 virginibus
3490 4795 3842 4861 maritandis,

2197 4870 2242 4925 si
2275 4869 2640 4932 inveniantur,
2669 4869 2724 4922 in
2755 4877 3006 4938 promptu
3037 4869 3299 4937 praedicta
3329 4875 3514 4924 nostra
3549 4868 3846 4938 bonarstu-

2199 4942 2365 4996 deant
2414 4952 2661 5009 erogare.
2725 4937 3121 4994 Nobis’tamen
3197 4946 3518 5008 potestatem
3585 4937 3848 5009 duximus

2201 5008 2539 5067 retinendam
2571 5009 2899 5078 disponendi
2948 5018 3003 5066 et
3049 5011 3340 5066 ordinandi
3389 5010 3549 5064 aliter
3587 5008 3656 5063 de
3695 5008 3848 5062 dicta

2201 5083 2451 5152 pecunia,
2512 5081 2616 5134 nisi
2656 5094 2736 5152 ea
2803 5096 2925 5150 quae
2985 5095 3083 5150 pro
3150 5081 3381 5137 ecclesia
3413 5151 3417 5152 ν
3453 5079 3848 5147 Rotomagensi

2201 5151 2519 5208 mandamus
2549 5151 2687 5215 ﬁeri,
2725 5157 2782 5205 ut
2823 5167 2987 5221 supra
3018 5153 3223 5208 dictum
3271 5158 3372 5216 est,
3407 5151 3460 5205 in
3501 5151 3610 5204 vita
3652 5156 3849 5221 nostra

2202 5224 2458 5279 celeriter
2505 5222 2852 5292 impleantur.
2892 5219 3156 5279 Volumus
3201 5224 3426 5292 insuper
3473 5228 3533 5276 ut
3576 5219 3846 5289 praedicta

2203 5295 2384 5350 omnia
2414 5293 2762 5362 exsequenda
2791 5295 2977 5350 dilecti
3001 5295 3135 5350 socii
3175 5293 3348 5348 nostri
3380 5295 3448 5347 M.
3481 5292 3625 5346 Petri
3647 5292 3703 5346 S.
3739 5296 3848 5345 Au-

2203 5365 2411 5420 domari
2427 5373 2963 5433 pr0pterconsensus
2973 5366 3084 5435 (60)
3101 5372 3154 5420 et
3167 5365 3458 5434 praesentia
3472 5363 3848 5432 requirantur.

2272 5445 2426 5514 432
2467 5455 2655 5508 Datum
2694 5455 2964 5524 Lugduni,
2995 5467 3138 5508 anno
3186 5452 3398 5524 Domini
3425 5449 3717 5524 millesimo
3748 5449 3850 5524 du-

2204 5527 2504 5582 centesimo
2535 5520 2950 5596 quadragesimo
2980 5525 3194 5594 quinto,
3220 5524 3274 5580 in
3302 5523 3444 5580 festo
3464 5523 3520 5578 S.
3543 5520 3850 5577 Laurentii.

2280 5615 2393 5687 (δῦ)
2428 5617 2526 5672 Hic
2565 5615 2770 5686 aliquid
2801 5615 2992 5671 deesse
3022 5614 3260 5672 videtur.
