4100 6166
305 307 398 366 217

1714 313 1886 368 ACTA
1923 310 2205 366 VETERA.

3537 304 3644 361 218

1175 519 1726 605 FUNDATIO
1783 519 1984 603 XVI
2041 517 2748 603 CLERICORUM

1510 665 1815 721 COLLEGII
1853 664 2422 718 CLEMENTINORUM

1297 782 1370 846 In
1403 783 1682 848 ecclesia
1711 779 2202 865 Rotomagensi,
2239 800 2406 843 anno
2441 780 2632 846 1350.

1531 913 1636 982 (Ea:
1656 912 1879 969 archivis
1904 910 2131 980 ejusdem
2160 909 2403 978 collegii.)

301 1087 519 1143 Clemens
566 1086 672 1158 (61)
710 1089 978 1180 erigaris
1008 1104 1516 1180 fﬁﬂ?‘i§ff?9rum
1563 1093 1661 1146 Dei
1709 1091 1779 1146 ad
1821 1089 2081 1162 per-Ain
2147 1107 2465 1180 hujusmodi
2527 1113 2708 1180 autem
2774 1110 3130 1180 perceptione
3197 1099 3353 1170 435
3394 1104 3653 1180 denario—

771 1164 978 1230 petuam
1005 1163 1084 1216 rei
1110 1163 1430 1236 memoriam.

364 1246 577 1319 Credita
604 1247 764 1303 nobis
793 1262 824 1303 a
852 1250 1082 1305 Domino
1113 1250 1344 1319 plurima
1379 1250 1580 1305 talenta
1613 1254 1926 1318 pensantes,

301 1321 351 1398 et
376 1318 788 1398 considerantes
807 1325 1012 1398 attente
1043 1318 1188 1398 quod
1219 1323 1287 1377 ab
1311 1337 1375 1377 eo
1400 1323 1486 1377 cui
1529 1322 1651 1391 plus
1683 1323 1930 1398 commit-

301 1389 423 1469 titur
451 1389 576 1469 plus
597 1390 850 1469 exigitur,
875 1389 1446 1469 utiquedeterremur,
1470 1389 1543 1469 ne
1561 1407 1662 1469 nos
1692 1393 1784 1469 qui
1809 1392 1931 1461 plus

299 1461 506 1540 czeteris
545 1461 598 1540 iu
650 1461 755 1540 hoc
801 1463 1009 1540 mundo
1047 1466 1325 1540 accepisse
1371 1463 1579 1540 aliquid
1632 1465 1927 1540 cernimur,

299 1529 414 1611 inde
443 1531 514 1611 ab
558 1536 793 1611 auctore
824 1533 1010 1588 mundi
1050 1529 1267 1604 gravius
1292 1529 1620 1611 judicemur,
1650 1536 1777 1603 quia
1807 1548 1930 1611 cum

299 1600 538 1673 adauctis
557 1602 718 1657 donis
738 1603 1006 1659 donorum
1031 1600 1278 1660 crescant
1292 1600 1454 1661 etiam
1476 1600 1737 1670 rationes,
1755 1605 1928 1673 pressi

299 1672 535 1740 pondere
567 1680 916 1742 peccatorum
947 1676 1110 1744 digne
1140 1675 1385 1731 famulari
1411 1677 1636 1732 Domino
1660 1672 1768 1733 non
1790 1676 1928 1730 valc-

298 1756 424 1796 mus.
473 1745 540 1798 Ut
571 1745 736 1814 igitur
765 1747 956 1814 gratiae
987 1747 1185 1802 divinae
1218 1749 1521 1817 praemium,
1551 1748 1698 1816 quod
1738 1748 1930 1802 merita

297 1820 477 1868 nostra
530 1829 641 1870 non
691 1817 934 1886 exigunt,
1003 1818 1232 1872 aliorum
1289 1819 1610 1888 patrociniis
1666 1818 1929 1886 consequi

296 1898 617 1958 mereamur,
649 1887 716 1941 ad
758 1889 854 1942 Dei
905 1887 1302 1958 omnipotentis
1347 1890 1564 1944 laudem
1615 1894 1670 1943 et
1699 1890 1928 1958 gloriam

297 1956 461 2010 beatte
506 1959 686 2030 Mariae
727 1959 962 2028 Virginis
1004 1956 1189 2015 matris
1219 1963 1358 2030 eius,
1391 1956 1732 2028 aliorumque
1765 1974 1928 2014 sanc-

295 2033 464 2081 torum
504 2027 789 2101 honorem,
823 2027 876 2084 et
909 2043 1009 2099 pro
1039 2027 1349 2097 nostra,'ac'
1370 2027 1833 2101 praedecessorum
1866 2044 1931 2084 ac

295 2100 724 2172 progenitorum,
760 2108 1182 2172 nostrorumque
1214 2100 1454 2158 ﬁdelium
1486 2104 1786 2157 animarum
1837 2115 1929 2156 sa-

292 2167 418 2233 lute,
453 2171 514 2223 in
553 2172 783 2226 ecclesia
811 2167 1218 2243 Rotomagénsi,
1252 2189 1376 2243 quae
1401 2188 1502 2230 nos
1531 2174 1718 2228 divina
1747 2173 1932 2241 dispo-

291 2256 491 2313 sitione
520 2251 674 2332 433
713 2260 916 2316 dudum
968 2261 1159 2317 habuit
1195 2263 1249 2316 in
1281 2276 1562 2332 Sponsum,
1595 2268 1650 2316 et
1698 2275 1843 2317 nunc
1873 2261 1929 2315 in

294 2335 501 2403 patrem
535 2345 598 2384 ac
644 2331 924 2403 dominum
966 2331 1333 2403 recognoscit,
1375 2339 1433 2387 ut
1464 2334 1520 2388 in
1561 2333 1677 2402 ipsa
1708 2346 1929 2402 quoque

2013 1193 2131 1233 rum
2198 1179 2611 1248 quatuordecim
2664 1176 2871 1235 eisdem
2911 1176 3129 1236 clericis
3166 1194 3262 1234 seu
3319 1176 3656 1248 cappellanis

2015 1263 2114 1318 pro
2168 1263 2355 1304 eorum
2404 1249 2714 1318 stipendiis,
2782 1258 2842 1305 ut
2899 1252 3269 1320 prtemittitur,
3328 1255 3655 1304 statutorum

2012 1321 2382 1390 subscriptum
2431 1321 2650 1375 modum
2699 1321 2950 1376 volumus
2979 1330 3032 1376 et
3073 1323 3362 1376 statuimus
3393 1326 3658 1389 perpetuo

2015 1392 2436 1457 observandum,
2468 1391 2724 1446 videlicet
2754 1393 2900 1461 quod
2924 1393 2978 1446 in
3005 1393 3276 1446 Matutinis
3298 1399 3352 1446 et
3381 1390 3573 1459 majori
3594 1403 3658 1444 ac

2016 1476 2114 1532 pro
2155 1462 2428 1518 defunctis
2477 1463 2670 1529 Missis,
2713 1477 2927 1517 necnon
2963 1465 3234 1532 Vesperis,
3269 1462 3514 1530 qualibet
3543 1461 3657 1516 sci-

2015 1535 2143 1588 licet
2182 1535 2462 1588 Missarum
2495 1540 2549 1588 et
2586 1535 2852 1589 Horarum
2894 1533 3279 1603 praedictarum
3310 1533 3469 1598 duos,
3511 1533 3658 1603 acrin

2014 1605 2156 1670 aliis,
2187 1605 2464 1671 videlicet,
2499 1605 2697 1671 Prima,
2729 1602 2930 1668 Tertia,
2949 1606 3130 1667 Sexta,
3154 1605 3308 1657 Nona
3329 1609 3384 1657 et
3411 1602 3663 1670 Comple-

2015 1677 2179 1740 torio,
2214 1677 2375 1731 Horis
2404 1691 2466 1730 ac
2492 1677 2546 1730 in
2570 1676 2798 1746 agendis
2826 1677 2986 1730 etiam
3020 1681 3380 1746 mortuorum,
3404 1672 3663 1746 videlicet

2013 1745 2234 1801 Placebo
2257 1753 2311 1801 et
2333 1749 2531 1815 Dirige,
2551 1744 2773 1802 indicta
2805 1747 3035 1802 ecclesia
3066 1744 3432 1815 celebrandis,
3465 1744 3658 1815 singu-

2013 1817 2083 1872 lis
2111 1819 2322 1872 scilicet
2353 1814 2514 1873 Horis
2543 1825 2598 1873 et
2627 1818 2853 1888 agendis
2878 1817 3192 1886 hujusmodi
3223 1814 3469 1884 singulos
3494 1814 3663 1888 dena:

2015 1889 2128 1943 rios
2157 1895 2390 1944 monetae
2437 1883 2750 1956 hujusmodi
2796 1883 2996 1958 singuli
3046 1887 3233 1942 clerici
3265 1883 3361 1941 seu
3392 1883 3662 1958 capellani

2014 1968 2314 2028 praesentes
2353 1961 2614 2015 duntaxat
2645 1956 2940 2024 llatutinis,
2966 1967 3020 2014 et
3051 1959 3247 2023 Missis,
3283 1969 3496 2011 necnon
3528 1956 3658 2008 Ves-

2015 2031 2180 2100 peris,
2216 2031 2376 2085 lloris
2406 2039 2460 2085 et
2489 2031 2718 2101 agendis
2747 2031 3056 2100 percipiant
3085 2029 3358 2085 antelatis.

2083 2120 2380 2174 Statuimus
2409 2133 2630 2188 quoque
2679 2119 2828 2188 quod
2860 2119 2994 2174 dicti
3033 2117 3220 2173 clerici
3252 2130 3349 2171 seu
3390 2111 3660 2188 capellani

2016 2191 2282 2264 inmissis
2311 2196 2365 2264 et
2413 2186 2556 2264 aliis
2583 2186 2865 2264 canonicis
2910 2189 3092 2254 Horis,
3127 2189 3341 2243 diurnis
3364 2186 3664 2264 pariternet

2017 2261 2300 2334 nocturnis
2329 2261 2384 2314 in
2417 2261 2605 2334 eadem
2629 2261 2862 2334 ecclesia
2887 2274 2995 2334 pro
3018 2267 3264 2334 tempore
3295 2254 3661 2334 celebrandis,

2014 2333 2272 2386 intersint
2301 2331 2583 2396 continue,
2629 2332 2733 2386 nisi
2767 2332 2834 2386 de
2887 2326 3056 2400 petita
3106 2326 3160 2384 et
3189 2329 3413 2400 obtenta
3444 2326 3665 2400 licentia

292 2393 526 2480 ecclesia
560 2415 656 2482 per
687 2402 965 2482 hoccirca
993 2393 1231 2459 divinum
1265 2393 1469 2482 cultum
1492 2393 1792 2482 decoris-et
1822 2393 1991 2482 lio-B
2017 2403 2234 2482 decani,
2267 2403 2349 2456 vel
2381 2393 2626 2482 cantoris
2649 2417 2746 2482 seu
2769 2393 3182 2482 hebdomadarii
3209 2397 3458 2482 ejusdem
3489 2393 3667 2482 ecclc:

294 2471 445 2544 noris
495 2467 758 2540 suscipiat
803 2473 1161 2540 incrementa,
1205 2475 1478 2529 sexdecim
1539 2467 1991 2544 perpetuorum”
2016 2475 2113 2529 size
2144 2475 2236 2542 qui
2259 2487 2359 2542 pro
2390 2481 2636 2543 tempore
2659 2473 2881 2537 fuerint,
2905 2467 2997 2544 aut
3027 2467 3666 2544 decauiprzefal-i.l)_1‘0“_t

293 2540 649 2620 clericorum,
674 2557 790 2620 _seu
839 2540 1585 2620 capellanoriumnumerum,
1627 2540 1738 2620 sive
1769 2545 1936 2620 colle-

291 2612 438 2680 gium
473 2612 798 2667 auctoritate
828 2615 1130 2682 apostolica
1150 2616 1485 2669 instituimus
1504 2629 1566 2668 ac
1597 2616 1758 2668 etiam
1788 2614 1937 2668 ordi-

295 2695 508 2753 namus,
544 2689 599 2735 et
646 2697 741 2737 eos
779 2685 1092 2753 capellanos
1137 2700 1234 2740 seu
1275 2686 1509 2740 clericos
1545 2685 1934 2750 Clementinos,

295 2751 878 2832 Clementisvidelicet
907 2770 1063 2832 papa}
1088 2758 1170 2821 Vl,
1203 2757 1453 2832 volumus
1481 2756 1938 2832 nominari,_au_c-

298 2826 516 2896 toritate
575 2831 878 2880 statuentes
927 2827 1115 2880 eadem
1165 2827 1313 2896 quod
1363 2828 1633 2881 dictorum
1661 2826 1935 2881 sexdecim

297 2894 627 2965 clericorum
690 2910 786 2950 seu
835 2894 1243 2965 capellanoru'm
1303 2897 1592 2952 duodecim
1649 2897 1704 2951 in
1762 2911 1938 2951 sacer-

296 2964 466 3028 dotio,
493 2972 550 3019 et
572 2965 680 3038 duo
723 2967 775 3020 in
807 2964 1130 3022 diaconatus
1160 2982 1222 3022 ac
1251 2968 1448 3038 reliqui
1489 2968 1598 3022 duo
1631 2969 1684 3021 in
1717 2967 1940 3022 subdia-

297 3044 522 3107 conatus
565 3037 674 3090 sint
721 3038 1009 3093 ordinibus
1047 3040 1362 3104 constituti;
1406 3039 1665 3107 quodque
1696 3039 1936 3107 ipsorum

295 3105 490 3179 singuli
531 3107 780 3177 singulos
803 3109 1059 3165 denarios
1087 3105 1500 3179 quatuordecim
1525 3105 1729 3164 diebus
1744 3111 1936 3178 singu-

295 3177 431 3244 gulis
479 3181 791 3248 percipiant
834 3195 933 3248 pro
983 3177 1296 3235 eorumdem
1342 3181 1652 3249 stipendiis,
1694 3186 1749 3234 et
1797 3177 1938 3234 ultra

297 3249 709 3315 quatuordecim
741 3251 1036 3319 praedictos
1066 3252 1341 3316 denarios,
1365 3252 1504 3306 alios
1523 3252 1663 3307 duos
1682 3251 1940 3306 denarios

299 3320 496 3374 usualis
524 3327 763 3375 monetae
796 3330 1062 3390 perpetuo
1109 3323 1415 3392 percipiant
1445 3325 1500 3378 in
1542 3322 1787 3392 qualibet
1816 3336 1941 3391 pro-

299 3392 546 3470 cessione
597 3392 849 3470 solemni.
898 3394 1487 3470 Ordinamusinsuper
1542 3394 1688 3470 quod
1736 3393 1938 3470 singuli

301 3458 570 3516 dictorum
603 3464 927 3518 clericorum
958 3479 1054 3518 seu
1085 3458 1492 3533 capellaaorum
1533 3458 1851 3528 duodecim,
1884 3465 1938 3517 in

302 3533 611 3611 sacerdotio
643 3535 1086 3611 constitutorum,
1120 3543 1179 3589 ut
1222 3535 1528 3604 praefertur,
1578 3549 1674 3611 sex
1711 3534 1942 3611 singulis

303 3603 353 3675 in
386 3604 617 3672 capellis
663 3606 834 3674 ipsius
891 3605 1138 3660 ecclesiae
1185 3603 1395 3661 secrete
1446 3620 1542 3675 per
1579 3606 1812 3674 seipsos,
1857 3603 1942 3658 vel

304 3671 698 3742 impedimento
753 3675 994 3746 legitimo
1053 3677 1322 3745 impediti,
1376 3671 1473 3744 per
1519 3671 1679 3729 alios‘
1715 3675 1944 3729 idoneos

2017 2537 2338 2599 consuetum
2371 2551 2454 2600 est
2485 2537 2539 2600 in
2569 2545 2842 2599 similibus
2871 2543 2988 2598 tieri
3020 2543 3088 2598 de
3119 2537 3258 2596 aliis
3279 2537 3580 2607 capellauis
3610 2542 3665 2590 et

2019 2615 2238 2669 clericis
2267 2615 2438 2683 ipsius
2467 2617 2718 2671 ecclesite
2749 2616 2844 2685 qui
2873 2615 2940 2670 ab
2971 2614 3162 2669 eadem
3187 2610 3434 2685 ecclesia
3463 2607 3666 2685 fuerint

2020 2693 2151 2739 tunc
2179 2679 2452 2740 absentes.
2476 2679 2850 2749 Caeterumfut
2881 2685 3132 2754 praedicti
3153 2682 3340 2754 clerici
3362 2679 3668 2754 scu_capel-

2023 2756 2152 2821 lani,
2185 2757 2328 2810 sicut
2374 2771 2470 2824 spe
2511 2757 2745 2825 praemii,
2779 2757 2858 2811 sic
2881 2750 3068 2825 poena:
3099 2753 3390 2809 formidine
3421 2750 3488 2804 ad
3521 2763 3666 2818 pra!-

2023 2845 2311 2898 missorum
2334 2843 2731 2898 observantiam
2771 2844 3122 2908 inducantur,
3146 2840 3484 2903 ordinantes,
3508 2826 3664 2896 436

2021 2914 2308 2983 adjicimus
2355 2922 2434 2980 ut,
2496 2915 2542 2968 si
2591 2915 2682 2983 qui
2733 2914 3056 2969 clericorum
3106 2926 3202 2966 seu
3259 2908 3667 2983 capellanorum

2023 2977 2429 3055 priedictorum'
2463 2977 2664 3051 missis,
2721 2985 2991 3053 Vcsperis,
3025 2984 3187 3055 Horis
3220 2987 3281 3055 et
3310 2977 3669 3055 agendis‘hu-

2015 3047 2278 3130 jusmodi,
2319 3056 2402 3110 vel
2419 3070 2616 3130 earum
2647 3047 2924 3130 aliquibus
2953 3047 3034 3109 vel
3066 3054 3228 3108 alicui
3255 3047 3368 3130 noti
3399 3047 3666 3130 interfue-

2022 3121 2132 3182 rint
2179 3126 2543 3195 personaliter
2581 3127 2634 3180 in
2685 3121 2916 3181 ecclesia
2965 3132 3282 3191 memorata,
3315 3121 3666 3177 distributio-

2022 3198 2204 3262 nibus,
2245 3204 2336 3251 aut
2375 3197 2766 3252 distributione
2807 3198 3111 3261 missarum,
3154 3198 3421 3250 Horarum
3447 3235 3460 3258 ,
3503 3204 3668 3260 agen-

2021 3269 2234 3332 darum,
2275 3275 2368 3322 aut
2408 3269 2608 3331 missae,
2659 3269 2743 3323 vel
2785 3271 2966 3333 Horre,
3018 3268 3131 3322 sive
3171 3265 3418 3336 agendte,
3468 3262 3668 3331 quibus

2020 3341 2105 3394 vel
2153 3339 2241 3394 cui
2273 3352 2382 3393 non
2425 3338 2798 3403 interfuerint,
2841 3345 2894 3393 et
2938 3353 3073 3406 quas
3118 3352 3214 3391 seu
3264 3336 3669 3406 quam__essent

2023 3413 2065 3464 si
2119 3416 2420 3478 praesentes
2466 3400 3004 3481 existerent'missi-s,
3045 3400 3545 3481 _lloris,__agendis,_
3584 3400 3668 3481 vel

2025 3475 2223 3543 mis—sae,
2256 3494 2353 3552 seu
2380 3482 2561 3552 lloraa,
2594 3493 2657 3532 ac
2687 3479 2913 3552 agenda:
2962 3475 3276 3552 hujusmodi
3327 3475 3667 3552 percepturi,

2025 3541 2221 3621 privati
2251 3550 2362 3602 sint
2386 3550 2506 3617 ipso
2537 3541 2703 3621 facto.
2723 3541 2866 3621 item
2883 3541 3212 3621 ordinamus
3233 3541 3404 3621 quod,
3429 3556 3527 3621 per
3556 3541 3672 3621 dic-

2028 3611 2140 3675 iqu
2169 3611 2436 3673 decanum
2486 3624 2540 3673 et
2570 3618 2804 3672 dilectos
2840 3618 3005 3680 filios,
3051 3611 3346 3684 capitulum
3397 3611 3671 3674 ecclesiae,

2029 3705 2170 3745 unus
2217 3689 2356 3742 alius
2405 3689 2640 3743 clericus
2687 3696 2839 3742 extra
2886 3700 3169 3741 numerum
3217 3684 3543 3739 clericorum
3575 3694 3672 3734 seu

305 3746 640 3829 sase‘rdotes,
666 3761 763 3816 per
783 3747 1046 3828 integram
1071 3761 1230 3829 unam
1254 3746 1657 3829 hebdomadam
1681 3753 1945 3814 perpetuo

2030 3759 2436 3829 capellanorum
2478 3759 2792 3828 hujusmodi
2824 3759 3119 3827 deputetur
3148 3753 3670 3829 singulis‘seplima-

307 3815 587 3872 celebrent
618 3832 774 3872 unam
809 3815 1044 3883 missam,
1089 3825 1142 3873 et
1183 3819 1329 3887 quod
1360 3817 1559 3887 singuli
1590 3817 1818 3872 aliorum
1850 3830 1946 3870 sex

308 3916 461 3976 unam
483 3906 742 3961 similiter
761 3907 975 3961 missam
999 3907 1280 3962 celebrent
1301 3920 1400 3976 per
1417 3907 1576 3960 aliam
1598 3918 1755 3959 unam
1790 3895 1947 3965 434

307 3972 701 4053 hebdomadam
747 3977 1092 4053 successive;
1133 3972 1391 4053 quodque
1422 3979 1685 4053 ipsorum
1714 3975 1948 4045 quilibet

306 4043 388 4118 die
417 4047 508 4102 illa
540 4063 671 4116 qua,
714 4056 772 4102 ut
812 4043 1181 4118 praemittitur,
1224 4043 1599 4112 cel-ebrabunt,
1637 4043 1776 4101 ultra
1809 4061 1948 4116 pra:-

309 4114 479 4189 dictos
499 4114 920 4188 quatuordecim
942 4127 997 4175 et
1023 4114 1458 4183 duos'denarios,
1483 4119 1790 4189 percipiant
1807 4114 1947 4173 alios

311 4184 564 4244 denarios
612 4195 849 4260 quatuor
887 4199 1120 4247 monetae
1169 4191 1437 4259 ejusmodi
1479 4184 1705 4244 usualis.
1747 4189 1950 4260 Statuig

313 4270 420 4311 mus
450 4259 641 4316 etiam
669 4261 814 4330 quod
861 4262 993 4317 dicti
1025 4263 1299 4317 sexdecim
1331 4261 1522 4317 clerici
1550 4275 1646 4316 seu
1678 4259 1948 4329 capellani

312 4339 495 4402 omnes
555 4332 784 4386 invicem
835 4333 888 4386 in
930 4334 1139 4402 capella
1190 4334 1372 4388 Sancti
1427 4333 1671 4397 Joannis,
1713 4331 1948 4402 quzein

313 4401 492 4456 eadem
527 4403 764 4458 ecclesia
812 4404 914 4458 sita
946 4401 1047 4469 est,
1080 4405 1247 4459 semel
1287 4405 1341 4458 in
1373 4405 1675 4471 septimana
1705 4401 1951 4471 qualibet

313 4483 736 4545 gongregentur,
767 4483 840 4540 et,
882 4476 1125 4544 quandiu
1173 4477 1226 4530 in
1280 4474 1530 4529 humanis
1555 4473 1850 4545 egerimus,
1881 4471 1949 4526 de

313 4541 592 4621 Trinitaie,
627 4545 708 4621 vel
731 4546 799 4600 de
831 4541 1021 4621 sancto
1052 4546 1278 4621 Spiritu,
1302 4552 1394 4621 aut
1422 4545 1490 4621 de
1522 4541 1948 4621 beata_Virgine,

315 4615 420 4685 sive
450 4616 519 4670 de
553 4617 730 4670 beatis
757 4618 1021 4685 apostolis
1053 4619 1213 4672 Petro
1245 4624 1299 4671 et
1328 4615 1516 4678 Paulo,
1549 4629 1646 4669 seu
1669 4615 1736 4669 de
1759 4621 1950 4668 sancto

317 4683 562 4751 Martiali,
579 4695 633 4740 et
664 4683 947 4756 postquam
971 4689 1134 4757 hujus
1162 4689 1388 4743 incertae
1409 4701 1473 4741 ac
1501 4686 1681 4740 labilis
1701 4698 1953 4740 consum-

318 4759 639 4812 maverimus
668 4760 790 4814 vita:
811 4773 1050 4825 cursum,
1076 4759 1143 4813 de
1183 4758 1413 4814 mortuis
1441 4757 1724 4812 celebrent
1759 4757 1955 4811 solem-

318 4825 475 4906 niter,
509 4843 674 4906 unam
727 4830 980 4906 missam;
1034 4831 1292 4906 quodque
1338 4829 1599 4906 sacerdos
1639 4826 1954 4906 hujusmodi

318 4898 531 4952 missam
575 4899 916 4964 solemniter,
950 4909 1008 4955 ut
1044 4898 1383 4970 praedicitur,
1417 4900 1722 4970 celebrans,
1750 4898 1955 4970 viginti

317 4976 569 5036 quatuor,
584 4970 850 5025 diaconus
870 4986 999 5027 vero
1022 4968 1075 5027 et
1095 4972 1465 5027 subdiaconus
1485 4968 1758 5025 sacerdoti
1772 4969 1958 5022 minis-

2028 3825 2113 3887 nis
2134 3831 2226 3900 qui
2249 3831 2525 3885 absentias
2554 3825 2607 3885 et
2627 3830 2765 3885 alios
2787 3825 3034 3884 defectus
3054 3829 3331 3900 dictorum
3347 3825 3672 3900 clericorum

2027 3918 2124 3958 seu
2152 3894 2560 3970 capellanorum
2590 3901 2866 3956 sexdecim
2895 3900 3076 3955 videat
3106 3905 3160 3954 et
3188 3897 3426 3953 ﬁdeliter
3463 3894 3676 3970 redigat

2029 3976 2085 4029 in
2117 3965 2466 4042 scripturam,
2491 3979 2544 4027 et
2576 3972 2643 4026 de
2666 3972 2776 4026 illis
2805 3974 2858 4026 in
2893 3971 2997 4026 ﬁne
3028 3971 3348 4041 septimanae
3380 3965 3676 4042 cujuslibet

2029 4038 2350 4100 relationem
2381 4043 2544 4098 faciat
2575 4043 2868 4117 plenariam
2889 4038 3187 4117 ettidelem
3220 4043 3462 4117 eiuquem
3496 4038 3676 4117 dictus

2029 4117 2271 4172 decanus
2301 4121 2355 4169 et
2384 4115 2683 4183 capitulum
2707 4114 2965 4169 duxerint
2995 4115 3060 4168 ad
3094 4115 3199 4168 hoc
3229 4111 3562 4181 eligendum.
3585 4111 3676 4162 cui

2030 4188 2192 4255 (sicut
2223 4187 2596 4257 praemittitur)
2628 4186 2946 4257 deputando
2979 4199 3086 4257 per
3112 4185 3294 4238 dictos
3323 4184 3590 4257 decanum
3621 4183 3676 4231 et

2030 4249 2327 4326 capitulum
2358 4249 2589 4311 certum'
2617 4249 2748 4324 quid
2798 4264 2857 4309 ut
2894 4249 3242 4326 commissum
3290 4253 3398 4326 sibi
3435 4249 3674 4326 ofﬁcium

2032 4323 2246 4382 fidelius
2276 4335 2331 4383 et
2360 4323 2678 4396 diligentius
2709 4332 2962 4398 exerceat
2992 4325 3307 4398 deputetur.
3340 4323 3676 4398 Dictis‘quo-

2032 4413 2137 4468 que
2168 4398 2387 4453 clericis
2441 4389 2538 4452 seu
2588 4397 2888 4468 capellauis
2917 4389 3675 4468 hujusmodiquatuordecim

2032 4460 2096 4525 ac
2125 4469 2355 4524 aliorum
2387 4460 2739 4524 denariorum
2778 4460 3050 4536 stipendia
3083 4463 3494 4534 praedictorum,
3520 4460 3677 4526 juxta

2036 4558 2410 4628 praescriptam
2453 4556 2855 4630 ordinationem
2888 4560 3127 4630 nostram
3157 4542 3401 4630 437Ain
3434 4547 3540 4630 ﬁne
3560 4559 3676 4630 sep-

2035 4617 2586 4696 timanae-cujuslibet
2615 4641 2716 4697 per
2763 4628 2942 4681 dictos
2987 4625 3252 4697 decaﬁnum
3286 4626 3340 4697 et
3378 4617 3675 4697 capitulum

2038 4687 2436 4772 persolvantur,
2471 4687 2700 4772 retentis
2731 4699 2882 4772 prius
2905 4703 3069 4772 atque
3101 4692 3353 4749 deductis
3383 4704 3481 4772 per
3509 4687 3678 4772 (ler

2037 4767 2166 4844 itum
2196 4777 2251 4826 et
2297 4770 2594 4840 capitulum
2638 4768 2991 4844 supradictos
3028 4767 3098 4844 iis
3139 4778 3262 4844 qua:
3303 4775 3402 4844 pro
3433 4767 3676 4844 ipsorum

2037 4830 2449 4898 clericorum'et
2497 4830 2902 4910 capellanorum
2954 4836 3131 4906 poenis
3157 4830 3444 4910 absentiae
3476 4830 3680 4886 fuerint

2037 4913 2379 4969 deducenda.
2422 4907 2666 4981 Denique
2716 4911 2994 4964 intuentes
3034 4920 3219 4981 quam
3250 4907 3393 4981 bona
3431 4909 3488 4981 et
3517 4913 3678 4981 quam

2037 4986 2109 5039 sit
2128 4983 2391 5053 jucunda,
2417 4971 2890 5053 juxta’Prophette
2921 4971 3313 5053 testimonium,
3337 4971 3681 5053 fratrumha-

319 5041 754 5130 ganges-eidem,
779 5043 1011 5130 quilibet
1042 5057 1229 5099 eorum
1261 5043 1450 5130 decgm
1482 5048 1536 5097 et
1565 5048 1712 5105 octo,
1735 5047 1801 5130 et
1828 5039 1953 5130 Ireli:

2040 5039 2234 5130 bitatio
2255 5056 2310 5108 in
2342 5039 2508 5130 unum
2535 5039 2929 5130 (Psalfcxxxn,
2961 5050 3000 5118 1)
3030 5071 3043 5116 ;
3069 5039 3393 5130 auctoritate
3416 5041 3680 5130 prasd‘icua

317 5109 405 5191 qui
438 5111 716 5191 dictorum
750 5109 1074 5191 clericorum
1104 5129 1202 5191 seu
1228 5113 1660 5191 capellanorum,
1699 5110 1954 5191 videlicet

315 5180 417 5254 qui
434 5180 643 5238 fuerint
671 5184 726 5238 in
757 5184 1067 5254 hujusmodi
1107 5180 1476 5240 celebratione
1500 5189 1820 5254 prazsentes,
1844 5182 1958 5235 sin-

317 5251 422 5330 guli
461 5254 721 5330 videlicet
751 5251 939 5330 eorum
979 5256 1226 5330 singulos
1275 5251 1566 5330 duodecim
1605 5254 1743 5330 alios
1781 5253 1956 5330 dena;-

318 5323 424 5375 rios
481 5326 728 5393 qualibet
764 5326 1020 5381 videlicet
1075 5327 1185 5390 die,
1242 5340 1350 5394 qua
1405 5326 1462 5380 in
1510 5325 1755 5394 qualibet
1793 5323 1956 5393 septi-

319 5404 471 5465 mana
530 5396 851 5453 solemniter
896 5399 1058 5453 missa
1099 5397 1408 5465 hujusmodi
1468 5397 1857 5460 celebrabitur,
1899 5400 1960 5449 ut

321 5458 490 5537 fertur
520 5466 682 5532 ultra,
724 5469 1139 5537 quatuordecim
1170 5458 1235 5522 'et
1279 5467 1420 5522 duos
1463 5481 1526 5520 ac
1557 5474 1797 5537 quatuor
1820 5458 1960 5520 alios

323 5531 581 5592 denarios
616 5531 964 5610 supradictos
1003 5546 1238 5595 monetae
1279 5531 1591 5608 percipiant
1641 5535 1955 5599 antedictaz.

397 5620 512 5694 (61)
537 5627 635 5693 Qui
655 5627 758 5684 fuit
786 5630 979 5686 Petrus
1009 5628 1228 5700 Rogerii
1247 5628 1466 5683 Rotom.
1490 5624 1960 5696 archiepiscopus.

2040 5127 2349 5190 statuimus,
2397 5111 2668 5196 volumus
2693 5135 2757 5196 ac
2803 5111 2963 5176 etiam
2990 5111 2996 5118 ’
3009 5111 3332 5196 ordinamus
3369 5111 3516 5196 quod
3545 5111 3681 5196 dicti

2039 5195 2308 5266 capellani
2336 5189 2434 5256 Seu
2483 5193 2669 5266 clerici
2702 5194 2757 5247 in
2789 5206 2894 5246 una
2924 5191 3224 5259 eademque
3254 5189 3418 5266 domo
3449 5189 3681 5240 invicem

2039 5257 2308 5331 habitent,
2367 5280 2431 5321 ac
2497 5265 2658 5320 etiam
2725 5257 3170 5328 commoremur;
3236 5257 3684 5331 quodquethper

2039 5340 2237 5403 dictos,
2270 5326 2535 5410 decanum
2594 5340 2651 5410 et
2687 5334 3005 5410 capitulum,
3059 5347 3124 5387 ac
3158 5326 3454 5410 'dilectum,
3514 5326 3683 5410 lilium

2041 5397 2398 5465 Bertra'ndum
2446 5405 2652 5462 Chariti
2699 5397 3172 5468 arbhidiacOnum,
3220 5401 3357 5471 Augi
3404 5400 3460 5471 in
3491 5397 3681 5453 eadem

2040 5479 2285 5536 Ecclesia
2333 5476 2680 5552 apostolicae
2707 5476 2854 5532 sedis
2902 5475 3189 5552 nuntium,_
3213 5470 3324 5528 una
3359 5470 3442 5526 vel
3491 5481 3680 5552 unum,

2041 5553 2237 5608 domus
2299 5539 2413 5604 sive
2476 5548 2776 5621 maner‘lum
2830 5555 2922 5621 aut
2987 5545 3284 5621 hospitium
3316 5556 3472 5621 _cum
3539 5539 3682 5621 adja-

2042 5622 2315 5688 centibus,
2346 5633 2445 5676 seu
2490 5619 2765 5691 contiguis
2802 5618 2979 5676 eidem
3027 5615 3234 5683 domui,
3283 5614 3397 5671 sive
3439 5614 3683 5669 manerio
