4100 6166
356 293 467 353 219

1477 293 1770 350 JOANNES
1804 292 2224 353 ARCHIEPISC.
2265 296 2600 355 BOTOMAG.

3616 286 3724 342 220

356 424 450 476 aut
503 417 769 489 hospitio,
822 415 1099 489 viridariis
1152 418 1265 474 sive
1329 417 1524 485 hortis,
1596 417 1868 489 domibus,
1906 416 2261 478 velAdictos
2306 422 2575 478 decanum
2619 422 2677 475 et
2700 415 3015 489 capitulum
3046 413 3320 489 pertineat
3364 411 3531 489 pieuo
3574 413 3718 489 jure.

356 487 634 557 maneriis',
683 489 795 545 sive
843 488 1116 558 hospitiis,
1149 504 1284 559 quas
1329 504 1426 545 seu
1472 503 1597 559 qua
1644 487 1776 544 dicti
1825 488 1996 545 deca-

303 575 315 587 ‘
355 577 459 617 nus
508 569 562 617 et
608 560 905 630 capitulum
962 560 1166 615 habent
1210 561 1264 615 in
1310 560 1527 615 civitate
1586 560 1993 630 Rotomagensi.

357 635 461 688 Pro
501 646 608 702 qua
649 631 985 702 habitatione
1031 631 1438 700 capellanorum
1494 644 1591 702 seu
1639 630 1989 702 clericorum,

356 700 668 774 hujusinodi
691 701 896 774 idonea
925 715 1023 756 seu
1052 702 1309 774 idoneum
1340 709 1395 774 et
1432 700 1711 774 sufficiens
1740 701 1992 774 eligatur,

357 783 412 831 et
430 771 622 829 habita
672 772 740 827 de
797 771 982 837 domo,
1033 773 1144 827 sive
1184 772 1449 837 manerio,
1481 780 1575 827 aut
1603 772 1843 842 hospitio
1873 786 1995 829 cum

358 843 735 915 adjacentihus
754 856 850 897 seu
882 842 1154 915 contiguis
1171 844 1464 909 viridariis,
1497 857 1595 915 seu
1616 843 1792 915 hortis
1813 843 1998 915 hujus-

359 912 528 983 modi,
563 915 923 971 astimatione
973 912 1140 978 fideli,
1175 916 1407 983 pretium
1449 913 1596 983 quod
1629 914 1719 969 illa
1748 914 1831 969 vel
1861 914 1995 969 illud

358 988 523 1044 fuerit
550 986 731 1042 valere
763 990 1041 1053 comperta
1071 985 1183 1040 sive
1205 992 1567 1054 compertum,
1592 984 1756 1039 dictis
1786 986 1996 1041 decano

358 1069 520 1138 438
548 1084 602 1132 et
650 1074 908 1144 capitulo,
941 1073 1024 1128 vel
1074 1074 1182 1129 alio
1226 1073 1309 1128 vel
1357 1074 1481 1129 aliis
1526 1087 1715 1130 eorum
1746 1075 1990 1142 nomine,

358 1162 458 1217 per
482 1147 729 1204 eumdem
762 1145 1010 1200 nuntium
1033 1144 1100 1200 de
1134 1145 1381 1217 pecuniis
1410 1147 1647 1201 Camera
1678 1146 1997 1214 apostolica

359 1216 608 1275 collectis
637 1232 733 1286 per
774 1230 917 1283 eum,
951 1223 1007 1271 et
1036 1216 1361 1286 colligendis
1410 1217 1648 1282 inantea,
1681 1217 1999 1272 mandamus

357 1296 548 1345 tenore
580 1288 930 1357 prasentium
979 1301 1103 1343 eum
1160 1288 1472 1357 integritate
1512 1287 1767 1357 persolvi.
1826 1290 1994 1355 Quam

355 1375 451 1416 seu
481 1360 629 1429 quod
659 1358 879 1414 domum
926 1359 1039 1429 sive
1086 1359 1408 1423 manerium,
1440 1366 1534 1413 aut
1568 1359 1904 1429 hospitium,
1937 1365 1997 1415 ut

356 1428 728 1500 pramittitur,
761 1428 1013 1499 eligenda
1041 1443 1138 1484 seu
1168 1430 1331 1484 etiam
1363 1428 1673 1500 eligendum
1705 1430 1870 1485 dictis
1899 1444 1996 1485 ca-

355 1502 588 1571 pellanis
624 1516 721 1556 seu
770 1500 990 1555 clericis
1034 1513 1249 1556 exnunc
1295 1500 1505 1567 damus,
1538 1501 1911 1567 concedimus,
1944 1508 1991 1555 et

355 1572 641 1637 donamus,
692 1576 748 1626 et
776 1571 923 1625 illam
970 1584 1068 1642 seu
1099 1571 1232 1626 illud
1263 1585 1363 1640 pro
1408 1572 1651 1642 ipsorum
1709 1572 1994 1628 cohabita-

354 1645 505 1699 tione
563 1642 857 1706 communi,
919 1640 1083 1697 etiam
1144 1640 1472 1711 deputamus
1527 1641 1705 1699 eidem
1762 1643 1997 1710 nuntio;

356 1712 973 1802 ἯΞἯΕΨΞΨΨῘΨ,
995 1713 1681 1802 ³Ηὲφτξὲἓὶοηὲἒθηάἓηὶθδ
1709 1714 1856 1802 (³Ηεῖ³
1889 1721 1996 1769 ι³¹¹¹
2016 1744 2065 1802 Β

355 1784 733 1856 astimationis
782 1784 977 1856 domus
1022 1784 1135 1856 sive
1184 1784 1410 1856 manerii
1439 1792 1548 1856 aut
1588 1785 1825 1856 hospitii
1872 1800 1997 1842 cum

354 1855 735 1925 adiacentibus
770 1855 882 1910 sive
923 1855 1198 1926 contiguis
1225 1854 1518 1921 viridariis,
1552 1855 1664 1911 sive
1694 1854 1871 1912 hortis
1898 1857 2000 1912 hu-

348 1926 590 1997 jusmodl
620 1940 781 1997 quam
810 1926 974 1981 etiam
1002 1925 1160 1980 aliam
1193 1933 1555 1995 opportunam
1591 1928 1874 1996 pecuniam
1897 1941 1997 1997 pro

354 1996 701 2067 reparatione
749 1996 943 2053 domus
987 2010 1084 2068 seu
1104 1997 1358 2068 manerii
1385 2003 1480 2052 aut
1530 1997 1755 2068 hospitii
1802 1996 1999 2068 hujus-

354 2069 526 2135 modi,
559 2082 624 2123 ac
652 2081 753 2138 pro
783 2067 1145 2138 disponendis
1172 2075 1225 2123 et
1264 2067 1585 2124 ordinandis
1612 2067 1667 2124 in
1699 2068 1791 2124 illa
1820 2068 1902 2124 vel
1934 2070 1990 2124 in

353 2139 449 2195 illo
478 2136 805 2201 necessariis
852 2136 1086 2195 officinis
1108 2152 1207 2208 pro
1228 2139 1636 2195 cohabitatione
1667 2139 1994 2196 clericorum

352 2225 451 2267 seu
508 2210 951 2281 cappellanorum
999 2212 1263 2280 ipsorum,
1297 2210 1366 2267 de
1415 2211 1663 2279 pecuniis
1691 2211 1853 2267 dicta
1900 2225 1996 2266 ca-

353 2295 518 2339 mera
550 2281 919 2350 collectisjam
940 2287 992 2336 et
1023 2281 1350 2351 colligendis
1377 2281 1606 2336 inantea-
1619 2296 1716 2351 per
1745 2281 1996 2338 eumdem

353 2352 455 2408 hac
483 2352 601 2408 vice
631 2367 749 2407 cum
792 2352 1105 2421 integritate
1136 2352 1448 2422 persolvat;
1483 2351 1755 2421 dictisque
1786 2354 1996 2409 decano

352 2430 407 2479 et
434 2424 675 2493 capitulo
707 2423 1012 2478 districtius
1042 2423 1354 2494 inhibemus
1382 2437 1451 2477 ne
1472 2423 1540 2478 de
1573 2424 1806 2493 pecunia
1835 2438 1996 2494 quam

353 2508 453 2564 pro
485 2494 663 2565 pretio
693 2494 888 2549 domus
907 2494 1025 2565 sive
1041 2493 1268 2565 hospitii
1299 2501 1391 2565 aut
1422 2494 1649 2548 manerii
1682 2493 1995 2564 hujusmodi

351 2566 420 2620 ab
458 2564 653 2621 eodem
692 2565 907 2631 nuntio,
947 2564 1030 2619 vel
1079 2564 1187 2620 alio
1244 2564 1465 2620 nomine
1506 2572 1695 2621 nostro
1751 2566 1997 2621 solvente

352 2635 640 2706 recipiant.
715 2637 1081 2704 Praterquam
1149 2635 1206 2690 in
1272 2635 1549 2705 emptione
1607 2644 1996 2706 perpetuorum

352 2706 664 2763 reddituum
695 2719 795 2775 pro
825 2706 1015 2762 eadem
1054 2706 1287 2762 ecclesia
1312 2707 1668 2783 emendorum
1698 2708 1996 2778 quidquam

351 2786 511 2858 439
546 2795 856 2865 expendere
895 2809 1006 2851 non
1042 2802 1398 2865 prasumant,
1436 2798 1797 2866 suspensione
1827 2797 1995 2852 deca-

351 2880 501 2933 num,
535 2873 591 2922 et
619 2866 938 2936 capitulum,
963 2867 1260 2935 pradictos
1288 2867 1701 2937 singularesque
1734 2881 1997 2936 personas

350 2937 575 3007 capituli
626 2937 877 3006 pradicti
908 2938 1489 2993 excommunicationis
1534 2940 1824 2994 sententia
1875 2940 1995 3007 ipso

351 3006 494 3079 facto
525 3007 833 3079 subjacercr
857 3007 1125 3074 volentes,
1157 3010 1203 3062 si
1252 3009 1586 3064 contrarium
1636 3006 1998 3079 praesumpse-

352 3064 781 3148 rintiatten'tare.
816 3078 1051 3132 Pecunia
1090 3064 1239 3143 vero,
1272 3092 1395 3148 qua
1427 3079 1495 3134 de
1527 3064 1704 3147 panis
1732 3064 1997 3136 absentia
2017 3064 2061 3123 CI

351 3147 679 3204 clericorum
723 3162 821 3203 seu
851 3148 1258 3216 capellanorum
1297 3149 1554 3204 obveniet
1582 3149 1994 3218 pradictorum,

352 3218 408 3273 in
432 3218 831 3287 reparationem
854 3226 909 3273 et
928 3219 1399 3274 conservationem
1422 3219 1617 3275 domus
1636 3221 1749 3276 sive
1770 3222 1997 3277 manerii

353 3296 447 3362 aut
477 3289 701 3362 hospitii
732 3290 1043 3362 hujusmodi
1095 3304 1192 3359 per
1240 3290 1420 3346 dictos
1458 3291 1723 3362 decanum
1756 3298 1811 3346 et
1839 3294 1997 3362 capi-

352 3360 522 3416 tulum
556 3360 852 3429 deputetur
880 3361 1137 3426 fideliter,
1170 3367 1225 3415 et
1254 3361 1596 3431 integraliter
1623 3360 1992 3429 convertatur,

351 3431 689 3502 deputando,
730 3432 873 3487 sicut
904 3432 1276 3500 pramittitur,
1309 3446 1408 3502 per
1436 3432 1617 3488 dictos
1645 3434 1911 3488 decanum
1942 3441 1999 3490 et

351 3504 651 3587 capitulum
679 3502 1261 3587 superniuspectioue,
1305 3503 1606 3587 scriptione
1635 3518 1699 3558 ac
1730 3505 1997 3587 relatione

349 3572 660 3631 defectuum
712 3572 1122 3644 pradictorum,
1164 3574 1232 3629 de
1270 3572 1471 3646 salario
1501 3589 1602 3644 per
1632 3589 1729 3646 eos
1758 3576 1838 3632 illi
1871 3590 1999 3646 pro-

351 3653 538 3716 pterea
594 3647 897 3702 constituto
944 3646 1142 3701 exinde
1199 3645 1454 3715 primitus
1502 3645 1805 3710 satisfacto,
1856 3645 1999 3703 sicut

348 3717 544 3774 satistit
573 3716 790 3772 custodi
837 3717 1070 3772 aliorum
1112 3716 1389 3772 sexdecim
1419 3717 1743 3773 clericorum
1775 3733 1871 3773 seu
1903 3733 1997 3774 ca-

349 3787 711 3858 pellanorum,
760 3795 1082 3858 vocatorum
1114 3787 1181 3858 de
1230 3788 1592 3855 Darnestallo,
1624 3789 1999 3846 institutorum

349 3857 407 3913 in
437 3858 627 3913 eadem
657 3857 890 3913 ecclesia
922 3858 989 3912 ab
1020 3857 1269 3928 antiquo.

423 3945 720 4016 Statuimus
749 3946 976 4013 insuper
1002 3958 1085 4016 ac~
1100 3944 1263 4000 etiam
1292 3944 1611 4001 ordinamus
1640 3947 1788 4016 quod
1819 3947 2003 4005 nullus

352 4015 420 4071 ad
450 4014 745 4071 clericatus
773 4029 870 4069 seu
901 4014 1233 4083 capellanias
1272 4016 1581 4085 hujusmodi
1630 4014 1687 4072 in
1740 4018 2001 4074 clericum

351 4100 449 4142 seu
489 4085 830 4155 capellanum
881 4085 1180 4154 recipiatur
1208 4092 1301 4141 aut
1330 4088 1492 4142 etiam
1524 4088 1862 4155 admittatur,
1892 4091 1997 4146 nisi

352 4155 670 4227 psalterium
694 4163 749 4212 et
778 4157 1221 4226 antiphonarium
1246 4171 1344 4226 per
1369 4157 1628 4213 historias
1649 4160 1817 4215 corde
1842 4169 2002 4217 tenus

350 4227 702 4301 recitaverit;
735 4228 819 4301 vel
866 4228 912 4283 si
953 4228 1087 4301 italis
1128 4241 1239 4284 non
1272 4227 1713 4301 possetforsitan
1746 4232 1998 4301 reperiri,

350 4299 543 4372 saltem
591 4300 685 4368 qui
734 4299 802 4372 ad
852 4298 1168 4372 psalterium
1194 4306 1264 4372 et
1307 4300 1772 4372 antiphonarium,
1806 4298 2003 4372 hujus-

2073 494 2282 562 Quibus
2311 494 2471 549 etiam
2502 492 2711 549 decano
2731 483 2788 562 et
2814 483 3077 562 capitulo,
3107 485 3234 540 illos
3272 498 3341 540 ex
3368 483 3577 562 eisdem
3615 484 3724 562 cleo

2076 555 2209 620 ficis
2236 578 2333 620 seu
2364 562 2661 634 capellanis
2698 561 2792 634 qui
2836 555 2977 634 ultra
3017 557 3157 634 duos
3192 569 3419 634 menses
3455 555 3723 634 absentes

2076 636 2279 692 fuerint
2306 625 2615 691 sine'causa
2637 625 2877 701 legitima
2907 629 2975 684 ab
3005 627 3238 701 ecclesia
3267 625 3606 701 supradicta,
3637 625 3721 701 vel

2079 721 2178 777 pro
2216 706 2339 761 aliis
2389 696 2779 777 justisicau'sis
2843 699 3195 777 clericatibus
3248 712 3347 752 seu
3403 696 3724 777 capellaniis

2078 768 2267 834 eorum
2297 768 2607 846 huiusmodi
2640 773 2787 843 (post
2805 779 2985 827 tamen
3016 770 3300 846 decessum
3322 768 3592 846 nostrum}
3615 768 3727 836 pri-

2077 849 2330 913 vandum,
2364 838 2418 903 et
2463 838 2754 902 clericatus
2785 858 2881 899 seu
2922 840 3253 911 capellanias
3281 838 3594 913 hujusmodi
3628 852 3725 913 per

2078 909 2388 989 hujusmodi
2412 918 2769 988 privationem
2790 909 3066 969 vacantes.
3093 912 3344 981 personis
3358 909 3480 965 aliis
3510 909 3725 964 idoneis

2078 1000 2213 1070 44l
2257 1008 2338 1079 (ut
2368 1000 3373 1079 prafertur),scientibuspsalterium
3394 1004 3449 1079 e_t
3473 998 3728 1079 antipho-

2077 1070 2288 1135 narium
2338 1070 2592 1143 recitare,
2625 1070 2708 1132 vel
2742 1075 2885 1144 aptis
2941 1081 2997 1128 et
3035 1071 3317 1144 habilibus
3365 1070 3433 1144 a_d
3480 1071 3721 1144 recitan-

2077 1152 2203 1206 dum
2236 1150 2425 1205 eadem
2454 1140 2791 1205 conferendi
2806 1145 2967 1214 plena
2997 1150 3051 1199 et
3073 1143 3246 1198 libera
3264 1141 3346 1214 sit
3374 1140 3623 1195 facultas.
3649 1142 3722 1214 De

2078 1223 2236 1277 libris
2278 1235 2519 1291 quoque,
2568 1232 2783 1291 necnon
2807 1211 3103 1291 calicibus
3132 1221 3204 1291 et_
3228 1212 3351 1291 aliis
3389 1211 3726 1291 ornamentis

2077 1293 2145 1348 ad
2182 1283 2374 1347 missas
2393 1283 2448 1346 ét
2476 1283 2582 1345 alia
2602 1287 3006 1351 divina'olﬁcia,
3031 1299 3130 1354 per
3157 1284 3393 1340 clericos
3416 1297 3515 1337 seu
3545 1283 3727 1351 capel-

2078 1363 2234 1418 lanos
2262 1362 2610 1426 celebranda,
2644 1361 2699 1416 in
2730 1362 2847 1429 ipsa
2877 1356 3110 1413 ecclesia
3130 1361 3441 1429 opportuna
3464 1354 3726 1409 decenter

2078 1435 2332 1490 duximus
2367 1427 2784 1503 providendum,
2826 1435 3011 1503 etpro
3041 1427 3459 1497 supportatione
3491 1438 3723 1503 onerum

2081 1496 2486 1563 nramissoi'um
2516 1517 2727 1559 annuos
2768 1496 3024 1556 redditus
3053 1496 3418 1554 trecentarum
3450 1504 3505 1551 et
3532 1496 3724 1565 viginti

2084 1579 2339 1631 ..brarum
2370 1572 3114 1645 parvarumﬂTuronensium,
3154 1582 3296 1638 quos
3328 1568 3433 1622 emi
3463 1574 3518 1622 et
3546 1581 3725 1645 amor:

2084 1648 2236 1703 tizari
2266 1638 2516 1712 fecimus,
2541 1652 2597 1701 et
2625 1644 2763 1700 alios
2792 1642 3040 1698 redditus
3068 1640 3503 1712 ducentarumet
3532 1638 3724 1709 viginti

2086 1719 2345 1774 librarum
2404 1709 2653 1782 aliarum,
2695 1728 2835 1783 quos
2884 1720 3085 1783 prater
3130 1711 3351 1783 domum
3396 1709 3511 1765 sive
3541 1723 3724 1764 mane-

2085 1790 2246 1855 rium,
2274 1789 2358 1845 vel
2390 1788 2687 1858 hospitium
2715 1781 3037 1858 hujusmodi
3068 1783 3173 1838 emi
3213 1781 3461 1858 volumus
3488 1784 3544 1835 et
3573 1794 3724 1858 man-

2081 1850 2292 1927 damus,
2316 1867 2372 1916 et
2392 1850 2743 1929 pro'quorum
2774 1850 3171 1929 emptioneper
3191 1850 3442 1929 eumdem
3471 1852 3722 1929 nuntium

2080 1932 2228 1988 mille
2257 1922 2614 2002 septuaginta
2638 1934 2793 1984 scuta
2822 1922 2988 1982 aurea
3016 1922 3182 1981 dictis
3210 1923 3452 2002 capitulo
3488 1922 3630 1993 [add.
3666 1929 3722 1978 et

2081 1994 2481 2072 decano]'jam'
2508 1999 2780 2071 assignata
2827 2005 2976 2064 sunt,
3016 2004 3073 2072 et
3116 1994 3396 2072 residuum
3447 2007 3546 2072 per
3595 2007 3720 2049 eum

2079 2074 2216 2130 solvi
2270 2064 2648 2143 pracipimus'
2672 2078 2865 2126 tenore
2913 2067 3285 2143 praSentium,
3322 2064 3716 2143 _et.jubemus.

2077 2135 2303 2200 Exnunc
2332 2135 2657 2199 auctoritate
2688 2135 3021 2211 deputamus,
3050 2138 3272 2211 eadem,
3305 2135 3579 2211 dictisque
3609 2135 3718 2211 ide-

2079 2230 2216 2271 cano
2247 2222 2302 2271 et
2333 2214 2572 2285 capitulo
2595 2206 2909 2285 huiusmodi
2931 2209 3178 2266 redditus
3199 2214 3307 2285 tam
3330 2214 3545 2285 emptos
3558 2206 3719 2278 (sicut

2079 2278 2415 2357 pradiciturl
2445 2299 2607 2355 quam
2637 2278 2899 2339 emendos
2919 2294 3132 2357 exnunc
3152 2281 3313 2357 etiam
3342 2278 3552 2357 damus,
3572 2290 3718 2357 con-

2080 2348 2326 2413 cedimus
2355 2363 2410 2412 et
2460 2348 2747 2421 donamus,
2790 2361 2845 2409 et
2872 2352 3121 2408 volumus
3165 2350 3313 2421 quod
3340 2349 3533 2421 liceat
3555 2348 3718 2404 dictis

2078 2429 2289 2485 decano
2320 2434 2375 2482 et
2399 2426 2639 2497 capitulo
2659 2419 3061 2496 pessessionem
3082 2419 3350 2497 ejusmodi
3382 2419 3716 2497 reddituum,

2080 2505 2139 2555 ut
2168 2490 2482 2568 ubicunque
2513 2504 2569 2553 et
2598 2490 3449 2568 in'quibuscunqucconsistant,
3482 2490 3721 2568 auctori-

2080 2577 2189 2627 tate
2222 2563 2464 2640 ipsortim
2512 2563 2736 2639 propria
2782 2581 2978 2637 capere
3013 2563 3079 2621 'et
3132 2563 3395 2628 nancisci,
3428 2575 3633 2632 eosque
3662 2563 3717 2616 in

2080 2673 2211 2714 usus
2230 2657 2544 2728 hujusmodi
2575 2663 2917 2728 convertere,
2934 2656 3089 2724 juxta
3104 2652 3325 2709 modum
3516 2658 3592 2728 _et_
3615 2648 3725 2706 for-

2080 2744 2219 2785 mam
2251 2722 2505 2799 superius
2534 2741 2861 2798 expressos;
2895 2722 2970 2799 ita
2998 2732 3180 2780 tamen
3215 2723 3364 2792 quod
3390 2722 3722 2799 dicti‘deca-

2079 2815 2183 2855 nus
2207 2808 2263 2856 et
2299 2793 2728 2869 capitulum—pro
2759 2812 2818 2852 se
2847 2797 3070 2866 suisque
3094 2793 3722 2869 successoribusjurent

2080 2880 2136 2927 et
2181 2871 2323 2927 bona
2367 2864 2479 2925 'tide
2524 2864 2864 2939 promittant,
2914 2864 2998 2922 ac'
3026 2881 3085 2921 se
3133 2864 3430 2939 efﬁcaciter
3476 2864 3723 2939 obligent

2079 2942 2248 3011 quod,
2301 2955 2401 3011 pro
2450 2934 2799 3010 reparatione
2847 2938 3360 3011 etconservatione
3400 2934 3722 3011 .hujusmodi

2079 3006 2317 3079 domus,‘
2344 3006 2571 3067 manerii
2619 3025 2716 3066 seu
2766 3010 3010 3079 hospitii,
3044 3009 3186 3063 ultra
3215 3006 3503 3077 pecuniam
3533 3019 3721 3076 poena-

2080 3024 2295 3079 domus,
2344 3025 2571 3067 maneru
2619 3025 2716 3066 seu
2766 3024 3010 3135 nosguu,
3044 3024 3186 3063 ultra
3215 3024 3503 3077 pecuniam
3533 3024 3721 3076 poena-

2080 3097 2199 3139 rum
2230 3091 2285 3138 et
2314 3082 2826 3138 condemnationem
2916 3079 3187 3149 ujusmodi
3237 3090 3505 3147 expensas
3533 3091 3724 3149 neces-

2079 3155 2251 3211 sarias
2279 3152 2481 3209 facient
2502 3160 2557 3209 et
2576 3153 2859 3217 subibunt,
2883 3147 3106 3221 etquod
3128 3149 3442 3221 hujusmodi
3473 3147 3724 3221 redditus

2078 3225 2315 3281 ﬁdeliter
2351 3224 2634 3295 colligent,
2665 3224 2901 3295 illosque
2930 3236 3145 3295 necnon
3177 3235 3283 3282 res,
3321 3220 3443 3295 loca
3472 3226 3527 3274 et
3555 3220 3721 3284 bona,

2080 3299 2134 3351 in
2165 3297 2368 3366 quibus
2396 3291 2728 3359 consistunt,
2756 3291 3055 3350 defendent
3075 3298 3130 3348 et
3160 3291 3583 3366 conservabunt,
3621 3303 3722 3360 pro

2077 3362 2304 3433 viribus,
2337 3367 2481 3422 sicut
2508 3366 2614 3421 alia
2652 3366 2795 3421 bona
2834 3372 2891 3420 et
2920 3366 3043 3434 jura
3072 3362 3637 3434 eorumcommunia;
3670 3368 3725 3416 et

2079 3438 2228 3508 quod
2259 3438 2479 3493 clericis
2507 3452 2602 3492 seu
2644 3432 2942 3507 capellanis
2980 3436 3186 3508 eisdem
3214 3432 3722 3508 _s_tipendia_e_or_um,

2080 3503 2277 3590 ordine
2339 3510 2669 3590 prascripto
2711 3503 3139 3590 perpetuo-de
3196 3503 3725 3590 dictisﬁredditibtis

2080 3581 2278 3649 emptis
2302 3573 2796 3657 et_emendis,__cuni
2829 3573 3153 3657 i'utegritate
3166 3575 3518 3657 persolvent;
3553 3573 3727 3657 quod-

2080 3645 2188 3721 que
2218 3650 2555 3706 satisfacient
2583 3651 2707 3705 aliis
2747 3645 2968 3705 duobus
3002 3646 3301 3716 capellanis
3332 3645 3636 3721 perpetuis,
3666 3645 3723 3700 in

2081 3716 2272 3778 eadem
2301 3722 2534 3778 ecclesia
2566 3736 2666 3792 per
2694 3735 2806 3792 nos,
2825 3734 2947 3792 cum
2971 3732 3303 3788 praeramus
3330 3716 3507 3772 eidem
3539 3716 3725 3792 hacte-

2082 3808 2186 3849 nus
2214 3794 2499 3858 institutis,
2527 3787 2680 3861 juxta
2710 3787 3111 3848 ordiuatidnem
3142 3796 3382 3861 nostram
3410 3801 3577 3857 super
3605 3787 3724 3861 hac

2082 3864 2287 3919 dudum
2319 3857 2620 3918 factam'de
2669 3862 2959 3932 stipendiis
2999 3859 3352 3925 eorumdem;
3394 3872 3494 3932 pro
3525 3857 3725 3932 quibus

2083 3936 2245 3990 etiam
2274 3934 2566 4003 stipendiis
2612 3927 2794 3989 certos
2831 3931 3081 3987 redditus
3109 3931 3363 3985 duximus
3390 3929 3524 4003 aiias
3552 3927 3724 3997 depu-

2083 4005 2299 4071 tandos,
2344 3998 2486 4060 sicut
2530 4011 2759 4073 apparet
2805 4018 2905 4073 per
2953 4004 3312 4073 instrumenta
3348 3998 3723 4073 publicaqua

2082 4070 2293 4131 exinde
2328 4084 2455 4131 sunt
2503 4070 2897 4139 confecta—et
2934 4073 3081 4143 quod
3127 4072 3527 4143 solemnitatem
3577 4070 3724 4143 beati

2081 4146 2341 4202 Martialis
2370 4153 2425 4201 et
2461 4146 2849 4209 anniversaria,
2902 4140 3001 4215 per
3047 4158 3148 4199 nos
3194 4145 3249 4215 in
3299 4142 3444 4197 dicta
3492 4140 3726 4196 ecclesia

2082 4217 2332 4273 facienda
2362 4218 2521 4271 annis
2559 4217 2789 4288 singulis
2836 4216 3100 4288 hactenus
3136 4214 3406 4288 ordinata,
3429 4216 3722 4288 peragent,

2084 4296 2139 4345 ct
2170 4288 2305 4344 duas
2346 4289 2539 4344 missas
2567 4282 2703 4358 quas
2741 4288 2847 4357 ipsi
2876 4287 3118 4342 decanus
3147 4292 3202 4341 et
3238 4284 3533 4354 capitulum
3565 4282 3727 4338 nobis

350 4370 497 4427 modi
532 4362 866 4441 prascripto'
897 4371 1063 4427 modo
1093 4362 1455 4438 recitandum,
1488 4371 1628 4428 infra
1658 4362 1937 4429 bienniu'm
1969 4377 2138 4447 aDin
2169 4378 2516 4447 promotione
2546 4383 2734 4433 nostra
2763 4376 2831 4431 ad
2861 4375 3070 4445 apicem
3102 4372 3423 4447 apostolica
3452 4362 3725 4447 443m-

350 4460 689 4529 receptionis
715 4473 830 4515 sua
869 4465 1118 4529 tempore
1148 4461 1574 4529 computandum
1617 4462 1818 4517 habilis
1839 4454 1997 4523 440

347 4532 422 4587 sit
440 4538 498 4587 et
525 4538 704 4600 aptus.
731 4532 870 4586 Sane
900 4530 969 4585 de
999 4531 1494 4600 circumspectione
1522 4546 1586 4587 ac
1615 4534 1889 4602 probitate
1918 4534 2001 4588 di-

349 4603 479 4658 lecti
511 4602 854 4657 ﬁliiJoannis
881 4602 951 4657 de
975 4603 1338 4668 Novancuria,
1371 4603 1745 4661 archidiaconi
1779 4604 1999 4660 Vulcas-

350 4674 456 4744 sini
504 4673 770 4738 Francia,
828 4673 883 4728 in
936 4673 1125 4729 eadem
1169 4672 1425 4740 ecclesia,
1493 4674 1707 4744 plenam
1769 4677 1996 4732 Domino

351 4743 606 4815 ﬁduciam
628 4745 965 4815 obtinentes,
1001 4744 1271 4810 volumus,
1294 4750 1350 4799 et
1377 4743 1704 4802 auctoritate
1736 4747 2000 4815 pradicta

352 4814 516 4897 etiam
547 4814 1041 4897 ordinamusquod
1071 4815 1314 4897 quandiu
1344 4816 1619 4897 egerimus
1642 4818 1703 4897 in
1722 4814 1996 4897 humanis,

352 4886 473 4955 ipse
521 4883 628 4957 vel
661 4886 710 4939 si
757 4883 1106 4957 contingeret
1168 4900 1291 4943 eum
1340 4883 1558 4944 interim
1605 4889 1674 4943 ab
1720 4888 1823 4943 hac
1876 4889 1998 4945 luce

350 4954 668 5042 substra'hii
690 4958 931 5042 ρει-Περ*
954 4954 1130 5042 aliam.
1152 4957 1473 5042 dignitatem
1502 4960 1812 5042 promoveri
1840 4961 1999 5042 ;_sive

353 5028 399 5083 si
429 5026 854 5084 archidiaconus
891 5029 1191 5085 Vulcassini
1218 5026 1468 5086 Francia
1498 5026 1555 5085 in
1592 5030 1738 5088 dicta
1768 5030 2000 5087 ecclesia

353 5098 652 5180 desineret,
684 5097 827 5154 alius
855 5112 1016 5180 quem
1046 5101 1117 5180 ad
1141 5101 1273 5180 .hoc
1322 5100 1640 5180 duxerimus
1686 5101 1998 5180 eligendum

355 5168 648 5243 clericatus
670 5170 1122 5243 seuucapellanias
1140 5171 1454 5241 hujusmodl
1485 5179 1591 5228 tam
1622 5172 1725 5228 hac
1754 5168 1869 5228 vice
1891 5174 2002 5243 pri-

356 5240 527 5295 maria
555 5254 716 5310 quam
748 5240 949 5297 deinde
996 5240 1327 5307 successive,
1359 5244 1580 5312 quoties
1609 5242 1736 5299 illos
1764 5244 1847 5299 vel
1879 5240 2002 5300 illas

355 5324 549 5394 vacare
595 5312 911 5394 contigerit,
958 5314 1211 5394 personis
1264 5313 1863 5394 idoneis,__scientibus
1916 5316 1998 5394 vel

355 5381 653 5456 habilibus,
702 5381 770 5439 et'
794 5383 938 5454 aptis
976 5383 1051 5456 ad
1099 5384 1381 5441 sciendum
1422 5385 1736 5456 psalterium
1768 5393 1825 5442 et
1852 5388 1999 5442 anti-

358 5452 708 5525 phonarium,
740 5460 801 5511 ut
830 5452 1179 5525 pradicitur,
1214 5452 1467 5522 recitare,
1507 5457 1834 5514 auctoritate
1864 5470 1999 5513 nos-

358 5522 444 5607 tra
471 5522 721 5607 conferat
767 5522 1113 5607 et'assignet.
1136 5526 1716 5607 _Quodque._nobis_ab
1745 5526 1854 5607 hac
1877 5527 2001 5607 luce

358 5594 663 5657 subtractis
701 5594 1087 5667 ipsorum'vel
1131 5594 1372 5671 ipsarum
1402 5598 1574 5657 libera
1603 5598 1894 5670 dispositio
1930 5599 1999 5656 ad

2081 4440 2307 4519 gni'tatis
2334 4448 2612 4504 annuatim
2645 4461 2745 4518 pro
2765 4440 2940 4502 salute
2970 4440 3176 4509 nostra,
3200 4444 3443 4519 quandiu
3470 4440 3727 4519 videlicet

2081 4512 2355 4590 Egerimus
2383 4520 2438 4575 in
2477 4512 2747 4583 humanis,
2779 4532 2843 4573 ac
2890 4525 3177 4586 postquam
3217 4512 3629 4585 migraverimus
3652 4512 3725 4590 ab

2079 4583 2182 4646 hac
2211 4591 2334 4647 luce
2365 4604 2464 4656 pro
2516 4590 2760 4646 remedio
2807 4583 3002 4644 anima
3034 4583 3253 4643 nostra
3286 4583 3552 4656 perpetuo
3581 4583 3727 4639 cele-

2080 4606 2182 4646 nac
2211 4606 2334 4647 luce
2402 4606 2464 4647 ro
2516 4606 2760 4646 remeate
2807 4606 3002 4644 anima
3051 4606 3253 4643 nosu'a
3286 4606 3552 4656 pel'pewu
3581 4606 3726 4639 cut:-

2080 4661 2319 4717 brandas
2365 4606 2600 4732 &add.
2651 4658 2984 4732 statuerint],
3032 4657 3726 4732 unam_videlic_et_uo_nas

2079 4734 2226 4799 Maii,
2257 4725 2394 4858 (μηδ’
2411 4731 2668 4813 videlicet
2689 4730 2802 4812 _die
2849 4725 3119 4811 assumpti
3150 4728 3351 4784 fuimus
3386 4728 3456 4784 ad
3486 4725 3724 4782 officium

2081 4812 2277 4858 anosto
2304 4818 2402 4858 ica
2453 4808 2752 4858 servrtutis.
2794 4807 2850 4856 et
2877 4800 3036 4855 altam
3066 4800 3156 4857 die
3187 4799 3280 4854 illa
3308 4813 3413 4858 qua
3452 4797 3724 4853 voluerint

2081 4797 2402 4874 apostolica
2453 4802 2752 4874 servitutis,
2794 4807 2850 4856 et
2877 4797 3050 4874 aliam
3066 4800 3156 4857 die
3187 4799 3280 4874 ilia
3308 4797 3726 4874 qua___vol_uerint

2081 4868 2323 4930 decanus
2352 4880 2405 4929 et
2434 4873 2731 4943 capitulum
2761 4872 3045 4943 antedicti,
3070 4868 3352 4943 praedictis
3371 4868 3493 4924 aliis
3513 4868 3727 4943 duabus

2080 4946 2263 5002 missis
2292 4960 2391 5015 per
2419 4939 2521 5001 nos
2550 4945 2605 4999 in
2636 4944 2783 5015 dicta
2812 4942 3047 5015 ecclesia
3073 4939 3362 5015 institutis,
3395 4947 3454 4996 ut
3483 4939 3726 5009 pramit-

2081 5017 2235 5083 titur,
2278 5012 2626 5072 celebrandis
2653 5014 2709 5070 in
2738 5015 2855 5071 suis
2882 5013 3079 5071 diebus
3106 5019 3163 5069 et
3191 5012 3407 5078 ordine,
3440 5021 3728 5067 remanen-

2080 5088 2229 5144 tibus
2257 5087 2556 5145 consuetis.

2152 5178 2421 5232 Caterum
2471 5187 2540 5229 ne
2585 5172 2769 5229 forsan
2818 5188 2886 5231 ex
2923 5172 3118 5229 decani
3165 5170 3413 5228 absentia
3442 5167 3727 5238 contingat

2080 5246 2413 5303 voluntatem
2461 5252 2518 5301 et
2563 5244 2907 5302 affectionem
2957 5250 3197 5300 nostram
3235 5243 3383 5298 circa
3415 5239 3726 5311 pramissas

2081 5318 2480 5383 ordinationes,
2502 5323 2596 5372 aut
2615 5331 2799 5373 earum
2825 5316 3037 5386 aliquas
3064 5315 3148 5386 vel
3178 5309 3428 5384 aliquam
3444 5309 3724 5386 impediri,

2080 5389 2164 5443 vel
2197 5387 2358 5443 etiam
2389 5387 2677 5455 retardari,
2716 5383 3006 5459 adjicinius
3032 5383 3377 5459 declarantes
3404 5383 3552 5459 quod
3585 5395 3727 5451 pra-

2081 5460 2246 5514 missa
2277 5459 2458 5515 omnia
2506 5467 2559 5515 et
2598 5454 2813 5530 singula
2841 5459 3092 5516 volumus
3120 5471 3220 5527 per
3246 5456 3428 5530 dictos
3455 5454 3724 5530 decanum

2082 5536 2140 5586 et
2158 5530 2478 5600 capitulum,
2500 5544 2611 5588 non
2630 5524 2824 5588 vocato
2853 5543 2958 5587 nec
2977 5524 3295 5599 exspectato
3314 5527 3466 5600 dicto
3485 5524 3718 5600 decano,

2082 5602 2130 5658 si
2185 5592 2326 5660 forte
2378 5592 2544 5660 fuerit
2597 5603 2798 5660 absens
2861 5592 3094 5673 (servata
3139 5606 3321 5656 tamen
3364 5597 3500 5654 alias
3528 5592 3718 5663 forma)
