4100 6166
340 308 449 365 223

1462 309 1757 366 JOANNES
1791 307 2209 367 ARCHIEPISC.
2249 304 2581 362 ROTOMAG.

3601 301 3707 357 224

340 434 494 501 sitas,
516 431 649 491 licet
667 432 864 490 diffusa
883 432 1136 491 videatur
1164 433 1495 491 exundantis
1515 433 1691 504 copiae
1722 432 2262 505 largitate,Avenda.
2303 430 2520 487 Similes
2564 432 2691 485 sunt
2740 426 2969 505 diabolo
3006 427 3149 498 patri
3195 439 3332 494 suo,
3381 427 3476 498 qui
3523 427 3705 484 statim

341 506 526 561 unitas
554 513 735 562 tamen
766 513 1014 561 servatur
1041 507 1096 561 in
1129 507 1363 576 origine.
1396 505 1580 561 Avelle
1612 505 1820 562 radium
1853 506 1988 563 solis

343 591 375 632 a
405 590 661 647 corpore,
693 576 1016 633 divisionem
1050 577 1189 633 lucis
1218 577 1399 632 unitas
1428 589 1538 632 non
1570 576 1755 645 capit;
1803 577 1871 632 ab
1901 592 1988 633 ar-

344 648 480 704 bore
509 646 699 718 frange
729 662 958 715 ramum,
992 647 1196 704 tractus
1220 648 1527 717 germinare
1545 660 1655 702 non
1671 648 1914 717 poterit;
1953 663 1984 704 a

344 718 495 775 fonte
529 719 1044 787 praescinderivum,
1071 719 1333 788 prmcisus
1361 718 1583 772 arescit.
1617 718 1704 773 Sic
1742 719 1987 775 Ecclesia

344 790 558 845 Domini
602 790 724 845 luce
755 789 973 860 perfusa
1008 804 1115 860 per
1156 794 1328 844 totum
1377 789 1572 860 orbem,
1623 789 1810 845 radios
1855 804 1988 846 suos

345 860 614 931 porrigit;
665 859 830 915 unum
881 867 1058 915 tamen
1104 859 1285 915 lumen
1334 859 1482 928 quod
1526 859 1732 930 ubique
1779 859 1985 917 diffun-

344 948 529 1015 ditur,
579 962 683 1004 nec
727 941 882 1010 449
915 948 1094 1004 unitas
1140 948 1390 1018 corporis
1436 955 1739 1017 separatur.
1789 950 1989 1007 Ramos

341 1033 472 1075 suos
516 1019 573 1074 in
621 1021 923 1075 universam
974 1025 1171 1074 terram
1220 1020 1380 1088 copia
1419 1020 1686 1076 ubertatis
1715 1021 1981 1088 extendit,

343 1091 678 1160 proﬂuentes
723 1090 949 1160 largiter
977 1091 1122 1145 rivos
1151 1089 1315 1145 latius
1344 1089 1642 1160 expandit;
1693 1105 1859 1146 unum
1889 1106 1984 1147 ca-

343 1167 441 1230 put
479 1167 656 1216 tamen
679 1165 763 1216 est
780 1161 1011 1232 etorigo
1042 1175 1169 1228 una,
1202 1166 1258 1216 et
1294 1174 1403 1216 una
1431 1167 1605 1217 mater
1634 1161 1985 1219 fecunditatis

343 1231 702 1303 successibus
717 1231 964 1301 copiosa.
993 1250 1019 1281 »
1047 1233 1116 1299 (S.
1161 1234 1331 1287 Crrn.
1364 1233 1442 1287 De
1469 1233 1667 1288 unitate
1694 1232 1985 1303 Ecclesiw.)

413 1303 645 1370 Propter
690 1301 832 1357 hanc
880 1303 1144 1358 unitatem
1193 1303 1652 1369 conservandam,
1702 1311 1763 1359 ut
1810 1301 1984 1370 agnus

338 1372 538 1444 veteris
576 1372 714 1442 legis
752 1373 847 1442 qui
894 1374 952 1428 in
1001 1372 1171 1444 ﬁgura
1210 1374 1415 1429 Christi
1445 1375 1721 1429 occiditur
1748 1376 1803 1429 in
1831 1372 1981 1430 domo

342 1458 447 1497 una
476 1443 737 1516 ederetur,
758 1459 862 1499 non
890 1443 1107 1513 ejicietis
1135 1445 1199 1499 de
1218 1445 1369 1499 domo
1389 1460 1597 1500 carnem
1616 1446 1762 1516 foras
1782 1446 1980 1511 (Exod.

328 1528 436 1586 ¹ιιιι,
485 1513 596 1579 46.)
647 1516 786 1569 Caro
833 1516 1035 1569 Christi
1085 1521 1140 1586 et
1184 1522 1580 1571 sacramentum
1611 1513 1826 1572 Domini
1857 1517 1982 1586 ejici

341 1583 487 1639 foras
534 1590 1049 1657 non_potest,_nec
1096 1585 1201 1640 alia
1248 1587 1357 1641 ulla
1387 1586 1743 1643 credentibus
1780 1583 1983 1657 printer

343 1669 502 1709 unam
554 1655 850 1710 Ecclesiam
900 1655 1095 1712 domus
1142 1662 1261 1723 est;
1312 1657 1453 1713 hanc
1499 1659 1718 1714 domum
1759 1655 1987 1715 unitatis

342 1725 646 1798 hospitium
660 1725 943 1798 designat,
977 1734 1032 1782 et
1080 1726 1367 1782 denuntiat
1414 1729 1650 1798 Spiritus
1678 1734 1902 1785 sanctus
1926 1731 1984 1785 in

344 1795 569 1877 psalmis
617 1795 816 1877 dicens
848 1817 861 1852 :
912 1799 1195 1877 Deusﬂqui
1226 1795 1518 1877 inhabitare
1556 1802 1685 1877 [aoit
1713 1802 1981 1877 unanimes

344 1866 400 1919 in
428 1866 578 1920 domo
622 1866 801 1937 (Psal:
839 1883 1002 1929 vau,
1045 1866 1130 1935 7)‘.
1176 1870 1235 1923 ln
1275 1869 1438 1925 domo
1484 1866 1601 1937 Dei,
1635 1871 1689 1926 in
1739 1872 1982 1928 Ecclesia

346 1937 441 1991 Dei
489 1938 1089 2012 unanimesﬁhabitant,
1124 1940 1233 2012 qui
1265 1941 1571 1997 concordes
1608 1947 1663 1996 et
1700 1942 1982 2012 simplices

347 2014 719 2080 perseverant.
770 2011 941 2078 Hujus
989 2011 1156 2080 igitur
1184 2011 1585 2077 observatione,
1618 2011 1821 2068 fratres
1844 2014 1980 2069 cha-

342 2077 565 2144 rissimi,
596 2079 769 2135 voluit
800 2077 1059 2135 Dominus
1088 2095 1185 2149 per
1203 2095 1368 2137 unum
1391 2082 1662 2139 aediﬁcare
1684 2084 1981 2140 Ecclesiam

343 2162 494 2226 suam
543 2164 709 2220 super
737 2150 909 2226 illum,
942 2152 1029 2226 cui
1062 2152 1209 2226 dixit
1241 2155 1385 2226 :_Tu
1430 2169 1485 2207 es
1526 2156 1709 2209 Petrus
1743 2160 1792 2226 et
1828 2169 1985 2226 super

346 2218 481 2294 hanc
524 2218 724 2294 petram
770 2222 1038 2294 aediﬁcabo
1080 2222 1372 2280 Ecclesiam
1416 2239 1603 2292 meam,
1635 2230 1683 2280 et
1722 2225 1813 2280 tibi
1844 2218 1979 2281 dabo

347 2288 537 2367 claves
564 2292 710 2360 regni
740 2288 1017 2367 rcmlorum,
1067 2300 1139 2367 et_
1161 2295 1496 2367 quodcunque
1540 2288 1783 2363 ligaveris
1828 2310 1985 2367 super

347 2311 520 2344 claves
564 2311 708 2360 regni
754 2311 1017 2360 enatorum,
1067 2311 1116 2349 et
1152 2311 1496 2417 guoacunque
1540 2311 1783 2363 ligaveris
1828 2311 1985 2367 super

346 2364 567 2434 terram,
592 2368 698 2416 etc.
733 2364 940 2433 (Matth.
971 2380 1085 2431 xv1,
1123 2363 1143 2416 1
1193 2407 1207 2434 ,
1246 2365 1351 2430 19).
1387 2368 1452 2421 Et
1481 2371 1535 2421 tu
1562 2382 1837 2422 conversus
1866 2382 1986 2421 con-

344 2430 497 2502 ﬁrma
535 2430 747 2501 fratres
779 2438 895 2489 tuos
942 2430 1086 2501 (Luc,
1129 2430 1261 2501 xx'n,
1303 2435 1415 2491 32).
1448 2438 1642 2492 Petrus
1672 2444 1755 2493 est
1783 2436 1983 2493 funda-

346 2506 589 2557 mentum
627 2504 715 2559 cui
744 2505 1001 2560 innititur
1028 2506 1293 2572 Ecclesia,
1333 2507 1461 2562 ﬁdei
1504 2509 1649 2563 enim
1698 2509 1846 2564 illius
1891 2509 1985 2564 de-

346 2572 481 2650 bent
519 2575 708 2650 omnia
754 2575 861 2630 alia
907 2577 1149 2650 membra
1180 2577 1502 2650 adhaerere,
1546 2580 1802 2650 magister
1838 2581 1983 2635 enim

345 2647 416 2719 et
448 2643 707 2719 princeps
731 2647 1126 2719 apostolorum
1174 2648 1301 2703 ideo
1345 2643 1521 2704 factus
1558 2643 1661 2715 est',
1695 2658 1750 2705 et
1796 2658 1985 2719 pastor

346 2713 607 2787 ﬁdeiium,
646 2713 776 2785 quia
790 2713 860 2772 in
892 2718 997 2773 ﬁde
1028 2719 1349 2787 praevaluit;
1399 2734 1521 2775 cum
1550 2713 1694 2776 enim
1724 2713 1985 2778 Dominus

348 2783 417 2839 de
447 2784 554 2841 ﬁde
582 2783 805 2842 suorum
844 2783 1197 2860 investigaret
1233 2783 1461 2846 dicens:
1505 2794 1604 2847 Vos
1631 2797 1801 2848 autem
1838 2808 1984 2863 quem

346 2863 510 2949 {:50
560 2889 640 2949 me
686 2876 1019 2949 essedieitis
1079 2877 1296 2948 (Matth.
1347 2894 1475 2944 m,
1532 2879 1636 2946 ιδ),
1695 2879 1986 2949 respondit

350 2944 543 2999 Petrus
571 2945 714 3000 sicut
742 2947 1024 3003 robustior
1052 2944 1105 3002 in
1138 2948 1244 3003 ﬁde
1286 2969 1298 3003 :
1353 2951 1427 3003 Tu
1454 2965 1509 3004 es
1555 2944 1803 3006 Christus
1817 2950 1987 3005 Filius

352 3014 446 3087 Dei
465 3014 768 3087 vivi_(lbid.,
799 3016 902 3085 l6),
927 3024 982 3072 et
1001 3019 1185 3073 audita
1207 3019 1333 3073 ﬁdei
1355 3021 1473 3087 ejus
1500 3018 1848 3085 fortitudine,
1882 3023 1983 3077 Do-

2068 510 2357 575 postquam
2405 506 2622 557 creatus
2666 506 2779 575 est,
2828 500 2883 555 in
2932 501 3243 575 Creatorem
3291 513 3448 555 suum
3487 505 3708 575 erectus

2068 570 2145 630 ait
2188 570 2231 630 z'
2250 575 2423 645 Super
2466 577 2614 629 astra
2659 573 2758 645 Dei
2781 586 2982 645 ponam
3017 571 3403 645 sedem__me_am,
3433 570 3621 645 sedebo
3651 571 3707 626 in

2069 651 2236 701 monte
2292 640 2618 710 testamenti,
2667 643 2721 697 in
2775 640 3023 697 lateribus
3078 640 3335 712 aquilonis
3355 686 3372 709 ,
3425 643 3707 697 ascendam

2066 732 2229 788 super,
2251 715 2575 788 altitudinem
2599 713 2808 788 nubium
2835 718 2884 769 et
2912 727 2999 788 ero
3028 712 3213 788 similis
3233 712 3509 788 _Altissimo
3561 712 3700 788 (Isa.

2067 784 2180 852 xxv,
2219 786 2322 851 l3).
2355 786 2449 841 Isti
2489 786 2634 841 enim
2674 784 2767 854 qui
2806 784 3123 840 sacerdotes
3152 785 3245 839 Dei
3284 784 3615 853 inquietant,
3647 784 3701 839 in

2068 859 2266 914 cmlum
2314 857 2655 921 ascendunt,
2697 869 2865 925 super
2910 861 3056 910 astra
3104 855 3197 909 Dei
3248 855 3441 910 volunt
3485 855 3701 923 sedere,

2066 944 2235 1000 super
2276 933 2515 984 montem
2563 926 2873 1000 testamenti
2918 925 3106 1000 sedem
3145 940 3370 1000 ponere,
3401 940 3569 996 super
3586 940 3709 1000 _nu-

2066 996 2167 1056 bes
2193 1000 2512 1064 ascendere,
2544 998 2700 1069 quasi
2730 998 2883 1053 dicas
2928 1017 2940 1052 :
2991 999 3167 1069 Super
3194 997 3487 1066 episcopos
3515 996 3706 1053 volunt

2066 1086 2333 1142 regnare;
2369 1071 2633 1142 episcopi
2681 1069 2826 1142 enim
2856 1072 2994 1142 _sunt
3036 1068 3373 1142 cmli,__astra
3401 1069 3521 1142 Dei,
3550 1082 3708 1142 mons

2064 1137 2401 1205 testamenti,
2424 1137 2626 1196 ‘uubes
2671 1140 2817 1206 cmli,
2856 1137 3027 1195 latera
3064 1139 3360 1209 aquilonis.
3391 1140 3548 1206 lei,
3580 1140 3709 1210 quia

2066 1231 2351 1286 continent
2369 1242 2568 1285 arcana
2589 1228 2865 1295 Dci,unde
2888 1226 3078 1282 David:
3121 1220 3277 1288 452
3310 1226 3435 1285 Caeli
3454 1233 3708 1283 enarrant

2064 1300 2288 1370 gloriam
2333 1299 2497 1365 (Psal.
2548 1315 2703 1364 xvni,
2750 1298 2826 1370 1),
2881 1304 2987 1353 etc.
3019 1301 3205 1370 iAstra,
3246 1299 3374 1370 quia
3412 1299 3601 1370 deqeis
3629 1298 3707 1353 ait

2065 1368 2362 1427 Dominus:
2423 1373 2522 1425 Vos
2570 1371 2692 1425 estis
2743 1369 2837 1424 tua:
2877 1369 3053 1424 mundi
3088 1368 3304 1433 (Mattli.
3347 1384 3398 1434 v,
3446 1368 3558 1441 14).
3593 1372 3704 1425 Nu-

2065 1444 2183 1508 bes,
2234 1444 2363 1513 quia
2411 1455 2537 1497 rore
2580 1441 2991 1513 praedicationis
3020 1446 3233 1513 mentes
3279 1440 3519 1513 ﬁdelium
3559 1454 3707 1496 com-

2068 1512 2281 1583 pluunt,
2341 1513 2410 1568 de
2467 1513 2670 1582 quibus
2726 1512 2983 1583 dicitur:
3039 1512 3140 1578 Qui
3193 1516 3311 1583 sunt
3364 1512 3451 1567 isti
3507 1512 3607 1583 qui
3651 1516 3705 1583 ut

2066 1581 2223 1640 nubes
2250 1584 2426 1639 volant
2460 1582 2597 1654 (Isa.
2635 1597 2720 1646 1.x,
2754 1582 2839 1653 8).
2873 1584 3065 1654 Latera
3093 1582 3399 1651 aquilonis,
3450 1581 3543 1654 qui
3584 1581 3708 1637 ﬁni-

2065 1656 2183 1710 timi
2230 1660 2359 1710 sunt
2406 1652 2795 1724 peccatoribus
2832 1653 2924 1723 qui
2974 1652 3158 1723 frigidi
3208 1655 3263 1708 in
3314 1653 3558 1724 peccatis
3597 1667 3705 1724 eos

2067 1723 2509 1796 persequuntur,
2569 1725 2653 1796 vel
2720 1724 2889 1780 latera
2923 1725 3208 1796 (praebent
3259 1723 3326 1796 ad
3391 1723 3705 1796 patiendum

2062 1794 2328 1867 aquiloni,
2360 1796 2415 1851 id
2446 1801 2531 1851 est
2559 1795 2802 1860 diabolo,
2839 1795 2931 1865 qui
2980 1794 3152 1865 frigus
3197 1794 3361 1851 infert
3390 1794 3707 1867 hominibus

2102 1865 2314 1935 éccati,
2366 1868 2434 1922 de
2473 1881 2583 1936 quo
2632 1867 2688 1921 in
2738 1866 3023 1921 Canticis:
3077 1868 3267 1935 Surge,
3311 1865 3505 1936 aquilo,
3548 1871 3597 1920 et
3633 1867 3706 1936 ﬂa

2132 1945 2267 1995 rtum
2296 1953 2460 1992 meum
2493 1937 2671 2008 (Cant.
2704 1952 2790 2008 1v,
2829 1936 2932 2005 16),
2985 1936 3050 2008 id,
3088 1944 3192 2003 est,
3225 1943 3375 1992 tenta
3405 1936 3704 2008 Ecclesiam

2064 2024 2257 2076 meam,
2290 2015 2351 2065 ut
2397 2024 2464 2064 ex
2496 2007 2725 2063 victoria
2762 2007 2831 2063 de
2876 2012 2929 2063 te
2971 2007 3153 2063 habita
3182 2008 3419 2077 accipiat
3446 2007 3698 2078 gloriam.

2064 2083 2217 2137 Mons
2244 2082 2554 2136 testamenti
2592 2084 2740 2143 sunt,
2773 2078 2900 2148 quia
2932 2078 2986 2133 in
3018 2079 3098 2134 eis
3128 2084 3212 2134 est
3250 2078 3483 2135 altitudo
3521 2080 3703 2134 scien-

2062 2154 2156 2207 tiae
2204 2152 2491 2220 utriusque
2537 2149 2888 2214 Testamenti,
2922 2150 3016 2205 sed
3049 2164 3145 2205 vos
3169 2150 3263 2219 qui
3304 2150 3437 2205 estis
3467 2149 3563 2204 ﬁlii
3595 2151 3699 2205 Ec-

2063 2223 2246 2278 clesia:
2288 2221 2566 2277 defendite
2597 2220 2913 2276 Ecclesiam.
2949 2222 3114 2275 Nemo
3151 2221 3367 2276 seducet
3396 2236 3488 2276 vos
3514 2221 3695 2276 inani-

2064 2292 2157 2348 bus
2214 2292 2653 2376 ver’brst‘E‘plies.
2711 2306 2783 2358 v,
2814 2290 2938 2376 ‘6);
2998 2291 3465 2376 adulterarinnon
3523 2296 3706 2376 potest

2063 2377 2264 2433 sponsa
2292 2362 2519 2446 Christi,
2530 2363 2885 2446 incorrupta,
2928 2362 3125 2445 pudica
3154 2369 3255 2418 est.
3307 2364 3426 2419 Non
3467 2364 3705 2446 pertinet

2063 2434 2131 2489 ad
2164 2448 2386 2504 prtemla
2415 2435 2617 2490 Christi
2647 2448 2741 2504 qui
2772 2433 3033 2502 relinquit
3069 2448 3323 2502 sponsam
3355 2434 3578 2500 Christi,
3613 2433 3708 2488 ha-

2065 2506 2198 2561 bere
2240 2507 2350 2574 jam
2398 2518 2511 2560 non
2559 2511 2741 2574 potest
2788 2506 2953 2559 Deum
3005 2506 3215 2559 Patrem
3265 2505 3358 2575 qui
3397 2518 3508 2559 non
3540 2504 3706 2559 habet

2064 2576 2361 2632 Ecclesiam
2410 2582 2656 2631 matrem.
2707 2575 3004 2631 Ecclesiam
3046 2576 3138 2644 qui
3167 2575 3282 2631 vult
3312 2576 3577 2641 dividere,
3617 2590 3703 2631 ve-

2063 2653 2201 2703 stem
2230 2648 2431 2703 Christi
2461 2647 2614 2716 cupit
2643 2647 2976 2709 discindere,
3008 2659 3169 2702 nemo
3200 2647 3377 2702 bonus
3409 2646 3704 2702 Ecclesiam

2066 2720 2159 2774 Dei
2200 2718 2427 2784 deserit,
2459 2732 2562 2773 nec
2591 2732 2623 2772 a
2659 2717 2861 2772 familia
2891 2718 2985 2772 Dei
3015 2717 3289 2784 discedit;
3340 2733 3487 2784 vere,
3529 2726 3588 2773 ut
3627 2719 3707 2772 ait

2065 2790 2345 2857 Dominus,
2396 2794 2734 2859 cognoscent
2778 2802 2901 2844 eum
2950 2802 3078 2844 oves
3120 2791 3239 2857 ejus
3279 2790 3450 2856 (Joau.
3494 2805 3546 2854 x,
3596 2789 3703 2857 l4),

2066 2861 2321 2916 omnibus
2348 2873 2569 2929 quoque
2599 2859 2795 2929 clamat
2836 2878 2849 2913 :
2901 2859 3001 2926 Qui
3041 2875 3145 2913 non
3172 2865 3249 2915 est
3275 2866 3495 2925 mecum,
3525 2865 3706 2915 contra

2065 2947 2145 3002 me
2173 2935 2268 2996 est,
2300 2928 2489 3002 etiqui’
2511 2944 2617 2984 non
2662 2928 2857 3002 colligit
2904 2944 3116 3001 meeum,
3150 2931 3399 3002 dispergit
3447 2930 3707 3002 (Luc._xt,

2066 3001 2188 3072 23).
2239 3000 2501 3072 TritiCum
2533 3013 2643 3056 non
2672 3000 2828 3072 rapit
2843 3007 3056 3072 ventus,
3101 3014 3205 3057 nec
3227 3000 3493 3058 arborem
3532 3001 3708 3057 solida

351 3082 532 3155 minus
560 3070 713 3140 dedit
742 3070 793 3140 éi
831 3070 902 3141 ιιῖ
929 3070 2257 3155 ὸέέὲιᾟιιιᾶᾆιῆθίἶῐιῖιιί’ἰιᾶὲῖἶξέἷιὶθὲίέθανθάίοθ
2304 3071 2584 3127 fundatam
2646 3070 2889 3140 ἰποοθ¹¹³
2940 3071 3229 3127 subvertit:
3288 3074 3497 3155 '“aF‘ES.
3538 3072 3710 3143 ν³¹θ³θ

350 3152 579 3232 dicens:
609 3158 680 3232 _Et
700 3161 754 3210 tu
766 3171 827 3232 _es
845 3158 1049 3232 Petrus,
1074 3165 1192 3232 etc.‘
1208 3158 1386 3226 (Ibid.,
1417 3160 1520 3232 18).
1545 3163 1609 3216 Et
1630 3162 1809 3218 claves
1827 3163 1993 3218 habet

352 3224 497 3306 coeli,
530 3226 657 3306 quia
687 3227 870 3306 nullus
899 3229 1004 3306 nisi
1033 3244 1133 3299 per
1163 3224 1618 3301 dnctrinam'ejus
1647 3237 1703 3306 et
1729 3234 1990 3306 magiste-

354 3297 494 3350 rium
520 3297 610 3374 _ad
658 3298 855 3353 coelum
889 3297 1133 3374 aspirare
1164 3307 1381 3371 potest;
1431 3297 1651 3372 oportet
1680 3297 1864 3374 itaque
1894 3304 1994 3359 ali-

353 3367 573 3444 quando
604 3375 664 3423 ut
691 3367 989 3444 conversus
1016 3372 1083 3427 ad
1117 3367 1220 3428 nos
1247 3367 1374 3428 cum
1401 3367 1833 3444 periclitahimur
1861 3389 1994 3431 con-

354 3436 567 3509 ﬁrmet;
605 3453 704 3509 pro
734 3455 801 3497 eo
832 3442 975 3497 enim
1002 3444 1213 3509 rogavit
1240 3436 1503 3500 Dominus
1520 3452 1582 3500 ut
1601 3459 1710 3501 non
1732 3445 1993 3503 deﬁceret

354 3506 633 3588 ﬁd_es_ejus
664 3510 804 3588 (Luc.
837 3527 970 3588 xiiii,
1002 3506 1113 3585 32).
1147 3515 1282 3582 Quia
1318 3516 1487 3587 igitur
1515 3517 1773 3588 magister
1800 3523 1991 3574 noster

353 3584 438 3634 est
483 3582 696 3659 Petrus,
747 3583 1002 3659 dominus
1043 3582 1234 3659 noster
1280 3582 1368 3642 est
1386 3582 1630 3659 vicarius
1654 3590 1818 3659 ejus:
1861 3589 1989 3645 ideo

352 3658 573 3719 oportet
617 3666 720 3709 nos
764 3655 917 3711 adire
966 3656 1152 3713 limina
1185 3658 1580 3727 apostolorum,
1613 3655 1987 3717 et‘dominum

352 3730 600 3801 nosirurn
644 3739 843 3801 papam
876 3727 1131 3801 visitare,
1152 3735 1206 3783 et
1234 3730 1524 3801 consilium
1553 3745 1804 3800 quaerere
1834 3745 1979 3801 quo-

351 3792 605 3873 modohin
634 3792 733 3873 ιρις
746 3802 800 3851 et
829 3798 885 3852 in
914 3799 1081 3853 tantis
1106 3792 1366 3873 ﬂuctibus
1394 3801 1557 3873 hujus
1572 3792 1776 3873 'mundi
1808 3792 1995 3859 Eccle-

353 3865 488 3916 siam
518 3865 731 3941 Domini
763 3880 1052 3941 possumus
1080 3869 1199 3924 sine
1229 3865 1484 3938 periculo
1514 3872 1859 3941 gubernare;
1910 3875 1995 3928 in-

353 3938 585 4014 surgunt
614 3934 758 4014 enim
772 3937 1026 4014 _quotidie
1046 3934 1401 4014 tempestates
1429 3934 1612 4014 (62')'in
1636 3934 1878 3998 Ecclesia
1899 3945 1994 3999 Dei

355 4002 449 4070 qui
469 4002 673 4079 vellent
691 4002 953 4062 unitatem
976 4010 1096 4077 ejus
1114 4002 1403 4079 dissipare,
1426 4002 1482 4067 et
1505 4002 1810 4069 discordias
1830 4016 1993 4070 semi-

356 4072 539 4154 nando
562 4075 827 4154 uniouem
876 4072 1026 4148 pacis
1054 4072 1420 4154 exstinguere.
1453 4084 1860 4152 Aggrediuntur
1902 4100 1996 4154 pa-

353 4148 534 4199 stores
561 4146 843 4214 Ecclesiae,
875 4146 936 4204 ut
972 4156 1138 4219 caput
1166 4146 1448 4217 ferientes,
1481 4146 1722 4209 mémbra
1754 4146 1996 4212 commo-

354 4221 585 4300 veantur
613 4222 864 4300 terrore;
897 4233 999 4300 nec
1019 4221 1363 4300 solumenim
1393 4224 1470 4300 ab_
1484 4226 1760 4300 extraneis
1790 4227 1996 4300 patitur

355 4285 621 4365 Ecclesia,
655 4285 897 4365 sed_et_'_a
929 4292 1249 4365 domesticis
1286 4301 1342 4350 et
1372 4309 1402 4350 a
1443 4294 1707 4353 fratribus
1735 4285 1888 4365 suis;
1940 4305 1996 4354 et

356 4358 716 4435 pejora_su_nt
764 4362 906 4418 bella
954 4363 1213 4419 intestina
1254 4379 1286 4420 a
1323 4367 1525 4435 quibus
1581 4381 1691 4423 non
1750 4358 1992 4433 cavetur,

2072 3166 2396 3231 tempestate
2438 3162 2733 3229 jactantur,
2786 3159 3035 3215 invalidae
3082 3161 3310 3217 arbores
3353 3152 3508 3223 453
3540 3161 3715 3216 turbi-

2072 3233 2160 3287 nis
2205 3231 2521 3287 incursione
2558 3236 2863 3285 vertuntur.
2904 3232 3183 3300 Apparent
3230 3231 3327 3287 ﬁlii
3374 3233 3468 3287 Dei
3509 3237 3569 3287 ut
3617 3247 3714 3288 eos

2073 3310 2288 3358 stantes
2317 3303 2372 3357 in
2413 3302 2519 3357 ﬁde
2552 3301 2794 3356 caelestis
2822 3303 2981 3357 Pater
3017 3308 3351 3369 remuneret,
3384 3308 3444 3359 ut
3472 3302 3535 3358 in'
3557 3303 3715 3358 cmlis

2072 3388 2214 3429 unus
2241 3375 2384 3428 Deus
2412 3382 2468 3429 et
2496 3386 2603 3428 una
2638 3372 2883 3428 Ecclesia
2928 3386 3095 3428 unum
3136 3372 3377 3430 efﬁciant
3416 3374 3472 3429 in
3510 3374 3713 3431 saecula

2071 3439 2420 3501 saeculorum.
2450 3448 2640 3500 Amen.

2729 3532 2951 3586 SERMO
2987 3532 3054 3585 II.

2539 3618 2611 3658 AD
2649 3616 2911 3658 PASTORES
2949 3615 3239 3657 ECCLESIE.

2604 3674 2683 3730 De
2710 3673 2880 3745 ofﬁcio
2905 3670 3183 3745 pastorali.

2154 3746 2242 3800 Va:
2273 3743 2574 3816 pastoribus
2621 3745 2708 3815 qui
2741 3743 3052 3816 dispergunt
3088 3758 3538 3816 gregemipaseum
3564 3760 3708 3800 mea.

2076 3816 2203 3872 Ideo
2251 3815 2349 3871 hoc
2391 3816 2516 3871 dicit
2552 3816 2803 3871 Dominus
2833 3815 2989 3870 ’Deus
3035 3815 3208 3870 Israel
3244 3815 3339 3870 ad’
3356 3822 3598 3886 pastores
3626 3818 3715 3885 qui

2070 3892 2296 3958 pascunt
2318 3885 2565 3958 populum
2593 3901 2743 3941 suum
2764 3908 2780 3940 :
2814 3888 2914 3941 Vos
2943 3886 3261 3957 dispersistis
3289 3885 3493 3956 gregem
3522 3902 3708 3958 meum,

2073 3956 2297 4028 ejecislis
2320 3956 2451 4018 "eas,
2490 3961 2687 4039 etnnon
2731 3958 2980 4039 uisitastis
3024 3956 3114 4013 eos
3133 3978 3151 4039 ί
3202 3972 3320 4012 ecce
3363 3973 3457 4039 ego
3494 3956 3714 4013 uisitabo

2072 4026 2230 4100 super
2278 4043 2369 4082 uos
2405 4026 2658 4082 malitiam
2703 4028 2991 4083 studiorum
3036 4032 3321 4083 vestrorum
3372 4026 3506 4099 (Jer.
3558 4043 3712 4093 mu,

2082 4100 2129 4180 _l_,
2171 4099 2244 4166 2).
2286 4098 2504 4180 Audite,
2545 4096 2743 4180 fratres
2779 4099 3113 4180 charissimi,
3157 4113 3458 4180 supernvos
3494 4104 3717 4180 senten-

2077 4172 2205 4225 tiam
2244 4170 2694 4241 comminantem,
2748 4170 2846 4226 sed
2903 4172 2998 4241 qui
3054 4170 3440 4240 peccatoribus
3491 4171 3718 4227 commi-

2075 4248 2238 4297 natur
2282 4240 2398 4297 vult
2444 4245 2503 4296 ut
2549 4240 2957 4297 convertantur.
2999 4241 3216 4297 Mandat
3255 4242 3517 4299 Dominus
3548 4242 3707 4297 vobis

2076 4326 2176 4383 per
2220 4312 2509 4368 Jeremiam
2560 4312 2881 4381 prophetam
2929 4312 3058 4382 quia
3097 4326 3318 4383 gregem
3364 4326 3520 4368 suum
3560 4312 3718 4369 vobis

2080 4384 2440 4453 pascendum,
2493 4384 2828 4453 regendum,
2879 4383 3299 4439 custodiendum
3343 4384 3713 4449 commiserat,

354 4429 1606 4524 ξιδξξξιῐοξξιιεεθῆειξζθηρτεςγίρεξηιιίτ-,Ιηίιίο
1636 4440 1824 4495 mundi
1862 4429 2838 4524 Apelnai';"'i55i;animum;
2880 4429 3715 4519 ἑιῖἷιῗὲἷὲὲῖιῖιῖιεῖἶέξ’Ἑῖᾝὲ

348 4500 556 4569 justum
602 4501 773 4560 frater
809 4500 1054 4571 occidit,
1109 4508 1279 4563 Jacob
1328 4507 1625 4579 fugientem
1675 4518 1998 4581 persecutus

354 4594 453 4672 est
470 4591 609 4672 Esau
658 4590 829 4672 frater
868 4594 1007 4672 ejus,
1036 4595 1241 4672 Ioseph
1278 4598 1623 4672 venundatus
1651 4605 1736 4672 est
1764 4613 1794 4654 a
1839 4592 1983 4672 451

354 4658 636 4737 fratribus,
686 4676 718 4718 a
769 4658 1043 4734 discipulo
1081 4658 1242 4722 etiam
1293 4675 1377 4723 est
1414 4670 1649 4725 traditus
1694 4658 1991 4737 Dominus;

354 4730 451 4785 sed
495 4733 658 4811 nobis
701 4747 816 4811 non
864 4730 948 4792 est
992 4738 1291 4811 ignominia
1324 4739 1435 4808 pati
1480 4754 1511 4811 a
1540 4739 1803 4796 fratribus
1847 4730 1995 4811 quod

355 4813 548 4887 passos
575 4808 660 4887 est
690 4806 959 4887 Christus,
992 4806 1095 4865 nec
1123 4808 1299 4887 gloria
1325 4806 1420 4865 ‘est
1466 4810 1649 4887 facere
1679 4813 1826 4881 quod
1864 4806 1997 4869 fecit

352 4870 543 4955 ludas:
571 4873 829 4955 Convicia
859 4870 1048 4955 eorum
1080 4870 1281 4951 quibus
1319 4895 1379 4955 se
1411 4888 1466 4937 et
1485 4870 1829 4955 vitamsuam
1861 4898 1998 4954 quo-

354 4942 497 5026 tidie
529 4942 773 5001 lacerant
820 4960 929 5026 non
968 4942 1506 5026 timemus_:___fustes,
1561 4959 1616 5009 et
1660 4942 1895 5024 lapides,
1940 4962 1997 5012 et

352 5013 568 5139 gladios
588 5028 747 5099 .quos
773 5018 957 5101 verbis
1001 5022 1417 5106 patricidalibus
1448 5013 1842 5108 iactitant'non
1872 5013 1997 5097 per-

392 5098 743 5139 orrescnmus.
793 5088 932 5139 01nd
965 5090 1033 5139 de
1063 5093 1172 5139 Illis
1201 5100 1326 5139 est?
1371 5095 1664 5139 hnmimdm
1694 5104 1821 5139 sunt.
1850 5098 1992 5139 annui

392 5088 743 5144 orrescimus.
793 5088 932 5155 Quid
965 5090 1033 5147 de
1063 5093 1172 5149 illis
1201 5100 1326 5150 est?
1371 5088 1664 5151 hoinicidm
1694 5104 1822 5151 sunt
1849 5088 1994 5166 a'pud

352 5155 557 5241 Deum,
574 5172 693 5241 nos
709 5173 905 5217 necare
935 5174 1047 5241 non
1076 5172 1308 5241 possunt
1335 5167 1443 5241 nisi
1472 5167 1554 5241 eis
1581 5155 1997 5241 Dominusper-

354 5233 597 5304 miserit_;_
644 5236 701 5287 et
746 5245 888 5304 cum,
918 5233 1080 5288 nobis
1108 5236 1275 5291 semel
1308 5237 1649 5293 moriendum
1684 5238 1776 5304 sit,
1810 5233 1891 5294 illi
1920 5245 1995 5294 ta-

352 5311 476 5381 men
508 5300 659 5381 odio,
691 5310 747 5357 et
778 5303 981 5381 verbis,
1015 5310 1070 5360 et
1098 5306 1319 5362 delictis
1349 5308 1465 5381 suis
1494 5323 1596 5365 nos
1625 5300 1874 5379 quotidie
1900 5324 1996 5379 pe-

354 5374 595 5453 rimunt;
647 5385 749 5453 nec
798 5374 926 5453 ideo
971 5389 1074 5453 nos
1101 5391 1131 5431 a
1173 5374 1993 5453 proposito_justitizedimove-

352 5441 554 5527 bi‘mur,
580 5443 975 5527 quia-propter
1002 5441 1251 5504 timorem
1278 5441 1659 5527 ecclesiastica
1699 5451 1994 5527 disciplina

353 5525 465 5570 non
515 5519 601 5569 est
648 5514 1028 5586 relinquenda,
1074 5532 1177 5576 nec
1224 5521 1582 5578 sacerdotalis
1628 5514 1860 5579 censura
1886 5523 1997 5580 sol-

424 5600 531 5675 (62)
581 5601 919 5663 Subauditur
940 5622 1135 5666 eorum.
1169 5607 1305 5666 Vide
1335 5624 1543 5667 manum
1570 5613 1677 5685 qui,
1711 5626 1834 5684 pag.
1864 5610 1990 5670 454.

2073 4527 2295 4595 jejunos
2342 4525 2467 4581 cibo
2514 4526 2757 4581 caelestis
2785 4526 2935 4581 verbi
2966 4525 3286 4581 reﬁceretis.
3334 4525 3490 4581 Unde
3536 4526 3719 4581 Domi-

2080 4611 2182 4653 nus
2208 4598 2264 4653 in
2296 4596 2587 4668 Evangelio
2634 4597 2929 4651 conuocatis
2973 4597 3242 4668 discipulis
3276 4597 3385 4651 suis
3416 4597 3528 4652 ait:
3559 4598 3720 4654 Mise-

2076 4683 2197 4724 reor
2247 4667 2412 4724 turbae
2456 4666 2589 4738 quia
2638 4672 2760 4732 [ms.
2810 4669 2918 4738 qui]
2966 4683 3071 4722 non
3101 4666 3303 4738 'habenl
3333 4668 3471 4738 quod
3499 4668 3717 4723 mandu-

2077 4744 2210 4806 cent,
2260 4744 2309 4794 et
2358 4736 2491 4794 ideo
2532 4737 2791 4809 dimittere
2820 4736 2923 4793 'eos
2958 4738 3166 4809 jejunos
3210 4736 3436 4793 nolo—ne
3474 4738 3717 4809 deﬁciant

2076 4812 2131 4865 in
2168 4811 2255 4865 uia
2299 4808 2511 4875 (Matth.
2540 4823 2631 4873 xv,
2671 4806 2779 4878 32).
2831 4806 3022 4878 Jejuni'
3049 4815 3177 4865 sunt
3224 4810 3278 4863 in
3316 4809 3401 4864 via
3430 4806 3715 4877 quibusin

2078 4882 2184 4937 hoc
2240 4881 2445 4936 mundo
2510 4892 2620 4935 non
2685 4881 2982 4949 apponitur
3046 4879 3456 4950 praedicationis
3507 4894 3713 4935 mensa.

2077 4954 2364 5009 Miseretur
2408 4950 2669 5006 Dominus
2724 4964 2843 5005 cum
2903 4951 3297 5020 praedicatores
3353 4950 3561 5016 mittit;
3620 4965 3719 5008 vos

2077 5025 2211 5079 estis
2251 5022 2509 5091 discipuli
2556 5021 2769 5076 Domini
2810 5021 2962 5078 missi
3009 5022 3077 5078 ad
3120 5021 3450 5077 reﬁciendos
3474 5023 3714 5092 jejunos.

2078 5103 2237 5174 454
2277 5111 2416 5179 Quid
2448 5123 2600 5181 ergo,
2632 5107 2865 5181 fratres?
2895 5112 3033 5167 Ecce
3067 5111 3429 5181 conqueritur
3457 5110 3527 5167 de
3556 5111 3717 5167 vobis

2077 5183 2364 5248 Dominus;
2387 5180 2637 5251 pastbres
2656 5180 2769 5253 lupi
2789 5180 2967 5237 eﬁ‘ecti
2987 5188 3135 5238 sunt.
3159 5183 3533 5238 Comminatur
3552 5182 3722 5253 igitur

2078 5255 2373 5310 Dominus:
2418 5255 2503 5325 Va:
2527 5251 2825 5325 pastoribus
2862 5255 2949 5324 qui
2998 5254 3297 5325 dispergunt
3338 5258 3389 5308 et
3426 5251 3719 5325 dilacerant

2077 5340 2283 5395 gregem
2306 5322 2487 5408 populi
2512 5322 2629 5377 mei.
2663 5322 3151 5408 Dilaceratisuqu’os
3175 5338 3401 5408 pascere
3424 5324 3715 5408 debuistis,

2078 5410 2209 5452 ecce
2237 5395 2355 5450 ovis
2384 5396 2443 5450 ﬁt
2471 5408 2596 5450 esca
2629 5396 2886 5464 pastoris.
2930 5395 3239 5452 Dilacerant
3267 5396 3416 5466 quia,
3447 5410 3570 5451 cum
3609 5397 3721 5451 sint

2080 5467 2206 5522 mali
2236 5467 2340 5521 sibi
2371 5480 2468 5523 eos
2495 5467 2855 5537 incorporant
2878 5510 2892 5533 ,
2942 5467 3113 5524 malos
3142 5473 3198 5523 et
3234 5467 3339 5523 sibi
3370 5466 3579 5523 similes
3607 5466 3719 5524 efli-

2080 5538 2277 5595 ciendo
2318 5538 2622 5594 dilacerant
2652 5538 2780 5608 quia
2809 5537 2875 5593 ad
2922 5538 3262 5608 punitionem
3313 5538 3559 5605 ducunt;
3611 5540 3720 5595 dis-

2081 5614 2318 5683 pergunt
2367 5610 2497 5680 quia
2546 5609 2616 5665 ab
2673 5608 2882 5665 unitate
2941 5609 3202 5666 Ecclesiae
3266 5609 3538 5666 dividunt.
3609 5609 3715 5666 Sed
