4100 6166
388 295 494 351 227

1510 287 1800 345 JOANNES
1835 283 2249 343 ARCHIEPISC.
2291 287 2621 345 ROTOMAG.

3637 281 3742 337 228

388 438 473 495 ἀει
518 436 590 493 ad
631 435 969 492 πιίηεειενίιιηι
1023 449 1156 504 em.
1210 434 1259 488 si
1303 447 1468 488 om
1528 429 1705 501 fuerit.
1762 421 1932 504 46.0
1972 422 2023 504 ξεί
2041 410 3741 504 A39.2592285tau:,.8€staturamadsentiebantur

385 509 629 574 claudus,
657 508 704 562 si
735 522 924 577 paruo,
954 499 1278 577 vel'grandi,
1310 510 1359 557 et
1395 499 1548 577 torto
1576 516 1724 566 naso,
1763 501 1811 577 si
1849 499 2020 577 [racia

382 581 554 652 pede,_
660 570 836 652 manu,
866 570 1094 652 si:
1125 575 1382 652 gibbosus,
1420 575 1471 626 si
1512 571 1778 652 lippustsi
1824 570 2021 652 albugi-

382 643 499 706 nem
524 643 688 705 habet
723 649 779 703 in
806 643 974 714 Oculo,
1004 647 1051 701 si
1068 643 1294 701 scabiem
1313 645 1524 714 jugem,
1564 643 1742 698 Omnis
1769 643 2021 714 sacerdos

384 722 473 793 qui
507 719 745 793 habuerit
782 712 1038 793 maculam
1053 732 1189 793 Δτιρτι
1216 712 1429 793 accedat
1451 712 1638 793 offerre
1683 713 1881 793 hostias
1916 714 2019 767 Do-

384 782 521 848 mino
563 792 703 862 (Leu.
760 805 871 862 xxx,
918 789 1000 862 17,
1050 786 1158 855 21),
1213 788 1412 862 Homo_
1427 782 1534 862 qui
1572 785 1744 862 fuerit
1785 782 2020 862 leprosus

383 879 488 918 non
541 855 772 917 uescetur
826 861 890 915 de
937 860 1018 914 his
1072 872 1188 929 qua:
1221 855 1571 929 sanctiﬁcata
1625 860 1744 929 sunt
1799 855 2018 929 Domino

388 933 538 1005 (Leu.
568 948 701 1005 χχιι,
732 930 816 1005 3)._
841 932 1054 986 Fratres
1081 926 1407 1005 charissimi,
1430 927 1549 982 hac
1586 926 1768 1005 omnia
1802 940 1925 1005 qua
1965 927 2019 980 in

384 996 556 1060 veteri
619 996 738 1074 lege
768 996 854 1058 "de
890 1000 1229 1074 sacerdotio
1264 999 1587 1074 -jubenturt
1636 996 1702 1051 ad
1771 1004 2018 1074 nostrum

384 1014 556 1060 veteri
619 1014 738 1074 lege
785 1014 854 1058 ue
918 1014 1229 1055 saceruouo
1285 1014 1568 1123 funentur,
1636 1014 1702 1051 aa
1771 1014 2016 1051 DOSU'um

383 1074 748 1149 sacerdotium
768 1071 1127 1149 spiritualiter
1146 1069 1425 1149 intel_ecta
1448 1068 1724 1149 pertinere
1742 1066 2016 1149 videntur.

384 1146 464 1201 lbi
502 1145 766 1201 vitiositas
797 1138 983 1198 carnis
1018 1143 1075 1197 in
1114 1141 1401 1197 sacerdote
1448 1140 1755 1206 damnatur,
1796 1138 1885 1193 hic
1935 1139 2018 1192 vi-

386 1218 600 1272 tiositas
636 1214 834 1270 mentis
864 1228 965 1284 per
1001 1213 1253 1281 corporis
1283 1210 1752 1284 vitia_signiﬁcata
1787 1209 2018 1284 indica-

386 1294 488 1342 tur.
550 1280 1034 1354 Videamus'ergo
1101 1280 1200 1352 per
1263 1281 1496 1352 singula,
1539 1295 1684 1354 (quo
1749 1280 2019 1354 vitiositas

380 1357 580 1414 mentis
617 1371 649 1411 a
703 1352 1017 1412 sacerdotio
1064 1354 1332 1410 removeri
1385 1352 1740 1423 pracipiente
1786 1352 2017 1423 Domino

378 1429 543 1499 cogit.
575 1429 636 1483 In
667 1428 858 1498 primis
880 1426 1039 1499 jubet
1066 1426 1215 1495 quod
1244 1422 1510 1499 sacerdos
1541 1437 1722 1479 cacus
1746 1436 1856 1499 non
1869 1422 2018 1499 ρπβ-

379 1494 472 1555 ref
507 1494 718 1555 hostias
772 1497 1022 1553 Domino.
1083 1494 1274 1551 Cacus
1322 1494 1581 1550 sacerdos
1618 1501 1701 1549 est
1739 1494 1834 1563 qui
1863 1495 2015 1548 Scri-

378 1578 554 1640 ptura
602 1568 930 1640 sententiam
993 1581 1103 1623 non
1150 1565 1443 1640 intelligit,
1511 1571 1566 1621 et
1624 1578 1735 1640 quo
1797 1579 2019 1640 gressus

376 1636 647 1719 doctrina
666 1638 750 1695 vel
781 1639 966 1719 operis
993 1637 1239 1719 extendit
1277 1651 1377 1719 per
1412 1636 1772 1719 ignorantiam
1814 1636 2011 1719 nescit.

2104 482 2439 539 discretione
2477 483 2662 549 fuerit,
2694 482 2907 539 scilicet
2936 482 2997 538 ut
3032 484 3171 538 bene
3219 482 3498 537 discernat
3536 483 3593 536 in
3633 482 3743 535 mi-

2102 554 2331 609 nisterio
2361 555 2493 624 quid
2532 556 2605 610 sit
2632 555 2962 619 faciendum,
2994 555 3076 609 vel
3107 553 3240 622 quid
3280 566 3390 608 non
3440 553 3512 607 sit
3539 551 3742 607 facien-

2100 642 2269 710 dum,
2328 649 2384 699 et
2438 644 2580 700 bene
2632 644 2909 700 discernat
2943 634 3100 704 463
3142 656 3252 712 quo
3304 643 3503 712 spiritu
3538 654 3738 697 unum-

2102 713 2362 786 quodque
2429 723 2639 786 agatur,
2707 717 2819 771 sive
2884 714 3054 786 bono,
3094 715 3229 786 sive,
3259 714 3511 786 maligno
3544 756 3559 779 ,
3628 725 3739 767 non

2102 790 2187 839 est
2224 785 2423 855 dignus
2469 784 2808 842 sacerdotio.
2867 785 3084 841 Putabit
3138 784 3358 854 quidam
3416 785 3562 839 bona
3618 797 3737 838 esse

2101 869 2224 924 qua
2265 857 2403 911 mala
2458 864 2607 925 sunt,
2664 858 2712 913 si
2767 871 2894 912 vera
2951 856 3287 911 discretione
3352 856 3612 911 caruerit.
3663 856 3736 909 De

2098 927 2202 982 hac
2255 927 2586 985 discretione
2627 928 2762 984 dicit
2805 927 3138 997 Apostolus:
3168 925 3294 997 (Alii
3345 927 3503 981 datur
3545 927 3737 997 discre-

2100 998 2171 1052 tio
2235 999 2509 1070 spirituum
2585 999 2655 1070 (Ι
2714 996 2867 1055 σον(
2912 1014 3027 1064 xu,
3102 996 3216 1070 10).
3283 998 3543 1070 Sequitur
3581 1018 3641 1070 :A
3673 996 3737 1052 Si

2100 1013 2171 1052 uo
2200 1013 2509 1123 "ipsumam
2585 1013 2647 1070 (1
2714 1013 2836 1055 σον.
2912 1014 3027 1064 xu,
3102 1013 3216 1068 1U).
3283 1013 3543 1067 Sequitur
3581 1018 3597 1051 :
3673 1013 3732 1052 Si

2099 1082 2195 1136 gra
2271 1071 2291 1121 i
2326 1074 2374 1124 et
2413 1075 2547 1125 torto
2584 1084 2715 1125 naso
2761 1071 2918 1140 fuerit
2943 1112 2957 1137 ,
2998 1084 3102 1124 non
3139 1068 3323 1138 offerat
3367 1069 3574 1140 hostias
3602 1067 3732 1122 Deo.

2098 1140 2367 1196 Grandem
2398 1154 2587 1196 nasum
2618 1137 2785 1196 habet
2832 1141 2927 1210 qui
2975 1140 3030 1194 in
3070 1137 3494 1210 immoderatam,
3522 1137 3735 1193 discre-

2101 1212 2304 1268 tionem
2336 1219 2613 1282 evagatur,
2644 1212 2789 1268 sicut
2826 1209 3047 1281 quidam
3076 1212 3172 1281 qui
3203 1210 3346 1265 ultra
3376 1209 3596 1265 modum
3626 1210 3739 1282 sin-

2099 1282 2225 1352 gula
2256 1278 2681 1352 persequuntur,
2722 1278 2924 1352 quibus
2969 1284 3045 1337 ait
3081 1278 3408 1351 Apostolus:
3452 1282 3573 1352 Non
3614 1278 3736 1351 plus

2097 1351 2290 1436 snpere
2317 1351 2471 1436 quani
2493 1359 2692 1436 oportet
2719 1351 2931 1436 sapere,
2942 1353 3051 1436 sed
3069 1367 3275 1436 sapere,
3302 1352 3378 1407 ad
3397 1351 3735 1436 nobrietatem

2099 1425 2266 1489 (Rom.
2291 1439 2389 1489 x11,
2423 1423 2476 1477 3)
2502 1423 2679 1491 {dum
2709 1423 2852 1479 enim
2884 1424 3083 1494 aliquis
3114 1423 3257 1479 ultra
3287 1423 3505 1478 modum
3536 1435 3735 1477 arcana

2098 1494 2280 1549 divina
2319 1497 2648 1559 insectatur,
2691 1496 2885 1551 incidit
2942 1496 2998 1551 in
3037 1509 3277 1550 errorem
3317 1494 3445 1549 dum
3485 1507 3595 1549 non
3636 1506 3736 1562 po-

2097 1572 2205 1620 test
2242 1565 2494 1636 adipiscii
2533 1566 2816 1622 intellectu
2847 1567 2995 1636 quod
3025 1565 3404 1636 investigabat,
3433 1565 3537 1636 sed
3561 1571 3620 1619 ut
3657 1565 3735 1619 ait

2096 1635 2394 1692 Dominus:
2454 1638 2530 1708 Si
2566 1638 2689 1708 quid
2733 1635 2997 1692 residuum
3031 1637 3189 1707 fuerit
3233 1635 3363 1705 igne
3407 1635 3734 1708 comburetur

374 1712 452 1803 De
508 1711 711 1803 talibus
746 1705 1010 1791 scriptum
1065 1715 1304 1803 est’per
1357 1705 1585 1803 Isaiam:
1645 1705 3323 1803 SpeculntorengEuod..xu,10),‘scilicleiilludoqunddsciri
3362 1719 3480 1803 non
3526 1706 3734 1803 Poterit

374 1781 667 1837 Jerusalem
723 1777 1075 1835 caci'omnes
1134 1777 1262 1849 (Isa.
1310 1794 1419 1845 LVI,
1485 1777 1859 1849 10),,scilicet
1916 1779 2010 1847 qui

379 1852 583 1908 debent
612 1851 899 1921 providere
932 1848 1189 1906 Ecclesia
1219 1850 1314 1906 Dei
1353 1858 1408 1905 et
1446 1862 1541 1904 eos
1592 1848 1816 1917 ducere,
1868 1850 2011 1921 caci

376 1928 504 1979 sunt
531 1923 589 1978 id
612 1920 723 1988 est,
746 1925 1062 1993 ignorantes
1089 1922 1303 1977 Domini
1333 1926 1630 1993 pracepta.
1658 1922 1826 1993 Quam
1848 1920 2011 1989 digne

378 1995 467 2049 isti
499 2008 527 2048 a
558 1990 869 2049 sacerdotio
900 2000 1250 2049 removentur
1277 1993 1370 2061 qui
1402 1990 1661 2060 pupulum
1693 1992 1789 2046 Dei
1822 2005 2012 2061 regere

378 2066 652 2130 nesciunt,
670 2079 771 2119 nec
785 2064 914 2134 quid
928 2064 1130 2120 docere
1142 2064 1379 2118 debeant
1398 2070 1757 2134 cognoscunt;
1772 2063 1849 2117 ait
1867 2064 2011 2117 enim

376 2136 673 2191 Dominus:
708 2137 772 2191 Si
799 2133 964 2189 cacus
996 2150 1186 2190 caecum
1232 2135 1406 2199 ducat,
1438 2148 1607 2187 nonne
1637 2133 1786 2187 ambo
1833 2134 1890 2186 in
1935 2138 2015 2204 fo-

377 2221 519 2261 veam
546 2206 770 2261 cadunt?
800 2206 1014 2276 (Matth.
1046 2220 1136 2272 xv,
1176 2204 1287 2267 l4.)
1312 2206 1370 2259 In
1403 2204 1767 2272 pracipitium
1789 2212 2012 2274 peccata

375 2278 658 2332 amborum
689 2277 911 2343 cadunt,
944 2277 1072 2346 quia
1100 2276 1260 2331 ambo
1286 2277 1427 2330 viam
1456 2275 1703 2330 veritatis
1732 2276 2006 2345 ignorant.

372 2357 515 2426 46|
572 2365 893 2435 Hujusmodi
955 2365 1268 2435 pastoribus
1324 2364 1595 2435 Dominus
1623 2364 1679 2418 in
1714 2362 2010 2435 Evangelio

372 2436 485 2491 ait:
530 2438 628 2491 Vos
656 2433 779 2492 estis
809 2433 968 2501 caci,
986 2436 1141 2491 duces
1169 2449 1421 2490 caecorum
1454 2433 1643 2505 (Ibid.,
1683 2433 1788 2503 15).
1821 2435 2009 2489 Sacer-

375 2506 536 2562 dotes
564 2521 694 2563 vero
720 2507 814 2563 Dei
849 2506 1054 2563 debent
1083 2520 1203 2562 esse
1237 2506 1536 2575 prudentes
1582 2506 1637 2559 in
1688 2505 2007 2574 Scripturis,

372 2577 517 2633 unde
542 2591 763 2647 gregem
794 2578 1005 2633 Domini
1037 2584 1282 2647 pascant,
1316 2584 1371 2632 et
1400 2576 1545 2631 unde
1583 2583 1776 2631 contra
1823 2575 2010 2645 lupum

370 2648 711 2718 spiritualem
751 2663 810 2704 se
854 2649 1141 2714 muniant;
1184 2647 1329 2703 unde
1374 2647 1629 2703 Salomon
1667 2647 1733 2718 in
1771 2647 2011 2718 canticis

368 2716 644 2775 laudando
674 2720 866 2775 oculos
893 2719 1154 2775 Ecclesia
1186 2719 1358 2775 dicit:
1402 2718 1580 2774 Oculis
1625 2717 1735 2787 ejus
1764 2716 2010 2772 columba:

367 2804 525 2861 super
559 2789 699 2845 rivos
745 2805 1001 2861 aquarum
1059 2792 1233 2858 (Cant.
1284 2804 1338 2857 v,
1385 2787 1490 2860 12).
1513 2859 1522 2861 μ
1542 2788 1694 2845 Oculi
1746 2789 2007 2845 Ecclesia

369 2859 618 2930 pastores
648 2859 913 2931 sunt—qui
944 2861 1147 2917 debent
1176 2859 1456 2916 excubare
1475 2859 1623 2916 circa
1646 2874 1865 2930 gregem
1903 2862 2009 2915 Do-

368 2931 521 2986 mini.
562 2930 821 2988 Columbte
840 2930 965 2988 esse
994 2932 1254 2987 dicuntur
1291 2931 1386 3000 qui
1430 2931 1756 2986 innocentes
1802 2931 2009 2985 debent

371 3015 493 3057 esse
532 3010 591 3057 et
630 3002 911 3072 simplices
948 3004 1003 3057 in
1063 3002 1506 3058 consideratione
1563 3002 1965 3071 Scripturarum
1990 3045 2004 3067 ,

2094 1778 2320 1847 Spiritui
2383 1785 2574 1834 sancto
2638 1780 2903 1835 tradatur.
2946 1780 3009 1836 Si
3061 1780 3230 1849 fracto
3288 1778 3423 1849 pede
3460 1778 3541 1831 uel
3576 1791 3732 1849 manu

2089 1849 2265 1919 fuerit,
2305 1865 2410 1904 non
2446 1850 2628 1920 onerat
2665 1852 2773 1905 Deo
2804 1851 3019 1906 hostias.
3061 1847 3304 1906 Duobus‘
3324 1849 3557 1918 pedibus
3588 1847 3734 1920 fdici-

2095 1927 2185 1974 tur
2213 1920 2391 1975 ﬁdelis
2426 1919 2564 1975 viam
2604 1922 2817 1977 Domini
2856 1920 3155 1988 ambulare,
3206 1921 3335 1976 dum
3380 1920 3529 1989 quod
3568 1919 3733 1974 docet

2093 2004 2211 2056 ore,
2243 1991 2427 2046 studet
2456 2006 2623 2062 opere
2642 1992 2941 2062 complere,
2973 1993 3139 2048 habet
3165 1999 3344 2047 autem
3378 1991 3569 2060 pedem
3590 1989 3729 2045 frac-

2094 2069 2208 2116 tum
2257 2064 2351 2132 qui
2397 2064 2481 2118 vel
2522 2063 2784 2132 pradicet
2821 2070 3051 2127 tantum,
3093 2069 3149 2118 et
3203 2076 3370 2133 opere
3419 2076 3529 2117 non
3572 2075 3732 2133 com-

2093 2133 2227 2202 plet,
2295 2134 2550 2203 velopere
2615 2135 2886 2204 complet,
2954 2135 3050 2190 sed
3097 2132 3253 2188 aliis
3284 2147 3394 2188 non
3441 2132 3728 2202 pradicat.

2092 2206 2335 2273 Uterque
2371 2213 2552 2260 autem
2582 2219 2615 2260 a
2652 2203 2962 2261 sacerdotio
2992 2205 3353 2261 removendus
3382 2211 3485 2270 est,
3517 2204 3612 2273 qui
3642 2203 3727 2259 vel

2093 2282 2239 2330 tacet
2264 2276 2547 2332 veritatem
2578 2276 2721 2341 aliis,
2751 2277 2836 2332 vel
2867 2278 3024 2346 cujus
3052 2276 3160 2331 vita
3192 2276 3449 2331 dissentit
3476 2290 3507 2330 a
3536 2275 3720 2330 dictis.

2090 2347 2192 2413 Qui
2232 2346 2371 2402 bene
2422 2348 2725 2416 pradicant
2766 2357 2822 2404 et
2868 2345 3006 2403 male
3043 2348 3228 2403 vivunt
3268 2353 3423 2403 notat
3468 2345 3731 2402 Dominus

2092 2419 2149 2472 in
2198 2419 2511 2488 Evangelio,
2582 2433 2705 2474 cum
2769 2420 2951 2475 dicit:
3019 2419 3207 2473 Dicunt
3261 2425 3310 2473 et
3364 2432 3471 2472 non
3529 2418 3730 2487 radunt

2096 2505 2301 2576 (Matth.
2343 2522 2494 2572 xnu,
2527 2505 2612 2577 3).
2644 2507 2927 2563 Sacerdoti
2966 2498 3125 2568 464
3162 2512 3343 2562 autem
3383 2506 3478 2576 qui
3519 2505 3725 2575 pradi-

2092 2590 2217 2648 care
2246 2585 2424 2632 cessat
2470 2580 2545 2633 ita
2581 2579 2844 2634 Dominus
2899 2593 2998 2648 per
3052 2577 3388 2633 Ezechielem
3444 2577 3722 2632 minatur:

2093 2647 2196 2703 Fili
2231 2648 2471 2720 hominis,
2501 2649 2879 2720 speculatorem
2903 2647 3037 2704 "dedi
3074 2654 3123 2720 te
3160 2650 3340 2704 domus
3381 2648 3499 2713 [al.,
3549 2648 3724 2712 domu]

2089 2719 2297 2785 Israel;
2356 2719 2542 2775 audies
2593 2721 2658 2776 de
2712 2736 2823 2775 meo
2863 2735 2953 2775 ore
3006 2719 3165 2775 verba
3226 2734 3341 2774 mea
3363 2763 3378 2785 ,
3434 2724 3484 2774 et
3530 2733 3729 2774 annun-

2091 2789 2247 2861 tiabis
2293 2792 2369 2845 eis
2415 2806 2486 2845 ex
2528 2806 2645 2846 me:
2686 2791 2750 2848 Si
2787 2791 2988 2847 dicente
3031 2806 3112 2846 me
3160 2790 3231 2845 ad
3267 2790 3514 2861 impium:
3552 2792 3728 2845 Morte

2088 2860 2347 2926 morieris,
2386 2875 2491 2916 non
2527 2862 2915 2917 annuntiaveris
2959 2862 3008 2916 ei
3044 2867 3098 2917 ut
3137 2860 3405 2916 avertatur
3431 2877 3465 2915 a
3503 2862 3591 2914 via
3627 2875 3726 2915 sua

2087 2932 2335 3004 impinget
2373 2932 2548 2997 vivat;
2580 2935 2690 3003 ipse
2726 2933 2912 3004 impias
2952 2933 3004 2987 in
3034 2933 3305 3003 iniquitate
3330 2947 3428 2986 sua
3458 2933 3723 3004 morietur,

2086 3003 2389 3070 sanguinem
2427 3008 2597 3058 autem
2633 3004 2744 3072 ejus
2782 3003 2846 3058 de
2881 3019 3039 3058 manu
3075 3008 3165 3058 tua
3202 3004 3482 3073 requiram,
3524 3003 3577 3057 id
3618 3010 3721 3067 est,

369 3085 439 3127 ne
495 3086 686 3126 sanum
739 3059 1088 3144 intellectum
1127 3072 1363 3144 aliquem
1419 3059 1701 3144 haretica‘
1734 3059 2311 3144 sententiaCanimam
2342 3073 2473 3142 ejus.
2514 3075 2579 3130 Si
2606 3059 2775 3129 autem
2805 3074 3194 3129 annuntiaueris
3219 3059 3397 3144 impio,
3430 3059 3481 3128 et
3507 3072 3596 3128 ille
3621 3059 3726 3128 non

368 3150 744 3211 corrumpant.
817 3144 993 3213 Super
1044 3141 1239 3197 rivulos
1276 3156 1529 3213 aquarum
1593 3143 2001 3198 describuntur.

369 3213 473 3268 Per
546 3214 751 3269 rivulos
782 3253 798 3278 ,
874 3213 1274 3283 Scripturarum
1326 3212 1671 3283 intelligitur
1733 3214 2004 3269 sententia

366 3284 576 3340 Diversi
598 3284 756 3339 rivuli
778 3284 1008 3341 diversa
1030 3292 1158 3339 sunt
1178 3284 1486 3340 sententia.
1509 3284 1715 3339 Natura
1735 3284 2003 3339 columba

368 3362 452 3410 est
474 3358 631 3424 juxta
661 3355 865 3410 ﬂuenta
914 3356 1183 3421 habitare,
1233 3364 1288 3411 et
1334 3356 1586 3411 veniente
1631 3356 1893 3425 accipitre
1942 3370 2000 3411 se

363 3427 526 3481 etiam
558 3425 722 3481 undis
750 3426 1049 3496 mergendo
1078 3425 1309 3481 insidias
1345 3429 1465 3494 ejus
1511 3426 1762 3481 evadere.
1796 3427 2000 3482 Eodem

361 3497 526 3552 modo
558 3504 807 3566 pastores
842 3499 911 3553 ad
960 3498 1316 3553 munitionem
1356 3497 1759 3566 Scripturarum
1808 3505 2001 3553 contra

360 3566 567 3638 diaboli
633 3566 863 3623 insidias
926 3568 1133 3624 debent
1199 3582 1506 3623 recurrere.
1576 3569 1888 3638 Sequitur:
1939 3568 2001 3624 Si

356 3635 768 3711 claudusfuerit
795 3654 900 3694 non
935 3639 1121 3709 offerat
1150 3638 1524 3711 _Deo_hos_tias.
1556 3635 1794 3711 Claudus
1832 3653 1997 3711 unum

357 3710 555 3779 pedem
584 3708 751 3765 habet
780 3708 990 3765 rectum
1029 3717 1085 3766 et
1111 3709 1221 3766 alio
1259 3708 1567 3775 claudicat;
1625 3710 1754 3765 hinc
1802 3709 1998 3767 claudo

361 3785 612 3851 pastores
667 3781 749 3835 illi
788 3786 1177 3850 comparantur
1223 3781 1317 3851 qui
1364 3781 1561 3850 partim
1598 3788 1749 3837 recte
1787 3782 1997 3837 intelli-

356 3851 538 3921 gendo
577 3858 831 3922 pergunt,
862 3852 959 3907 sed
991 3853 1047 3906 in
1088 3858 1239 3921 parte
1287 3851 1427 3907 male
1468 3852 1809 3922 pradicant;
1854 3853 1997 3908 hanc

356 3925 538 3992 autem
578 3921 1034 3978 claudicationem
1065 3923 1264 3977 mentis
1313 3921 1483 3978 Jacob
1531 3922 1760 3978 claudus
1808 3924 1995 3992 praﬁ-

356 3991 568 4062 guravit
604 3992 662 4047 in
706 4005 980 4062 corpore,
1030 3994 1157 4064 quia
1205 3993 1445 4063 populus
1489 3994 1695 4061 Israel,
1742 3991 1995 4050 veniente

356 4078 597 4145 Christo,
629 4078 955 4135 claudicavit
991 4089 1212 4148 mente;
1244 4080 1385 4136 bene
1413 4081 1689 4137 sentiebat
1727 4081 1796 4137 de
1835 4074 1994 4143 462

356 4148 575 4222 Christo
610 4164 734 4206 cum
763 4150 1039 4207 hominem
1070 4158 1306 4222 putaret,
1340 4152 1438 4208 sed
1486 4153 1626 4208 male
1674 4166 1795 4208 cum
1824 4154 1993 4208 Deum

355 4233 467 4277 non
498 4221 849 4292 intelligeret.
880 4223 980 4290 Qui
1011 4221 1191 4279 autem
1229 4223 1541 4279 claudicant
1568 4224 1624 4280 in
1673 4222 1779 4278 ﬁde
1810 4237 1994 4279 remo-

355 4292 674 4367 vendisunt
700 4308 731 4367 a
760 4294 1193 4367 sacerdotio,ne
1220 4294 1331 4351 alio
1370 4308 1511 4365 quos
1557 4309 1750 4367 regere
1788 4294 1994 4351 debent

352 4363 664 4421 claudicare
692 4364 895 4422 faciant
922 4367 976 4422 in
1008 4366 1206 4422 eodem
1234 4367 1386 4422 vitio.

2081 3143 2239 3216 fuerit
2277 3158 2553 3199 conversus
2591 3145 2656 3199 ab
2686 3145 2949 3216 impietate
2984 3161 3103 3208 sua,
3142 3145 3254 3216 ipse
3291 3143 3505 3216 quidem
3531 3145 3585 3216 in
3616 3144 3726 3198 ini-

2118 3215 2279 3268 uitate
2314 3230 2413 3269 sua
2449 3217 2715 3281 morietur,
2753 3214 2808 3272 tu
2847 3222 3019 3271 autem
3054 3214 3459 3270 aniinamtuam
3487 3214 3726 3270 liberain

2118 3230 2279 3268 uuaze
2314 3230 2413 3269 sua
2449 3230 2715 3281 morietur,
2756 3230 2808 3272 tu
2847 3230 3019 3271 autem
3054 3231 3283 3270 ammam
3318 3230 3459 3270 tuam
3487 3230 3720 3270 liberast:

2084 3230 2298 3354 zEzech.
2338 3300 2423 3351 III,
2472 3287 2554 3353 17,
2611 3286 2723 3357 19).
2783 3287 2933 3342 Idem
2990 3286 3262 3357 signiﬁcat
3327 3300 3519 3341 manus
3571 3287 3720 3355 quod

2082 3370 2201 3428 pes,
2231 3370 2423 3428 manus
2460 3359 2604 3412 enim
2663 3359 2901 3426 operari,
2943 3372 3040 3428 pes
3097 3357 3375 3412 ambulare
3431 3357 3719 3427 designat;

2081 3426 2361 3499 ambulare
2389 3441 2520 3484 vero
2549 3434 2605 3484 et
2634 3430 2852 3498 operari
2878 3426 3147 3484 in‘divina
3197 3429 3393 3499 pagina
3430 3426 3591 3499 idem:
3614 3432 3719 3483 est.

2079 3498 2375 3570 Sequitur:
2410 3499 2473 3555 Si
2500 3499 2743 3568 gibbosus
2768 3500 2946 3570 ﬁterit,
2977 3500 3176 3555 hostias
3205 3498 3316 3555 Deo
3366 3514 3472 3554 non
3519 3498 3717 3569 offeret.

2078 3569 2361 3641 Gibbosusr
2399 3571 2660 3626 sacerdos
2717 3578 2801 3626 est
2856 3584 3016 3641 quem
3074 3577 3309 3626 terrena
3361 3570 3716 3640 cupiditatis;

2081 3640 2298 3709 pondus
2334 3640 2612 3710 deprimit,
2673 3649 2728 3698 et
2782 3642 2995 3697 tardius
3050 3642 3117 3696 ad
3165 3655 3402 3711 superna
3442 3641 3715 3704 intendit;

2080 3711 2208 3766 dum
2283 3713 2428 3767 enim
2493 3713 2560 3768 ad
2618 3713 2802 3768 inﬁma
2858 3713 3032 3767 inhiat
3088 3714 3346 3769 incurvus
3399 3713 3718 3782 gravitatem

2078 3782 2471 3854 sollicitudinis
2498 3784 2655 3854 quasi
2697 3783 2914 3853 pondus
2942 3783 3198 3839 sustinet.
3219 3783 3376 3851 Quod
3405 3798 3531 3839 vere
3563 3784 3719 3838 dives

2080 3852 2298 3926 inhians
2318 3852 2554 3926 terrenis
2572 3852 2837 3925 gibb’osus
2857 3861 2962 3921 est,
2996 3854 3101 3910 hoc
3130 3855 3435 3926 designavit
3457 3854 3718 3926 Dominus

2076 3922 2132 3977 in
2164 3924 2477 3994 Evangelia,
2510 3922 2637 3980 dum
2678 3926 2885 3981 camelo
2933 3926 3027 3995 qui
3064 3922 3329 3995 gibbosus
3371 3932 3457 3980 est
3493 3925 3717 3980 divitem

2074 4007 2293 4050 avarum
2337 3997 2693 4064 comparavit,
2735 3994 2967 4052 dicensf
3012 3994 3162 4053 Sicut
3209 3994 3433 4052 camelos
3476 4010 3583 4049 non
3623 4010 3719 4064 po-

2076 4010 2293 4050 avarum
2337 4010 2693 4064 comparavit,
2735 4010 2961 4052 arcens:
3012 4010 3162 4053 Sicut
3209 4010 3433 4052 camelos
3476 4010 3583 4049 non
3607 4010 3715 4119 £0-

2076 4069 2172 4119 test
2209 4066 2439 4137 transire
2466 4080 2563 4137 per
2594 4068 2837 4137 foramen
2881 4083 3028 4135 acus,
3059 4074 3167 4123 etc.
3202 4066 3416 4137 (Matth.
3455 4081 3587 4137 nx,
3700 4087 3715 4133 ;

2074 4137 2248 4209 Marc.
2289 4151 2343 4203 x,
2374 4136 2481 4201 25;
2523 4136 2649 4192 Luc.
2682 4152 2837 4204 xvm,
2868 4137 2980 4209 25).
3014 4139 3168 4205 Quod
3199 4136 3373 4193 amnes
3401 4136 3719 4209 sacerdotes

2073 4207 2304 4280 student;
2333 4209 2575 4280 auaritia:
2592 4213 2662 4280 et
2699 4224 2739 4280 a_
2775 4207 3031 4280 propheta
3077 4224 3241 4280 usque
3279 4209 3351 4263 ad
3393 4208 3718 4280 sacerdotem

2074 4279 2246 4350 cuncti
2271 4278 2472 4350 faciunt
2510 4279 2685 4334 dolum
2723 4278 2933 4350 (Jerein.
2991 4295 3068 4347 v1,
3138 4279 3249 4350 13).
3306 4280 3600 4349 Sequitur:
3653 4279 3719 4335 Si

2004 4374 2055 4432 Β
2076 4346 2244 4419 lippus
2271 4346 2455 4419 ‘luerit,
2494 4365 2600 4405 non
2636 4346 2813 4421 oﬁeret
2850 4351 3049 4406 hostias
3084 4346 3217 4405 Deo'.
3264 4346 3470 4420 Lipp'us
3499 4355 3599 4432 est_
3619 4350 3717 4432 qui

422 4438 717 4508 Sequitur:
742 4438 1002 4509 (Siparvo
1031 4453 1167 4509 naso
1205 4437 1362 4509 fuerit
1399 4452 1505 4509 non
1533 4429 2038 4509 oﬁ‘eratDeoho-f
2076 4436 2297 4509 quidem
2336 4437 2617 4509 ingenium
2673 4439 2740 4494 ad
2772 4508 2777 4509 ί
2808 4440 3182 4509 cognitionem
3246 4439 3496 4494 veritatis
3554 4429 3713 4499 465

342 4502 708 4565 stium-Nasus
735 4507 793 4563 in
825 4502 1008 4563 divina
1048 4502 1244 4633 pagln'a
1275 4502 1664 4564 discretionem
1697 4508 1989 4578 signiﬁcat,

350 4591 484 4633 naso
515 4580 660 4633 enim
700 4580 879 4633 bonus
926 4584 982 4633 et
1035 4592 1120 4633 ma
1144 4592 1209 4633 us
1258 4578 1399 4633 odor
1441 4579 1795 4633 discernitur.
1845 4578 1989 4633 unde

350 4591 484 4635 naso
515 4580 660 4635 enim
700 4580 879 4635 bonus
926 4584 982 4634 et
1035 4578 1209 4633 malus
1258 4578 1399 4633 odor
1441 4579 1795 4647 discernitur,
1845 4578 1991 4634 unde

347 4649 603 4707 Salomon
641 4651 717 4706 ait
766 4651 822 4706 in
860 4649 1101 4706 Canticis
1148 4648 1471 4704 describens
1512 4651 1847 4706 Ecclesiam:
1880 4652 1993 4706 Na-

345 4734 437 4775 sus
467 4727 582 4777 tuus
607 4722 743 4777 sicut
779 4721 938 4777 turris
965 4719 1154 4776 Libani
1201 4734 1315 4791 qua
1346 4721 1556 4790 respicit
1585 4725 1767 4776 contra
1797 4722 1991 4775 Dama-

346 4803 490 4844 scum
529 4792 710 4862 (Cant.
742 4808 840 4859 vn,
880 4792 950 4861 4).
1009 4790 1221 4848 Nasus
1248 4790 1508 4847 Ecclesia
1552 4797 1693 4862 sunt
1730 4791 1990 4847 doctores

348 4862 525 4915 sancti
548 4861 649 4931 qui
688 4870 957 4920 noverunt
1005 4862 1343 4919 redolentem
1383 4861 1671 4918 catholica
1719 4861 1845 4917 ﬁdei
1883 4862 1992 4918 do-

347 4932 578 4987 ctrinam
608 4932 882 5004 discutere
913 4935 981 4990 ab
1010 4934 1287 4991 haretica
1328 4934 1609 5004 pravitatis
1645 4931 1839 4989 fetore.
1872 4933 1993 4990 Sic-

346 5008 400 5058 ut
421 5004 581 5059 turris
617 5002 806 5059 Libani
833 5014 980 5061 sunt.
1022 5007 1261 5062 Libanus
1290 5002 1445 5061 mons
1482 5010 1586 5071 est,
1619 5011 1675 5060 et
1710 5004 1989 5074 interpre-

347 5079 495 5145 tatur
537 5074 862 5131 candidatio.
909 5078 1087 5132 Turris
1142 5077 1331 5133 Libani
1377 5084 1505 5131 sunt
1543 5076 1821 5141 doctores,
1863 5076 1992 5145 quia

348 5144 594 5217 defensio
624 5156 680 5204 et
710 5145 980 5217 refugium
1009 5154 1138 5203 sunt
1167 5148 1429 5204 ﬁdelium.
1453 5147 1555 5214 Qui
1572 5147 1783 5217 respicit
1809 5152 1990 5202 contra

345 5216 678 5275 Damascum.
737 5216 1031 5274 Damascus
1078 5220 1474 5289 interpretatur
1514 5216 1671 5289 potus
1695 5218 2018 5286 sanguinis,-

344 5289 567 5361 sanguis
627 5290 939 5361 voluptates
1005 5292 1258 5360 corporis
1330 5290 1619 5360 designat;
1659 5290 1991 5361 Damascus

345 5357 803 5431 igitur‘mundum
834 5357 1118 5431 designat,
1139 5363 1267 5430 quia
1314 5357 1603 5431 sanguine,
1654 5359 1709 5415 id
1759 5366 1843 5415 est
1889 5373 1992 5431 νοτ

344 5426 1319 5503 luptatibuscorporisfdelectatur.
1370 5426 1559 5487 Turris
1590 5426 1737 5487 vero
1776 5430 1988 5503 illa,_id

346 5506 452 5567 est,
493 5502 670 5557 sancti
709 5500 970 5561 doctores
1008 5502 1213 5559 mundo
1260 5503 1527 5560 contrarii
1574 5508 1722 5570 sunt,
1771 5509 1827 5557 et
1862 5500 1990 5556 ideo

345 5578 543 5630 contra
590 5572 911 5632 Damascum
952 5574 1158 5632 dicitur
1202 5575 1501 5645 respicere.
1549 5573 1655 5631 Sed
1700 5573 1992 5630 redeamus

2072 4508 2319 4575 emittit,
2388 4508 2485 4565 Sed
2561 4510 2667 4565 hoc
2731 4508 2965 4566 vivendo
3040 4510 3335 4566 carnaliter
3406 4510 3711 4575 obscurat;

2070 4585 2199 4633 sunt
2228 4579 2372 4635 enim
2403 4580 2624 4650 quidam
2655 4582 2748 4651 qui
2790 4581 2930 4636 bene
2969 4581 3194 4637 studere
3248 4588 3479 4650 possunt
3515 4580 3715 4635 divina

2072 4651 2419 4723 paginatet
2458 4652 2597 4708 bene
2638 4651 3011 4723 intelligerent
3048 4653 3093 4707 si
3123 4651 3347 4718 vellent,
3387 4651 3486 4707 sed
3516 4651 3714 4723 intenti

2067 4721 2440 4793 voluptatibus
2505 4723 2785 4793 ingenium
2824 4721 3186 4789 ‘obscurant,
3255 4728 3310 4793 et
3366 4722 3599 4778 vivendo
3642 4723 3713 4793 in

2069 4792 2329 4865 sordibus
2367 4795 2549 4865 lumen
2576 4792 2806 4864 ingenii
2853 4794 3170 4865 deturpant.
3208 4792 3715 4865 Albuginemhabet

2066 4864 2323 4934 inoculo,
2364 4864 2459 4933 qui
2506 4878 2626 4919 cum
2668 4865 2889 4934 sapiens
2936 4864 3031 4931 sit,
3076 4865 3387 4934 arrogantia
3426 4864 3714 4934 sapientia

2068 4933 2152 4989 vel
2177 4935 2408 5004 justitia
2447 4935 2699 5007 nebulam
2733 4933 2866 4991 ante
2905 4937 3126 4993 oculum
3173 4933 3382 5007 ingenii
3431 4933 3608 5004 penit,
3659 4940 3715 5007 et

2070 5019 2192 5060 cum
2260 5012 2416 5076 putat
2464 5006 2650 5062 videre
2715 5021 2897 5062 cacus
2952 5017 3037 5063 est
3092 5013 3148 5062 et
3203 5005 3491 5076 insipiens,
3546 5005 3716 5060 ascri-

2070 5076 2252 5161 bendo
2310 5077 2419 5161 sibi
2472 5091 2593 5161 non.
2644 5078 2765 5161 Deo.
2815 5079 2963 5161 quod
2994 5079 3201 5161 novit;
3242 5076 3349 5144 vel,
3398 5078 3502 5133 iste
3532 5076 3715 5161 habet

2071 5148 2335 5202 maculam
2375 5148 2431 5202 in
2470 5148 2633 5204 oculo
2672 5150 2765 5218 qui
2833 5147 3078 5205 intentus
3135 5156 3371 5205 terrena
3426 5147 3713 5218 sapientia

2070 5232 2181 5273 non
2221 5218 2442 5290 divina,
2485 5224 2639 5289 putat
2684 5234 2744 5275 se
2796 5220 3098 5290 sapientem
3139 5234 3260 5276 esse
3299 5234 3423 5276 cum
3461 5220 3534 5275 sit
3571 5219 3713 5290 insi-

2068 5292 2252 5363 piens,
2303 5288 2448 5345 unde
2485 5288 2750 5363 Scriptum
2817 5288 2936 5348 est:
2998 5292 3275 5363 Sapientia
3331 5290 3480 5363 hujus
3537 5289 3716 5363 mundi

2068 5359 2290 5433 stultitia
2356 5364 2443 5433 est_
2500 5361 2640 5432 apud
2694 5364 2856 5417 Deum
2919 5364 2976 5432 (Ι
3026 5359 3146 5418 σὸν.
3207 5378 3270 5417 ιιι
3289 5404 3303 5428 ,
3368 5359 3475 5433 l9).
3530 5362 3715 5433 lugent

2067 5430 2296 5503 scabiem
2352 5430 2546 5503 habet,
2596 5433 2691 5503 qui
2738 5433 2863 5488 aliis
2912 5430 3292 5490 criminalibus
3338 5430 3441 5489 nec
3481 5432 3715 5503 panitet

2069 5501 2216 5558 unde
2270 5500 2507 5559 fadatus
2544 5500 2647 5560 est.
2705 5505 2905 5561 Omnes
2942 5505 3101 5571 istos,
3142 5503 3341 5561 fratres
3376 5500 3709 5567 clarissimi,

2038 5573 2138 5665 ‘ab
2175 5572 2359 5631 ofﬁcio
2390 5574 2720 5633 sacerdotali
2771 5576 2929 5647 jubet
2977 5576 3240 5633 Dominus
3284 5575 3575 5642 removeri,
3615 5587 3713 5629 vos
