4100 6166
242 325 352 382 233

1687 329 1858 385 ACTA
1894 328 2178 385 VETERA.

3520 338 3633 395 234

252 460 313 507 ιιι
350 453 486 529 quia
517 466 702 529 neque
742 450 800 505 in
847 450 1214 529 prosperitate
1253 466 1430 529 neque
1478 452 1534 507 in
1572 452 1969 529 adversitateA
1990 455 2158 529 multa
2192 456 2335 529 mala
2363 458 2420 512 in
2459 458 2539 527 (1.,
2571 455 2715 525 inde]
2759 455 3044 523 oriuntur;
3078 460 3456 529 suscipiuntur
3485 467 3630 521 enim

255 524 663 580 rationabiliter
682 536 743 578 se
762 527 948 593 agunt,
973 524 1137 577 omnis
1164 524 1422 594 sapientia
1451 538 1627 579 eorum
1651 525 1902 579 devorata

252 603 351 663 est,
384 603 441 650 et
485 593 786 650 adnibilata
835 595 963 663 quia
993 608 1144 649 cassa
1196 593 1250 649 et
1289 594 1647 650 infructuosa.
1681 597 1771 651 Sic
1801 610 1905 651 nos

250 667 523 724 describit
570 667 833 737 Dominus
878 680 978 734 per
1024 666 1383 733 Psalmistam,
1417 680 1518 722 nos
1556 673 1737 722 autem
1768 667 1902 737 quid

248 738 653 808 respondemus
682 737 751 809 ad
782 736 946 792 hinc?
983 738 1071 791 Sic
1102 738 1244 792 enim
1276 740 1353 792 ait
1382 738 1585 793 lsaias:
1618 739 1766 795 Sicut
1794 736 1900 809 po-

246 810 427 883 pulus,
449 810 527 865 sic
553 808 837 883 sacerdos;
862 809 995 863 sicut
1022 822 1222 883 seruus,
1244 809 1331 883 sic
1348 809 1619 883 dominus;
1638 810 1781 883 sicut
1800 808 1903 883 an-

248 878 398 949 cilia,
431 883 511 936 sic
539 880 749 935 domina
779 879 918 950 (Isa.
942 895 1088 946 xxxv,
1113 878 1199 949 2);
1233 886 1288 935 et
1316 880 1571 937 Michaeas
1598 881 1675 936 ait
1699 902 1710 936 :
1740 882 1903 936 Periit

249 976 471 1027 sanctus
500 970 565 1024 de
593 974 757 1036 terra,
789 974 838 1023 et
867 973 1038 1023 rectus
1063 968 1117 1022 in
1143 960 1305 1029 477
1338 968 1627 1024 hominibus
1654 985 1758 1024 non
1786 974 1862 1025 est
1880 991 1900 1034 ;

250 1057 434 1099 omnes
462 1042 516 1096 in
535 1041 792 1107 sanguine
819 1040 1152 1111 insidiantur,
1173 1040 1253 1094 vir
1276 1041 1498 1111 fratrem
1515 1057 1667 1096 suum
1688 1047 1906 1096 venatur

251 1115 329 1169 ad
360 1118 575 1168 mortem
608 1112 784 1183 (Mich.
816 1126 916 1177 vn,
947 1109 996 1176 2)
1036 1130 1049 1166 :
1091 1109 1406 1167 miseribrcs
1451 1127 1639 1167 sumus
1660 1113 1905 1183 icaeteris

250 1184 595 1249 hominibus,
618 1182 756 1252 quia
786 1189 841 1237 et
879 1183 1141 1251 perimus,
1175 1191 1231 1238 et
1258 1183 1397 1238 alios
1436 1184 1618 1252 perire
1648 1182 1899 1239 facimus.

247 1259 346 1313 Ait
364 1257 511 1312 enim
533 1257 744 1326 Moyses
762 1254 819 1308 in
842 1252 1081 1326 Levitico
1106 1273 1119 1308 :
1149 1255 1213 1309 Si
1231 1253 1482 1326 sacerdos
1500 1256 1587 1326 qui
1615 1261 1692 1310 est
1719 1261 1903 1326 unctus

245 1328 571 1401 peccaverit,
591 1324 888 1401 delinquere
913 1325 1070 1394 faciet
1095 1324 1359 1396 populum,
1393 1324 1524 1401 quis
1546 1326 1690 1381 enim
1720 1324 1903 1401 facere

252 1397 611 1471 pertimescit
628 1397 776 1471 quod
805 1410 961 1452 suum
991 1402 1362 1471 correctorem
1393 1397 1576 1453 facere
1588 1397 1899 1471 prospicit;

252 1468 555 1542 prOptcrea
591 1469 872 1542 Dominus,
904 1481 1026 1523 cum
1055 1468 1552 1542 appropinquasset
1577 1468 1901 1542 Jerusalem,

252 1538 312 1599 et
342 1538 537 1597 videns
564 1540 836 1595 civitatem
868 1553 1035 1608 super
1063 1552 1181 1594 eam
1210 1539 1397 1595 ﬂesset
1430 1538 1582 1610 (Luc.
1610 1555 1723 1606 xxx,
1776 1538 1900 1610 41),

250 1613 483 1670 intravit
511 1619 700 1682 postea
731 1612 787 1682 in
818 1610 1101 1682 templum,
1135 1615 1191 1665 et
1220 1611 1383 1680 ejecit
1413 1617 1658 1667 ementes
1686 1616 1743 1666 et
1768 1625 1901 1667 ven-

253 1686 457 1741 dentes
495 1681 678 1765 (Ibid,
709 1681 822 1765 ᾧ),
856 1695 955 1763 per
984 1681 1090 1765 hoe
1120 1682 1420 1765 ostendens
1454 1696 1578 1764 esse
1617 1683 1902 1765 maximam

1988 526 2268 599 multoties
2316 526 2769 584 excommunicati
2819 543 2918 597 per
2963 526 3349 599 ignorantiam,
3390 533 3527 590 ﬁunt
3577 543 3632 592 et

1986 612 2086 666 per
2114 598 2219 653 hoc
2248 599 2457 672 illicitae
2496 600 2876 669 copulationes
2913 598 3232 672 conjugales
3266 623 3278 658 :
3321 598 3443 659 eum
3483 607 3630 662 enim

1986 676 2195 738 raptam
2242 670 2326 743 vel
2380 672 2608 727 alterius
2663 684 2938 740 sponsam,
2980 670 3459 743 vel'prohibitam
3518 690 3630 732 non

1986 747 2217 817 possunt
2255 742 2493 811 improbi
2532 744 2745 817 ducere
2775 744 2830 797 in
2871 742 3287 817 parochiasua,
3320 745 3537 817 fugiunt
3576 748 3632 803 in

1985 811 2167 877 aliam,
2201 819 2255 867 et
2302 827 2464 869 manu
2504 814 2746 869 extranei
2799 811 3104 872 sacerdotis
3151 811 3343 873 illicite
3381 811 3631 874 'benedi-

1985 888 2220 963 cuntur;
2264 898 2362 939 vos
2408 891 2593 963 autem
2638 900 2738 955 pro
2778 890 2999 942 terreno
3046 887 3202 944 lucro
3250 889 3490 945 libenter
3534 903 3633 945 eos

1985 953 2262 1031 recipitis,
2277 953 2798 1031 _c_t_quteriti_s‘qu:e_
2818 964 2997 1031 vestra
3036 966 3182 1025 sunt,
3215 975 3320 1015 non
3357 976 3471 1031 qua:
3506 964 3632 1017 Jesu

1985 1025 2178 1102 Qhristi
2206 1026 2417 1102 (Pnitip.
2453 1043 2522 1102 11_,_
2544 1025 2683 1102 21),;
2696 1027 2847 1102 Multi
2880 1030 3040 1102 etiam
3072 1033 3323 1101 suspensi
3355 1025 3409 1087 et
3438 1032 3630 1102 degra-

1985 1096 2097 1173 dati
2129 1097 2197 1151 ab
2237 1095 2421 1153 ofﬁcio
2470 1095 2745 1153 diabOlica
2792 1095 3360 1173 instigatione'agere
3391 1095 3631 1160 ofﬁcium

1985 1168 2227 1223 divinum
2276 1176 2638 1238 praesumunt,
2690 1174 2746 1224 et
2794 1168 2986 1226 contra
3033 1168 3369 1230 voluntatem
3414 1176 3631 1231 Domini

1985 1253 2015 1313 a
2044 1238 2267 1313 vicariis
2305 1241 2425 1313 ejus
2464 1239 2729 1313 prohibiti
2768 1242 3080 1299 ministrare
3118 1244 3329 1301 volunt.
3377 1247 3479 1313 Qui
3528 1247 3634 1302 hoc

1984 1308 2195 1366 faciunt
2241 1308 2487 1368 Domino.
2522 1312 2808 1378 resistunt,
2841 1318 2896 1367 et
2933 1314 3141 1370 similes
3186 1308 3634 1384 ChorefDathan

1986 1403 2041 1476 et
2086 1398 2315 1464 Abiron,
2355 1401 2450 1476 qui
2504 1392 2664 1463 480
2721 1407 2996 1476 steterunt
3050 1410 3246 1459 contra
3302 1407 3524 1476 Moysen
3576 1411 3633 1461 et

1986 1416 2041 1455 et
2086 1416 2450 1527 ADII‘OD,11111
2504 1416 2664 1463 ιιδυ
2721 1416 2996 1457 Steterunt
3050 1416 3246 1459 contra
3302 1416 3524 1476 Moysen
3576 1416 3632 1461 et

1983 1474 2185 1547 ῥητοί),
2218 1477 2273 1527 et
2299 1485 2366 1547 vo
2393 1472 2558 1528 ebant
2606 1487 2707 1542 per
2745 1472 3083 1547 invasionem
3132 1489 3371 1544 praeesse
3424 1477 3632 1547 populo

1984 1542 2100 1608 Dei,
2143 1557 2283 1612 quos
2311 1544 2462 1598 vivos
2504 1550 2653 1599 terra
2700 1544 3070 1612 transglutivit
3099 1542 3223 1601 cum
3262 1542 3634 1605 tabernaculis

1984 1614 2101 1669 suis
2147 1622 2202 1669 et
2247 1615 2552 1670 substantia
2579 1658 2592 1680 ,
2644 1614 3051 1671 descenderunt
3096 1617 3202 1671 vivi
3251 1618 3310 1672 in
3358 1617 3633 1675 infernum

1987 1686 2167 1760 (Num.
2199 1699 2315 1752 va,
2339 1684 2463 1760 ‘32).
2507 1687 2753 1742 Graviter
2800 1686 3086 1760 ulciscitur
3125 1688 3285 1760 Deus
3305 1689 3360 1743 in
3402 1704 3500 1745 eos
3537 1691 3632 1760 qui

503 1753 1203 1852 recusassent?
1225 1753 1953 1852 saevaesaeuae};
1984 1756 2280 1852 resistam.
2296 1757 2504 1852 V1995}?
2549 1757 2912 1852 529,533.96
2940 1758 3015 1852 ,ἰπὶ
3050 1753 3633 1852 γεξενί..ιεε,ςς,,υεοέ.ετ

253 1828 470 1899 populi,
502 1827 578 1882 ait
615 1825 776 1899 nobis
810 1824 1070 1879 Dominus
1098 1838 1197 1899 per
1225 1824 1537 1899 Zachariam
1563 1845 1575 1880 :
1599 1827 1780 1899 Super
1806 1841 1904 1899 pa-

253 1894 430 1954 stores
447 1900 615 1953 iratus
635 1903 711 1952 est
738 1897 889 1967 furor
916 1910 1058 1950 meus
1091 1895 1278 1965 (Zach.
1302 1911 1354 1961 x,
1378 1894 1452 1965 3).
1476 1894 1699 1952 Duobus
1727 1894 1907 1952 modis

257 1978 348 2026 est
368 1968 628 2025 sacerdos
648 1968 804 2023 ruina
827 1967 1015 2037 populi
1040 1987 1052 2021 :
1087 1967 1225 2022 male
1245 1967 1498 2034 vivendo,
1523 1975 1576 2022 et
1607 1968 1906 2023 indiscrete

257 2041 526 2111 regendo.
586 2039 889 2111 lndiscrete
935 2039 1145 2111 regit,
1176 2038 1305 2094 dum
1345 2038 1437 2111 vel
1491 2038 1903 2111 immoderatam

253 2109 636 2183 pténitentiam
675 2109 1001 2183 negligenda
1030 2109 1192 2183 parit.
1210 2111 1302 2183 De
1339 2110 1697 2183 immoderata
1728 2110 1908 2180 poeni-

256 2175 433 2240 tentia
481 2175 857 2251 incﬂapat'eos
893 2175 1156 2236 Dominus
1192 2180 1384 2236 dicens
1416 2200 1430 2236 :
1471 2180 1706 2251 Alligant
1728 2175 1907 2236 'onera

254 2256 449 2326 gravia
485 2260 533 2309 et
571 2251 948 2326 importabilia,
981 2257 1030 2307 et
1059 2253 1285 2326 humeris
1322 2253 1581 2326 hominum
1617 2254 1903 2326 imponunt,

255 2323 423 2395 digito
456 2330 625 2380 autem
641 2323 830 2395 nolunt
859 2338 923 2377 ea
950 2338 1155 2379 movere
1186 2323 1393 2394 (Matth.
1427 2339 1580 2389 xxnl,
1604 2323 1695 2394 4),
1714 2323 1769 2378 id
1801 2329 1904 2386 est,

253 2394 545 2453 minimum
576 2396 739 2451 etiam
774 2394 991 2450 illorum
1023 2408 1146 2464 quae
1180 2395 1377 2463 jubent
1408 2402 1688 2464 nequeunt
1718 2395 1909 2450 obser-

252 2484 406 2532 vare,
442 2472 737 2538 propterea
766 2465 1201 2538 aitApostolus:
1237 2467 1720 2538 Siuprteoeeupatus
1748 2467 1909 2538 fuerit

256 2540 408 2595 homo
442 2534 516 2593 'in
549 2534 734 2607 aliqua
782 2534 967 2592 delicto
1018 2535 1157 2606 (Gal.
1189 2551 1267 2601 vt,
1306 2534 1371 2606 1),
1422 2542 1529 2593 etc.
1563 2534 1657 2592 ’De
1688 2534 1910 2591 minima

258 2617 444 2667 autem
480 2608 807 2678 ptenitentia
837 2607 1311 2678 aitAugustinus:
1343 2626 1371 2656 «
1402 2608 1456 2661 Si
1489 2608 1691 2676 aliquis
1720 2621 1914 2677 pecca-

258 2683 399 2738 verit
450 2677 507 2734 in
562 2682 748 2743 Deum,
782 2691 883 2733 nos
920 2677 975 2731 in
1016 2679 1112 2732 Dei
1160 2678 1357 2746 injuria
1397 2678 1622 2747 benigni
1662 2684 1718 2732 et
1756 2678 1914 2732 mise-

260 2752 515 2810 ricordes
561 2764 770 2813 sumus,
806 2755 860 2803 et
907 2749 1001 2803 Dci
1051 2748 1313 2803 offensam
1352 2750 1508 2817 quasi
1556 2749 1811 2817 injuriam
1842 2749 1914 2803 sit

258 2847 534 2914 potestate
558 2841 679 2914 ejus
700 2835 839 2914 velle
863 2842 918 2914 et
948 2828 1261 2914 478_ejus
1278 2837 1428 2914 nolle
1459 2837 1683 2906 impune
1705 2837 1913 2914 absque

258 2908 587 2983 congruenti
618 2909 961 2983 paenitentiae
988 2908 1227 2963 vindicta
1259 2908 1546 2983 donamus,
1580 2923 1700 2964 cum
1733 2913 1913 2983 tamen

258 2979 411 3056 quod
460 2979 727 3056 inunobis
766 2979 1116 3056 commissum
1160 2984 1262 3044 est,
1307 2992 1411 3034 nec
1459 2979 1649 3056 saltem
1688 2980 1911 3056 verbum

258 3051 719 3113 contumeliosum
760 3052 879 3106 sine
903 3051 1144 3105 vindicta
1175 3063 1485 3119 possumus,
1511 3052 1666 3120 juxta
1704 3051 1911 3106 consti-

1984 1834 2098 1882 tum
2147 1828 2281 1883 illud
2322 1836 2508 1901 morte
2548 1828 2898 1901 puniebatur,
2938 1829 3015 1901 ait
3046 1830 3191 1885 enim
3230 1828 3448 1901 Moyses
3478 1852 3490 1886 :
3535 1832 3639 1899 Qui

1987 1905 2157 1954 autem
2220 1899 2533 1973 superbierit
2578 1900 2776 1973 nolens
2837 1899 3049 1973 obedire
3102 1899 3379 1973 sacerdoti
3431 1902 3519 1973 qui
3575 1917 3635 1958 eo

1987 1971 2515 2044 temporeministgat
2556 1972 2798 2037 Domino,
2830 1972 3088 2044 moriatur
3124 1972 3277 2027 homo
3322 1971 3410 2027 ille
3440 1971 3631 2044 (Deut.

1986 2039 2120 2105 xvn,
2161 2039 2275 2111 l2).
2326 2042 2386 2097 In
2423 2042 2688 2098 Toletano
2721 2055 2851 2097 vero
2892 2043 3130 2098 concilio
3169 2039 3635 2101 excommunicari

1989 2112 2409 2185 praecipiuntur,
2442 2120 2498 2169 et
2526 2113 2571 2169 si
2603 2113 2883 2185 noluerint
2909 2115 3134 2185 corrigi,
3168 2114 3361 2170 exsilio
3391 2116 3637 2171 damnari

1990 2182 2213 2256 (Τοίην,
2248 2198 2298 2239 c.
2338 2184 2411 2241 51.
2453 2187 2527 2239 De
2569 2184 2782 2240 incuria
2826 2198 2956 2241 vero
3004 2182 3083 2240 (δι’
3103 2186 3435 2256 negligentia
3465 2186 3633 2243 ofﬁcii

1988 2254 2155 2309 vestri
2176 2255 2467 2325 umnltoties
2494 2255 2752 2312 admonui
2782 2269 2880 2311 vos
2909 2262 2968 2310 ut
2997 2254 3223 2312 lectioni
3250 2254 3539 2325 vacaretis,
3580 2265 3636 2314 et

1989 2326 2123 2395 quid
2162 2324 2341 2381 facitis
2378 2326 2430 2396 [f.
2466 2326 2688 2397 facere],
2720 2326 2853 2396 quid
2885 2327 3187 2395 praedicare
3208 2327 3424 2383 debetis
3453 2324 3638 2384 addis-

1989 2396 2210 2453 ceretis.
2242 2399 2302 2453 In
2333 2398 2628 2454 Aureliano
2658 2398 2896 2454 concilio
2941 2398 3009 2453 de
3050 2398 3161 2453 illis
3189 2399 3393 2453 dicitur
3426 2418 3438 2453 :
3475 2418 3504 2451 ‹‹
3534 2401 3636 2455 Sa-

1990 2468 2247 2525 cerdotes
2294 2469 2387 2539 qui
2459 2483 2570 2525 non
2622 2469 2844 2540 sapiunt
2899 2469 3200 2538 adimplere
3274 2470 3639 2526 ministerium

1990 2554 2169 2605 suum,
2209 2554 2311 2596 nec
2340 2540 2554 2597 discere
2597 2542 2748 2611 juxta
2783 2546 3057 2611 praecepta
3087 2554 3310 2597 suorum
3342 2541 3634 2612 episcopo-

1993 2624 2112 2665 rum
2145 2624 2245 2679 pro
2274 2612 2483 2667 viribus
2511 2618 2786 2682 satagunt,
2819 2612 2904 2667 vel
2935 2618 3346 2682 contemptores
3374 2626 3643 2669 canonum

1995 2682 2257 2755 existunt,
2275 2683 2343 2755 ab
2366 2682 2546 2755 ofﬁcio
2562 2685 2791 2755 proprio
2812 2683 3171 2739 submovendi
3192 2691 3341 2751 sunt,
3355 2698 3644 2755 quousque

1997 2752 2285 2808 emendata
2331 2753 2449 2808 haec
2497 2754 2735 2823 pleniter
2772 2754 3042 2817 habeant;
3081 2774 3108 2805 »
3148 2752 3463 2824 ignorantia
3495 2752 3643 2810 enim

1996 2823 2399 2891 Scripturarum
2430 2831 2616 2879 errant
2646 2830 2701 2878 et
2730 2838 2914 2879 errare
2964 2823 3225 2894 populum
3268 2827 3361 2880 Dei
3409 2824 3641 2891 faciunt,

1997 2901 2053 2950 et
2082 2894 2547 2959 maledictionem,
2591 2908 2752 2963 quam
2784 2895 2922 2949 dixit
2951 2897 3184 2964 Moyses,
3210 2897 3536 2962 incurrunt;
3571 2898 3649 2952 ait

1997 2966 2165 3020 enim:
2189 2964 2507 3037 Maledictus
2527 2962 2621 3036 qui
2633 2979 2815 3020 errare
2830 2966 2958 3036 facit
2968 2962 3159 3021 ciccum
3185 2967 3240 3021 in
3267 2967 3451 3021 itinere
3476 2962 3661 3037 (Deutf

1996 3051 2167 3101 xxvu,
2214 3035 2319 3107 18).
2352 3038 2427 3092 De
2458 3035 3006 3092 diminutioneetiam
3030 3038 3312 3093 titulorum
3342 3035 3647 3094 vestrorum

259 3108 532 3183 tuitionem
562 3131 875 3179 sanctorum
907 3123 1147 3187 Patrum,
1175 3108 1483 3177 secundum
1511 3108 1905 3177 auctoritatem

1996 3108 2201 3187 saepius
2232 3109 2570 3187 praecepine
2591 3108 2793 3187 aliquis
2813 3108 3184 3187 minuetjetvel
3216 3109 3647 3187 minui_permit-

259 3197 583 3273 canonicam
633 3195 991 3273 vindicemus.
1027 3212 1053 3273 ξ)
1104 3192 1284 3273 Noiite
1332 3207 1485 3273 ergo,
1527 3191 1744 3273 fratres,
1787 3206 1908 3248 esse

258 3269 577 3336 indiscreti,
611 3281 679 3322 ne
711 3266 865 3322 vobis
895 3265 1145 3320 dicatur:
1191 3265 1294 3336 Vos
1319 3264 1443 3318 estis
1472 3265 1598 3318 caeci
1628 3264 1784 3336 duces
1813 3278 1911 3318 ca:-

259 3355 462 3405 corum,
495 3333 713 3395 et'ideo
751 3337 797 3391 si
835 3351 1000 3391 cazcus
1037 3349 1227 3405 cwcum
1263 3335 1437 3402 ducat,
1469 3350 1638 3389 nonne
1676 3333 1825 3390 ambo
1855 3335 1910 3389 in

257 3404 468 3484 foveant
495 3410 695 3484 cadunt
718 3408 767 3484 ?_
788 3408 1003 3484 (Μᾳιῑῇἱ
1028 3421 1119 3472 xv,
1133 3404 1274 3484 ‘14):
1303 3407 1390 3484 Ut_
1407 3413 1589 3484 autem
1621 3407 1911 3484 discretio-

260 3477 389 3539 nem
423 3481 719 3546 haberetis,
754 3477 808 3533 in
849 3478 1092 3534 clavibus
1130 3477 1277 3532 Petri
1305 3478 1463 3532 vobis
1504 3477 1909 3548 praeﬁguratum

262 3563 350 3611 est
389 3558 446 3609 et
492 3554 845 3617 insinuatum,
880 3564 1003 3605 cum
1033 3549 1177 3604 enim
1222 3549 1484 3603 Dominus
1532 3548 1686 3604 dedit
1731 3548 1911 3603 claves

261 3626 422 3696 regni
463 3624 724 3696 caelorum
757 3628 935 3686 Petro,
968 3622 1023 3676 in
1062 3622 1224 3675 Petro
1264 3619 1519 3696 omnibus
1547 3620 1704 3696 vobis
1733 3619 1907 3696 dedit.

260 3689 459 3753 Claves
505 3695 658 3766 regni
693 3694 816 3749 dum
846 3697 975 3749 sunt
1008 3713 1024 3766 :_
1072 3695 1401 3766 p_otestas__et
1439 3691 1723 3766 discretio,
1756 3696 1816 3744 ut
1847 3689 1912 3742 li-

260 3782 460 3841 gemus
488 3773 545 3841 et
572 3761 882 3841 solvamus;
931 3763 1028 3841 sed
1060 3761 1260 3841 dignus
1297 3761 1460 3841 digne
1501 3761 1703 3831 ligatur
1724 3766 1913 3841 ethex-

261 3831 724 3905 communicatur,
748 3837 841 3906 qui
871 3835 1074 3904 saepius
1102 3831 1428 3887 admonetur
1456 3844 1560 3906 nec
1590 3831 1906 3906 corrigitur,

260 3911 414 3967 unde
455 3902 717 3965 Dominus
753 3902 829 3962 ait
860 3926 872 3961 :
907 3902 966 3961 Si
1003 3919 1165 3975 neque
1192 3909 1440 3975 tuncque
1475 3902 1767 3975 Ecclesiam
1806 3917 1909 3957 au-

263 3983 447 4048 dierit,
476 3982 546 4036 sit
568 3980 661 4035 tibi
686 3980 819 4034 sicut
848 3974 1153 4048 ethnicus’et
1172 3974 1481 4048 publicanus
1511 3974 1908 4048 (Matth._xvm,

265 4054 385 4109 17).
428 4044 600 4122 Digne
640 4049 941 4122 absolvitur
968 4048 1062 4122 qui
1103 4044 1265 4122 digna
1313 4045 1686 4122 satisfactione
1721 4044 1911 4122 humi-

262 4124 455 4180 liatur.
479 4115 590 4179 Nec
619 4122 796 4176 solum
825 4115 1090 4189 subjectis
1127 4115 1412 4173 indiscreti
1463 4119 1618 4183 estis,
1640 4115 1737 4172 sed
1769 4124 1824 4171 et
1854 4116 1909 4170 in

264 4195 505 4260 alienis;
550 4194 802 4263 accipitis
849 4193 992 4246 enim
1041 4189 1267 4244 alterius
1312 4189 1702 4263 parochianos,
1746 4202 1913 4257 super

265 4281 417 4336 quos
446 4279 555 4321 non
594 4260 689 4336 est
715 4265 841 4318 data
873 4263 1030 4336 vobis
1074 4266 1336 4336 potestas,
1368 4265 1425 4315 et
1462 4260 1540 4336 de_
1570 4260 1771 4336 quibus
1800 4272 1911 4336 non

266 4330 357 4394 est
389 4337 549 4392 vobis
589 4335 859 4405 judicare,
909 4332 1054 4405 unde
1098 4330 1396 4405 Apostolus
1437 4350 1449 4386 :
1497 4333 1573 4385 Tu
1600 4330 1714 4401 quis
1741 4345 1797 4384 es
1826 4330 1914 4405 qui

265 4409 480 4478 iudicas
525 4401 749 4463 alienum
792 4418 997 4478 servum
1016 4404 1046 4458 ?
1089 4418 1184 4478 suo
1232 4402 1439 4478 domino
1484 4406 1609 4468 stat,
1650 4405 1741 4456 aut
1769 4401 1913 4478 cadit

272 4470 444 4549 (Rom.
478 4493 589 4545 xxv,
620 4478 698 4549 4).
748 4477 803 4532 Si
841 4474 1282 4549 sautem_vid_eris
1312 4486 1450 4549 eum
1499 4478 1798 4549 errantem,
1826 4470 1911 4549 fac

264 4543 419 4622 quod
442 4543 667 4620 MoySes'
683 4548 973 4619 praecipit:
998 4545 1061 4601 Si
1087 4545 1279 4622 videtis
1306 4543 1482 4622 bevern
1509 4543 1695 4622 fratris
1724 4544 1798 4622 tui
1822 4548 1912 4622 aut

265 4614 416 4679 ovem
460 4614 741 4689 errantem,
770 4614 876 4675 non
921 4615 1229 4689 praleribis,
1264 4616 1359 4670 sed
1386 4616 1604 4669 reduces
1638 4614 1797 4684 fratri
1825 4619 1912 4669 tuo

267 4711 446 4783 (Deut.
486 4724 620 4777 nn,
657 4709 728 4776 1);
760 4708 931 4763 debes
959 4706 1103 4783 enim
1140 4696 1296 4766 479
1339 4702 1732 4783 parqchiannm
1771 4701 1915 4758 alie-

262 4774 398 4837 num
440 4774 721 4851 pastorem
753 4793 909 4835 suum
930 4778 1288 4851 “devitautem
1327 4776 1566 4831 dulciter
1593 4774 1910 4851 admonere,

265 4860 322 4909 et
347 4846 559 4923 pastori
591 4865 692 4907 suo
718 4849 1100 4923 reconciliare.
1124 4849 1177 4903 Si
1208 4853 1534 4923 potestatem
1566 4846 1915 4923 usurpaveris

262 4916 436 4980 timor
464 4930 561 4998 est
581 4936 657 4998 ne
695 4921 1168 4998 maledictionem,
1191 4916 1354 4998 quam
1392 4920 1604 4998 Moyses
1641 4916 1801 4998 dixit,
1835 4916 1913 4998 iu-

265 5010 463 5052 curras
488 5015 500 5049 :
534 4993 848 5052 Matedictus
877 4991 1241 5064 quitransfert
1279 4992 1526 5045 terminos
1554 4991 1782 5060 proximi
1796 4991 1912 5064 sui,

268 5069 451 5136 (Deut.
485 5081 658 5131 xxvn,
698 5064 805 5131 l7),
841 5060 901 5119 et
916 5063 1078 5136 alibi;
1112 5060 1235 5120 Non
1272 5065 1593 5136 assumeset
1632 5060 1915 5136 transferes

265 5130 518 5193 terminos
546 5130 874 5208 proaimitui
892 5150 1020 5208 quos
1046 5134 1272 5208 ﬁxerunt
1292 5135 1498 5208 priores
1515 5133 1572 5208 in
1590 5130 1917 5208 pessessiune

265 5215 357 5265 tua
394 5203 568 5280 (Deut.
618 5222 729 5280 χιχ,
776 5206 861 5279 14)
887 5203 917 5273 ;”
960 5203 1067 5262 hoc
1111 5206 1267 5280 enim
1294 5203 1577 5280 praecipit
1628 5203 1917 5280 Dionysius

266 5273 410 5351 papa
443 5279 755 5351 (Dionysius
786 5273 957 5351 Epist.
978 5292 1055 5351 in,
1086 5279 1280 5351 Severo
1303 5273 1497 5351 episc.)
1536 5291 1549 5328 :
1584 5290 1613 5329 α
1644 5273 1919 5351 Ecclesiae

266 5344 519 5424 singulas
565 5344 800 5424 singulis
832 5344 1185 5424 presbyteris
1212 5344 1485 5424 dedi—mus,
1518 5350 1575 5424 et
1618 5344 1917 5424 unicuique

258 5416 388 5493 jusv
405 5416 692 5492 proprium
740 5416 1049 5486 statuimus,
1095 5422 1169 5475 ita
1197 5417 1580 5493 videlicet,_ut
1626 5417 1810 5493 nullus
1846 5416 1920 5471 al-

264 5486 447 5551 terius
484 5486 764 5563 parochias
803 5494 1070 5548 terminos
1106 5495 1200 5545 aut
1232 5491 1323 5559 jus
1351 5486 1591 5563 invadat,
1623 5488 1918 5563 sed_unus-

1928 4443 1978 4501 D

1992 3185 2170 3245 teret;
2202 3192 2370 3248 super
2399 3178 2711 3249 hujusmodi
2741 3179 2903 3248 culpa
2934 3179 3060 3234 talis
3090 3180 3366 3236 invenitur
3396 3180 3453 3235 in
3484 3195 3647 3238 cano-

1993 3267 2159 3340 nibus
2186 3268 2463 3340 sententia
2495 3288 2507 3322 :
2539 3259 2697 3340 481
2721 3286 2748 3319 ‹‹
2779 3269 3100 3338 Quicunque
3122 3269 3410 3339 presbyter
3434 3269 3501 3325 de
3522 3272 3647 3340 jure

1966 3339 2136 3395 .tituli
2166 3339 2251 3393 sui
2296 3339 2546 3408 quolibet
2577 3338 2741 3395 modo
2781 3353 2994 3406 aurum,
3036 3338 3341 3410 argentum,
3375 3338 3635 3409 gemmas,

1989 3416 2191 3475 vestes,
2221 3410 2306 3465 vel
2356 3410 2538 3479 aliqua
2594 3410 2700 3465 alia
2746 3411 2971 3466 mobilia
3000 3412 3068 3464 ad
3101 3417 3426 3465 ornamenta
3457 3411 3639 3465 divina

1992 3481 2116 3535 data
2156 3481 2212 3535 in
2253 3489 2579 3550 perpetuum
2626 3481 2867 3535 alienare
2915 3481 3232 3543 tentaverit,
3284 3480 3553 3535 alienator
3592 3488 3648 3536 et

1990 3552 2247 3606 venditor
2303 3552 2532 3606 honoris
2588 3551 2673 3605 sui
2712 3551 3006 3605 amissione
3054 3550 3369 3604 mucltetur.
3412 3570 3438 3599 ι
3499 3551 3641 3617 Quid

1993 3623 2233 3677 dicerem
2263 3622 2420 3675 vobis
2459 3635 2558 3689 per
2587 3621 2800 3689 singula
2834 3639 2846 3673 :
2881 3620 2935 3673 in
2970 3619 3160 3674 multis
3197 3626 3417 3687 oportet
3445 3634 3544 3674 vos
3570 3622 3649 3674 vi-

1993 3692 2185 3762 gilare,
2218 3692 2347 3760 quia
2394 3692 2528 3746 estis
2565 3691 2759 3745 oculus
2797 3690 3058 3745 Ecclesia
3093 3690 3437 3762 :admonere
3469 3703 3641 3759 p0pu-

1990 3761 2102 3817 lum
2141 3763 2237 3817 Dei
2294 3770 2354 3817 ut
2402 3776 2433 3816 a
2480 3761 2627 3817 vitiis
2677 3762 3010 3826 abstineant,
3052 3761 3273 3830 publice
3323 3768 3649 3830 peccatores

1992 3847 2243 3904 arguere,
2275 3833 2344 3888 ad
2374 3833 2753 3902 paenitentiam
2774 3833 3023 3896 invitare,
3056 3833 3413 3902 poenitentem
3444 3832 3498 3887 in
3528 3834 3647 3903 spi-

1993 3906 2101 3960 ritu
2133 3905 2379 3960 lenitatis
2410 3911 2665 3969 tractare,
2698 3917 2890 3960 omnes
2928 3903 3088 3959 etiam
3140 3904 3255 3974 qui,
3291 3918 3399 3960 non
3431 3904 3641 3961 conﬁr-

1993 3978 2143 4042 mati,
2185 3983 2246 4032 ut
2282 3976 2350 4031 ad
2381 3975 2849 4046 conﬁrmationem
2888 3976 3110 4031 veniant
3137 3975 3489 4043 submonere,
3514 3977 3647 4046 quia

1992 4049 2154 4103 aliter
2184 4061 2295 4103 non
2325 4054 2454 4103 sunt
2483 4045 2712 4117 perfecti
2752 4046 2971 4115 adhuc;
3013 4048 3318 4117 baptismus
3356 4050 3501 4103 enim
3533 4045 3643 4103 ’da-

1994 4126 2082 4175 tus
2121 4126 2205 4174 est
2241 4119 2309 4174 ad
2340 4119 2716 4174 remissionem
2750 4124 3121 4188 peccatorum,
3163 4121 3219 4174 in
3260 4121 3496 4190 populos
3525 4134 3645 4174 ma-

1993 4205 2117 4255 nus,
2150 4189 2216 4245 ad
2250 4191 2524 4245 dationem
2558 4190 2837 4245 virtutum.
2862 4191 3005 4245 Deus
3031 4197 3234 4261 autem,
3267 4189 3425 4261 cujus
3453 4191 3644 4246 vicarii

1994 4262 2148 4327 estis,
2172 4261 2265 4331 qui
2284 4260 2438 4317 dedit
2455 4262 2612 4317 vobis
2625 4261 2894 4330 judicium
2917 4260 3065 4328 quod
3085 4258 3416 4315 faceretis’in
3439 4262 3644 4316 mundo

1996 4332 2309 4389 conﬁrmari
2359 4332 2415 4387 in
2466 4332 2641 4398 caelis,
2683 4332 2802 4400 ipse
2846 4342 2946 4385 vos
2976 4337 3130 4399 regat
3171 4337 3227 4384 et
3265 4332 3551 4386 conﬁrmet
3588 4334 3645 4385 in

2000 4403 2183 4460 ofﬁcio
2224 4404 2539 4469 commisso,
2590 4409 2650 4457 ut
2700 4414 2921 4472 gregem
2958 4400 3308 4472 commissum
3338 4401 3423 4472 vel
3454 4400 3646 4472 subdi-

1999 4482 2114 4531 tum
2172 4474 2368 4530 offerre
2416 4474 2641 4544 possitis
2687 4471 2933 4529 venienti
2981 4471 3220 4528 Christo.
3272 4471 3375 4538 Qui
3420 4471 3553 4527 vivit
3591 4475 3646 4527 et

1994 4550 2188 4618 regnat
2216 4559 2316 4616 per
2352 4546 2555 4611 omnia,
2588 4549 2687 4600 etc.

2651 4651 2875 4708 SERMO
2907 4652 2996 4709 Vl.

2602 4755 2669 4796 DE
2708 4755 3036 4797 SACERDOTE.

2068 4832 2214 4888 Fecit
2242 4833 2383 4888 Deus
2410 4830 2512 4886 duo
2548 4846 2741 4900 magna
2779 4829 3082 4892 luminaria,
3113 4825 3369 4900 luminare
3592 4831 3649 4883 ut

1990 4908 2241 4976 praesset
2260 4903 2384 4971 diei,
2398 4897 2653 4976 luminare
2672 4903 2840 4956 minus
2859 4898 3350 4976 ut‘prtuessetnocti,
3374 4904 3425 4954 et
3440 4897 3644 4968 stellas,

1997 4968 2046 5031 et
2073 4974 2243 5045 posuit
2269 4968 2442 5029 eas'in
2470 4974 2791 5045 ﬁrmamento
2812 4968 3000 5045 coeti'ut
3030 4968 3257 5045 lucerent
3274 4984 3432 5042 super
3449 4976 3647 5045 terram

1997 5050 2047 5101 et
2061 5040 2344 5117 praeessent
2365 5040 2478 5100 diei
2493 5059 2558 5098 ac
2574 5044 2733 5111 nocti,
2752 5047 2801 5097 et
2821 5041 3106 5097 dividerent
3127 5040 3289 5096 lucem
3316 5040 3365 5097 et
3384 5041 3644 5097 tenebras.

1998 5135 2147 5190 Dixit
2185 5134 2341 5189 etiam
2393 5134 2642 5189 Dominus
2681 5153 2696 5185 :
2737 5129 3035 5186 Producant
3090 5145 3239 5201 aquae
3266 5121 3430 5190 482
3463 5126 3648 5199 reptile

2000 5207 2188 5261 anima:
2217 5206 2435 5261 viventis
2464 5210 2512 5259 et
2549 5201 2761 5258 volatile
2795 5214 2952 5271 super
2980 5200 3174 5257 terrain
3197 5200 3292 5256 sub
3322 5200 3646 5271 ﬁrmamento

2000 5276 2116 5333 caeli
2145 5278 2291 5348 (Gen.
2326 5292 2365 5342 ι,
2404 5274 2613 5343 16-20).
2656 5274 2744 5330 Sic
2780 5271 2954 5348 voluit
2991 5275 3169 5348 Deus,
3186 5271 3387 5327 fratres
3441 5271 3649 5348 charis-

2003 5342 2161 5414 simi,‘
2179 5346 2362 5403 facere
2388 5342 2670 5402 creaturas
2698 5344 2908 5410 mundi,
2941 5351 3002 5399 ut
3048 5344 3209 5400 initio
3256 5343 3525 5398 creatoris
3553 5342 3650 5397 ali-

2001 5413 2140 5490 quid
2167 5420 2330 5475 nobis
2358 5416 2629 5490 signiﬁcet
2650 5416 2916 5487 mysterii.
2938 5415 3232 5490 Videamus
3250 5414 3382 5484 quid
3414 5413 3469 5468 in
3492 5414 3653 5490 lumi:

2004 5484 2394 5561 tiaribus,quid
2410 5484 2465 5545 in
2488 5488 2577 5561 die
2599 5495 2654 5543 et
2673 5484 2858 5558 nocte,
2891 5487 3023 5558 quid
3055 5490 3111 5561 in
3143 5486 3502 5561 ﬁrmamento,
3519 5484 3651 5561 quid

265 5557 509 5637 quisque
548 5565 664 5637 suis
710 5564 962 5619 terminis
990 5563 1062 5618 sit
1090 5557 1400 5637 contentus:
1429 5576 1458 5610 »
1492 5558 1691 5637 Quare,
1722 5557 1922 5637 fragres
2003 5564 2060 5637 in
2082 5557 2412 5637 terrain'obis
2434 5559 2839 5637 praeﬁguratum
2863 5566 2969 5637 est,
2993 5564 3049 5615 et
3077 5557 3353 5637 imitemur
3372 5557 3573 5629 siquid
3593 5558 3654 5637 in

264 5628 606 5703 charissimi,’
637 5641 789 5691 tanta
834 5634 1190 5706 praesumptio
1229 5637 1313 5689 est
1359 5628 1621 5695 timenda,
1663 5630 1922 5699 quoniam
2005 5635 2087 5691 eis
2114 5633 2277 5691 nobis
2311 5628 2636 5689 imitandum
2665 5638 2779 5699 est;
2816 5631 2887 5689 ad
2916 5644 3020 5689 nos
3048 5629 3215 5701 enim,
3246 5628 3447 5687 fratres
3468 5628 3658 5700 perti-

450 5744 692 5802 PATBOL.
723 5742 968 5801 CXLVII.

3480 5735 3514 5789 8
