4104 6172
490 321 600 380 235

1618 320 1913 379 JOANNES
1949 319 2370 378 ARCHIEPISC.
2407 319 2748 379 ROTOMAG.

3766 321 3874 377 236

490 456 587 507 net
612 450 733 508 hac
761 450 953 523 ﬁgura,
986 450 1114 522 quia
1144 462 1248 506 nos
1274 446 1582 523 sumus_illa
1610 446 1936 502 ﬁrmamenti
1967 445 2389 523 lumi-Amulti‘
2428 447 2631 505 habent
2677 449 2856 504 claves
2902 448 2997 518 qui
3047 461 3162 523 non
3207 448 3433 523 intrant.
3484 448 3629 523 Proh
3668 449 3866 507 dolor!

489 523 661 579 naria.
692 519 832 591 Quid
863 519 1281 589 ﬁrmamentum,
1311 520 1418 576 nisi
1464 519 1746 591 Scriptura
1774 532 1943 589 super
1971 532 2133 591 quam

488 594 700 650 ﬁrmata
720 590 811 650 est
839 594 1124 650 Ecclesia?
1160 592 1298 660 Quid
1330 590 1618 647 luminaria
1648 590 1992 657 ﬁrmamenti,
2027 590 2131 645 nisi

488 673 739 736 pastores
759 666 1020 723 Ecclesia
1041 665 1134 735 qui
1158 678 1273 719 eam
1300 663 1609 736 illuminant
1629 662 1957 736 exponendo
1977 662 2132 736 aliis?

486 734 616 794 Cum
644 738 993 809 Evangelium
1015 734 1463 809 exponitis,quid
1494 734 1641 789 aliud
1681 734 2006 809 facitis,_ni_si
2033 734 2133 809 ﬁr-

486 805 819 865 mamentum
865 808 1012 876 cali,
1038 805 1100 863 id
1158 814 1259 874 est,
1293 807 1628 875 Scripturam
1682 805 2132 860 dilucidatis‘tEt

485 880 597 937 duo
635 888 764 937 sunt
801 879 1108 944 luminaria,
1150 878 1205 932 id
1249 886 1352 945 est,
1399 880 1572 946 majus
1638 882 1692 932 et
1740 877 1939 943 minus,
1972 876 2130 931 vide-

483 951 615 1008 licet
660 953 1025 1022 sapientiores
1072 954 1127 1006 et
1174 949 1364 1022 minus
1400 948 1881 1022 sapientesadies
1928 948 2129 1022 iterum

482 1019 792 1095 signiﬁca—nt
810 1024 1185 1095 sapientes,_et
1214 1034 1322 1095 nox
1351 1021 1694 1095 insipientes.
1729 1021 1937 1095 Praest
1957 1019 2131 1088 majus

481 1091 666 1151 lumen
697 1095 827 1161 diei,
861 1091 989 1163 quia
1013 1093 1378 1161 sapientiores
1405 1091 1662 1147 doctores
1692 1093 1863 1163 magis
1900 1104 2131 1163 capaces

482 1166 779 1222 instruunt.
804 1162 944 1233 Quid
974 1164 1330 1235 Augustinus,
1365 1164 1468 1218 nisi
1500 1163 1580 1219 sol
1613 1163 1667 1217 in
1700 1162 1943 1217 Ecclesia
1959 1163 2129 1235 ?_qui-

482 1238 585 1293 bus
621 1238 887 1306 loquitur,
913 1236 1018 1291 nisi
1047 1233 1430 1305 sapientibus?
1452 1236 1557 1290 Vos
1577 1242 1778 1299 autem,
1812 1233 2129 1306 sacerdotes

481 1309 661 1364 minus
689 1305 948 1373 scientes,
974 1308 1153 1361 minus
1174 1306 1354 1361 lumen
1386 1306 1539 1371 estis,
1564 1320 1659 1361 vos
1682 1305 1933 1375 praestis
1954 1305 2123 1371 nocti,

479 1380 608 1450 quia
646 1381 802 1435 laicis
833 1380 1084 1449 praestis
1114 1378 1207 1447 qui
1240 1378 1415 1448 ignari
1453 1383 1582 1450 sunt
1620 1378 1956 1450 Scriptura,»
1987 1383 2039 1431 et
2071 1377 2127 1431 in

479 1448 725 1507 tenebris
750 1448 1076 1523 ignorantia
1097 1458 1405 1516 versantur,
1430 1449 1527 1523 sed
1548 1449 1916 1523 quodcunque
1943 1448 2126 1523 lumen

481 1525 634 1590 estis,
675 1519 859 1579 lumen
890 1523 1023 1577 estis
1053 1528 1254 1576 tamen.
1298 1523 1397 1575 Vos
1426 1521 1547 1576 estis
1575 1521 1670 1573 tua:
1705 1520 1881 1574 mundi
1911 1519 2122 1586 (Matth.

477 1627 529 1668 ν.
576 1611 659 1683 14)
679 1633 697 1677 ;
729 1627 820 1666 nos
848 1610 1098 1683 inimedio
1122 1610 1553 1683 nationisprana
1787 1612 1836 1662 et
1867 1622 2127 1683 peruersa;

475 1679 691 1738 lucentis
755 1684 870 1738 uasi
901 1682 1181 1737 luminaria
1212 1679 1423 1751 (Philip.
1467 1697 1525 1748 11,
1575 1680 1675 1749 15).
1709 1680 1905 1735 (lateri
1937 1679 2125 1735 clerici

475 1757 571 1809 qui
611 1699 961 1809 nra?ationes
988 1768 1155 1809 super
1185 1753 1445 1809 nonulum
1468 1752 1561 1807 Dei
1583 1766 1692 1808 non
1714 1752 1920 1806 habent
1946 1751 2120 1807 stella

515 1770 571 1810 ιιι
611 1769 723 1823 pra

515 1770 571 1810 ui
611 1769 961 1823 pratauones
988 1769 1155 1823 super
1185 1769 1445 1822 populum
1468 1769 1561 1807 Del
1583 1769 1692 1808 non
1717 1769 1920 1806 [labent
1946 1769 2118 1807 Stena

475 1769 756 1893 gicuntur,
790 1827 884 1896 qui
926 1826 1172 1895 quamvis
1220 1838 1331 1879 non
1371 1825 1588 1893 possint
1635 1823 1916 1896 doctrina,
1940 1830 2118 1896 tamen

474 1903 529 1954 et
566 1912 735 1968 opere
764 1895 951 1952 lucent
975 1911 1141 1966 super
1162 1904 1382 1963 terram,
1407 1896 1587 1968 idest,
1611 1908 1778 1964 super
1797 1895 2115 1968 Ecclesium.

472 1967 777 2025 Luminaria
798 1969 1031 2024 dividunt
1052 1968 1216 2022 lucem
1238 1984 1300 2023 ac
1326 1967 1586 2032 tenebras,
1609 1968 1736 2036 quia
1759 1967 2119 2035 capacitatem

472 2041 813 2111 singulorum
863 2039 1652 2111 praedicatoresdiscernunt,
1688 2044 1747 2093 ut
1801 2038 2115 2111 carnalibus

472 2109 720 2178 humilia,
754 2109 1132 2183 spiritualibus
1162 2109 1433 2180 profunda
1468 2110 1788 2179 pradicent.
1820 2110 2113 2183 Sequitur:

471 2185 621 2240 Dixit
676 2180 832 2239 etiam
878 2186 1017 2241 Deus
1076 2204 1092 2237 :
1148 2183 1447 2237 Producant
1502 2196 1652 2251 aqua:
1707 2180 1891 2251 reptile
1932 2181 2119 2235 anima

469 2256 685 2311 viventis
714 2261 761 2311 et
800 2253 1009 2310 uolatile
1047 2268 1204 2325 super
1249 2259 1443 2325 terram
1488 2253 1581 2307 sub
1629 2251 2114 2325 ﬁrmamentoeteli.

470 2328 602 2383 Cum
660 2334 911 2397 pastores
960 2323 1218 2380 Ecclesia
1266 2324 1687 2397 pratigurasset,
1724 2324 1979 2397 sequenti
2027 2323 2116 2397 die

469 2395 775 2454 ofﬁciorum
796 2411 1018 2452 suorum
1040 2397 1434 2452 demonstravit
1456 2397 1578 2460 [llic
1594 2395 1636 2465 f.
1666 2396 1791 2449 add.
1825 2395 2085 2464 debitum]
2101 2437 2114 2461 ,

468 2470 673 2524 creavit
703 2472 846 2524 enim
879 2470 1058 2537 pisces
1087 2476 1142 2523 et
1169 2482 1295 2522 aves
1325 2468 1393 2522 de
1424 2467 1618 2537 aquis;
1648 2481 1746 2535 per
1784 2480 1954 2535 aquas
1985 2467 2117 2535 bap-

467 2541 663 2595 tismus
691 2540 1051 2609 intelligitur;
1076 2542 1257 2608 pisces
1276 2544 1331 2593 et
1349 2552 1495 2604 aves,
1510 2538 1621 2593 duo
1642 2552 1844 2608 genera
1873 2538 2115 2593 ﬁdelium

468 2610 795 2680 baptismate
818 2608 1262 2680 regeneratorum
1292 2610 1678 2679 designantur;
1702 2608 1793 2663 alii
1824 2611 1967 2663 enim
1989 2617 2117 2663 sunt

464 2683 1026 2747 amantessacularia,
1043 2683 1215 2737 etlata
1227 2682 1388 2750 hujus
1402 2682 1589 2736 mundi
1610 2682 1805 2735 itinera
1818 2687 2111 2747 sectantes,

466 2754 560 2823 qui
576 2756 756 2823 pisces
776 2754 1138 2820 dicuntur,de
1160 2753 1361 2822 quibus
1388 2753 1551 2808 David
1589 2773 1601 2807 :
1648 2751 1890 2806 Volucres
1919 2751 2033 2805 eali
2063 2757 2113 2807 et

501 2822 632 2880 isces
654 2827 834 2894 maris,
849 2826 933 2896 qui
942 2824 1302 2896 perambulant
1320 2826 1532 2880 semitas
1552 2822 1712 2879 maris
1731 2823 1890 2896 (I’sal,
1906 2839 2025 2896 Ylll,
2040 2824 2110 2891 8).

448 2895 609 2952 ‘Mare
658 2904 741 2952 est
792 2895 1047 2964 mundus,
1089 2897 1301 2952 semita
1360 2897 1524 2951 maris
1579 2903 1706 2950 sunt
1751 2895 1859 2948 lata
1916 2895 2112 2949 itinera

462 2967 629 3037 hujus
657 2968 882 3033 mundi;
918 2969 1011 3022 alii
1061 2975 1189 3022 sunt
1217 2967 1490 3033 volucres,
1524 2967 1578 3022 id
1621 2972 1723 3030 est,
1768 2965 1837 3019 ad
1868 2966 2114 3020 calestia

748 1756 961 1838 ationes
988 1768 1155 1837 super
1185 1753 1445 1822 populum
1468 1752 1692 1838 Dei‘no‘n
1714 1752 1920 1838 habent
1941 1751 2120 1838 stella
2142 1781 2188 1838 Β

2216 531 2346 575 oves
2375 519 2603 587 intrant,
2645 526 2699 576 et
2747 525 2996 590 pastores
3041 521 3357 590 ejiciuntur.
3390 520 3656 578 Dominus
3684 529 3869 579 autem

2217 604 2337 646 cum
2369 592 2671 647 vendentes
2690 598 2745 647 et
2766 597 3011 648 ementes
3040 594 3294 661 ejecisset
3323 592 3391 647 de
3424 594 3652 663 templo,
3684 608 3870 649 acces-

2215 669 2405 735 serunt
2434 663 2499 735 ad
2533 678 2655 719 eum
2685 665 2820 719 caci
2850 670 2905 719 et
2935 664 3138 731 claudi,
3180 671 3234 720 et
3275 665 3486 719 sanavit
3516 680 3611 721 eos
3652 666 3865 735 (Matth.

2214 733 2347 802 xxi).
2388 734 2522 801 Quia
2571 735 2827 805 indignos
2877 736 3210 807 sacerdotes
3238 736 3306 791 de
3337 736 3502 792 domo
3544 733 3864 807 sua'ejecit,

2215 818 2395 861 cacos
2424 820 2554 861 vero
2586 807 2639 861 in
2672 807 2902 862 scientia
2956 811 3011 862 et
3057 805 3284 862 claudos
3320 807 3374 861 in
3426 805 3768 877 operatione,
3812 809 3866 865 id

2215 882 2317 941 est,
2344 885 2666 946 peccatores
2689 879 2981 948 plerosque
3008 879 3102 933 Dei
3127 878 3263 948 legis
3289 878 3511 949 ignaros
3540 880 3870 936 accedentes

2214 961 2313 1016 per
2343 950 2720 1022 panitentiam
2752 951 2810 1022 in
2838 950 3043 1019 templo
3074 951 3273 1018 recipit
3303 958 3358 1005 et
3378 956 3552 1017 sanat,
3584 951 3715 1007 dum
3750 952 3867 1022 ple-

2213 1033 2444 1089 rumque
2467 1021 2637 1076 laicos
2657 1021 2936 1091 simplices
2955 1022 3168 1076 interna
3189 1022 3549 1090 inspiratione
3569 1021 3863 1091 convertit,

2214 1097 2267 1145 et
2298 1093 2578 1160 sapientes
2605 1093 2870 1149 liberatos
2898 1093 3163 1148 excacari
3195 1093 3481 1162 permittit.
3526 1096 3590 1149 Et
3619 1109 3741 1151 cum
3773 1095 3870 1150 de-

2212 1162 2409 1219 berent
2438 1178 2559 1219 esse
2598 1164 2744 1219 oculi
2784 1165 3180 1231 columbarum,
3213 1163 3524 1220 efﬁciuntur
3557 1167 3702 1221 oculi
3733 1181 3864 1223 cor-

2212 1247 2423 1290 vorum.
2466 1236 2606 1291 Dicit
2634 1236 2883 1291 Christus
2915 1236 3177 1291 Ecclesia
3210 1236 3264 1290 in
3291 1237 3531 1291 Canticis
3568 1258 3579 1292 :
3615 1237 3764 1294 Oculi
3788 1238 3865 1293 tui

2211 1304 2564 1362 columbarum
2595 1306 2766 1378 (Cant.
2812 1323 2882 1372 ιν,
2932 1308 2996 1376 1).
3055 1308 3155 1374 Qui
3214 1314 3341 1362 sunt
3395 1308 3540 1363 oculi
3573 1310 3862 1377 Ecclesia,

2211 1378 2316 1431 nisi
2349 1386 2597 1446 pastores
2635 1379 2837 1434 ?0culi
2881 1385 3009 1433 sunt
3046 1380 3140 1447 qui
3174 1378 3464 1447 providere
3508 1379 3867 1437 interioribus

2210 1447 2433 1521 debent,
2492 1451 2762 1506 columba
2820 1457 3227 1519 comparantur,
3288 1452 3416 1520 quia
3475 1451 3757 1521 simplices
3808 1460 3865 1508 et

2210 1518 2536 1576 innocentes
2582 1521 2787 1576 debent
2832 1518 2973 1577 esse.
3028 1523 3091 1576 lli
3141 1528 3268 1576 sunt
3306 1518 3386 1577 illi
3420 1522 3488 1577 de
3515 1518 3718 1592 quibus
3747 1524 3865 1580 dic-

2211 1596 2323 1667 tum
2356 1598 2439 1667 est
2471 1612 2483 1647 :
2518 1593 2617 1667 Qui
2658 1597 2785 1667 sunt
2823 1594 2909 1649 isti
2962 1593 3051 1663 qui
3084 1597 3167 1667 Διιι⁸
3186 1592 3353 1667 nubes
3400 1594 3597 1667 volant,
3637 1600 3687 1650 et
3714 1597 3865 1667 quasi

2210 1662 2457 1735 columba:
2513 1664 2583 1719 ad
2637 1665 2894 1735 fenestras
2933 1662 3106 1718 suas?
3156 1665 3284 1733 (Isa.
3328 1679 3414 1731 Lx,
3454 1665 3531 1727 8.)
3572 1662 3680 1723 Vos
3718 1662 3863 1723 enim

2212 1734 2387 1789 nubes
2417 1735 2569 1802 estis,
2604 1734 2695 1803 qui
2729 1738 2869 1791 alios
2916 1735 3232 1804 compluere
3263 1735 3513 1802 debetis;
3555 1752 3652 1793 vos
3679 1739 3862 1795 volare

2209 1806 2424 1881 debetis
2448 1807 2514 1881 ad
2538 1808 2803 1881 ealestia,
2828 1811 2887 1863 ut
2924 1807 3060 1861 viam
3096 1807 3399 1881 ostendatis
3419 1810 3669 1879 exemplo
3699 1825 3862 1881 quam

2204 1877 2520 1948 pradicatis
2567 1880 2767 1946 verbo;
2824 1883 2879 1935 et
2936 1877 3182 1948 quamvis
3238 1879 3294 1933 in
3354 1880 3465 1935 alto
3513 1877 3653 1948 sitis,
3704 1877 3862 1952 quasi

2203 1967 2477 2023 columba
2509 1968 2805 2038 speculari,
2841 1982 2910 2024 ne
2959 1959 3116 2028 486
3160 1968 3426 2037 accipiter
3456 1971 3657 2038 veniat,
3691 1970 3862 2027 debe-

2201 2047 2292 2120 tis.
2337 2048 2615 2120 lf‘enestra
2648 2064 2776 2105 vero
2825 2054 2956 2104 sunt
3003 2048 3305 2117 Scriptura
3362 2064 3461 2119 per
3513 2065 3649 2120 quas
3690 2052 3858 2107 Deum

2202 2118 2423 2191 videtis,
2448 2134 2547 2188 per
2576 2136 2712 2189 quas
2761 2121 2956 2177 ovibus
3006 2118 3371 2189 providetis.’
3411 2118 3693 2178 Vos’estis
3743 2123 3856 2191 lux,

2202 2197 2257 2262 et
2303 2190 2517 2259 oculus,
2551 2198 2605 2246 et
2662 2192 2762 2248 sal.
2821 2194 2954 2257 Lux,
3008 2199 3067 2246 ut
3114 2191 3364 2258 luceatis,
3415 2194 3561 2249 unde
3594 2215 3609 2248 :
3642 2196 3854 2262 Luceat,

2201 2260 2296 2316 tua:
2339 2268 2512 2317 vestra
2544 2278 2722 2318 coram
2767 2262 3057 2318 hominibus
3120 2262 3324 2333 (Matth.
3376 2278 3428 2332 v,
3492 2264 3591 2329 l6).
3631 2260 3856 2334 Oculus,

2201 2340 2261 2387 ut
2318 2335 2679 2401 provideatis.
2738 2336 2885 2390 unde
2942 2334 3008 2389 ad
3074 2334 3411 2390 Ezechielem
3467 2335 3671 2391 dictum
3720 2344 3853 2393 est:

2199 2405 2594 2474 Speculatorem
2621 2406 2743 2461 dedi
2772 2411 2821 2461 te
2851 2405 3026 2461 domui
3056 2404 3229 2460 Israel
3255 2406 3463 2475 (Ezech.
3494 2423 3573 2473 ιιι,
3611 2408 3707 2477 17).
3740 2408 3853 2475 Sal,

2200 2483 2260 2530 ut
2288 2477 2562 2532 comitatis
2594 2478 3046 2547 pradicationem
3069 2484 3325 2549 vestram,
3346 2484 3404 2533 ut
3426 2493 3637 2534 vermes
3660 2494 3857 2549 pecca-

2199 2553 2377 2601 torum
2411 2550 2789 2618 exstinguatis.
2845 2550 2974 2605 llac
3022 2549 3126 2603 tria
3173 2548 3330 2603 vobis
3360 2548 3671 2607 necessaria
3698 2559 3849 2618 sunt,

2199 2617 2291 2673 lux
2321 2620 2478 2674 bona
2528 2617 2889 2689 operationis,
2923 2621 3117 2676 oculus
3166 2621 3327 2675 bona
3358 2622 3729 2689 discretionis,
3763 2617 3848 2678 sal

2199 2690 2611 2763 pradicationis
2640 2700 2695 2747 et
2725 2692 3114 2762 correptionis.
3148 2693 3222 2746 De
3256 2692 3365 2746 illis
3403 2695 3494 2762 qui
3526 2694 3663 2749 bene
3697 2709 3850 2763 pra-

2199 2761 2383 2836 dicant
2422 2769 2476 2817 et
2514 2763 2652 2818 male
2674 2761 2982 2819 taciunt’ait
3005 2764 3265 2836 Dominus
3290 2784 3301 2817 :
3327 2761 3454 2830 om
3475 2765 3649 2819 dicunt
3665 2761 3848 2836 facile,

2195 2833 2287 2885 sed
2317 2839 2487 2887 tamen
2526 2850 2686 2904 opera
2733 2850 2910 2889 eorum
2960 2833 3117 2889 nolite
3162 2837 3374 2905 facere;
3417 2836 3592 2892 dicunt
3634 2833 3769 2891 enim
3798 2833 3851 2893 et

2195 2917 2297 2957 non
2332 2905 2533 2974 faciunt
2570 2906 2786 2975 (Matth.
2846 2920 3000 2971 χχιιι,
3051 2905 3137 2972 3),
3187 2906 3278 2960 isti
3317 2915 3443 2961 sunt
3490 2910 3690 2963 etenim
3730 2908 3844 2964 lux.

2198 2977 2333 3029 Sunt
2358 2976 2449 3029 alii
2482 2976 2574 3044 qui
2598 2978 2760 3031 oculo
2783 2977 3135 3031 discretionis
3156 2984 3363 3041 carent,
3388 2979 3481 3047 qui
3508 2993 3616 3035 non
3639 2979 3850 3034 discere

456 3039 706 3121 volantes
736 3039 931 3120 pennis
961 3040 1242 3120 virtutum.
1284 3040 1358 3092 De
1406 3045 1647 3121 utrpque
1684 3050 1884 3119 genere
1927 3037 2109 3092 homi-

2195 3053 2334 3121 nunt
2363 3037 2588 3121 peccata
2610 3049 3076 3121 etpanitentias,
3109 3049 3202 3121 qui
3234 3037 3516 3119 ligatione,
3558 3051 3650 3121 qui
3684 3052 3849 3107 abso-

455 3122 586 3192 num
618 3110 972 3192 invcniuptur
1004 3109 1059 3192 il}
1107 3111 1464 3192 sacramellljs
1499 3109 1855 3192 bap§i51n81i§
1869 3122 2104 3192 rqg9_n9-
2128 3116 2169 3175 C
2193 3109 2402 3192 latione
2434 3118 2584 3189 digni
2608 3109 2931 3192 habeantur,
2965 3120 3032 3175 de
3064 3109 3687 3192 quibus‘Dominus'per
3714 3124 3848 3178 Eze-

457 3180 582 3247 rati,
616 3179 761 3235 unde
794 3180 974 3249 pisces
999 3185 1054 3234 at
1080 3194 1206 3235 aves
1236 3186 1363 3234 sunt
1392 3180 1461 3235 de
1499 3179 1658 3249 aquis
1687 3181 1878 3234 creati.
1914 3181 2098 3246 Vobis,

452 3249 670 3323 fratres,
704 3252 1140 3323 regenerationis
1183 3249 1423 3306 ofﬁcium
1471 3250 1819 3323 commissum
1869 3256 1972 3316 est,
2005 3266 2103 3307 vos

452 3322 597 3379 ﬁlios
616 3325 728 3379 Deo
757 3322 1050 3394 generatis.
1075 3325 1134 3378 ln
1156 3323 1259 3379 hac
1287 3323 1642 3394 generatione
1671 3322 1908 3392 Spiritus
1935 3336 2099 3378 sanc-

450 3418 541 3469 tus
569 3415 731 3470 Pater
750 3419 853 3479 est,
870 3418 926 3469 et
944 3427 1087 3483 aqua
1115 3419 1316 3481 mater;
1347 3403 1506 3475 484
1536 3412 1682 3468 unde
1702 3410 1780 3467 ait
1797 3411 2100 3468 Nicodemo

448 3485 713 3541 Dominus
747 3505 759 3539 :
792 3485 916 3542 Nisi
962 3484 1075 3557 quis
1122 3490 1336 3541 renatus
1361 3486 1520 3555 fuerit
1548 3499 1618 3539 ea:
1647 3498 1785 3557 aqua
1815 3488 1863 3538 et
1893 3484 2097 3557 Spiritu

450 3499 713 3541 Dominus
747 3505 759 3539 :
792 3499 916 3542 ms:
962 3500 1075 3557 quis
1122 3499 1336 3541 renatus
1361 3499 1519 3555 fuerit
1548 3499 1618 3539 ea:
1647 3500 1679 3538 a
1718 3499 1785 3538 ua
1815 3499 1862 3538 et
1893 3499 2094 3554 Spiritu

450 3557 674 3625 Sancto,
705 3571 811 3612 non
825 3560 996 3628 potest
1016 3557 1234 3612 introire
1262 3558 1317 3611 in
1338 3571 1550 3625 regnum
1569 3556 1666 3611 Dei
1684 3499 1861 3628 bona.
1902 3570 1986 3628 ιιι,
2017 3554 2094 3620 5).

447 3629 628 3685 Prima
656 3623 939 3699 generatio
988 3642 1056 3683 ex
1102 3628 1306 3684 carnali
1354 3623 1508 3698 patre
1539 3623 1787 3699 carnales
1815 3623 1966 3699 facit,
2013 3641 2099 3682 se-

449 3700 629 3756 cunda
650 3698 717 3755 ex
736 3700 943 3769 Spiritu
965 3700 1242 3769 spiritales
1261 3699 1463 3765 reddit,
1490 3699 1634 3755 unde
1654 3698 1731 3753 ait
1756 3698 2057 3754 Nicodemo
2082 3718 2095 3753 :

450 3771 602 3838 Quod
628 3776 807 3825 natum
834 3775 1009 3829 estea:
1037 3786 1195 3826 carne
1216 3840 1219 3841 ν
1242 3785 1367 3825 caro
1405 3775 1481 3826 est
1507 3790 1522 3824 :
1554 3769 1692 3841 quod
1721 3774 1898 3825 natum
1924 3775 2003 3841 est
2030 3785 2100 3824 ea:

446 3842 635 3912 spiritu
662 3841 884 3912 spiritus
905 3847 981 3896 est
1014 3841 1172 3912 (Ibid.
1200 3840 1274 3910 6),
1306 3841 1361 3896 id
1392 3846 1496 3906 est,
1529 3840 1595 3895 ex
1625 3854 1788 3895 carne
1828 3840 2094 3910 carnales,

449 3909 505 3966 e't
541 3925 609 3966 ex
637 3909 835 3979 spiritu
866 3911 1002 3966 ﬁunt
1023 3909 1365 3981 ‘spirituales.
1396 3913 1545 3966 Sicut
1572 3916 1871 3967 nascuntur
1899 3926 2097 3967 carna-

445 3980 575 4037 liter
612 3981 864 4037 homines
894 3989 952 4037 ut
989 3984 1196 4037 intrent
1242 3983 1298 4036 in
1342 3981 1623 4049 mundum,
1666 3984 1745 4037 sic
1795 3992 2099 4038 nascuntur

445 4052 809 4123 spiritualiter
829 4059 889 4108 ut
908 4054 1116 4108 intrent
1133 4054 1191 4107 in
1209 4053 1406 4108 calum
1430 4073 1444 4118 ;
1468 4053 1612 4108 unde
1632 4054 1709 4107 ait
1742 4068 1756 4107 :
1788 4054 1916 4122 quia
1938 4054 2099 4109 aliter

444 4139 550 4179 non
562 4128 732 4195 potest
766 4124 982 4179 introire
1010 4124 1065 4178 in
1092 4139 1300 4195 regnum
1330 4126 1447 4179 Dei.
1485 4125 1590 4179 Vos
1618 4130 1799 4195 autem
1830 4125 1964 4179 estis
2002 4126 2097 4179 mi-

444 4194 604 4251 nistri
626 4194 790 4264 hujus
810 4195 1090 4263 introitus,
1108 4210 1206 4251 vos
1226 4194 1405 4250 facitis
1429 4195 1571 4251 ﬁlios
1588 4194 1794 4249 diaboli
1813 4194 1955 4250 ﬁlios
1977 4197 2092 4251 Dei.

443 4268 585 4323 Ecce
606 4275 766 4337 porta
784 4267 911 4322 cali
932 4267 1089 4323 vobis
1109 4266 1309 4323 tradita
1327 4274 1429 4334 est,
1446 4267 1575 4322 dum
1597 4280 1737 4335 aqua
1753 4265 2097 4336 baptismatis

443 4338 602 4395 vobis
634 4339 924 4395 commissa
952 4346 1073 4405 est;
1119 4339 1216 4395 sed
1247 4345 1432 4395 cavete
1464 4352 1532 4394 ne
1563 4337 1684 4392 sitis
1708 4338 1915 4393 similes
1936 4353 2093 4408 aqua

447 4409 831 4496 baptismatis;
872 4426 1013 4496 aqua
1033 4411 1206 4466 abluit
1225 4417 1476 4496 peccata,
1503 4415 1777 4496 et‘postea
1807 4409 2161 4496 descenditD

448 4482 504 4536 in
533 4482 654 4537 loca
682 4480 871 4537 fetida.
913 4480 1116 4537 l’ravus
1145 4483 1404 4537 sacerdos
1432 4481 1687 4537 similiter
1714 4480 1965 4536 homines
1999 4497 2097 4551 per

450 4552 687 4609 ofﬁcium
717 4554 908 4619 salvat,
942 4568 1042 4623 per
1079 4554 1399 4623 pravitatem
1429 4553 1628 4609 meruit
1657 4560 1716 4608 ut
1741 4552 1798 4607 in
1828 4552 2103 4609 infernum

451 4638 517 4681 CO
529 4631 699 4680 ι’ῐῚιὲῐ.

520 4697 793 4752 Praterea
821 4696 996 4763 vobis,
1027 4694 1244 4764 fratres,
1277 4696 1457 4751 claves
1494 4696 1648 4765 regni
1682 4694 1952 4751 calorum
1985 4704 2102 4750 tra-

451 4764 581 4822 dita
610 4776 775 4833 sunt;
807 4768 965 4823 vobis
993 4768 1138 4823 enim
1168 4767 1391 4833 dicitur,
1415 4768 1545 4822 dum
1565 4764 1833 4836 apostolis
1854 4766 2094 4824 dicitur:

450 4837 775 4910 Quacunque
817 4838 1102 4909 ligaveritis
1146 4853 1303 4910 super
1346 4844 1537 4893 terram
1584 4844 1733 4893 erunt
1761 4836 1929 4910 ligata
1970 4844 2018 4893 et
2046 4840 2099 4893 in

448 4906 598 4982 creto,
631 4906 823 4982 etque:
849 4906 1107 4966 solveritis
1133 4906 1289 4982 super
1332 4916 1543 4982 terram
1571 4914 1719 4964 erant
1760 4908 1937 4982 soluta
1968 4915 2016 4982 et
2045 4910 2099 4965 in

447 4979 585 5051 calo
606 4980 818 5047 (Matth.
850 4997 1002 5048 xvut,
1048 4982 1151 5051 l8).
1184 4979 1313 5038 Dua
1342 4989 1469 5036 sunt
1499 4981 1698 5048 claves,
1729 4980 1900 5037 altera
1940 4981 2094 5036 clau-

448 5050 637 5116 dendi,
671 5050 842 5107 altera
888 5054 1211 5123 aperiendi;
1265 5058 1507 5123 potestas
1554 5054 1699 5107 enim
1747 5053 1952 5123 ligandi
2012 5060 2096 5108 est

450 5136 556 5177 una
595 5123 781 5191 clavis,
815 5129 869 5179 et
919 5125 1089 5179 altera
1143 5132 1388 5195 potestas
1432 5123 1699 5179 solvendi.
1744 5126 1860 5179 L'na
1913 5124 2093 5195 poeni-

450 5194 696 5251 tentibus
741 5195 940 5265 aperit,
992 5196 1162 5251 altera
1200 5196 1491 5252 obstinatis
1538 5196 1742 5251 aditum
1779 5194 1945 5251 tollit.
1986 5195 2091 5250 Sed

449 5281 753 5355 timendum
789 5289 877 5339 est
906 5298 974 5339 ne
1004 5298 1101 5339 vos
1145 5286 1238 5354 qui
1267 5276 1424 5347 485
1450 5285 1719 5355 janitores
1758 5285 1892 5341 estis
1938 5284 2088 5352 cali,

450 5366 593 5428 cum
628 5354 798 5428 _alios
860 5356 1307 5428 intromiseritis,
1366 5354 1464 5414 vos
1539 5358 1645 5428 ipsi
1695 5356 1901 5412 intrare
1978 5370 2090 5412 non

444 5423 720 5496 possitis;
770 5440 878 5484 non
920 5434 1006 5485 est
1034 5426 1273 5483 ofﬁcium
1294 5423 1369 5484 ex
1399 5423 1615 5496 merito,
1676 5443 1777 5484 nec
1834 5429 2089 5484 meritum

443 5510 512 5553 ex
542 5495 745 5555 ofﬁcio.
778 5499 929 5556 Multi
976 5500 1185 5555 intrant
1232 5500 1327 5570 qui
1375 5513 1488 5557 non
1534 5499 1738 5557 habent
1789 5499 1988 5567 claves,
2032 5504 2089 5556 et

2188 3188 2418 3262 chiele..i
2455 3204 2469 3243 :
2503 3188 2819 3246 Sacerdotes
2860 3192 2959 3245 mei
3002 3196 3413 3262 contempserunt
3446 3188 3612 3260 legem
3649 3209 3840 3261 meam,

2185 3264 2234 3315 et
2253 3260 2550 3336 polluerunt
2577 3262 2882 3336 sanctuaria
2902 3277 3017 3317 mea
3028 3284 3045 3328 ,-
3065 3260 3213 3336 inter
3231 3267 3467 3336 sanctum
3496 3271 3545 3320 et
3558 3260 3842 3336 profanum

2184 3345 2287 3419 non
2315 3331 2603 3419 habuerunt
2633 3334 2957 3419 distantiam,
2990 3338 3038 3389 et
3066 3332 3487 3419 intermpcllnutum
3516 3331 3575 3419 et"
3593 3331 3840 3419 mandunt

2183 3417 2286 3486 non
2316 3403 2682 3487 intellexerunt
2725 3402 2970 3487 (Ecce/4..
3003 3419 3151 3487 xm,
3186 3402 3465 3487 26)..Sunt
3512 3408 3711 3487 iterum
3739 3408 3840 3463 alii

2184 3474 2278 3544 qui
2302 3476 2561 3547 nesciunt
2591 3474 2916 3546 pradicare,
2939 3475 3007 3532 de
3038 3476 3239 3547 quibus
3267 3476 3474 3531 dictum
3506 3486 3589 3534 est
3621 3499 3634 3534 :
3668 3481 3841 3535 Canes

2182 3546 2309 3622 muti
2336 3562 2441 3622 non
2468 3545 2716 3622 valentes,
2738 3547 2823 3622 vel
2846 3545 3178 3622 nescientes
3193 3545 3560 3622 latrare__(lsa.
3583 3566 3688 3617 va,
3712 3550 3835 3622 710).

2182 3617 2236 3690 Si
2269 3618 2487 3674 oculum
2535 3618 2888 3675 discretionis
2935 3632 3045 3674 non
3094 3618 3278 3685 habet,
3313 3619 3538 3690 indigne
3585 3621 3748 3677 solvit
3780 3617 3839 3677 et

2181 3688 2332 3760 ligat.
2366 3690 2421 3745 Si
2471 3705 2580 3747 non
2620 3696 2704 3747 est
2732 3689 2832 3758 sal,
2866 3692 3019 3747 canis
3048 3697 3131 3746 est
3160 3690 3307 3746 circa
3345 3688 3563 3762 gregem
3594 3694 3834 3760 Domini,

2180 3778 2278 3836 sed
2307 3780 2495 3850 lupum
2542 3779 2741 3838 latratu
2789 3779 3201 3850 pradicationis
3230 3794 3342 3836 non
3372 3778 3541 3851 fugat.
3583 3782 3637 3836 Si
3666 3772 3831 3843 487

2182 3872 2292 3915 non
2344 3868 2427 3914 ρει
2472 3859 2585 3926 lux,
2617 3860 2756 3916 alios
2801 3859 3125 3925 introducit,
3167 3860 3263 3915 sed
3313 3873 3422 3916 non
3472 3861 3658 3916 intrat.
3702 3862 3836 3918 Hac

2181 3942 2312 4000 ergo
2342 3931 2439 3996 ita,
2471 3929 2689 3998 fratres,
2721 3931 2878 3985 vobis
2897 3931 3056 3985 simul
3080 3931 3389 3987 necessaria
3407 3937 3565 3999 sunt;
3597 3933 3642 3987 si
3664 3945 3835 3988 unum

2180 4014 2372 4074 eorum
2401 4001 2819 4074 deest,gregem
2841 4002 3054 4057 Domini
3077 4003 3390 4074 periculose
3419 4004 3672 4071 servatis,
3696 4006 3832 4074 quia

2179 4073 2367 4128 sinon
2397 4075 2531 4144 estis
2578 4073 2690 4138 lux,
2724 4087 2846 4128 cum
2898 4073 3145 4142 periculo
3193 4088 3397 4144 corpus
3445 4075 3659 4130 Domini
3688 4073 3837 4131 trac-

2182 4144 2390 4209 latis,et
2408 4143 2591 4199 ofﬁcio
2614 4151 2795 4200 vestro
2822 4144 3033 4214 indigni
3048 4146 3200 4200 estis.
3224 4146 3277 4200 Si
3299 4143 3466 4202 oculo
3479 4146 3838 4203 discretionis

2179 4214 2400 4287 caretis,
2435 4222 2564 4287 tunc
2594 4230 2759 4270 cacus
2790 4231 2980 4270 ciccum
3008 4216 3177 4281 ducet,
3210 4222 3258 4270 et
3278 4217 3429 4272 ambo
3450 4218 3505 4272 in
3522 4221 3835 4287 [oveantea-

2179 4286 2300 4340 dent
2339 4286 2546 4350 (Matth.
2580 4302 2667 4353 xv,
2697 4286 2801 4357 14).
2825 4288 2879 4342 Si
2911 4287 3075 4342 salem
3100 4286 3643 4355 pradicationisnon
3665 4289 3834 4345 habe-

2180 4358 2271 4424 tis,
2298 4365 2428 4412 tunc
2444 4359 2668 4428 jejunus
2690 4358 2925 4427 populus
2947 4358 3161 4414 Domini
3184 4360 3289 4413 erit
3318 4368 3373 4415 et
3402 4361 3620 4416 deﬁciet
3638 4362 3693 4415 in
3713 4363 3824 4428 via,

2183 4428 2332 4498 quod
2350 4428 2505 4485 valde
2527 4430 2683 4486 vobis
2702 4430 3069 4498 periculosum
3092 4436 3195 4495 est,
3211 4444 3335 4486 cum
3355 4434 3618 4487 Dominus
3636 4433 3788 4488 dicat
3811 4453 3824 4491 :

2185 4499 2325 4574 {veto
2354 4515 2443 4574 eos
2471 4501 2725 4574 dimittere
2757 4502 2965 4570 Jejunos
3001 4516 3065 4555 ne
3094 4503 3335 4573 deﬁciant
3372 4504 3425 4558 in
3453 4504 3538 4558 via
3566 4503 3744 4574 (ibid,
3776 4519 3830 4558 υ.

2184 4570 2297 4634 32).
2338 4573 2694 4629 Considerate
2740 4585 2871 4642 ergo
2924 4586 3064 4627 onus
3114 4570 3374 4641 vestrum,
3426 4570 3625 4630 clamat
3672 4576 3828 4631 vobis

2186 4644 2455 4712 propheta
2500 4648 2638 4700 Osee
2686 4664 2697 4699 :
2740 4644 2933 4714 Audite
2953 4644 3072 4709 hoc,
3103 4647 3421 4713 sacerdotes,
3457 4652 3505 4700 et
3552 4646 3826 4714 attendite,

2184 4714 2363 4769 domus
2394 4715 2581 4787 Israel,
2614 4717 2735 4786 quia
2765 4713 2907 4768 vobis
2945 4715 3201 4784 judicium
3238 4722 3313 4771 est
3355 4716 3502 4786 (Ose.
3535 4733 3585 4773 v.
3636 4716 3732 4787 1);
3774 4713 3833 4773 et

2183 4787 2329 4841 unde
2345 4786 2612 4856 judicium
2644 4791 2981 4855 exspectent,
3007 4787 3267 4857 supponit
3292 4808 3303 4842 :
3329 4788 3581 4854 Quoniam
3610 4786 3831 4857 laqueus

2178 4857 2315 4922 facti
2343 4860 2465 4912 estis
2494 4859 2648 4930 Sion,
2680 4862 2727 4912 et
2753 4862 2860 4912 rete
2899 4872 3187 4928 expansum
3224 4858 3437 4930 (ibid.);
3482 4860 3637 4929 quasi
3669 4857 3831 4915 dice-

2181 4936 2266 4983 ret
2299 4949 2309 4983 :
2346 4930 2455 5001 Vos
2500 4929 2780 5001 qui_alios
2818 4930 3077 4999 expedire
3108 4930 3340 4996 debetis,
3381 4929 3525 4986 malo
3573 4932 3829 5001 exemplo

2179 5004 2361 5072 vestro
2390 4999 2529 5055 alios
2585 4999 2912 5069 illaqueatis.
2962 5002 3193 5057 Pensatc
3245 5003 3414 5071 igitur
3458 5002 3590 5072 quid
3650 4999 3830 5057 estis?

2177 5070 2375 5125 videtis
2428 5072 2496 5126 ad
2553 5072 2701 5141 quod
2742 5072 3103 5127 ministerium
3153 5073 3207 5129 in
3246 5070 3410 5129 domo
3458 5070 3553 5129 Dei
3584 5073 3829 5130 ordinati

2178 5142 2328 5213 estis.
2356 5142 2520 5198 Vobis
2540 5143 2769 5197 tradidit
2789 5145 2931 5199 Deus
2954 5146 3239 5213 pecuniam
3266 5159 3417 5199 suam
3449 5145 3578 5199 dum
3610 5146 3826 5213 redeat,

2175 5212 2367 5268 dicens
2396 5234 2412 5267 :
2443 5215 2797 5286 Negotiamini
2847 5212 2967 5269 dum
3012 5216 3159 5269 venio
3200 5215 3345 5286 (Luc.
3377 5230 3489 5283 xIx,
3538 5215 3640 5285 l3).
3681 5218 3830 5286 Deus

2173 5291 2353 5339 autem
2386 5286 2479 5354 qui
2510 5285 2648 5341 dixit
2681 5306 2694 5340 ε
2725 5288 2840 5356 Ego
2869 5301 2982 5341 sum
3012 5285 3396 5359 pastorbonus
3426 5289 3594 5357 (Joan.
3626 5302 3680 5349 Χ,
3721 5285 3827 5355 ll),

2174 5362 2423 5429 pastores
2468 5371 2597 5412 suos
2645 5362 2700 5429 et
2745 5372 2940 5429 greges
2993 5372 3129 5414 suos
3175 5364 3481 5426 conservet,
3515 5366 3574 5414 ut
3621 5371 3719 5413 eos
3768 5359 3828 5414 in

2173 5427 2450 5501 ealestem
2468 5427 2789 5501 Jerusalem,
2812 5427 2902 5484 ubi
2925 5443 3051 5499 pax,
3072 5437 3127 5485 et
3151 5430 3429 5501 gaudium,
3452 5437 3507 5487 et
3534 5430 3666 5498 vita,
3697 5442 3829 5499 per-

2171 5499 2354 5556 ducat.
2387 5500 2488 5567 Qui
2516 5500 2650 5556 vivit
2680 5506 2735 5557 et
2763 5507 2975 5572 regnat,
3006 5506 3106 5558 etc.
