4100 6166
1293 396 1302 402 -
1361 359 1531 415 ACTA
1568 358 1855 413 VETERA.
1895 387 1966 397 -
2003 357 2284 413 APPEND.

788 566 895 625 DE
937 566 1491 627 EXPOSITIONE
1534 563 2086 625 BAPTISMATIS
2128 566 2231 625 ET
2274 562 2862 626 EUCHARISTIxE

242 766 335 835 (Ex
374 764 549 821 eodem
587 780 683 839 me.
716 766 895 821 codice
932 768 1253 836 Bigoliano.)
1295 759 1459 829 488
1493 767 1786 823 Sciendum
1809 752 2227 839 AChristi._Sed
2248 767 2294 822 si
2326 766 2587 839 sacerdos
2606 767 2860 832 mundus,
2893 773 2948 823 et
2975 774 3160 825 castus
3189 772 3243 826 et
3266 769 3388 839 pius
3408 773 3511 836 est,

187 847 251 895 est
275 838 490 908 denique
519 838 666 906 quod
696 839 1049 908 Augustinus,
1087 839 1425 905 Ambrosius,
1466 841 1778 908 Gregorius,

185 909 405 973 lsidorus,
435 909 693 973 Hilarius,
726 910 1097 976 Maximianus,
1130 912 1503 977 Innocentius,
1539 911 1784 967 Gelasius

187 981 375 1036 ﬁrmiter
400 981 631 1035 credunt
677 986 732 1034 et
761 980 1036 1037 diffiniunt
1087 983 1234 1051 quod
1285 983 1574 1052 baptisma,
1607 988 1662 1038 et
1690 997 1787 1037 eu-

186 1053 422 1119 charistia,
446 1057 501 1106 et
528 1052 766 1106 chrisma
796 1068 897 1107 nec
918 1068 1015 1122 per
1034 1054 1211 1109 bonos
1238 1054 1556 1110 sacerdotes
1584 1067 1789 1123 augen-

185 1133 270 1187 tur,
306 1137 398 1178 nec
436 1138 535 1195 per
564 1123 735 1178 malos
763 1125 1099 1181 minuuntur.
1132 1128 1329 1180 Beatus
1356 1140 1485 1182 vero
1519 1126 1789 1195 Hierony-

184 1210 279 1251 mus
298 1194 602 1250 sacerdotes
631 1195 699 1249 ad
729 1202 969 1251 sanctam
1000 1203 1056 1252 et
1084 1197 1337 1252 mundam
1369 1199 1531 1253 vitam
1582 1194 1786 1265 provo-

179 1280 306 1331 cans,
331 1265 513 1321 eadem
546 1266 671 1332 ﬁde,
694 1266 823 1322 licet
851 1268 973 1322 aliis
993 1269 1193 1334 verbis,
1216 1275 1275 1323 ut
1296 1268 1623 1338 quibusdam
1643 1268 1790 1324 vide-

182 1345 268 1404 tur,
295 1338 345 1391 in
374 1338 721 1410 Expositione
753 1339 1041 1395 duodecim
1065 1340 1451 1409 prephetarum
1483 1340 1619 1395 dicit
1638 1339 1787 1410 quod

180 1409 266 1463 vita
315 1409 694 1464 eucharistiam
744 1417 941 1466 etnon
971 1412 1136 1466 verba
1191 1410 1435 1477 faciunt;
1486 1412 1633 1481 quod
1665 1425 1788 1467 cum

178 1480 375 1535 maxima
402 1482 702 1535 concordia
723 1490 1046 1538 czeterorum
1069 1491 1380 1538 sanctorum
1402 1480 1620 1539 Patrum
1643 1483 1790 1538 acci-

180 1551 404 1621 piendum
434 1558 493 1607 et
522 1552 609 1621 pie
648 1552 1029 1609 resolvendum
1060 1560 1161 1609 est.
1197 1556 1338 1609 Deus
1362 1556 1505 1609 enim
1534 1556 1787 1623 omnipo-

179 1631 279 1678 tens
302 1637 396 1692 per
422 1623 587 1679 fidem
602 1630 663 1678 et
689 1624 956 1680 solemnia
984 1626 1147 1680 verba
1166 1627 1491 1692 sacerdotis,
1514 1626 1644 1681 licet
1663 1640 1791 1695 pec-

175 1700 306 1750 cator
330 1695 416 1758 sit,
456 1695 818 1751 substantiam
870 1697 1026 1766 panis
1074 1703 1129 1752 et
1164 1698 1275 1752 vini
1304 1698 1467 1753 vertit
1512 1698 1567 1752 in
1607 1711 1789 1753 veram

176 1766 506 1821 substantiam
536 1771 719 1823 carnis
764 1773 819 1824 et
864 1768 1145 1840 sanguinis
1190 1770 1404 1825 Domini
1452 1769 1626 1826 nostri
1661 1771 1791 1824 Jesu

711 2024 1531 2169 APPENDIX
1617 2025 1819 2166 AD

1876 839 1928 893 in
1961 839 2068 892 hoc
2094 836 2223 892 facit
2256 838 2641 893 eucharistiam
2672 846 2733 893 ut
2762 853 2861 908 per
2887 841 3048 895 vitam
3079 836 3280 896 bonam
3311 849 3365 896 et
3394 855 3518 897 ora-

1875 911 2055 965 tiones
2083 924 2210 964 suas
2240 910 2415 977 prosit
2443 910 2498 965 in
2528 910 2757 965 salutem
2790 913 2961 980 ipsam
2982 912 3364 968 eucharistiam
3386 928 3518 969 con-

1878 982 2081 1036 ficienti
2103 986 2157 1035 et
2176 980 2490 1049 accipienti,
2516 996 2638 1049 quae
2662 996 2759 1050 per
2786 997 2845 1037 se
2876 983 3036 1052 plena
3067 991 3122 1039 et
3152 984 3390 1053 perfecta
3413 993 3515 1051 est,

1876 1052 1933 1108 id
1963 1058 2064 1116 est,
2098 1066 2164 1107 ex
2194 1053 2303 1107 Deo
2335 1054 2749 1121 omnipotente;
2782 1053 2837 1108 id
2870 1062 2972 1121 est,
3005 1060 3060 1110 et
3096 1052 3297 1118 verbis.
3329 1064 3384 1112 et
3414 1057 3520 1113 fide

1878 1123 2201 1197 sacerdotis,
2226 1123 2416 1197 etiide
2447 1124 2738 1197 astantium
2760 1139 2962 1193 corpus
2983 1133 3039 1181 et
3066 1128 3289 1197 sanguis
3308 1130 3521 1184 Domini

1879 1196 2053 1252 nostri
2099 1197 2228 1250 Jesu
2275 1194 2476 1249 Christi
2508 1202 2626 1260 est;
2660 1204 3057 1252 sacramentum
3107 1194 3252 1254 enim
3282 1202 3524 1256 Domini-

1880 1282 2002 1323 cum
2032 1281 2131 1336 per
2159 1280 2217 1321 se
2247 1274 2493 1321 sanctum
2543 1273 2597 1321 et
2638 1281 2825 1321 verum
2864 1275 2948 1321 est
2976 1268 3315 1326 solemnibus
3343 1273 3526 1328 verbis

1881 1345 1936 1412 et
1965 1338 2091 1403 fide,
2123 1339 2266 1412 sicut
2304 1338 2633 1412 dictumoest.
2665 1338 2770 1412 Sed
2801 1339 2847 1392 si
2876 1340 3137 1412 sacerdos
3158 1342 3318 1398 bonis
3349 1343 3528 1412 operi-

1881 1411 1984 1466 bus
2022 1410 2340 1478 exsequitur
2381 1410 2529 1479 quod
2570 1409 2747 1464 credit
2776 1415 2830 1463 et
2860 1416 3076 1475 tractat,
3110 1410 3240 1468 facit
3277 1409 3528 1470 euchari-

1881 1483 2039 1537 stiam
2069 1482 2175 1536 sibi
2206 1486 2261 1536 et
2288 1481 2688 1550 accipientibus
2713 1480 2977 1549 prodesse
3003 1482 3059 1535 in
3085 1484 3335 1540 salutem.
3363 1489 3529 1542 Acce-

1882 1554 1961 1609 dit
1992 1553 2137 1609 enim
2166 1553 2390 1626 verbum
2412 1552 2694 1626 divinum,
2722 1557 2777 1626 et
2806 1550 2937 1626 facit
2964 1561 3383 1626 sacramentum.
3410 1560 3529 1626 (Au-

1883 1641 2063 1691 cnsr.,
2103 1629 2257 1680 tract.
2289 1623 2380 1677 80.
2399 1625 2455 1679 in
2481 1624 2686 1693 Joan.),
2718 1623 2848 1678 facit
2879 1623 3139 1695 (inquam)
3182 1625 3236 1680 id
3259 1634 3364 1695 est,
3387 1623 3532 1683 obti-

1883 1706 1978 1753 net
2019 1696 2163 1765 apud
2197 1698 2363 1751 Deum
2410 1696 2519 1750 vita
2556 1697 2722 1762 bona,
2754 1695 2863 1751 vita
2911 1696 3319 1754 conficiendum
3362 1704 3423 1754 ut
3450 1699 3532 1756 eis

1880 1768 2280 1838 accipientibus
2305 1767 2498 1835 prosit.

1900 2022 2297 2167 ACTA
2367 2022 2991 2168 VETERA

1025 2244 1671 2332 SYNODALES
1739 2243 2666 2333 CONSTITUTIONES

172 2388 282 2453 Per
301 2391 746 2481 reverendum
774 2393 838 2457 in
868 2393 1126 2481 Christo
1158 2392 1454 2473 Patrem,
1491 2397 1561 2460 et
1604 2394 1679 2457 D.
1719 2392 2041 2458 dominum
2081 2391 2481 2458 Ludovieum
2524 2392 2605 2458 de
2653 2392 2968 2471 Canossa,
3016 2392 3133 2457 Dei
3176 2396 3245 2461 et
3292 2395 3539 2459 sanctae

242 2479 411 2545 sedis
446 2481 824 2565 apostolicae
856 2479 1072 2568 gratia
1103 2484 1535 2568 Bajocensem
1571 2484 1963 2566 episcopum,
1999 2481 2190 2548 editae
2220 2485 2289 2548 et
2316 2481 2662 2568 publicatae
2693 2483 2758 2545 in
2788 2483 2933 2568 ejus
2984 2481 3229 2568 synodo
3265 2482 3542 2548 aestivali

239 2568 512 2658 Bajocis
566 2570 939 2636 solemniter
989 2570 1326 2636 celebrata
1379 2590 1546 2635 anno
1590 2570 1840 2636 Domini
1879 2570 2218 2635 millesimo
2267 2571 2782 2658 quingentesimo
2831 2571 3082 2637 decimo
3128 2575 3386 2652 octavo,
3442 2570 3542 2636 die

244 2656 317 2720 13
344 2658 604 2722 mensis
634 2657 870 2744 Aprilis
898 2663 1049 2746 post
1076 2659 1359 2725 Pascha.

169 2878 302 2954 Οτιωέ
328 2895 472 2935 αηηο
544 2881 753 2954 Domini
807 2881 1078 2938 millesimo
1146 2884 1549 2954 quingentesimo
1617 2881 1876 2941 decimoB
1898 2891 2001 2954 ous
2031 2877 2347 2954 deportent,
2371 2874 2476 2954 sed
2499 2874 2718 2954 capptia
2736 2874 3245 2954 honestahabeant,
3268 2876 3547 2954 habitibus

288 2952 416 3018 into,
452 2953 648 3007 mensis
685 2967 806 3008 vero
836 2953 1036 3025 Aprilis
1076 2952 1167 3009 die
1207 2955 1407 3010 decima
1449 2954 1689 3025 septima,
1716 2966 1814 3024 per

255 3038 364 3076 ante
404 3025 677 3096 memoria:
720 3024 1159 3096 prtedecessorcm
1190 3032 1422 3081 nostrum
1461 3024 1814 3096 immediatum

225 3093 276 3146 in
310 3094 541 3169 testiculi
579 3093 779 3167 synodo
799 3096 1134 3169 promulgata
1168 3098 1378 3168 fuerunt
1400 3101 1597 3153 statuta
1621 3095 1816 3151 tenoris

226 3167 508 3236 sequentis.
800 3167 816 3169 “
894 3186 897 3189 ·

232 3233 805 3318 i.‘_Pr:edecessort_1m
854 3246 1167 3296 nostrorum
1205 3239 1452 3318 vestigiis
1493 3237 1815 3318 initzerendo

171 3310 443 3363 statuimus
506 3320 565 3366 et
625 3312 941 3367 ordinamus
989 3318 1260 3382 quatenus
1296 3310 1398 3367 viri
1456 3310 1815 3366 ecclesiastici

171 3386 359 3452 nostra:
408 3382 738 3451 Bajocensis
783 3383 1058 3449 dimcesis,
1099 3385 1200 3438 sub
1236 3397 1397 3452 poena
1446 3383 1693 3437 emendae
1736 3396 1817 3435 ar-

176 3448 446 3536 ρῇξιιειισὶίιξἰ
477 3448 614 3536 cuni
654 3448 1315 3536 habitibusdeCentibiis,
1357 3454 1524 3536 nimia
1571 3454 1816 3536 longituf

175 3518 287 3577 dine
316 3523 398 3578 vel
432 3524 791 3582 brevitudine
831 3527 1052 3582 minime
1082 3518 1310 3591 notatis,
1338 3525 1435 3581 sed
1476 3518 1725 3580 honestis
1765 3529 1819 3578 et

174 3604 263 3646 suo
291 3596 458 3650 statui
522 3598 790 3666 congruis
841 3605 896 3653 et
944 3598 1289 3663 decentibus,
1323 3603 1431 3652 tam
1483 3597 1536 3650 in
1570 3595 1820 3651 ecclesiis

176 3675 318 3729 quam
377 3674 562 3732 extra,
627 3665 705 3723 nti
762 3670 1020 3735 habeant,
1088 3669 1273 3724 debita
1320 3675 1545 3723 tonsura
1602 3665 1818 3731 muniti,

173 3747 365 3861 olomoim
394 3740 725 3861 {nullatenus
761 3741 1089 3808 nutrientes,
1129 3738 1227 3795 sed
1256 3738 1482 3795 auribus
1511 3736 1824 3808 patentibus

223 3822 279 3861 «te
320 3822 387 3861 an
422 3850 435 3861 .

172 3814 435 3863 Incedant.

232 3877 292 3953 li.
334 3881 471 3953 item
506 3882 662 3951 quod
709 3881 1069 3938 saecularibus
1113 3883 1350 3953 negotiis
1388 3884 1581 3936 contra
1623 3884 1821 3934 statum

172 3950 608 4009 ecclesiasticum
639 3954 793 4010 nullo
823 3955 987 4010 modo
1022 3968 1082 4009 se
1122 3950 1498 4019 iminisceant;
1532 3964 1634 4007 nec
1678 3964 1822 4020 quo-

1899 2948 2184 3004 dissolutis
2212 2948 2269 3001 in
2300 2946 2487 3002 colore
2517 2955 2573 3002 et
2592 2947 2831 3003 factione
2853 2948 3072 3017 penitus
3102 2949 3331 3014 relictis,
3366 2949 3547 3003 taber-

1898 3033 2127 3089 nasque,
2158 3019 2265 3073 nisi
2317 3032 2479 3073 causa
2511 3019 2857 3074 necessitatis
2888 3025 3142 3089 tanquam
3174 3021 3430 3084 viatores,
3464 3020 3549 3074 in-

1899 3099 2043 3147 trare
2082 3104 2193 3145 non
2242 3090 2481 3145 audeant
2526 3090 2594 3145 ad
2662 3092 3093 3146 comessationes
3140 3097 3194 3145 et
3250 3092 3547 3146 ebrietates

1898 3161 2187 3219 sectandas
2210 3181 2224 3227 ;
2248 3162 2466 3217 mittere
2497 3166 2676 3217 tamen
2698 3168 2959 3231 poterunt
2981 3176 3080 3232 pro
3097 3176 3194 3217 sua
3216 3164 3545 3219 necessitate

1898 3234 1965 3290 ad
1998 3241 2185 3303 potum
2217 3234 2271 3287 in
2305 3234 2512 3288 eisdem
2545 3234 2789 3289 tabernis
2821 3234 3202 3303 quaerendum.

1970 3306 2054 3360 Vl.
2095 3306 2415 3360 lnhibentes
2453 3305 2685 3361 ulterius
2732 3306 3097 3360 Ecclesiarum
3138 3305 3299 3375 hujus
3337 3304 3550 3360 dioece-

1899 3377 1976 3431 sis
2006 3377 2316 3432 rectoribus
2345 3384 2401 3432 et
2430 3391 2619 3432 eorum
2649 3377 2870 3431 vicariis
2918 3392 2985 3431 ne
3019 3378 3073 3429 in
3105 3376 3359 3430 domibus
3389 3389 3548 3443 pres-

1902 3464 2241 3535 byteralibus
2272 3456 2320 3527 3
2355 3466 2613 3520 tabernas
2642 3468 2885 3528 teneant,
2938 3478 3036 3519 seu
3095 3463 3269 3535 teneri
3326 3461 3550 3535 faciant,

1902 3533 1996 3591 aut
2029 3536 2347 3604 permittant
2385 3536 2581 3604 quovis
2608 3535 2796 3598 modo,
2836 3548 2938 3588 nec
2967 3535 3116 3588 viros
3147 3533 3554 3588 ecclesiasticos

1903 3607 2009 3661 sibi
2038 3607 2258 3676 ignotos
2287 3606 2354 3660 ad
2384 3620 2597 3661 sacrum
2622 3605 2962 3659 sacerdotale
2993 3604 3231 3676 ofﬁcium
3256 3616 3554 3672 exsequen-

1905 3677 2031 3732 dum
2066 3675 2129 3731 in
2174 3677 2288 3731 suis
2336 3677 2599 3732 Ecclesiis
2634 3676 2937 3730 admittant
2992 3675 3198 3743 absque
3264 3682 3452 3729 nostra
3501 3682 3555 3729 et

1906 3747 2295 3804 ofliciariorum
2318 3754 2629 3803 nostrorum
2663 3747 2883 3802 licentia
2904 3746 3151 3815 speciali,
3186 3745 3397 3801 etiamsi
3428 3745 3555 3800 reli-

1906 3821 2046 3891 giosi
2077 3819 2301 3887 fuerint,
2352 3819 2459 3874 nisi
2498 3834 2527 3874 a
2572 3819 2686 3891 suis
2733 3819 2980 3891 praelatis
3022 3818 3236 3873 litteras
3263 3817 3557 3891 habuerint

1906 3890 2259 3958 ebedientite,
2295 3897 2349 3947 et
2379 3890 2656 3961 quomodo
2686 3899 2814 3945 sunt
2836 3890 2984 3944 missi
3014 3905 3045 3944 a
3075 3891 3189 3944 suis
3220 3890 3481 3960 praelatis.

1978 3964 2088 4018 νη.
2122 3966 2275 4029 item,
2326 3963 2474 4032 quod
2515 3977 2674 4017 casus
2704 3963 2770 4017 ad
2803 3976 2905 4017 nos
2935 3969 3242 4017 reservatos
3270 3962 3411 4017 scire
3442 3967 3560 4016 stu-

173 4036 246 4089 vis
282 4031 534 4113 2modo
588 4044 918 4099 mercantias
966 4041 1184 4113 publice
1232 4042 1433 4098 faciant
1479 4054 1641 4113 causa
1684 4038 1824 4093 lucri
1907 4035 2092 4113 deant,
2127 4048 2194 4113 ne
2224 4031 2357 4113 suos
2393 4035 2759 4113 parochianos
2787 4034 2855 4088 ab
2888 4034 3094 4113 eisdem
3126 4033 3344 4089 casibus
3373 4032 3557 4088 absol-

173 4112 395 4168 emendo
428 4115 517 4169 vel
551 4114 866 4181 vendendo,
906 4106 1008 4169 nec
1056 4113 1426 4170 conductores
1472 4128 1568 4167 seu
1616 4111 1826 4166 locato-
1904 4107 2082 4181 vendo
2115 4106 2431 4181 decipiant__;
2474 4106 2921 4181 manipulumque
2949 4111 3263 4181 curatorem
3295 4118 3556 4181 unaucum

175 4186 732 4279 ἷέἒςηπτθηίέθίίῖΐθδν
766 4177 868 4279 δεδιὶ
902 4185 1263 4269 εέῖθηηθίονεῖδ
1294 4194 1558 4279 ίονΐδηξω
1590 4183 1820 4279 mimi?
1843 4222 1884 4279 c
1908 4177 3559 4279 333‘?§.BE‘§§3‘.‘.‘33’£S.3933955311"9%???“359.95.311.35

174 4248 316 4327 laicis
358 4246 739 4325 spectantium
779 4264 872 4313 aut
918 4258 1159 4327 ipsorum
1206 4257 1261 4312 in
1309 4257 1424 4311 suis
1471 4254 1729 4311 dominiis
1768 4246 2017 4327 etunon
2048 4249 2697 4327 accommodat-isseeum
2732 4248 2933 4327 habere
2964 4254 3164 4327 curent
3188 4246 3328 4327 infra
3358 4246 3555 4327 iestum

174 4324 329 4377 curiis
357 4316 732 4383 saecularibus
774 4316 1164 4398 procuratores
1210 4328 1466 4391 existant,
1499 4341 1596 4381 seu
1636 4339 1823 4393 recep-
1906 4322 2259 4398 l’enrtecostes
2280 4320 2493 4398 Domini
2520 4317 3055 4398 proximevenientis
3082 4339 3094 4383 ;
3121 4326 3174 4370 et
3194 4317 3263 4370 ad
3286 4316 3559 4398 Kalendas

178 4398 331 4469 tores,
366 4406 422 4453 et
471 4401 715 4454 maxime
765 4387 1097 4465 beneficiati,
1131 4407 1185 4455 et
1234 4402 1327 4469 qui
1386 4387 1590 4452 habent
1637 4387 1821 4469 curam
1907 4397 2124 4446 nostras
2169 4391 2402 4469 singulis
2443 4387 2601 4444 annis
2649 4387 3026 4469 celebrandas,
3070 4400 3285 4469 necnon
3344 4392 3561 4469 regesta

175 4458 489 4541 animarum.
556 4472 770 4537 Quibus
826 4458 1179 4541 prmcipimus
1230 4458 1584 4541 r'esidentiam
1642 4466 1823 4541 facere
1907 4458 2503 4541 excommunicatorum
2529 4475 2749 4541 suarum
2781 4458 3161 4541 parochiarum
3184 4464 3240 4513 et
3269 4460 3561 4541 testamen-

176 4535 223 4607 in
252 4536 387 4595 locis
413 4531 654 4597 suorum
706 4531 1118 4607 beneficiorum,
1151 4546 1211 4597 ut
1259 4541 1398 4596 infra
1444 4540 1679 4595 dicetur.
1714 4540 1824 4593 Nec
1908 4541 2088 4589 torum
2119 4546 2303 4591 coram
2363 4534 2443 4587 eis
2494 4538 2847 4607 passatorum
2905 4546 3029 4607 qua}.
3067 4531 3245 4586 facere
3277 4532 3556 4607 tenentur,

178 4604 223 4659 in
245 4608 379 4665 dicis
398 4621 497 4686 aut
518 4613 790 4669 subsidiis
810 4616 956 4686 regis
977 4604 1187 4669 rotulos
1202 4611 1483 4686 dictando,
1507 4608 1821 4686 scribendo,

180 4689 417 4759 receptas
437 4684 727 4759 faciendo,
763 4701 860 4742 seu
877 4682 1035 4741 'alias
1076 4685 1275 4755 quovis
1332 4683 1495 4739 modo
1539 4696 1597 4737 se
1643 4682 1824 4735 intro-

178 4756 377 4808 mittere
408 4758 683 4812 audeant.

364 4825 542 4904 item._
566 4828 717 4897 quod
766 4829 1045 4904 mulieres,
1089 4828 1156 4904 de
1187 4828 1388 4904 quibus
1433 4825 1615 4904 aliqua
1655 4822 1828 4891 possit

177 4895 295 4968 oriri
326 4895 610 4968 suspicio,
644 4915 766 4954 cum
794 4901 1056 4956 seandalo
1087 4901 1142 4954 in
1174 4895 1288 4954 suis
1316 4895 1695 4953 mansionibus
1716 4906 1825 4948 non

178 4965 406 5041 teneant,
426 4965 554 5025 nec
586 4971 731 5027 filios
761 4970 945 5027 forsan
976 4986 1041 5027 ex
1080 4971 1274 5025 illicito
1329 4970 1477 5041 coitu
1509 4972 1829 5037 procreatos

178 5040 519 5161 :ﬂocciesiis
570 5043 655 5097 vel
706 5041 900 5099 ofﬁciis
948 5042 1148 5099 divinis
1193 5042 1297 5097 sibi
1346 5040 1657 5096 ministrare
1710 5050 1831 5106 per-

285 5124 350 5161 an
385 5155 397 5161 -

178 5117 397 5165 mittant.

208 5179 317 5259 .IV.
358 5183 633 5259 insuper
661 5191 887 5259 caveant
932 5185 1034 5241 sub
1075 5198 1235 5259 pinna
1265 5182 1556 5239 arbitraria
1594 5193 1831 5259 nequo-

177 5252 247 5320 tjis
275 5255 440 5309 modo
484 5252 845 5312 insolentiam
894 5264 987 5311 aut
1033 5252 1345 5320 tumultum,
1378 5268 1473 5308 seu
1513 5252 1831 5308 scandalum

176 5316 344 5377 facere
372 5326 628 5382 audeant
659 5328 715 5383 in
763 5329 1004 5384 servitiis
1051 5316 1434 5383 defunctorum
1461 5345 1474 5391 ;
1507 5338 1610 5379 nec
1640 5326 1705 5378 ad
1739 5322 1831 5377 illa

174 5402 226 5445 se
253 5393 536 5470 ingeram,
576 5407 670 5454 aut
700 5406 1053 5470 compareant
1101 5395 1609 5470 causacelebrandi
1639 5395 1834 5470 missas

176 5469 499 5541 peculiares,
541 5471 650 5525 nisi
681 5486 710 5525 a
742 5467 1081 5541 parentibus,
1128 5469 1338 5541 amicis,
1367 5474 1460 5521 aut
1498 5467 1837 5541 exsecutor-i-

1904 4608 2058 4675 juxta
2086 4611 2289 4659 statuta
2335 4599 2642 4674 synodalia,
2694 4610 2801 4659 tam
2831 4618 2862 4657 a
2892 4604 3053 4659 nobis
3083 4615 3245 4673 quam
3275 4614 3320 4675 a_
3338 4599 3556 4675 praede-

1909 4670 2224 4732 cessoribus
2245 4670 2450 4730 nostris
2480 4670 2649 4743 edita,
2684 4676 2988 4745 promotori
3027 4670 3216 4745 nostro
3239 4670 3558 4745 exhibeant,

1910 4762 1973 4803 ac
2003 4748 2061 4801 in
2090 4747 2316 4817 synodis
2357 4753 2411 4801 et
2448 4742 2719 4803 Kalendis
2766 4745 2973 4817 nostris,
3014 4759 3138 4817 cum
3170 4742 3475 4817 Ahabitibus
3505 4748 3561 4796 et

1910 4812 2222 4888 superliciis
2269 4819 2536 4885 honestis,
2580 4825 2829 4873 cessante
2873 4816 3116 4885 legitimo
3164 4812 3559 4884 impedimento

1913 4891 2279 4959 personaliter
2306 4896 2678 4959 compareant.

1984 4963 2119 5016 Vlll.
2169 4963 2324 5028 Item,
2383 4957 2531 5030 quod
2591 4961 2774 5015 divina
2829 4957 3051 5011 servitia
3109 4963 3165 5013 et
3219 4960 3563 5014 sacramenta

1914 5032 2288 5088 ecclesiastica
2318 5047 2439 5087 cum
2470 5032 2673 5087 debitis
2721 5032 2950 5094 honore,
3001 5031 3263 5098 gravitate
3314 5036 3368 5084 et
3415 5041 3561 5081 reve-

1914 5105 2111 5169 rentia,
2162 5106 2276 5159 suis
2324 5104 2674 5172 parochianis
2722 5101 3055 5165 ministrent,
3092 5099 3562 5172 clandestinisque

1914 5175 2263 5246 sponsalibus
2292 5169 2401 5229 non
2429 5176 2704 5246 intersint.
2737 5173 2803 5226 Et
2833 5185 2962 5226 casu
2991 5173 3174 5227 subito
3205 5186 3302 5226 seu
3334 5169 3562 5246 fortuito

1916 5240 2132 5303 occisos
2177 5254 2232 5302 et
2270 5246 2603 5301 decedentes
2650 5245 2857 5312 absque
2908 5250 3094 5299 nostra
3133 5258 3230 5298 seu
3260 5240 3566 5312 praedicto-

1917 5334 2034 5374 rum
2064 5325 2380 5373 nostrorum
2429 5316 2819 5373 ofﬁciariorum
2868 5314 3090 5370 licentia
3136 5315 3421 5369 inhumare
3452 5324 3564 5367 non

1918 5397 2271 5460 praesumant.

1987 5463 2075 5518 1x.
2103 5464 2255 5527 Item,
2280 5460 2427 5531 quod
2448 5473 2573 5516 vasa
2603 5464 2659 5515 et
2687 5458 3006 5515 ornamenta
3037 5455 3430 5531 ecclesiastica,
3452 5454 3568 5531 cul-

177 5526 268 5613 btls
296 5526 593 5596 dictorum
632 5526 1015 5599 defunctorum
1068 5526 1389 5612 specialiter
1423 5538 1601 5593 vocati
1632 5535 1835 5592 fuerint
1854 5535 2001 5613 Dtui
2032 5540 2095 5613 et
2110 5526 2341 5613 servitio
2372 5532 2564 5613 divino
2587 5532 2954 5613 deservieutia
2974 5536 3031 5586 et
3061 5529 3340 5613 deputata,
3365 5526 3595 5613 mpodal

175 5611 502 5750 είῦιῖγῖξὲἶῖιζ
542 5685 694 5755 quod
723 5685 902 5758 pileos
920 5687 975 5742 in
1004 5684 1260 5743 ecclesiis
1275 5679 1572 5740 ofﬁciando
1597 5677 1831 5736 nullate-

1923 5605 2197 5731 etliiittida
2245 5609 2659 5673 conserventur,
2700 5604 2867 5660 nullis
2914 5600 3143 5658 maculis
3186 5606 3279 5656 aut
3302 5598 3568 5656 sordibus

1924 5688 1994 5731 no
2040 5691 2074 5731 u
2138 5714 2153 5729 .

1924 5688 2153 5745 pouuta.
