4100 6166
538 325 646 383 239

1667 321 1961 379 JOANNES
1998 321 2421 380 ARCHIEPISC.
2459 322 2796 381 ROTOMAG.

3810 322 3919 377 240

614 460 667 529 4
697 467 762 522 X.
795 467 1070 523 Praeterea
1108 466 1236 536 quia
1290 465 1479 536 vitium
1535 462 1789 536 falsitatis
1844 463 1932 518 his
1987 449 2703 522 diebusAsubdiaconatus
2739 471 2795 521 et
2822 461 3139 533 superiores
3168 460 3479 536 ordinesin
3499 460 3608 536 vim
3639 461 3784 519 tituli
3815 478 3917 534 per

540 538 922 608 multipliciter
955 533 1296 608 (unde—proh
1333 535 1495 590 dolor
1516 533 1558 605 ε)
1593 534 1856 608 inolevit;
1899 547 2021 608 nam
2052 536 2179 604 qui-

540 612 665 668 dem
694 605 847 665 falsis
873 605 1187 664 nominibus
1216 612 1595 674 nuncupantes
1623 605 1951 676 obligatoria
1982 607 2183 661 instru-

541 688 745 748 menta,
777 688 832 737 et
869 680 1208 750 quittatoria,
1258 676 1572 750 memoralia
1616 684 1672 732 et
1708 676 1960 750 mandata
1990 685 2182 733 contra

539 754 680 811 alios
722 746 1039 822 impetrant,
1090 757 1144 805 et
1190 762 1407 818 passare
1456 746 1664 803 faciunt
1708 746 2086 822 fraudulenter
2122 757 2183 803 ut

536 826 677 881 alios
738 820 844 879 sibi
902 822 1193 892 obligatos,
1235 826 1477 892 teneant,
1538 827 1593 874 et
1648 833 1746 892 eos
1799 820 2000 889 quibus
2054 827 2182 892 sunt

538 895 763 954 obnoxii
794 890 1041 958 eludant,
1069 899 1123 946 et
1152 890 1491 947 absolutoria
1518 905 1617 946 sua
1646 891 1955 960 disquisitis
1984 891 2181 946 mediis

535 967 805 1025 fallaciter
833 962 1147 1032 extorqueri
1197 962 1412 1031 possint
1463 970 1518 1016 et
1573 962 1807 1027 valeant,
1848 962 2179 1032 quandoque

535 1040 629 1095 alii
680 1037 829 1093 falsis
889 1042 944 1090 et
990 1034 1317 1089 adulterinis
1370 1039 1599 1088 utuntur
1652 1033 1850 1104 sigillis
1909 1033 1978 1087 de
2034 1032 2179 1089 facto

535 1105 1058 1166 excommunicando
1088 1112 1144 1160 et
1182 1104 1579 1174 pronemodum
1629 1104 1964 1159 absolvendo
1998 1106 2179 1173 proxi-

534 1195 654 1236 mos
681 1194 833 1243 suos,
866 1184 921 1232 et
940 1177 1154 1245 seipsos
1203 1175 1570 1244 decipiendo:
1613 1175 1706 1229 alii
1754 1189 1883 1231 vero
1931 1175 2178 1231 diversos

529 1251 670 1307 alios
698 1250 893 1306 modos
922 1248 1255 1319 excogitant
1284 1246 1557 1319 falsitatis,
1609 1253 1684 1313 et,
1716 1253 1980 1316 quantum
2011 1248 2066 1301 in
2097 1248 2177 1302 eis

532 1328 635 1388 est,
668 1321 736 1377 ad
768 1320 1080 1375 damnatum
1131 1317 1440 1387 perducunt
1476 1317 1728 1373 effectum
1763 1337 1776 1372 :
1810 1331 1912 1373 nos
1940 1318 2176 1386 proinde

529 1393 660 1449 huic
689 1392 970 1463 pestilenti
1015 1391 1231 1463 morbo,
1290 1396 1581 1463 quantum
1610 1402 1919 1463 possumus,
1952 1390 2175 1463 obviare

532 1460 841 1534 cupientes,
862 1462 1153 1517 statuimus
1168 1468 1229 1515 ut
1242 1461 1440 1534 nullus
1468 1460 1876 1534 ecclesiasticus
1892 1460 1977 1515 vel
2006 1475 2178 1516 saecu-

529 1532 683 1602 laris,
716 1537 1091 1602 cujuscunque
1114 1532 1451 1588 conditionis
1478 1538 1572 1587 aut
1600 1536 1792 1596 status,
1816 1533 2173 1601 imposterum

531 1604 844 1676 hujusmodi
888 1602 1141 1676 falsitatis
1195 1603 1324 1676 vitia
1370 1609 1464 1676 aut
1500 1603 1617 1676 alia
1635 1617 1997 1676 quaecumque
2027 1616 2176 1658 com-

532 1674 749 1733 mittere
779 1674 1155 1731 fraudulenter
1180 1680 1274 1729 aut
1294 1674 1486 1730 dolose
1514 1674 1713 1730 audeat
1742 1675 1826 1729 vel
1858 1680 2171 1743 praesumat,

2266 543 2522 606 parentes
2560 544 2615 592 et
2644 537 2851 592 amicos
2893 531 3288 606 quoquomodo
3319 531 3580 606 assignati
3610 531 3914 604 recipiatur

2265 603 2362 663 Seu
2395 609 2702 677 promoveri
2735 603 3101 677 permittatur,
3124 603 3229 658 nisi
3256 603 3741 677 priusassignator
3765 607 3909 663 tituli

2265 686 2319 734 et
2356 674 2593 734 clericus
2640 674 2749 734 cui'
2775 677 3143 748 assignabitur
3172 674 3539 748 personaliter
3562 690 3745 732 coram
3777 692 3908 734 nos-

2265 751 2365 805 tris
2410 749 2738 805 ofﬁcialibus
2784 750 2840 804 in
2881 747 3092 817 judicio
3140 747 3551 815 comparuerint
3605 754 3661 802 et
3715 762 3907 806 eorum

2266 822 2584 886 iuramentis
2630 821 2997 877 mediantibus
3025 818 3330 886 respective
3358 820 3713 883 asseruerint,
3745 820 3906 877 vide-

2286 837 2584 876 uramenus
2630 837 2997 877 mediantibus
3025 837 3330 886 respecuve
3358 837 3713 883 asseruerml,
3745 837 3906 877 Viae-

2258 837 2394 947 licet
2421 894 2729 962 assignator
2758 891 2901 947 tituli
2947 904 3007 945 se
3057 888 3336 962 annuatim
3375 888 3589 962 solvere
3618 890 3907 962 intendere

2263 963 2489 1019 realiter
2517 958 2572 1019 e't.
2602 964 2670 1019 de
2720 962 2866 1019 facto
2906 962 3113 1030 absque
3163 958 3353 1015 fraude
3401 960 3578 1016 eidem
3616 961 3822 1019 clerico
3851 971 3909 1020 et

2262 1035 2571 1090 soluturum
2620 1048 2741 1090 esse
2784 1047 3045 1089 summam
3103 1030 3484 1103 sufﬁcientem,
3533 1031 3603 1087 ad
3649 1047 3810 1103 quam
3845 1049 3907 1091 se

2261 1106 2547 1174 obligabit.
2598 1106 2786 1161 Dictus
2834 1117 2965 1160 vero
3013 1103 3270 1174 clericus,
3301 1102 3907 1171 hujusmodiSummam

2259 1176 2365 1231 sibi
2391 1173 2738 1246 assignatam
2778 1190 2900 1232 cum
2947 1174 3143 1246 effectu
3191 1173 3430 1243 exigere,
3465 1178 3536 1246 et
3581 1175 3904 1234 nnllomodo

2259 1247 2500 1303 alienare
2525 1244 2622 1303 seu
2654 1249 2932 1303 remittere
2963 1247 3070 1316 nisi
3112 1244 3295 1301 forsan
3326 1244 3622 1316 contigerit
3649 1248 3905 1305 eumdem

2260 1318 2518 1374 clericum
2559 1319 2628 1374 de
2663 1318 2932 1374 beneﬁcio
2979 1315 3304 1372 sufﬁcientis
3354 1315 3555 1372 valoris
3602 1318 3903 1387 provideri,

2258 1390 2406 1458 quod
2455 1390 2561 1445 sibi
2610 1403 2720 1446 non
2770 1390 2933 1445 liceat
2961 1389 3123 1444 etiam
3162 1402 3291 1443 casu
3319 1387 3664 1455 adveniente,
3699 1392 3805 1446 nisi
3835 1391 3906 1448 de

2259 1460 2479 1516 licentia
2520 1466 2576 1517 et
2633 1463 2902 1531 permissu
2956 1459 3179 1524 nostris,
3217 1465 3273 1514 et
3315 1458 3371 1513 in
3419 1459 3666 1515 absentia
3715 1468 3905 1519 nostra

2251 1531 2591 1601 judicialiter
2618 1530 2803 1588 eoram
2823 1530 3150 1588 ofﬁcialibus
3178 1531 3403 1596 nostris,
3434 1537 3495 1585 ut
3524 1533 3897 1600 praemittitur.

2256 1603 2501 1658 Titulans
2547 1610 2728 1659 autem
2771 1611 2825 1659 et
2872 1601 3175 1658 titulandus
3228 1616 3289 1656 se
3338 1601 3538 1656 nullam
3589 1604 3901 1672 pactionem

2256 1675 2765 1741 Simoniacam,‘aut
2792 1675 2926 1730 alias
2954 1673 3201 1729 illicitam
3226 1673 3645 1745 conventionem
3675 1676 3732 1730 in
3765 1690 3902 1745 prae-

530 1763 630 1837 sen
659 1761 842 1831 opem,
873 1746 1161 1837 consilium
1176 1745 1536 1837 Jvelfavorem
1560 1746 1806 1837 scienter
1834 1746 2438 1837 eumm‘itien-Bmissis
2466 1745 2662 1837 fecisse
2685 1744 3663 1837 autiaetuuos“essengueeipie-utes
3681 1744 3899 1837 Auiti-iii).-

526 1821 674 1875 tibus
698 1816 1011 1888 impartiri;
1058 1816 1205 1887 quod
1255 1818 1301 1872 si
1348 1832 1509 1873 secus
1555 1817 1819 1886 deinceps
1849 1816 2437 1873 attentatum"minus
2467 1818 2534 1872 de
2584 1825 2639 1873 et
2682 1832 2849 1887 super
2894 1816 3265 1886 assignatione
3312 1816 3446 1888 dicti
3486 1816 3629 1872 tituli
3674 1825 3730 1872 et
3776 1819 3900 1875 aliis

526 1889 692 1947 fuerit
720 1904 750 1944 a
780 1889 1029 1959 quolibet
1056 1888 1141 1944 vel
1172 1894 1582 1957 praesumptum,
1620 1888 1968 1943 decernimus
1997 1888 2170 1944 male-

524 1961 763 2018 factores
790 1961 1090 2017 constituto
1147 1960 1215 2014 de
1264 1960 1562 2030 praemissis
1597 1961 1745 2030 gravi
1777 1974 1935 2029 pmna
1966 1961 2169 2030 puniri,

523 2031 1145 2104 injungentesudecanis
1181 2037 1237 2086 et
1288 2030 1628 2104 presbyteris
1654 2032 1815 2086 nobis
1843 2030 2081 2104 subditis
2110 2041 2171 2087 nt

523 2101 797 2161 nobis'vel
826 2101 1154 2158 ofﬂcialibus
1181 2116 1277 2157 seu
1310 2103 1719 2171 promotoribus
1746 2103 1973 2170 nostris,
2005 2117 2167 2172 quam

520 2176 685 2232 citius
740 2175 858 2230 ﬁeri
907 2174 1131 2244 poterit,
1164 2173 1451 2230 notificent
1479 2174 1749 2243 quidquid
1806 2174 2068 2230 sciverint
2098 2174 2167 2229 de

518 2246 854 2317 praemissis;
903 2245 1039 2300 alias
1096 2258 1257 2315 poena
1313 2244 1480 2300 simili
1535 2251 1593 2300 et
1646 2245 1884 2316 graviori
1941 2245 2164 2302 eosdem

556 2331 827 2374 unlemns.

517 2332 1058 2457 puﬂfnlqgcipimus
1086 2386 1315 2456 insuper
1333 2387 1588 2443 omnibus
1616 2392 1671 2442 et
1699 2386 1930 2458 singulis
1959 2388 2164 2444 curatis

513 2460 799 2530 praedictis
827 2465 1033 2514 nostrae
1062 2459 1386 2530 ,Bajocensis
1414 2459 1671 2514 dioecesis
1700 2465 1759 2513 ut
1787 2473 1952 2529 supra
1981 2459 2161 2515 locum

512 2529 787 2588 dictorum
816 2544 1041 2586 suorum
1060 2529 1451 2585 beneﬁciorum
1471 2530 1836 2599 personaliter
1856 2530 2155 2598 resideant,

515 2602 623 2658 nisi
654 2615 818 2658 causa
847 2601 1088 2671 legitima
1110 2602 1401 2666 existente,
1427 2616 1549 2657 cum
1576 2602 1782 2656 eisdem
1813 2617 1912 2671 per
1940 2615 2043 2657 nos
2061 2617 2158 2657 seu

512 2674 748 2731 vicarios
777 2680 1000 2729 nostros
1028 2672 1343 2727 duxerimus
1372 2672 1820 2742 dispensandum,
1843 2679 1899 2729 et
1927 2675 2158 2730 maxime

511 2744 824 2819 residentes
852 2745 908 2799 in
941 2752 1128 2799 nostra
1158 2744 1385 2799 dioecesi
1415 2744 1720 2813 Bajocensi,

589 2825 781 2895 5X11.
839 2832 1082 2888 Ulterius
1121 2833 1457 2903 injungimus
1510 2832 1577 2888 ad
1637 2847 1851 2902 plenam
1908 2834 2156 2890 emendae

506 2905 815 2960 arbitrariae
858 2904 1113 2959 omnibus
1165 2911 1221 2958 et
1274 2903 1507 2973 singulis
1554 2905 1896 2974 presbyteris
1950 2914 2155 2959 nostrae

507 2976 825 3045 Bajocensis
845 2975 1102 3030 dioecesis
1130 2987 1199 3029 ne
1229 2974 1296 3045 ad
1327 2976 1498 3029 altare
1521 2989 1620 3043 pro
1641 2976 1802 3030 missa
1825 2975 2155 3031 celebranda

507 3044 776 3102 acCedere
806 3051 1161 3115 praesumant,
1192 3044 1298 3099 nisi
1328 3046 1547 3099 missam
1578 3048 1936 3114 praevideant,
1970 3053 2026 3101 et
2053 3046 2150 3102 ba-

2256 1888 2459 1957 inquiri
2491 1887 2669 1943 solitis
2722 1903 2821 1958 per
2867 1888 3109 1943 decanos
3136 1892 3357 1958 nostros
3392 1887 3631 1942 debitam
3664 1888 3783 1945 ﬁeri
3813 1890 3899 1945 in-

2255 1956 2656 2015 formationem.
2681 1956 2786 2015 Pro
2816 1974 2924 2029 qua
2952 1959 3189 2015 ﬁdeliter
3218 1956 3504 2014 referenda
3534 1962 3901 2029 reportabunt

2253 2044 2284 2085 a
2314 2030 2600 2085 titulandis
2640 2045 2901 2085 summam
2952 2036 3160 2086 tantum
3191 2029 3382 2100 viginti
3412 2032 3658 2101 quinque
3687 2033 3897 2089 solido-

2252 2116 2370 2157 rum
2402 2103 2799 2157 Turonensium
2847 2102 3104 2158 omnibus
3150 2100 3399 2157 inclusis.
3447 2100 3621 2159 Alitér
3658 2110 3715 2158 et
3759 2104 3898 2160 alias

2250 2190 2563 2262 hujusmodi
2593 2191 2809 2247 titulum
2854 2192 3034 2247 minus
3072 2204 3234 2261 quam
3265 2182 3316 2250 7
3348 2190 3534 2248 debite
3562 2193 3896 2263 assignatum

2249 2263 2457 2318 viribus
2479 2277 2668 2318 carere
2700 2264 3065 2319 decernimus.
3666 2308 3669 2311 ς

2318 2336 2451 2389 XVI.
2479 2336 2545 2389 Et
2588 2335 2715 2404 quia
2756 2338 2879 2405 jure
2909 2342 3132 2390 cavetur
3165 2352 3177 2387 :
3209 2336 3349 2407 {ima
3372 2334 3618 2390 scienlias
3646 2336 3894 2407 Scriptu-

2245 2418 2443 2488 rcmm,
2477 2410 2527 2461 et
2571 2407 2751 2488 carnis
2794 2408 2920 2488 vilia
2940 2421 3059 2488 "non
3091 2404 3293 2488 amabis
3333 2404 3581 2488 (μιειιοΝ.
3630 2404 3782 2488 epist:
3819 2408 3893 2488 (id

2244 2478 2509 2531 Rusticum
2547 2477 2785 2532 monach.
2817 2480 2882 2533 de
2927 2478 3097 2547 forma
3146 2476 3293 2546 vita),
3342 2476 3468 2532 ideo
3518 2476 3791 2545 omnibus,
3834 2481 3892 2535 in

2244 2554 2507 2617 quantum
2536 2548 2591 2603 in
2624 2550 2790 2604 nobis
2819 2554 2920 2614 est,
2946 2547 3223 2618 provideri
3246 2548 3533 2617 cupientes
3552 2549 3891 2619 injungimus

2241 2620 2474 2690 singulis
2548 2620 2804 2686 clericis,
2870 2622 3147 2689 praecipue
3197 2621 3401 2674 curatis
3446 2626 3503 2675 et
3557 2621 3774 2676 vicariis
3830 2622 3890 2677 in

2240 2691 2491 2747 ecclesiis
2512 2692 2969 2757 ministrantibus,
2993 2700 3053 2746 ut
3073 2705 3220 2760 sazpc
3250 2698 3442 2746 vacent
3462 2691 3680 2755 litteris,
3704 2700 3762 2747 et
3779 2692 3889 2749 sibi

2239 2771 2422 2817 emant
2451 2769 2742 2818 tractatum
2792 2770 3164 2832 nuncupatum
3212 2760 3406 2828 Fillon,
3456 2768 3505 2816 et
3556 2762 3887 2889 Mangmlum

2239 2838 2557 2889 curatorum.
2602 2848 2817 2889 necnon
2862 2840 3136 2889 nraacenta
3184 2833 3469 2889 svnodalia
3498 2847 3528 2887 a
3563 2848 3675 2889 nrae
3723 2848 3887 2889 eccs-

2239 2838 2557 2896 curatorum,
2602 2848 2817 2889 necnon
2861 2840 3136 2903 praecepta
3184 2833 3469 2902 synodalia
3498 2847 3528 2887 a
3562 2833 3887 2902 praedeces-

2239 2904 2459 2959 soribus
2503 2907 2709 2960 nostris
2762 2905 2908 2960 edita
2973 2903 3114 2959 infra
3163 2903 3303 2959 duos
3359 2918 3574 2960 menses
3631 2906 3880 2974 proxime

2237 2975 2471 3031 futuros.
2506 2977 2573 3031 Et
2599 2977 2657 3033 in
2687 2976 2799 3031 illis
2826 2992 2885 3032 se
2916 2977 3191 3031 instruant
3236 2975 3339 3031 sub
3385 2991 3545 3045 pinna
3574 2990 3889 3034 excommu-

2238 3047 2552 3103 nicationis.

504 3115 673 3172 beant
700 3112 882 3172 omnia
929 3116 1053 3188 sibi
1085 3116 1393 3188 necessaria
1442 3130 1541 3184 pro
1578 3112 1750 3188 ‘missa
1800 3119 2147 3187 peragenda;
2172 3112 2215 3170 C
2308 3120 2465 3173 XVll.
2499 3119 2798 3174 Statuimus
2828 3124 3097 3188 praeterea
3127 3132 3196 3174 ne
3225 3117 3413 3173 clerici
3444 3119 3500 3173 in
3522 3118 3696 3175 sacris
3725 3132 3888 3175 cons-

504 3193 696 3257 utpote
740 3200 956 3257 panem,
1006 3185 1210 3251 vinum,
1270 3186 1491 3252 librum,
1538 3185 2150 3251 calicem,'ornamenta

502 3258 900 3330 ecclesiastica,
942 3258 1125 3330 ignem
1168 3257 1530 3330 etclericum
1577 3258 1646 3314 ad
1703 3261 2148 3330 respondendum

501 3329 680 3386 eidem
710 3329 926 3385 missam
954 3328 1277 3385 celebranti.

571 3402 709 3457 XIII.
741 3402 964 3456 Demum
995 3406 1051 3455 et
1087 3399 1325 3456 ﬁnaliter
1371 3400 1743 3471 prtecipimus,
1775 3402 2064 3458 statuimus
2092 3411 2148 3459 et

499 3471 836 3543 injungimus
873 3471 1128 3528 omnibus
1156 3477 1215 3543 et
1247 3471 1479 3542 singulis
1507 3472 1732 3528 decanis
1760 3474 1963 3529 nostris
1994 3489 2147 3530 rura-

497 3542 769 3627 libus,’ut‘
793 3558 915 3599 cum
947 3543 1096 3627 omni
1146 3542 1431 3627 diligentia
1460 3544 1529 3599 ad
1559 3544 1865 3627 relevamen
1896 3545 2145 3627 subdito-

498 3629 618 3670 rum
649 3621 966 3671 nostrorum
996 3614 1413 3671 informationes
1440 3630 1608 3686 super
1628 3615 1847 3672 delictis
1876 3623 1931 3673 et
1959 3631 2145 3673 exces-

495 3686 668 3754 sibus,
702 3700 1159 3757 qnorumcunque
1206 3688 1413 3757 absque
1444 3688 1810 3757 protelatione
1832 3695 1886 3744 et
1918 3703 2143 3745 excusa-

494 3757 647 3813 tione
703 3771 1029 3827 qnacunque
1094 3756 1297 3813 faciant
1334 3756 1409 3813 'et
1452 3756 1723 3826 referant,
1783 3766 1839 3815 et
1887 3761 2141 3817 mandata

494 3833 684 3883 nostra
704 3828 914 3900 absque
928 3842 1085 3900 mora
1104 3835 1477 3900 exsequantur
1495 3835 1550 3884 et
1569 3832 1793 3900 exsequi
1817 3838 2135 3900 procurent,

493 3902 659 3965 atque
689 3895 971 3952 ofﬁciariis
1015 3898 1220 3953 nostris
1255 3895 1549 3968 reportent
1578 3895 1893 3957 exsecutata
1921 3909 1977 3957 et
2004 3895 2140 3958 relal

493 3973 605 4021 tata
653 3968 755 4022 sub
803 3981 965 4022 noena
1010 3970 1327 4022 necuuiaria
1367 3976 1423 4022 et
1452 3971 1680 4022 emenda
1710 3973 2001 4022 arbitraria
2037 3989 2136 4022 nm

493 3973 605 4021 tata
653 3981 716 4021 Sil

489 4036 741 4163 guolibet
780 4036 1215 4122 defectuifquod
1244 4040 1435 4122 absiti)
1488 4042 1543 4095 in
1577 4044 1876 4123 praemissis
1914 4058 2014 4113 per
2035 4036 2134 4129 eos

511 4108 784 4182 acrendo;
816 4109 965 4182 quod
986 4124 1033 4165 sn
1063 4124 1119 4165 in
1149 4124 1449 4182 prarmtssw
1472 4112 1815 4182 negligentes
1837 4120 1893 4168 et
1921 4129 2134 4172 remiss1

489 4179 774 4255 comperti
806 4179 1031 4255 fuerint,
1072 4179 1322 4238 volumus
1368 4188 1464 4255 eos
1494 4179 1655 4255 pinna
1683 4185 1917 4255 graviori
1952 4188 2134 4255 puniri

487 4256 545 4326 et
573 4251 797 4326 corrigi,
819 4252 942 4326 aliis
969 4254 1263 4326 statutiset
1291 4251 1734 4326 ordinationibus
1752 4251 2128 4326 synodalibus,

484 4322 694 4394 dudum
722 4337 753 4378 a
784 4324 1292 4394 prmdecessoribns
1311 4325 1517 4381 nostris
1536 4326 1701 4382 editis
1720 4322 1897 4384 in'suo
1929 4322 2131 4386 robore

842 3981 965 4043 uena
1010 3970 1327 4043 pecuniaria
1349 3976 1428 4043 _et
1452 3971 1680 4043 emenda
1710 3973 2002 4028 arbitraria
2035 3989 2136 4043 pro

820 4037 997 4113 efectu
1015 4037 1029 4113 '_
1046 4039 1215 4113 (quod
1244 4040 1435 4113 absitt)
1488 4042 1543 4095 in
1577 4044 1876 4113 praemissis
1914 4058 2014 4113 per
2035 4037 2136 4101 eos

2236 3189 2384 3244 titnti
2420 3190 2637 3258 publice
2687 3190 2899 3257 ludant,
2931 3197 3220 3258 vestesque
3251 3190 3569 3259 deponant;
3602 3204 3705 3247 nec
3736 3191 3885 3247 ludis

2234 3261 2529 3329 prohibitis
2575 3262 2855 3327 intersint,
2908 3263 3040 3327 imo,
3091 3268 3354 3329 quantum
3394 3269 3673 3331 poterunt,
3706 3261 3882 3319 laicos

2232 3331 2299 3386 ab
2330 3332 2478 3388 omni
2508 3332 2719 3388 scelere
2750 3332 3474 3389 retrahantJoculatoribus
3503 3341 3558 3389 et
3586 3333 3880 3389 histrioni-

2230 3402 2334 3457 bus
2376 3416 2486 3458 non
2535 3403 2843 3471 intendant,
2889 3405 3113 3459 omnino
3171 3418 3202 3458 a
3260 3404 3480 3460 choreis
3534 3419 3592 3460 se
3642 3404 3879 3460 reddant

2229 3474 2459 3530 alienos.
2493 3475 2549 3530 Si
2578 3476 2703 3545 quis
2730 3482 2912 3531 autem
2942 3490 3109 3545 super
3147 3474 3235 3529 his
3275 3489 3333 3531 se
3364 3476 3692 3545 culpabilem
3722 3477 3880 3532 exhi-

2228 3545 2429 3613 buerit,
2462 3546 2529 3600 ab
2574 3545 2759 3602 ofﬁcio
2807 3547 3194 3616 suSpendetur,
3237 3560 3400 3616 paena
3430 3561 3557 3603 vero
3587 3547 3693 3603 alia
3721 3547 3877 3603 arbi-

2226 3617 2392 3672 traria
2423 3617 2900 3674 condemnabitur.

2295 3698 2476 3752 XVIII.
2509 3698 2746 3768 Nostris
2773 3699 2937 3753 etiam
2982 3697 3209 3753 decanis
3250 3696 3525 3753 ruralibus
3553 3697 3622 3753 ad
3654 3711 3873 3768 pcenam

2223 3768 2548 3837 privationis
2572 3769 2656 3824 sui
2687 3767 2852 3825 ofﬁcii
2874 3769 3186 3824 inhibemns
3212 3783 3282 3824 ne
3317 3770 3372 3839 [f.
3406 3768 3631 3838 conscii]
3659 3767 3874 3826 facino-

2222 3852 2405 3911 rosum
2439 3840 2715 3896 hominem
2748 3842 3124 3910 cujuscunque
3170 3840 3394 3911 gradus,
3417 3848 3592 3896 status
3620 3847 3716 3895 aut
3742 3854 3876 3897 con-

2222 3910 2454 3965 ditionis
2483 3911 2702 3981 existat,
2727 3912 2956 3968 maxime
2989 3910 3267 3981 publicbm
3298 3919 3353 3968 et
3382 3912 3656 3968 notorium
3688 3911 3744 3966 in
3767 3926 3871 3969 suo

2221 3980 2663 4064 peccatofovere
2717 3990 2810 4038 aut
2848 3980 3089 4064 recc-lare
3120 3982 3393 4064 audeant;
3426 3983 3521 4064 sed
3545 3982 3684 4038 facta
3717 3984 3874 4064 prius

2219 4053 2579 4125 inquisitione
2627 4055 3022 4125 prmparatoria
3068 4061 3179 4110 tam
3218 4054 3331 4110 cito
3375 4055 3616 4110 revelare
3646 4060 3865 4122 curent,

2219 4128 2280 4177 ut
2307 4122 2609 4198 secundum
2628 4122 2879 4198 ‘cas'unm
2928 4126 3256 4198 exigentiam
3287 4126 3673 4198 delinquentes
3700 4138 3869 4198 coer-

2218 4200 2488 4267 ceantur;
2536 4195 2804 4266 alioquin,
2835 4197 2881 4252 si
2939 4198 2993 4253 in
3023 4195 3150 4253 'hoc
3198 4199 3409 4254 remissi
3458 4195 3516 4253 et
3561 4196 3870 4267 culpabiles

2217 4266 2421 4335 reperti
2465 4264 2687 4334 fuerint,
2730 4264 2871 4325 ultra
2918 4269 3003 4324 sui
3033 4267 3200 4325 ofﬁcii
3244 4268 3604 4339 privationem
3655 4264 3869 4325 acriter

2216 4338 2553 4407 punientur;
2581 4340 2730 4403 quod
2762 4341 2902 4396 bene
2932 4340 3240 4395 advertant.

484 4393 1337 4500 gpgggfii.hgg§_npgfg§g§§gm
1366 4411 1467 4467 per
1494 4403 1743 4455 tenorem
1782 4393 2232 4500 renovamus,D'
2286 4409 2420 4500 xix.
2448 4393 2559 4500 isi
2593 4393 3215 4500 ’ἀεόἶ-ιέὶίξξεάιὶοίοεὺηί
3270 4411 3490 4500 Ρειιὲιξι]
3545 4415 3865 4468 nostrorum

485 4471 542 4523 et
568 4467 713 4523 vires
742 4466 995 4523 obtinere
1023 4466 1293 4524 volumus.

554 4538 678 4608 Ipsa
708 4538 909 4613 eadem
923 4545 1131 4613 statuta
1159 4544 1487 4613 renovantes
1507 4540 1761 4597 duximus
1780 4541 2129 4613 declaranda,

482 4614 539 4665 et
553 4609 833 4693 ononnulla
861 4609 969 4666 alia
998 4609 1207 4667 eisdem
1229 4611 1573 4668 decrevimus
1599 4614 2042 4684 superaddenda.
2065 4609 2132 4673 Et

481 4694 876 4845 Ῠᾚῧίοίγοε
934 4761 1156 4845 nimiam
1211 4761 1613 4845 longitudinem
1668 4765 1751 4845 vel
1806 4765 2128 4845 brevitatem

478 4833 710 4903 vestium
737 4834 979 4889 virorum
1024 4833 1545 4903 ecclesiasticarum,
1577 4836 1919 4893 declaramus
1957 4845 2015 4893 ut
2044 4839 2129 4893 in-

477 4898 795 4977 fra_festum
847 4905 1099 4977 omnium
1155 4907 1477 4962 Sanctorum
1531 4898 1783 4977 proxime
1838 4915 2125 4966 venturum

477 4972 682 5030 tunicae
710 4972 991 5044 longiores
1018 4977 1336 5034 eorumdem
1365 4978 1434 5033 ad
1456 4972 1597 5035 talos
1627 4993 1799 5050 usque
1829 4985 1885 5034 et
1915 4994 2025 5037 non
2047 4982 2127 5037 ul-

474 5069 559 5119 tra
583 5062 992 5134 protrahantur,
1007 5065 1287 5123 breviores
1304 5081 1434 5123 vero
1447 5067 1589 5123 ultra
1609 5069 1842 5124 mediam
1868 5061 1914 5129 6
1936 5069 2124 5125 tibiam

473 5148 535 5209 se
566 5135 884 5209 extendant,
909 5137 1267 5209 quotidieque
1296 5140 1574 5208 caputium
1599 5153 1697 5194 seu
1727 5139 1932 5194 domin
1955 5142 2120 5209 panni

474 5205 743 5279 nigriaut
770 5205 1054 5264 cornetam
1097 5205 1377 5265 deferant;
1417 5211 1485 5265 Et
1524 5210 1669 5279 pileo
1699 5215 1863 5279 atque
1894 5205 2121 5267 co'rneta

473 5278 754 5348 praecipue
784 5280 840 5335 in
889 5278 1124 5351 ecclesia
1174 5280 1469 5338 ofﬁciando
1515 5278 1804 5351 depositis,
1837 5287 2061 5337 utantur
2088 5297 2121 5338 a

472 5351 929 5435 caetero'caput‘io
958 5350 1257 5435 vulgariter
1306 5352 1403 5435 (im
1458 5350 1691 5423 domino)
1742 5359 1798 5408 et
1825 5352 1948 5435 aliis
1984 5354 2120 5435 iusi-

469 5420 616 5494 gniis
660 5420 1009 5480 clericalibus
1052 5420 1112 5477 in
1173 5429 1229 5479 et
1282 5420 1352 5480 ad
1399 5437 1615 5494 paenam
1668 5420 1918 5481 emendae
1964 5424 2116 5481 arbi-

467 5491 672 5548 trariis.

538 5571 649 5645 XV.
693 5572 1005 5645 statuentes
1050 5576 1279 5645 insuper
1323 5580 1383 5631 ut
1432 5575 1616 5632 nullus
1643 5575 1881 5633 clericus
1909 5580 2114 5635 nostrae

465 5643 783 5716 Bajocensis
836 5646 1099 5726 dioecesis
1140 5643 1341 5704 futuris
1388 5647 1732 5719 temporibus
1780 5647 1848 5705 ad
1895 5661 2113 5707 sacrum

2214 4480 2594 4536 manifestatur
2630 4482 2779 4551 quod
2830 4482 3047 4553 placere
3096 4484 3208 4538 Deo
3237 4482 3356 4537 sine
3387 4482 3493 4537 ﬁde
3522 4495 3641 4553 non
3664 4496 3865 4552 possu-

2215 4564 2353 4607 mus.
2390 4554 2454 4607 Et
2484 4553 2613 4622 quia
2641 4553 2709 4609 ad
2741 4561 2957 4609 nostras
2986 4554 3208 4610 devenit
3235 4567 3398 4609 aures
3429 4552 3869 4623 quamplurimos

2214 4631 2417 4679 nostra;
2448 4626 2763 4695 Bajocensis
2809 4625 3067 4681 dioecesis
3119 4639 3309 4695 parum
3360 4624 3415 4679 in
3452 4624 3560 4681 ﬁde
3590 4624 3864 4681 catholica

2215 4702 2263 4772 8
2301 4712 2542 4769 imbutos
2612 4727 2754 4779 esse,
2830 4713 3121 4783 cupientes
3194 4712 3491 4768 salubriter
3545 4711 3863 4782 providere,

2210 4783 2358 4855 unde
2387 4784 2677 4855 statuimus
2697 4791 2757 4840 ut
2786 4783 2855 4841 de
2876 4792 3080 4841 caetero
3109 4784 3311 4855 singuli
3342 4783 3517 4840 curati
3547 4797 3645 4839 seu
3668 4798 3863 4841 eorum

2209 4854 2419 4926 vicarii,
2452 4854 2649 4910 diebus
2686 4856 2984 4912 Dominicis
3012 4858 3069 4911 in
3101 4854 3310 4926 pronao
3348 4855 3646 4926 missarum
3691 4870 3864 4925 paro-

2209 4924 2465 4998 ehialium
2488 4925 2597 4998 alta
2617 4932 2674 4982 et
2701 4927 3038 4998 intelligibili
3067 4924 3200 4983 voce
3232 4925 3479 4996 proferre
3509 4924 3774 4992 habeant,
3806 4934 3865 4984 et

2208 4996 2470 5053 distincte
2500 4996 2686 5053 dicere
2737 4996 3043 5055 orationem
3082 4998 3441 5064 Dominicam,
3473 4998 3636 5052 Pater
3659 5004 3861 5066 noster,

2207 5075 2270 5140 et_
2292 5075 2582 5140 utrumque
2612 5069 2800 5136 Credo,
2834 5076 2894 5125 ut
2914 5070 2995 5125 sic
3023 5070 3219 5140 ignari,
3252 5069 3439 5134 rudes,
3467 5074 3525 5123 et
3551 5068 3865 5140 imbecilles

2204 5138 2491 5211 addiscere
2520 5145 2577 5196 et
2606 5141 2844 5196 retinere
2874 5138 3110 5210 valeant,
3143 5147 3201 5196 et
3227 5140 3486 5211 explicite
3514 5139 3711 5195 saltem
3741 5154 3864 5197 cre-

2205 5209 2337 5265 dere
2370 5224 2479 5267 non
2509 5211 2857 5268 erubescant.

2275 5290 2384 5346 XX.
2419 5292 2497 5346 Ex
2524 5293 2853 5349 auctoritate
2882 5300 2937 5349 et
2967 5292 3193 5349 decreto
3223 5290 3517 5349 reverendi
3547 5292 3604 5346 in
3631 5289 3858 5348 Christo

2200 5360 2378 5435 Patris
2406 5362 2718 5435 etdomini
2765 5365 2974 5421 domini
3012 5363 3328 5435 Bajocensis
3366 5362 3635 5435 episcopi,
3667 5363 3863 5435 injun-

2199 5432 2348 5506 gitur
2375 5440 2431 5506 et
2460 5433 2709 5491 districte
2755 5432 3097 5506 praecipitur
3123 5432 3475 5492 omnibuset
3501 5432 3734 5506 singulis
3764 5447 3863 5489 cu-

2198 5504 2347 5577 ratis
2362 5504 2619 5563 dimcesis
2648 5504 2962 5577 Bajocensis
2991 5514 3051 5562 nt
3079 5507 3134 5562 in
3166 5520 3355 5563 eorum
3387 5504 3675 5577 beneficiis
3712 5519 3853 5574 per-

2196 5575 2441 5633 sonalem
2469 5583 2526 5634 et
2562 5574 2879 5635 continuam
2924 5577 3126 5634 faciant
3174 5576 3527 5635 residentiam
3567 5574 3709 5631 infra
3738 5582 3862 5632 tres

2196 5659 2413 5707 menses
2452 5650 2757 5720 proximos,
2797 5649 3170 5722 computando
3201 5656 3385 5708 tamen
3413 5646 3599 5720 quoad
3629 5646 3863 5719 dispen-
