4100 6166
229 256 312 314 241

1418 256 1591 316 ACTA
1627 256 1914 316 VETERA.
1953 286 2026 301 —
2062 255 2345 317 APPEND.

3463 254 3572 312 242

233 388 359 442 satos
379 382 443 457 ad
458 384 686 457 tempus
702 397 881 457 super
907 396 1018 457 non
1049 383 1401 457 residentiam
1431 398 1463 439 a
1492 383 1582 440 die
1612 384 1833 457 termini
1851 384 2049 446 Adum
2078 383 2490 456 praesentabunt
2536 382 2715 441 eidem
2763 382 2991 440 domino
3028 383 3293 454 episcopo
3322 384 3564 457 aliquem

236 470 394 513 eorum
416 455 857 526 dispensationis,
888 455 1137 527 alioquin
1168 461 1361 512 contra
1387 468 1507 527 non
1529 455 1835 511 residentes

235 529 361 584 dicto
403 533 644 597 tempore
682 526 869 597 elapso
917 526 1249 597 procedetur
1291 530 1376 583 via
1400 526 1563 597 juris,
1596 533 1704 582 tam
1736 541 1836 596 per

233 601 624 655 subtractionem
644 612 834 654 eorum
864 597 1137 656 fructuum
1160 613 1319 669 quam
1349 613 1449 669 per
1477 599 1835 668 privationem

230 670 609 737 beneﬁciorum,
639 672 685 725 si
716 684 856 740 opus
884 671 978 726 sit.

288 743 407 798 XXI.
439 745 589 807 Item,
640 742 923 797 inhibetur
977 744 1231 799 omnibus
1277 746 1333 798 et
1370 740 1602 812 singulis
1629 740 1835 795 curatis

227 811 366 869 dicta:
402 813 655 869 dimcesis
700 819 756 869 et
794 827 981 868 eorum
1020 816 1238 870 vicariis
1267 827 1335 868 ne
1365 813 1581 882 aliquos
1612 812 1834 881 presby—

225 890 354 941 teros
380 885 432 941 in
460 885 638 940 aliena
666 884 891 941 dimcesi
949 887 1109 941 etiam
1165 887 1221 940 in
1255 886 1405 941 curia
1435 886 1676 940 Romana
1706 897 1836 953 pro-

224 963 379 1027 motos
407 958 721 1026 permittant
765 956 823 1011 in
869 954 984 1012 sui's
1031 957 1308 1027 parochiis
1337 956 1520 1011 divina
1551 955 1833 1027 celebrare

224 1025 379 1083 ofﬁcia
408 1025 519 1082 nisi
564 1041 733 1097 super
775 1026 883 1083 hoc
930 1025 1347 1098 permissionem
1400 1026 1717 1082 celebrandi
1764 1025 1833 1080 ab

221 1099 392 1154 eodem
419 1099 642 1155 domino
672 1097 944 1169 episcopo
965 1105 1058 1154 aut
1104 1102 1224 1169 ejus
1260 1097 1540 1155 ofﬁciariis
1568 1098 1829 1153 obtinue-

218 1171 331 1237 rint,
385 1175 437 1226 et
492 1170 564 1225 de
621 1184 685 1226 ea
758 1170 1084 1227 litteratorie
1141 1170 1433 1227 docuerint
1494 1169 1597 1225 sub
1670 1181 1831 1239 pinna

218 1241 439 1297 emenda:
466 1242 795 1297 arbitrariae.

274 1314 422 1368 XXII.
453 1314 609 1379 Item,
642 1313 948 1440 ingungitur
975 1313 1230 1369 omnibus
1258 1317 1314 1368 et
1342 1311 1576 1382 singulis
1604 1310 1831 1394 decanis

274 1384 463 1439 ralibus
489 1384 656 1440 dictae
726 1385 943 1440 imcesis
972 1390 1032 1440 ut
1060 1389 1315 1440 maneant
1343 1396 1534 1439 omnes
1553 1389 1609 1439 et
1637 1396 1830 1440 smnu-

215 1384 463 1439 ruralibus
489 1384 656 1440 dictae
686 1383 943 1440 dimcesis
972 1390 1032 1440 ut
1060 1389 1315 1440 maneant
1343 1396 1534 1439 omnes
1553 1389 1609 1439 et
1637 1383 1830 1451 singu-

212 1454 282 1511 los
308 1462 564 1525 patronos
592 1454 984 1512 beneﬁciorum
1023 1460 1360 1520 curatorum,
1393 1460 1500 1509 tam
1531 1454 1829 1511 ecclesias-

211 1527 332 1582 ticos
349 1541 503 1598 quam
528 1526 721 1593 laicos,
734 1540 926 1583 eorum
938 1527 1322 1593 decanatuum,
1338 1525 1486 1597 quod
1508 1526 1578 1582 de
1600 1534 1827 1591 caetero,

1919 489 2016 531 seu
2046 474 2262 544 aliquos
2290 474 2357 529 ad
2388 473 2651 530 beneﬁcia
2672 472 2740 528 ad
2772 485 2961 528 eorum
2990 463 3039 532 9
3074 474 3559 541 praesentationem

1917 560 2279 623 spectantem,
2312 555 2530 609 mittant
2558 567 2746 609 eorum
2779 557 3167 622 praesentatum
3197 553 3562 623 personaliter

1918 622 1986 681 ad
2041 626 2336 695 petendum
2384 625 2621 681 litteram
2671 623 2982 680 collationis
3026 637 3124 678 seu
3175 622 3560 695 institutionis.

1919 693 2055 765 quia
2094 697 2163 752 de
2211 702 2413 753 cancro
2455 696 2636 752 nullus
2684 710 2781 765 per
2826 700 3240 765 procuratorem
3288 693 3564 750 obtinebit

1918 767 2271 823 collationem
2299 767 2552 824 beneﬁcii
2583 768 2778 823 curati.

1987 866 2170 920 XXIII.
2204 867 2358 931 Item,
2408 866 2713 935 injuugitur
2748 864 2954 920 eisdem
3001 864 3207 920 curatis
3235 868 3295 919 ut
3323 862 3562 918 habeant

1916 935 2217 1006 diligenter
2254 938 2546 992 observare
2594 942 2797 991 statuta
2833 935 3117 1006 synodalia
3147 943 3255 990 tam
3286 949 3386 1004 per
3411 948 3563 989 eum-

1917 1007 2041 1063 dem
2071 1007 2353 1063 domiuum
2392 1008 2713 1077 episcopum
2757 1021 2921 1076 quam
2958 1021 3089 1062 suos
3118 1007 3564 1076 praedecessores

1916 1078 2131 1149 pridem
2179 1078 2327 1133 edita
2383 1084 2438 1134 et
2485 1079 2864 1149 promulgata;
2898 1084 2954 1133 et
2998 1086 3058 1133 ut
3104 1078 3340 1149 quilibet
3368 1090 3566 1149 eorum

1915 1148 2059 1219 apud
2090 1163 2149 1204 se
2179 1150 2379 1205 habeat
2408 1149 2653 1205 libellum
2685 1155 3059 1218 nuncupatum
3088 1148 3281 1215 Fillon,
3312 1148 3398 1204 vel
3421 1149 3563 1219 Spe-

1914 1221 2084 1276 culum
2119 1226 2438 1287 curatorum.
2460 1226 2516 1275 et
2544 1220 2707 1275 etiam
2736 1220 2902 1275 alium
2942 1220 3141 1275 librum
3171 1234 3347 1290 nuper
3375 1226 3563 1276 aucto-

1915 1293 2077 1348 ritate
2153 1292 2397 1362 ejusdem
2472 1291 2680 1347 domini
2737 1292 3083 1359 impressum,
3152 1290 3554 1362 intitulatum”:

1912 1364 2293 1419 L’Instruction
2339 1363 2431 1418 des
2478 1366 2648 1427 cures,
2697 1375 2905 1431 eosque
2952 1362 3171 1418 libellos
3207 1363 3265 1417 in
3296 1361 3559 1418 Kalendis

1914 1435 2210 1490 exhibeant
2256 1435 2561 1504 promotori
2600 1432 2844 1503 ejusdem
2892 1433 3101 1489 domini
3158 1434 3406 1503 episcopi
3454 1433 3558 1489 sub

1914 1520 2077 1577 pmna
2105 1506 2352 1562 emendae
2382 1505 2709 1562 arbitrariae.

390 1734 893 1821 STATUTA
963 1736 1363 1820 SYNODI
1418 1732 2019 1821 [ESTIVALIS
2075 1732 2597 1820 DICECESIS
2653 1729 3361 1818 EBROICENSIS

486 1883 623 1947 Pro
653 1901 822 1948 anno
857 1882 1109 1948 Domini
1142 1884 1339 1963 1576,
1373 1903 1493 1969 per
1522 1884 1605 1950 R.
1638 1884 1715 1948 P.
1752 1880 2087 1948 Claudium
2116 1900 2203 1947 DE
2233 1880 2514 1949 SAINTES
2545 1878 2840 1968 ejusdem
2873 1880 3246 1967 episcopum

1671 2029 2066 2045 ὴ

278 2095 633 2154 Illustrissimo
662 2097 893 2169 principi
921 2098 1186 2154 cardinali
1211 2102 1276 2156 A.
1308 2102 1591 2158 BonnoNIo
1619 2114 1717 2157 ar-

700 2169 950 2240 Eepiscopo
988 2172 1376 2241 Rotomagensi.

251 2256 443 2327 Magna
489 2258 546 2313 in
585 2259 974 2331 exspectatione
1017 2274 1213 2328 sumus,
1274 2259 1622 2316 illustrissime
1669 2259 1822 2331 prin-

195 2339 309 2397 ceps,
340 2334 529 2385 vestrae
568 2327 911 2400 provincialis
937 2330 1156 2400 synodi,
1191 2345 1306 2401 qua:
1344 2333 1590 2403 temporis
1626 2327 1825 2403 iniqui-

194 2418 303 2491 tate
327 2416 621 2491 collapsam
655 2409 765 2491 _IO
803 2417 858 2491 in
916 2420 1110 2491 nostris
1169 2418 1425 2475 Ecclesiis
1467 2421 1712 2491 pietatem
1759 2436 1825 2476 ac

195 2483 504 2561 disciplinam
560 2485 963 2561 ecclesiasticam
1010 2490 1283 2557 instauret,
1318 2496 1382 2561 et
1428 2483 1611 2547 contra
1665 2491 1821 2561 effre-

197 2561 344 2632 natam
384 2558 750 2632 hcereticorum
779 2557 1087 2632 libertatem,
1117 2575 1212 2632 nos
1241 2560 1426 2616 saltem
1462 2576 1663 2617 summa
1694 2557 1824 2632 fidei

196 2630 322 2697 atque
349 2630 650 2683 animorum
674 2630 1008 2683 consensione
1030 2630 1245 2686 muniat.
1269 2632 1480 2686 Interea
1518 2648 1631 2687 cum
1650 2630 1821 2687 insta-

193 2699 394 2772 retcdies
432 2698 630 2772 synodi
660 2699 989 2772 diateesanaz,
1021 2715 1176 2771 quam
1210 2702 1439 2772 primam
1465 2718 1641 2757 sumus
1668 2703 1822 2757 habi-

194 2770 295 2843 turi,
322 2784 417 2824 nec
443 2767 582 2823 nihil
628 2771 795 2843 egisse
842 2767 1155 2843 videremur,
1194 2767 1395 2828 statuta
1426 2775 1663 2843 quendam
1691 2789 1824 2827 con-

193 2842 446 2913 tenuimus,
461 2854 578 2911 qua:
588 2842 782 2895 nostris
792 2840 1044 2913 Ecclesiis
1048 2844 1348 2913 putavimus
1371 2840 1483 2899 esse
1496 2846 1816 2909 necessaria,

196 2908 258 2983 vel
282 2911 460 2967 saltem
470 2908 789 2983 profutura,
810 2914 859 2967 si
883 2917 990 2967 tam
1018 2908 1237 2968 libenter
1256 2930 1290 2968 a
1318 2916 1510 2970 nostris
1531 2908 1821 2970 hominibus

194 2979 899 3056 demandanturexsecutioni
929 2999 1082 3054 quam
1117 2986 1327 3056 fuerunt
1360 3001 1393 3040 a
1421 2986 1570 3041 nobis
1596 2987 1812 3056 scripta.

194 3051 282 3106 Sed
315 3069 423 3128 cum
446 3054 615 3125 probe
643 3051 1043 3128 intelligeremus
1080 3051 1177 3110 hoc
1213 3062 1526 3128 postremum
1562 3058 1617 3111 in
1643 3051 1819 3112 vestra

192 3129 287 3191 post
311 3126 470 3180 Deum
498 3126 814 3197 auctoritate
855 3127 1100 3197 positum,
1141 3126 1246 3182 non
1276 3130 1332 3182 in
1369 3134 1568 3194 nostra,
1603 3129 1816 3183 curavi-

194 3207 303 3260 mus,
331 3203 610 3267 antequam
646 3196 784 3252 clero
834 3196 1267 3268 proponerentur,
1309 3200 1380 3254 ad
1427 3198 1815 3268 amplitudinem

196 3271 389 3322 vestram
417 3269 713 3342 deportari,
744 3273 811 3342 ut,
828 3274 1026 3324 tantum
1072 3284 1137 3324 ea
1173 3271 1382 3325 veniant
1414 3271 1469 3325 in
1505 3269 1673 3326 lucem
1703 3285 1817 3342 quae

196 3284 389 3322 vestram
417 3284 480 3322 ae
519 3284 713 3335 ονιαη,
744 3284 799 3323 ut
828 3284 1026 3324 tantum
1072 3284 1137 3324 ea
1173 3284 1382 3325 veniant
1414 3286 1469 3325 m
1505 3284 1673 3326 tucem
1703 3285 1817 3342 quae

194 3342 339 3416 vestra
374 3284 840 3416 arclﬂepiscopalis
887 3355 1107 3416 censura
1143 3346 1193 3416 et
1225 3343 1512 3416 auctoritas
1540 3344 1817 3416 conﬁrma-

193 3407 295 3481 rint,
318 3425 377 3464 ne
406 3406 904 3481 ullus'relinquatur
930 3410 1284 3467 calumniandi
1327 3412 1490 3467 locus.
1523 3406 1659 3469 Sunt
1686 3406 1816 3467 sane
1833 3420 1876 3481 α

1844 2095 2034 2153 Blicae
2060 2058 2251 2168 gratia
2299 2096 2650 2154 Ebroicensis
2697 2097 3012 2168 episc0pus,
3060 2098 3315 2156 omnibus
3361 2102 3417 2156 et
3444 2099 3558 2155 sin-

1909 2167 2053 2239 gulis
2082 2169 2439 2225 ecclesiarum
2469 2169 2865 2239 parochialium
2896 2167 3208 2226 rectoribus
3237 2177 3292 2227 et
3319 2170 3552 2237 curatis,

1904 2254 1972 2365 ge
2010 2239 2134 2324 aliis
2179 2241 2312 2297 viris
2340 2240 2733 2297 ecclesiasticis
2762 2241 2921 2297 nobis
2948 2241 3203 2308 subditis,
3235 2242 3467 2298 salutem
3494 2243 3554 2298 in

1951 2324 2158 2365 ommo.

1951 2324 2158 2368 01111110.

1975 2384 2229 2450 Quamvis
2265 2383 2567 2440 secundum
2599 2382 2971 2439 diversitatem
3000 2388 3311 2453 temporum
3349 2386 3553 2440 statuta

1902 2455 2184 2510 varientur
2221 2456 2474 2522 humana,
2516 2455 2673 2511 vobis
2711 2460 2891 2510 tamen
2932 2456 3252 2511 mandamus
3281 2461 3341 2511 ut
3370 2455 3553 2511 omnia

1906 2532 1962 2597 et
1988 2526 2204 2596 singula
2232 2533 2454 2593 statuta,
2482 2541 2546 2582 ac
2577 2527 3002 2582 constitutiones
3032 2526 3324 2597 synodales
3352 2541 3382 2580 a
3414 2540 3553 2595 prae-

1906 2594 2291 2653 decessoribus
2329 2599 2534 2655 nostris
2560 2596 2732 2654 factas
2780 2604 2834 2653 et
2882 2594 3078 2664 editas,
3133 2594 3439 2667 praesertim
3479 2597 3549 2652 ab

1906 2680 2096 2740 eorum
2125 2669 2506 2738 superioribus
2535 2682 2645 2724 non
2676 2676 2979 2736 revocatas,
3030 2671 3245 2740 integre
3276 2676 3332 2725 et
3360 2668 3545 2724 invio-

1904 2736 2149 2811 labiliter
2167 2736 2472 2795 observetis
2501 2747 2555 2795 et
2575 2740 2901 2796 custodiatis
2919 2741 3022 2796 sub
3054 2736 3234 2811 poenis
3261 2742 3318 2795 in
3341 2740 3549 2797 eisdem

1904 2809 2202 2866 contentis.

1956 2906 2035 2959 De
2065 2907 2365 2977 provisione
2392 2907 2831 2980 beneﬁciatorum,
2854 2913 2905 2965 et
2931 2909 3160 2965 maxime
3187 2914 3503 2966 curatorum.

1939 3073 1948 3084 ι
1985 2995 2062 3063 12
2102 3005 2143 3059 I.
2184 3006 2277 3084 De_
2300 3008 2613 3084 rectoribus
2650 3008 3021 3084 Ecclesiarum
3059 3009 3233 3079 prima
3271 3015 3343 3084 Aet
3400 3024 3552 3084 prm-

1901 3076 2064 3155 cipua
2092 3089 2225 3155 cura
2262 3076 2319 3155 in
2378 3078 2645 3155 religione
2685 3094 2805 3155 esse
2863 3076 3075 3147 debet,‘
3111 3081 3378 3155 quoniam
3401 3076 3547 3138 ‘sine

1899 3149 2056 3213 ipsis,
2090 3153 2229 3219 teste
2258 3149 2544 3217 Apostolo,
2579 3151 2766 3219 populi
2808 3157 3014 3217 errant,
3057 3156 3113 3206 et
3134 3149 3551 3209 circumferun—

1899 3222 1990 3269 tur
2017 3218 2166 3294 omni
2197 3218 2660 3294 ventodoctrinaa
2699 3221 2916 3292 (Ephes.
2966 3237 3043 3289 1v,
3107 3223 3211 3292 l4),
3270 3237 3335 3279 ac
3392 3225 3548 3294 lupo-

1898 3300 2019 3361 rum
2059 3289 2471 3346 incursionibus
2499 3289 2870 3361 exponuntur,
2924 3294 3070 3349 sicut
3115 3289 3246 3350 oves
3292 3289 3545 3351 carentes

1900 3356 2116 3434 idoneo
2135 3369 2374 3434 pastore.
2406 3356 2675 3429 Quantum
2715 3356 2895 3419 tamen
2930 3364 2986 3418 in
3016 3365 3261 3433 ipsorum
3309 3366 3547 3434 disposi-

1900 3430 2138 3503 tione‘ab
2161 3433 2416 3488 omnibus
2446 3441 2727 3503 peccetur,
2752 3436 2796 3488 it
2815 3435 3024 3489 clamor
3040 3430 3213 3490 'ctelo.
3247 3437 3368 3490 Non
3399 3430 3545 3491 enim

347 3479 829 3575 pro’lixicranhsed.
858 3487 1001 3575 tanta
1036 3489 1315 3575 sequentur
1336 3488 1523 3575 pristes;
1551 3484 1811 3575 ρνθιίίιίνει,

1909 3498 2012 3575 fere
2044 3501 2174 3575 jam
2195 3503 2292 3575 ulli
2314 3479 2941 3571 Libv’iaéiﬁibéﬁéﬁﬁo
2961 3479 3041 3559 de
3054 3479 3541 3575 "EEHIEEaBEEi’;

194 3551 286 3605 Nec
308 3551 394 3608 nos
413 3554 591 3609 decuit
613 3553 759 3608 initio
779 3556 894 3608 sine
922 3551 1239 3609 documentis
1258 3551 1510 3609 mandata
1539 3561 1589 3610 et
1617 3560 1816 3610 statuta

197 3620 342 3695 edere,
380 3640 440 3678 ne
466 3626 767 3680 videremur
788 3629 994 3679 nostros
1017 3625 1192 3695 potius
1229 3639 1412 3694 cogere
1449 3640 1603 3695 quam
1632 3626 1819 3680 docere

196 3695 235 3767 ct
258 3694 464 3767 ducere;
495 3696 756 3765 graviora
804 3701 853 3751 et
882 3694 1185 3767 efﬁcaciam
1217 3694 1561 3767 provincialis
1589 3696 1819 3766 synodus

199 3761 388 3837 limabit,
418 3761 517 3821 cui
554 3767 801 3823 vocanda:
846 3761 942 3821 ac"
964 3765 1187 3836 feliciter
1217 3761 1579 3837 perﬁciendae,
1610 3761 1816 3837 precor,

196 3834 426 3894 salvatore
460 3843 645 3894 nostra
672 3841 797 3910 Iesu
824 3834 1050 3910 Christo,
1072 3834 1257 3910 vestrm
1279 3834 1466 3910 pietati
1493 3834 1821 3910 incolumita-

199 3910 296 4030 ξπ,
322 3913 367 3963 et
404 3926 438 3964 a
463 3909 690 3978 negotiis
717 3908 1016 3980 reipublicae
1044 3908 1294 3980 aliquam
1309 3908 1659 3965 dimissionem
1689 3924 1822 3964 con-

275 3992 309 4030 ι.

275 3992 309 4031 ι.

255 4050 332 4103 Ex
363 4056 548 4107 nostra
576 4051 783 4107 dioecesi
807 4056 996 4107 octava
1031 4049 1306 4107 Kalendas
1342 4051 1484 4107 Junii
1528 4049 1683 4107 1576.

445 4125 527 4179 De
559 4136 769 4178 numero
800 4127 1085 4177 vestrorum
1114 4123 1563 4193 suffraganeorum
1591 4120 1819 4178 humilli-

518 4208 636 4249 mus
679 4199 862 4249 vestrae
908 4193 1262 4264 amplitudinis
1318 4199 1519 4263 orator,
1569 4193 1819 4251 Claudius

519 4266 796 4336 episcopus
823 4264 1178 4321 Ebroicensis.

613 4354 833 4410 TITULI
879 4354 1370 4410 CAPITULORUM.

215 4423 266 4512 [Ι
323 4439 392 4512 De
413 4442 715 4512 provisione
738 4442 1156 4512 beneﬁciatorum
1177 4447 1224 4497 et
1244 4442 1472 4497 maa‘ime
1492 4445 1812 4497 curatorum.

204 4505 264 4558 De
286 4505 558 4569 residentia
586 4505 904 4569 curatorum.

208 4575 267 4630 De
290 4580 385 4635 vita
410 4590 456 4640 et
484 4586 757 4640 honestate
784 4589 1082 4641 amatorum
1111 4588 1160 4640 et
1184 4582 1406 4639 aliorum
1442 4582 1820 4639 ecclesiastico—

261 4663 378 4707 rum.
1646 4680 1651 4685 ‘

209 4716 268 4791 ρο
290 4724 448 4791 Ofﬁcio
475 4731 780 4782 curaton
807 4730 855 4782 et
884 4727 1220 4783 vicariorum.

209 4788 270 4880 2t:
298 4788 471 4880 afri-cio.
480 4797 684 4880 populi.

209 4859 270 4940 13¢
290 4859 531 4940 addentia
556 4859 1108 4925 excommunicationis
1142 4868 1382 4940 ferenda.

211 4929 272 5010 13¢
293 4935 470 5010 scholis
498 4944 550 4995 et
587 4954 769 4995 earum
785 4941 1072 5010 magistris.

211 5000 789 5091 ’ἐξεθηάρῖιαιονίάιιει
1114 5085 1145 5091 _
1248 5082 1342 5091 ..

211 5072 582 5155 Delprovisione
618 5089 666 5155 et
696 5083 1065 5154 reformatione
1100 5082 1493 5155 Breviariorum
1520 5085 1568 5155 et
1599 5078 1822 5155 aliorum

326 5162 494 5226 rerum
520 5152 987 5226 ecclesiasticarum
1008 5168 1108 5226 pro
1137 5155 1347 5210 diascesi
1372 5152 1708 5210 Ebroicensi.

212 5214 496 5296 Qedccanis
523 5224 807 5282 ruralibus.

214 5285 510 5369 Ρνίνίιεςίυπι
560 5296 760 5369 Urbani
799 5311 976 5369 parte.
1016 5296 1155 5368 quod
1191 5296 1460 5369 ερέεοορυε
1488 5293 1823 5369 armis

266 5364 411 5483 ςῦεὲιὶι
438 5366 742 5440 compellere
766 5364 1004 5424 subditos
1020 5364 1144 5423 suos
1172 5364 1243 5421 ad
1270 5364 1479 5445 ordines
1506 5371 1555 5422 et
1592 5366 1824 5422 residen-

286 5444 400 5488 tam.

213 5498 391 5594 Littch
419 5508 842 5594 Gregoriihpapte
862 5513 922 5568 Χ
932 5523 1104 5594 super
1123 5508 1331 5594 ﬁdem:

266 5572 617 5639 Cunnws'de
643 5572 878 5648 Saintes,
931 5572 1029 5639 Dei
1086 5586 1142 5638 et
1177 5583 1382 5637 sancta:
1427 5578 1576 5635 sedis
1604 5583 1827 5649 aposto-

1898 3570 1999 3643 sed
2036 3572 2210 3643 cuivis
2238 3570 2447 3643 homini
2486 3579 2691 3628 temere
2732 3574 3054 3642 providetur
3091 3575 3159 3630 de
3208 3570 3413 3643 quovis
3448 3570 3546 3631 be-

1900 3641 2120 3708 neilcio,
2169 3649 2333 3711 atque
2370 3641 2745 3711 frequentius
2781 3644 2974 3699 illicito
3031 3641 3316 3701 modofln
3357 3654 3546 3702 nostra

1902 3712 2122 3786 quidem
2154 3712 2380 3786 dioecesi
2431 3713 2616 3769 multis
2655 3714 2833 3770 modis
2888 3716 3105 3783 peccari
3153 3717 3540 3786 comperimus,

1900 3782 1998 3837 sed
2028 3783 2284 3857 maxime
2308 3798 2423 3857 per
2459 3786 2754 3842 Simouiam
2779 3828 2793 3852 ,
2855 3782 2936 3842 vel
2977 3800 3075 3857 per
3124 3782 3400 3844 fructuum
3459 3782 3546 3845 re-

1900 3854 2247 3927 tentionem,_
2280 3855 2438 3912 titulo
2504 3857 2561 3911 in
2626 3857 2929 3913 custodiam
2978 3854 3153 3914 'alteri
3209 3861 3542 3927 commisso,

1900 3925 2110 3991 Quibus
2146 3925 2303 3982 malis
2358 3934 2521 3997 atque
2569 3928 2692 3984 aliis
2730 3937 2790 3984 ut
2844 3930 3173 4000 incipiamus
3209 3925 3542 4000 occurrere,

1902 4010 2189 4074 mcnemus
2217 4011 2408 4053 omnes
2445 4000 2539 4074 qui
2589 4014 2688 4069 per
2734 3999 3049 4071 Simoniam,
3091 4010 3185 4058 aut
3232 4018 3547 4074 expressam

1901 4067 1986 4141 vel
2025 4070 2245 4141 tacitam
2303 4067 2635 4139 emptionem
2696 4077 2751 4127 et
2787 4067 3182 4141 venditionem,
3241 4067 3335 4131 au't
3390 4076 3547 4132 fundi

1900 4139 1984 4194 vel
2006 4139 2241 4212 alterius
2271 4141 2350 4196 rei
2382 4142 2701 4211 temporalis
2731 4139 3188 4212 permutationem
3219 4147 3548 4204 beneﬁcium

1902 4210 2335 4286 ecclesiasticum
2392 4210 2595 4286 fuerint
2632 4210 2858 4283 adepti,
2905 4216 2963 4269 in
3013 4224 3281 4286 perpetuo
3328 4219 3547 4275 mortali

1902 4288 2130 4351 peccato
2181 4289 2237 4338 et
2282 4284 2337 4338 in
2387 4285 2645 4340 continua
2703 4284 3268 4342 excommunicatione
3324 4289 3542 4355 vivere;

1901 4366 2005 4425 nec
2033 4368 2065 4408 a
2101 4368 2375 4423 quoquam
2417 4362 2781 4424 praeterquam
2828 4370 2859 4409 a
2898 4369 3110 4411 summo
3154 4356 3413 4425 pontiﬁce
3449 4360 3549 4413 ab-
3644 4418 3651 4423 ,

1901 4424 2038 4480 solvi
2071 4439 2252 4495 posse,
2287 4426 2392 4480 nisi
2419 4427 2474 4480 in
2527 4426 2719 4481 mortis
2773 4426 3046 4492 articulo;
3087 4424 3190 4482 nec
3235 4427 3550 4483 absolutio-

1900 4509 2026 4550 nem
2064 4497 2350 4565 consequi,
2392 4496 2498 4551 nisi
2538 4498 2733 4553 relicto
2763 4497 2839 4552 ita
2869 4497 3097 4553 obtento
3138 4498 3426 4565 beneﬁcio,
3458 4499 3544 4555 vel

1901 4579 2042 4621 nova
2098 4568 2341 4636 ejusdem
2400 4571 2691 4637 impetrata
2736 4574 2862 4638 post
2915 4570 3318 4625 absolutionem
3364 4570 3547 4639 provi-

1900 4639 2078 4693 sione.
2135 4640 2350 4694 Interea
2395 4641 2614 4709 quoties
2660 4639 2744 4695 vel
2790 4639 3092 4706 celebrant,
3130 4640 3216 4695 vel
3264 4655 3548 4697 sacrosan-

1903 4715 2045 4764 ctam
2085 4709 2470 4766 eucharistiam
2498 4711 2827 4781 suscipiunt,
2855 4712 3123 4781 judicium
3172 4711 3275 4766 sibi
3316 4712 3546 4769 mandu-

1835 4758 1885 4815 D
1906 4758 2045 4853 ξεὲιῖῐῐ
2069 4758 2152 4835 εἴ
2160 4758 2470 4851 nam?
2498 4758 3544 4853 animus,“garrananarati

1901 4851 2048 4928 iram_
2078 4858 2133 4928 et
2172 4866 2361 4928 poenas
2388 4854 2446 4908 in
2476 4853 2566 4928 die
2598 4855 2733 4924 justi
2777 4851 2979 4928 judic_i_i_
3002 4853 3098 4908 Dei
3141 4855 3305 4928 (Rom.
3332 4871 3417 4928 in,
3447 4857 3541 4928 5):

1902 4922 2052 4992 quod
2108 4924 2227 4991 ipse
2282 4922 2627 4994 frequentius
2680 4930 2873 4980 contra
2924 4923 3050 4979 illos
3106 4925 3268 4981 etiam
3324 4922 3407 4983 in
3438 4922 3547 4984 hoc

1903 4993 2108 5050 mundo
2140 4993 2483 5051 manifestum
2531 4995 2681 5063 facit,
2731 4995 2860 5051 dum
2909 5001 3003 5051 aut
3049 4997 3355 5066 repentinis
3399 4999 3544 5054 cala-

1904 5082 2186 5138 mitatibus
2224 5083 2419 5141 domos
2474 5089 2529 5140 et
2570 5083 2805 5156 familias
2848 5084 3201 5142 vendentium
3266 5078 3345 5149 l3
3381 5092 3545 5156 atque

1905 5156 2200 5210 ementium
2255 5156 2400 5211 solet
2452 5155 2771 5223 eradicare;
2838 5163 2933 5212 aut
2987 5164 3313 5223 praematura
3369 5155 3546 5214 morte

1903 5224 1987 5299 vel
2054 5226 2342 5283 subitanea
2380 5226 2585 5299 taliter
2640 5234 2932 5299 promotos
2970 5224 3039 5284 de
3078 5228 3259 5284 medio
3327 5229 3543 5299 tollere,

1905 5297 2048 5352 sicut
2078 5310 2178 5367 per
2205 5297 2598 5368 experientiam
2636 5298 2767 5354 licet
2813 5299 3128 5356 observare.
3170 5302 3371 5355 Dantes
3415 5297 3546 5359 vero

1906 5368 2231 5440 beneﬁcium
2297 5369 2353 5424 in
2410 5369 2715 5425 custodiam
2771 5376 2826 5425 et
2863 5371 3199 5440 accipientes
3262 5385 3548 5430 monemus

1906 5438 2018 5494 illis
2054 5441 2234 5512 poenis
2261 5440 2547 5510 subjacere
2576 5455 2701 5512 quae
2722 5438 3079 5499 continentur
3104 5442 3161 5497 in
3192 5442 3338 5499 bulla
3369 5444 3449 5500 Pii
3479 5446 3548 5500 IV

1908 5511 2187 5581 pontiﬁcis
2213 5512 2451 5579 maximi,
2485 5520 2540 5568 et
2578 5512 2895 5570 conﬁrmata
2941 5528 2972 5569 a
3018 5514 3376 5571 sanctissimis
3413 5531 3542 5573 suc-

1908 5583 2222 5641 cessoribus
2248 5584 2370 5654 ejus
2397 5584 2495 5641 Pio
2523 5584 2567 5640 V
2623 5590 2679 5642 et
2732 5586 2997 5658 Gregorio
3052 5586 3189 5643 XIII.
3220 5586 3377 5644 Tales
3412 5602 3542 5645 vero
