4100 6166
431 267 539 328 247

1561 266 1854 325 JOANNES
1888 263 2306 326 ARCHIEPISC.
2346 266 2681 326 ROTOMAG.

3701 260 3809 320 248

434 393 659 454 siastico
689 392 1080 466 discrepantia,
1112 407 1216 451 nec
1239 392 1435 466 pileos,
1470 393 1774 463 praesertim
1793 392 2081 466 pendente
2096 394 2150 454 Α
2164 393 2354 466 Latine
2383 408 2544 465 quam
2563 392 2843 466 Galliee,_a
2866 391 3046 449 doctis
3062 391 3197 466 viris
3212 394 3279 466 et
3290 388 3580 466 catholicis
3597 389 3656 447 in
3675 389 3814 466 snb_-_

438 467 626 524 divino
665 464 891 532 ofﬁcio;
922 480 1025 522 nec
1055 464 1336 523 femoralia
1365 465 1511 521 circa
1549 478 1728 535 genua
1757 464 2000 521 abscissa
2031 470 2086 520 et

440 547 652 610 rugata,
686 552 789 594 nec
829 538 990 594 etiam
1030 538 1245 610 indusia
1285 537 1568 603 laciniosa,
1610 542 1665 591 et
1702 536 1945 610 sinuosa,
1988 551 2085 610 seu

441 607 695 668 cainisias
723 624 860 680 quas
892 610 1127 665 dicimus
1165 609 1479 674 fronciatas,
1522 622 1647 677 qua:
1677 607 1810 662 viris
1848 608 2083 663 saecula-

441 683 597 739 ribus
625 686 681 737 et
711 680 865 736 laicis
894 688 1103 736 tantum
1135 685 1445 749 congruunt
1466 686 1519 735 et
1539 693 1651 734 non
1673 680 2085 747 ecclesiasticis,

441 755 544 810 sub
575 752 909 823 gravissimis
940 754 1117 822 paenis
1138 759 1330 807 contra
1356 749 1602 823 ferentes
1626 751 1971 823 infligendis;
2009 752 2088 806 in-

436 822 718 897 jungendo
754 824 824 897 ob
854 823 908 878 id
942 824 1164 897 decanis
1192 822 1396 897 nostris
1435 828 1494 877 ut
1523 823 1598 897 ad
1632 824 1737 878 hoc
1780 822 2085 897 advertant,

443 894 497 953 et
536 894 806 966 quidquid
854 909 1021 964 super
1059 894 1601 966 hujusmodistatuti
1650 895 2088 965 transgressione

442 964 764 1025 vidérint’et
801 966 1179 1035 cognoverint,
1212 980 1277 1020 ex
1310 964 1498 1020 debito
1532 964 1828 1035 juramenti
1865 981 1965 1036 per
1993 980 2091 1022 eos

443 1038 765 1096 solemniter
794 1037 1023 1106 praestiti
1055 1036 1217 1093 nobis
1245 1036 1541 1106 diligenter
1571 1042 1627 1091 et
1665 1036 1903 1092 ﬁdeliter
1942 1037 2089 1093 refe-

446 1117 589 1178 rant,
622 1116 683 1165 ut
729 1114 919 1163 contra
969 1115 1407 1179 transgressores
1439 1108 1521 1171 via
1563 1108 1706 1177 juris
1735 1109 2089 1178 procedatur,

448 1196 512 1238 ac
540 1188 597 1236 ut
618 1180 778 1236 unius
807 1192 967 1248 pmna
998 1180 1321 1249 exemplatis
1348 1181 1420 1234 sit
1450 1186 1627 1235 metus
1647 1179 1961 1236 multorum.
1996 1182 2094 1236 V0-

449 1253 629 1308 lumus
674 1252 902 1322 insuper
940 1264 1132 1307 omnes
1169 1251 1507 1317 sacerdotes,
1552 1251 1786 1316 Levitas,
1820 1258 1876 1307 et
1912 1252 2092 1322 hypo-

450 1323 734 1389 diaconos,
767 1321 1002 1377 detonso
1032 1323 1288 1393 superius
1318 1323 1498 1392 capite
1530 1328 1668 1389 toto,
1693 1323 1867 1378 solam
1900 1321 2093 1379 circuli

451 1408 711 1522 goeonam
750 1393 1085 1462 relinquere,
1118 1409 1181 1449 ac
1219 1394 1443 1450 barbam
1484 1394 1751 1464 prolixam
1783 1394 2096 1451 nullatenus

490 1480 519 1522 e
545 1480 686 1522 erre.
1084 1506 1089 1511 ι

490 1480 686 1522 eterre.
1084 1506 1089 1511 -

512 1540 598 1593 ιν.
633 1539 899 1605 Quoniam
930 1537 1411 1595 comminationem
1441 1542 1756 1592 nostrorum
1788 1537 2098 1607 praedeces-

438 1622 626 1681 sorum
678 1610 814 1664 nihil
850 1610 1409 1681 profuisseapparet,
1442 1608 1540 1663 sed
1581 1610 1764 1678 potius
1802 1609 2003 1664 malum
2038 1610 2093 1664 in

437 1680 558 1735 dies
596 1679 933 1751 ingravatum
976 1683 1087 1751 jam
1128 1679 1183 1734 in
1231 1680 1525 1735 multorum
1574 1681 1973 1736 contumaciam
2030 1686 2086 1735 et

437 1752 906 1833 eonspira‘tiouem
955 1752 1211 1817 evasisse,
1245 1751 1674 1833 ex_pr:eseripto
1705 1752 1928 1833 concilii
1966 1753 2083 1833 Tei-

438 1822 652 1878 dentini
688 1822 871 1895 (ibid.)
908 1838 1098 1895 pmnas
1125 1822 1378 1893 augendo
1401 1831 1593 1895 contra
1624 1829 1997 1890 contumaces,
2022 1824 2079 1879 in

432 1895 698 1964 praesenti
731 1894 944 1965 synOdo
966 1896 1316 1952 decernimus
1337 1900 1391 1949 et
1412 1894 1757 1951 declaramus
1777 1909 2087 1951 excommu-

433 1966 765 2022 nicationem
798 1968 920 2037 ipso
952 1966 1099 2023 facto
1129 1968 1451 2034 incurrere,
1502 1973 1819 2022 sanctorum
1867 1969 2084 2022 Patrum

430 2051 494 2093 ac
525 2038 1000 2107 praedecessorum
1032 2046 1347 2095 nostrorum
1380 2038 1588 2107 pluries
1616 2038 1837 2104 iterato,
1869 2052 1933 2093 ac
1963 2052 2087 2093 nos-

428 2134 517 2182 tro
564 2132 771 2183 statuto
810 2128 1197 2184 inobedientes
1235 2132 1291 2182 et
1338 2127 1614 2194 rebelles;
1656 2140 1759 2182 nec
1804 2128 1958 2197 prius
1983 2118 2084 2188 23

428 2199 670 2254 fraterna
704 2200 1055 2256 correctione
1087 2208 1143 2255 et
1171 2198 1552 2254 admonitione
1584 2198 1833 2268 indigere
1865 2199 2084 2269 publice

430 2276 486 2326 et
516 2275 708 2326 contra
729 2271 949 2339 publica
970 2276 1175 2327 statuta
1205 2270 1449 2329 scienter
1477 2276 1533 2325 et
1571 2271 1930 2339 pertinaciter
1960 2285 2083 2339 pec-

433 2348 642 2405 cantes,
674 2342 771 2397 sed
821 2343 1097 2411 publicam
1145 2344 1345 2398 mereri
1385 2342 1799 2398 coercitionem.
1843 2343 2085 2411 Ideoque

428 2412 687 2483 jubemus
715 2412 1126 2470 ecclesiasticos
1154 2427 1365 2481 omnes,
1399 2414 1710 2483 praesertim
1742 2420 1984 2476 curatos,
2010 2413 2088 2467 ita

433 2484 779 2540 saeculariter
804 2486 1035 2542 vestitos
1078 2499 1179 2555 pro
1220 2486 1706 2541 excommunicatis
1734 2486 1802 2540 ab
1833 2484 2087 2539 omnibus

435 2555 615 2620 vitari,
639 2569 671 2609 a
709 2556 824 2611 suis
852 2571 983 2613 vero
1014 2557 1366 2626 parochianis
1390 2562 1555 2626 atque
1586 2557 1654 2611 ab
1684 2556 1808 2611 aliis
1834 2557 2085 2626 ingressu

437 2625 689 2683 ecclesia:
730 2625 1036 2696 prohiberi,
1068 2642 1170 2685 nec
1202 2628 1421 2683 missam
1451 2625 1663 2694 eorum,
1695 2641 1797 2683 nec
1826 2625 1975 2683 aliud
2005 2641 2089 2682 sa-

436 2712 591 2753 crum
622 2696 860 2754 ofﬁcium
908 2699 1107 2755 audiri.
1150 2700 1303 2767 Quod
1335 2699 1382 2755 si
1425 2712 1538 2755 non
1575 2700 1828 2754 obstante
1870 2699 1963 2754 tali
1995 2712 2089 2753 ex-

435 2769 934 2841 communicatione
991 2771 1335 2841 perstiterint
1383 2770 1467 2825 vel
1533 2784 1719 2827 sacras
1776 2769 2089 2826 functiones

436 2839 640 2913 facere,
672 2841 755 2896 vel
794 2839 1115 2899 saecula—rem
1145 2842 1299 2899 illum
1337 2842 1583 2898 habitum
1632 2847 1869 2913 gestare,
1920 2848 2085 2910 atque

438 2911 867 2969 ecclesiasticam
887 2914 1187 2986 negligere,
1214 2916 1359 2986 sicut
1379 2920 1571 2970 contra
1592 2911 2088 2986 ecclesiasticarum

440 2997 795 3039 censurarum
842 2983 1253 3055 contemptores
1282 2985 1349 3040 ad
1383 2985 1742 3053 privationem
1790 2983 2090 3039 beneﬁcio-

443 3068 561 3110 rum
592 3069 716 3122 quae
747 3050 1115 3126 possederint,
1149 3064 1312 3126 atque
1346 3050 1415 3110 ad
1463 3056 1599 3111 alias
1638 3069 1829 3126 pinnas
1858 3050 2152 3113 canoni-C

444 3138 538 3180 cas
567 3125 950 3206 procedemue,
984 3126 1190 3206 saeculo
1222 3125 1493 3206 reddituri
1525 3125 1666 3206 quos
1694 3126 1900 3183 saeculo
1930 3126 2091 3206 malie

444 3197 651 3267 servire
699 3210 859 3265 quam
900 3198 1012 3253 Deo
1052 3198 1160 3254 vita
1198 3202 1253 3253 et
1289 3197 1521 3252 vestitus
1565 3198 1685 3267 ipse
1733 3199 2091 3263 annuntiant,

446 3266 1174 3340 nuonobstantequacunque
1202 3268 1557 3340 oppositione
1583 3266 1668 3325 vel
1697 3269 2092 3339 appellatione,

443 3337 589 3394 sicut
641 3337 943 3397 procedere
985 3340 1054 3396 ab
1086 3337 1297 3397 eodem
1316 3354 1473 3397 sacro
1504 3337 1746 3397 concilio
1772 3337 2095 3396 Tridentino

445 3410 599 3483 (sess,
632 3410 722 3477 22,
766 3412 843 3483 De
869 3412 992 3481 refl,
1025 3426 1147 3482 cap.
1197 3413 1240 3482 1)
1283 3412 1559 3482 jubemur.
1600 3415 1777 3483 Atque
1816 3412 1963 3468 idem
2004 3412 2095 3467 de-

446 3481 725 3537 cernimus
775 3482 844 3537 de
895 3481 1296 3539 ecclesiasticis
1325 3497 1558 3553 quorum
1606 3484 1662 3539 in
1688 3481 1809 3538 'ore
1865 3482 2098 3552 turpilo—

444 3553 639 3625 quium
665 3559 720 3609 et
743 3554 1053 3623 juramenta
1083 3554 1407 3624 quotidiana
1439 3555 1558 3625 pias
1586 3569 1749 3611 aures
1777 3554 2092 3621 offendunt,

444 3631 501 3681 et
528 3624 780 3681 ecclesiae
812 3626 1016 3696 probro
1055 3632 1184 3682 sunt
1222 3641 1286 3682 ac
1324 3624 1604 3682 seandalo.
1637 3627 1789 3682 Alios
1816 3640 1946 3682 vero
1985 3639 2099 3680 mo-

446 3710 641 3752 nemus
670 3697 764 3767 qui
794 3697 1075 3753 sordidius
1105 3698 1413 3754 induuntur
1433 3712 1595 3768 quam
1622 3698 1817 3753 deceat
1847 3697 2099 3754 ordinem

446 3768 866 3835 sacerdotalem,
896 3776 951 3824 ut
971 3770 1137 3824 animi
1160 3771 1395 3826 nitorem
1418 3777 1473 3825 et
1494 3769 1816 3825 munditiem
1848 3769 2097 3825 relucere

448 3838 652 3895 faciant
699 3840 861 3894 etiam
908 3841 962 3894 in
1004 3841 1265 3896 exteriori
1295 3841 1405 3895 vita
1435 3845 1491 3895 et
1533 3841 1744 3908 habitu,
1778 3855 1846 3896 ne
1878 3841 2096 3911 vitupe-

448 3915 604 3965 retur
631 3924 695 3964 ac
723 3917 1016 3979 spernatur
1044 3924 1234 3966 eorum
1264 3911 1624 3967 ministerium
1648 3918 1703 3968 et
1731 3913 1788 3967 in
1818 3917 2100 3968 contume-

451 3980 578 4037 liam
611 3981 872 4037 Ecclesize
904 3982 1133 4038 recidat.

736 4073 814 4125 De
850 4070 1020 4142 ofﬁcio
1060 4076 1355 4127 curatorum
1391 4077 1439 4128 et
1477 4072 1810 4128 vicariorum.

524 4158 566 4212 l.
606 4158 842 4214 Perinde
872 4166 954 4215 est
983 4167 1203 4217 curatos
1232 4174 1340 4217 non
1371 4162 1615 4218 residere
1646 4167 1701 4216 et
1722 4162 1776 4215 in
1798 4159 2097 4215 residentia

452 4230 664 4286 otiosos
692 4244 833 4303 esse.
867 4232 1145 4303 Scriptura
1178 4233 1457 4289 desiderat
1487 4241 1738 4303 pastores
1766 4245 1957 4287 omnes
1978 4246 2098 4287 esse

451 4306 706 4375 potentes
735 4302 1011 4359 exhortari
1043 4305 1305 4375 populum
1335 4306 1391 4361 in
1422 4302 1676 4361 doctrina
1697 4317 1851 4369 sana,
1885 4309 1940 4359 et
1970 4317 2098 4358 con-

2166 465 2365 522 sidium
2396 461 2708 522 curatorum
2739 464 2956 531 editos;
2990 470 3126 521 testu
3156 464 3282 519 ﬁdei
3305 477 3370 519 ac
3399 462 3593 518 salutis
3624 461 3817 532 populi

2166 538 2251 592 sui
2273 538 2532 604 ardeant;
2569 538 2644 592 ita
2673 551 2774 593 usu
2794 536 2977 592 veniet
3000 542 3058 591 ut
3077 537 3170 606 qui
3202 535 3355 605 loqui
3386 548 3497 591 non
3518 533 3819 597 audebant,

2167 608 2249 663 vel
2288 623 2399 665 non
2440 614 2717 680 poterant,
2769 608 3013 679 magistri
3049 607 3118 680 in
3165 606 3331 680 Israel
3382 612 3611 675 repente
3660 606 3811 660 ﬁant.

2166 678 2457 738 Nolumus“
2487 687 2669 737 tamen
2716 678 3086 735 concionandi
3134 679 3365 749 gratiam
3410 685 3602 733 nactos
3634 691 3823 747 asper-

2170 756 2311 819 nari,
2343 753 2428 809 vel
2470 752 2740 823 repellere
2770 766 2801 807 a
2830 752 2946 807 suis
2976 764 3203 823 prorsus
3233 749 3501 823 Ecclesiis
3531 749 3672 805 alios
3694 762 3822 804 con-

2170 823 2487 882 cionatores
2516 822 2547 879 a
2596 823 2759 879 nobis
2800 823 3019 888 missos,
3051 822 3119 877 de
3166 822 3367 891 quibus
3407 826 3596 891 postea
3635 834 3818 875 sermo

2169 895 2502 963 habebitur;
2553 895 2651 950 sed
2700 894 2826 950 illos
2873 895 3060 964 potius
3106 894 3362 963 excipere
3401 893 3545 948 sicut
3595 892 3825 962 angelos

2171 968 2306 1039 Dei,
2359 983 2423 1024 ac
2462 968 2682 1023 dextras
2721 965 3089 1039 fraternitatis
3111 965 3273 1039 dare,
3326 964 3641 1034 populoque
3680 976 3828 1039 com-

2174 1034 2453 1105 mendare,
2479 1046 2533 1095 et
2563 1052 2685 1095 cum
2716 1037 2825 1092 illis
2854 1037 2922 1093 de
2944 1037 3195 1093 doctrina
3216 1042 3381 1105 atque
3402 1034 3821 1091 occurrentibus

2173 1112 2588 1173 difficultatibus
2621 1109 2892 1165 conferre.
2925 1110 3023 1164 Cui
3052 1122 3181 1163 vero
3222 1122 3322 1177 per
3350 1107 3697 1177 imperitiam,
3728 1105 3814 1161 vel

2214 1201 2274 1244 er
2302 1182 2572 1240 sermonis
2600 1181 2976 1251 impotentiam
3006 1179 3243 1235 docendi
3264 1179 3544 1251 populum
3583 1183 3814 1249 negatur

2214 1204 2274 1244 er
2302 1204 2572 1240 SCI‘IIIOIIIS
2600 1204 2976 1251 lulpuwuualu
3006 1204 3243 1235 uuucum
3286 1204 3544 1249 pupulum
3585 1204 3814 1249 nugatur

2173 1204 2424 1323 gaeultas,
2456 1253 2717 1310 vicarium
2756 1252 2861 1307 sibi
2910 1253 3143 1307 asciscat
3180 1250 3274 1321 qui
3324 1251 3427 1306 hoc
3466 1264 3663 1323 munus
3692 1262 3823 1319 sup-

2175 1331 2342 1402 pleat,
2367 1322 2463 1402 aut
2492 1325 2727 1402 vicinum
2757 1324 2993 1402 aliquem
3014 1329 3262 1378 curatum
3292 1336 3390 1377 seu
3406 1322 3816 1402 presbyterum,

2177 1392 2288 1458 uon
2319 1398 2542 1455 omnino
2564 1392 2931 1452 concionandi
2952 1395 3221 1465 ignarum,
3240 1393 3571 1463 quandoque
3593 1392 3817 1457 invitet;

2178 1480 2273 1529 aut
2290 1477 2446 1527 curet
2464 1469 2702 1538 aliquem
2724 1467 2793 1522 de
2823 1465 3097 1536 religiosis
3125 1465 3632 1529 concionatoribus,
3656 1477 3819 1532 quam

2178 1560 2482 1631 saepissime
2505 1557 2728 1631 poterit,
2745 1557 2804 1631 iu
2827 1569 2983 1631 suam
3004 1553 3296 1631 parteciam
3312 1545 3413 1615 25
3433 1553 3723 1631 ventitare,
3749 1564 3821 1631 ne

2180 1623 2437 1707 populus,
2454 1623 2888 1707 perimperitiam
2903 1626 2985 1681 vel
2998 1623 3385 1707 negligentiam
3399 1623 3594 1707 cuuati,
3610 1623 3822 1707 nesciat

2101 1724 2153 1786 Β
2177 1694 2359 1761 veram
2401 1694 2584 1766 ﬁdem,
2611 1694 2666 1755 et
2696 1701 2815 1769 ejus
2844 1698 2967 1754 loco
2998 1694 3251 1753 haa'reSim
3281 1695 3537 1786 alicunde
3567 1694 3817 1786 imbibat.

2242 1794 2306 1848 ll.
2338 1794 2476 1847 Ante
2499 1789 2682 1845 omnia
2703 1788 2814 1843 sint
2834 1786 3059 1842 solliciti
3082 1786 3258 1841 curati
3280 1798 3349 1841 ne
3371 1783 3516 1839 ullus
3535 1798 3566 1839 a
3586 1784 3821 1838 maximo

2166 1878 2343 1934 usque
2391 1861 2461 1934 ad
2505 1861 2788 1916 minimum
2826 1860 3043 1934 ignoret
3064 1857 3264 1934 _sal_tem
3294 1856 3603 1934 necessaria
3632 1853 3700 1934 a_d
3732 1867 3821 1908 sa-

2166 1926 2356 1999 lutem,
2380 1933 2549 1988 veluti
2579 1936 2837 1987 contenta
2852 1926 2914 1985 in
2936 1928 3193 1999 Symbolo
3224 1928 3531 1999 apostolico
3562 1934 3617 1999 et
3648 1926 3815 1999 Deca-

2166 2009 2294 2078 logo
2319 1997 2489 2075 ;'quae
2520 2008 2581 2060 ut
2611 2002 2840 2078 parvuli,
2873 2016 2947 2078 ae
2966 1997 3157 2078 rustici
3195 2006 3369 2078 atque
3390 1998 3484 2078 alii
3522 1997 3818 2078 admodum

2167 2069 2335 2135 rudes
2362 2069 2429 2133 e'x
2460 2090 2560 2131 usu
2590 2069 2645 2130 et
2674 2073 2983 2150 frequentia
3013 2071 3273 2150 audiendi
3304 2069 3591 2126 addiscant
3619 2075 3674 2123 et
3703 2081 3819 2150 me-

2167 2151 2341 2207 moria
2385 2153 2647 2212 teneant,
2710 2144 3161 2216 praecipimusin
3202 2155 3529 2216 quacunque
3581 2144 3821 2216 parteeia

2168 2223 2366 2279 diebus
2412 2218 2568 2274 festis
2612 2210 2681 2271 ad
2710 2210 2959 2287 'primam
3011 2210 3251 2287 missam,
3291 2214 3467 2268 servis
3512 2217 3567 2287 et
3602 2210 3822 2287 ancillis

2167 2294 2528 2364 designatam,
2573 2290 2687 2344 sive
2726 2282 2836 2344 alta
2872 2288 2986 2364 sive
3015 2286 3285 2364 submissa
3317 2297 3451 2364 voce
3482 2282 3820 2364 celebretur,

2167 2356 2319 2421 sicut
2339 2363 2408 2418 ad
2438 2356 2685 2436 magnam
2729 2364 2785 2415 et
2804 2358 3219 2436 _solei_un_iorem
3269 2356 3508 2436 miesam,
3549 2356 3731 2436 statim
3762 2356 3821 2436 iu

2167 2443 2401 2505 utraque
2434 2426 2557 2503 post
2586 2429 3142 2507 Agnus_Dei,_diebu_s
3170 2442 3326 2507 vero_
3348 2426 3822 2507 Domiuicis.p_ost

2210 2494 2449 2571 ronaon,
2475 2511 2536 2559 ut
2567 2494 2705 2573 puter
2732 2502 2861 2568 alta,
2894 2494 3163 2573 distincta
3193 2504 3249 2556 et
3278 2498 3347 2573 ab
3378 2497 3632 2553 omnibus
3661 2494 3819 2551 intel-

2210 2522 2441 2571 ronaon,
2475 2522 2536 2559 lli.
2567 2522 2705 2573 puer
2732 2522 2861 2568 ωω,
2903 2522 3163 2556 ωδιιιιυιᾶι
3193 2522 3249 2556 el.
3278 2522 3347 2554 au
3378 2522 3632 2553 uuiuwua
3661 2522 3819 2551 IIIWI'

2167 2522 2366 2649 rigibili
2415 2590 2550 2632 voce
2595 2573 2800 2649 Gallica
2848 2572 3204 2649 pronuntiet,
3257 2570 3491 2649 primum
3530 2573 3822 2649 utrumque

2168 2642 2483 2721 Simbolum
2531 2645 2917 2716 apostolicum,
2967 2643 3295 2721 Deculogum
3338 2642 3636 2721 ips_um,_et_
3675 2653 3825 2721 man-

2169 2711 2295 2778 data
2324 2711 2627 2784 seniorum,
2649 2732 2747 2773 seu
2778 2720 3059 2786 praecepta
3080 2711 3372 2786 Ecclesiae,
3386 2713 3531 2786 sicut
3550 2711 3827 2786 habentur
3910 2774 3921 2781 _

2168 2792 2370 2849 Gallice
2401 2792 2458 2846 in
2490 2782 2652 2846 Horis
2683 2788 2753 2844 ad
2779 2782 2939 2843 usum
2963 2782 3318 2843 Ebroicensis
3341 2783 3635 2849 dimcesis;
3678 2782 3828 2838 unde

2169 2865 2225 2919 in
2256 2862 2457 2937 tabella
2486 2861 2727 2937 describi
2759 2864 3131 2937 peterunt,_ex
3152 2871 3259 2937 qua
3280 2854 3830 2937 manibueprehensa

2209 2949 2309 2990 uer
2336 2934 2431 2989 illa
2461 2931 2737 2989 recitabit.
2760 2926 3002 2986 ‘Scimus
3048 2929 3104 2985 in
3134 2926 3461 2999 quibusdam
3492 2926 3830 2999 dioecesibus

2213 3021 2293 3062 aee
2323 3005 2514 3060 eadem
2547 3003 2892 3074 pronuntiari
2933 3003 2997 3074 in
3047 2998 3406 3074 pronaodper‘
3438 2998 3823 3074 presbyterum

2176 3068 2585 3141 celebrantem}
2614 3075 2735 3140 sed,
2758 3074 2903 3129 sicut
2928 3072 2984 3127 in
3018 3068 3144 3128 aliis
3172 3068 3500 3141 quibusdam
3521 3071 3599 3136 ﬁt,
3633 3068 3830 3124 malui-

2178 3164 2297 3204 mus
2319 3162 2417 3218 per
2447 3161 2675 3217 puerum
2708 3144 3056 3218 proclamari,
3079 3144 3337 3218 quoniam
3368 3143 3487 3212 ejus
3504 3155 3611 3198 vox
3634 3154 3829 3218 omnes

2178 3226 2233 3277 et
2284 3213 2564 3289 praecipue
2613 3213 2817 3289 pueros
2862 3216 3033 3289 magis
3060 3213 3263 3289 afﬁcit
3290 3219 3455 3289 atque
3501 3213 3829 3289 attentiores

2177 3284 2327 3346 facit.
2378 3284 2499 3346 Non
2545 3284 2747 3344 sufﬁcit
2792 3284 2973 3343 autem
3004 3286 3133 3342 ﬁdei
3161 3285 3426 3342 articulos
3455 3290 3511 3340 et
3538 3284 3635 3340 Dei
3665 3296 3829 3338 man-

2180 3363 2303 3419 data
2354 3360 2559 3432 populo
2608 3372 2921 3432 proponere
2949 3365 3114 3429 atque
3158 3357 3457 3432 inculcare,
3490 3355 3596 3410 nisi
3636 3353 3830 3432 provi-

2180 3426 2375 3490 deatur
2420 3426 2481 3488 ut
2530 3426 3145 3502 opere'complean—tur,
3188 3434 3242 3485 et
3279 3428 3349 3484 de
3387 3426 3831 3500 transgressione

2180 3504 2504 3576 paenitentia
2532 3510 2743 3576 agatur,
2777 3502 2860 3558 vel
2892 3504 3346 3576 pmnausumaturi.

2252 3578 2342 3631 lli.
2396 3568 2635 3631 Primu'm
2676 3575 2862 3643 itaque
2892 3568 3076 3629 curati
3105 3573 3215 3628 sint
3244 3571 3539 3642 diligentes
3565 3568 3624 3624 in
3655 3581 3835 3643 agno-

2181 3647 2388 3704 scendo
2416 3646 2568 3702 vultu
2601 3641 2819 3716 pecoris
2847 3645 2979 3716 sui,
3012 3644 3298 3716 sciantque
3327 3641 3524 3698 vecare
3573 3641 3835 3696 nomina-

2181 3720 2315 3784 tim,
2379 3714 2686 3789 praesertim
2744 3716 2851 3789 hoc
2898 3714 3107 3771 infelici
3150 3722 3438 3789 tempore,
3496 3717 3660 3789 atque
3706 3719 3837 3767 ante

2182 3791 2362 3859 ipsum
2379 3784 2449 3845 'in
2476 3802 2768 3845 occursum
2791 3788 3045 3857 luporum
3064 3786 3284 3851 vadant,
3308 3789 3490 3852 orent,
3514 3784 3836 3848 obsecrent,

2182 3870 2283 3939 26
2327 3879 2616 3948 increpent
2662 3876 2910 3949 singulos
2956 3873 3597 3949 parochianos,_ut__sani
3636 3873 3748 3949 siut
3778 3871 3837 3927 in

2182 3950 2292 4005 ﬁde
2322 3955 2378 4005 et
2407 3944 2634 4005 caveant
2680 3944 2777 4003 ab'
2796 3944 2994 4003 haeresi
3042 3953 3205 4018 atque
3249 3945 3589 4018 inﬁdelitate.
3622 3944 3841 3999 Adhor-

2182 4028 2369 4076 tentur
2398 4020 2621 4077 eosdem
2646 4018 2714 4075 ad
2745 4020 2991 4075 sanctius
3012 4016 3324 4085 vivendum,
3350 4016 3646 4073 instantius
3674 4028 3841 4070 oran-

2182 4092 2425 4168 dum,_ad
2455 4091 2739 4168 faciendos
2766 4090 2980 4168 fructus
2998 4091 3195 4161 dignos
3227 4089 3567 4168 pmnitentiaa
3596 4088 3661 4168 iu
3678 4087 3837 4168 jeju-

2181 4156 2614 4239 niis,'lacrymis,
2649 4163 3032 4239 eleemesynis,
3059 4156 3346 4239 atque—ad
3388 4157 3733 4239 frequentius
3766 4156 3840 4239 de

2180 4228 2538 4291 sacramentis
2588 4228 3120 4299 eommunicandum,
3144 4228 3498 4303 potissimum
3539 4229 3607 4285 de
3644 4228 3840 4283 altaris

2181 4306 2453 4363 sacriﬁcio
2482 4306 2678 4362 diebus
2706 4306 3149 4370 solemnioribus,
3185 4318 3251 4359 ne
3282 4304 3337 4358 in
3369 4316 3583 4373 pinnam
3622 4313 3835 4373 praece-

447 4373 783 4430 tradicentes
820 4371 1256 4448 revincere—(Tit.
1290 4393 1329 4443 1,
1359 4376 1453 4446 9);
1505 4376 1655 4445 quod
1704 4375 1875 4430 multo
1921 4375 2427 4452 magistentium
2469 4384 2818 4452 peccatorum
2866 4377 2973 4452 ipsi
3022 4376 3352 4452 inducantur
3371 4371 3830 4452 ‘in___tentationem

449 4462 728 4535 desiderat
748 4466 923 4535 nostri
954 4445 1220 4533 temporis
1248 4445 1569 4530 neceSsitas,
1595 4465 1649 4518 in
1664 4455 1888 4535 24qua
1908 4445 2150 4520 Μεδεὼ-
2179 4445 2536 4535 θῐ,13δθρῐὶιι’
2581 4452 2637 4506 in
2688 4445 2939 4535 hﬁil‘esim
2963 4470 2981 4535 ξ
2998 4449 3296 4535 γγμῐηρςξξξ,
3316 4445 3829 4535 ῆιξκξξίῇξιξιςε-Ξῑίζιξθ

450 4534 656 4606 quidem
682 4533 864 4601 multa,
897 4536 1129 4605 operarii
1155 4550 1277 4591 vero
1305 4536 1461 4606 pauci
1494 4535 1703 4597 (Matth.
1729 4533 1930 4603 111,37;
1964 4539 2090 4592 Luc.

450 4621 504 4671 x,
536 4605 591 4676 2)
616 4605 1004 4679 ;”nec‘solum
1030 4605 1467 4679 dormientibus,
1506 4607 1603 4663 sed
1643 4608 2096 4679 pervigilantibus

451 4677 764 4751 uectoribus
792 4676 999 4733 inimici
1029 4678 1497 4751 hominesangeli
1533 4676 1746 4735 Satana:
1792 4676 1965 4750 palam
1996 4694 2097 4751 per

454 4749 729 4805 Ecclesias
772 4750 1213 4819 superseminant
1258 4750 1479 4806 zizania.
1532 4752 1668 4806 Fere
1719 4749 2097 4807 ﬁt’etiam‘ut

455 4832 587 4875 oves
631 4820 893 4893 libentius
921 4835 1109 4877 vocem
1150 4822 1357 4892 proprii
1406 4822 1642 4892 pastoris
1669 4823 1895 4879 audiant
1933 4836 2094 4893 quam

456 4891 804 4964 mercenarii,
844 4892 989 4949 sicut
1034 4891 1467 4964 pastbri’majOr
1508 4893 1651 4949 solet
1697 4900 1753 4950 et
1781 4891 2097 4951 debet'esse

455 4975 587 5035 cura
619 4960 689 5035 de
737 4960 1050 5035 pascendis
1071 4971 1126 5021 et
1163 4960 1430 5021 docendis
1475 4965 1669 5021 ovibus
1698 4980 1859 5035 quam
1890 4969 2099 5022 merce-

454 5034 634 5107 nario.
666 5033 1030 5107 Considerent
1058 5036 1243 5107 itaque
1273 5036 1449 5092 curati
1475 5049 1687 5103 omnes,
1711 5033 1770 5091 ut
1790 5036 1959 5094 officii
1987 5037 2095 5105 sui,

453 5104 529 5179 ita
559 5105 828 5179 temporis
843 5104 1257 5179 necessitatem,
1290 5122 1355 5164 ac
1383 5121 1531 5178 saepe
1560 5109 1823 5179 memoria
1847 5104 2098 5179 repetant

453 5176 661 5249 dictum
702 5177 891 5233 Pauli:
936 5180 1022 5233 Va:
1198 5180 1247 5234 si
1282 5194 1386 5235 non
1412 5176 1836 5249 euangelizavero
1856 5200 1875 5245 ,-
1911 5176 2101 5235 'neces-

451 5248 584 5323 eitas
620 5250 756 5323 enim
784 5249 907 5305 mihi
944 5249 1281 5323 incumbit}!
1306 5252 1427 5323 cor.
1460 5248 1687 5321 1x,’16).
1720 5251 1775 5306 Si
1804 5251 2101 5322 desperant

453 5318 523 5403 de
553 5333 652 5374 sua
681 5322 1012 5406 ignorantia,
1044 5321 1129 5377 vel
1159 5318 1380 5378 dicendi
1420 5318 1838 5406 exercitatione,
1875 5318 2101 5449 sbperent

454 5404 511 5446 ιη
542 5392 774 5447 Domino
804 5408 897 5449 aut
928 5396 1135 5449 linquas
1172 5399 1427 5449 mutorum
1455 5396 1581 5449 facit
1608 5394 1835 5449 disertae
1868 5395 1880 5449 (
1930 5409 2017 5449 an.
2042 5408 2095 5449 x.

454 5391 513 5465 iu
542 5392 774 5447 Domino
804 5394 897 5465 qui
928 5394 1135 5465 linguas
1172 5399 1427 5465 mutorum
1452 5394 1581 5465 facit
1608 5391 2017 5465 disertaslSap.
2042 5408 2095 5465 x_,

454 5461 566 5535 21),
598 5461 1150 5536 et_euangeliz.aritibus
1180 5464 1272 5520 dat
1293 5461 1502 5521 verbum
1530 5466 1721 5521 virtute
1750 5461 1913 5520 multa
1937 5461 2100 5536 (Psal.

460 5548 622 5600 van,
651 5533 767 5605 l2).
799 5538 931 5592 Cum
962 5536 1055 5593 illa
1084 5549 1183 5605 spe
1213 5549 1276 5591 ac
1305 5537 1399 5592 Dei
1440 5537 1787 5594 invocatione
1818 5533 2105 5592 attendant

453 5605 687 5663 lectioni
713 5623 739 5673 ;'
770 5608 1022 5665 homilias
1050 5605 1265 5677 saltem,
1297 5613 1352 5664 et
1390 5623 1675 5667 sermones
1703 5609 1960 5678 habeant,
1994 5614 2104 5665 tam

2176 4522 2357 4597 anima
2386 4521 2455 4577 de
2495 4522 2791 4597 prasentia
2805 4519 3072 4597 corporis
3096 4517 3299 4597 (_:hris_ti
3326 4524 3381 4573 et
3409 4517 3832 4597 gratiarumuco-

2176 4594 2268 4664 pia
2315 4593 2370 4648 in
2414 4586 2640 4648 veritate
2688 4586 3077 4664 conﬁrmetur._
3104 4591 3162 4645 In
3211 4590 3297 4645 his
3342 4586 3523 4664 autem
3570 4586 3830 4664 omnibus

2177 4656 2360 4721 clerus
2389 4665 2594 4735 populo
2628 4669 2918 4735 prmeatuet
2946 4660 3273 4735 praeluceat;
3302 4666 3366 4735 ut_
3383 4660 3545 4715 vitam
3568 4656 3827 4735 emendet

2177 4736 2234 4792 in
2265 4729 2482 4805 melius,
2506 4729 2701 4805 preces
2730 4729 2979 4804 publicas
3000 4741 3056 4788 et
3075 4732 3509 4805 supplicationes
3536 4729 3827 4805 adaugeat,

2177 4801 2475 4876 altarisqite
2507 4801 2850 4862 sacriﬁcium
2899 4801 3158 4875 quotidie
3184 4801 3448 4876 devotius
3484 4801 3687 4876 efferat
3726 4811 3831 4876 pro

2177 4879 2319 4950 lege,
2368 4871 2554 4950 grege,
2605 4871 2935 4950 principumf
2962 4890 3027 4932 ac
3073 4875 3263 4950 pepuli
3310 4871 3722 4950 afflictionibus,
3772 4875 3832 4925 et

2180 4946 2510 5021 periculosis
2538 4946 2880 5019 temporibus
2917 4947 2974 5003 in
3003 4962 3127 5018 qua;
3157 4946 3494 5002 devenimus.

2249 5039 2337 5116 iV.
2386 5036 2703 5116 Mandamus
2728 5036 2918 5116 igitur
2962 5040 3080 5092 toto
3129 5035 3234 5116 boe
3263 5047 3409 5116 anuo
3435 5029 3710 5116 quotidie,
3737 5028 3830 5116 vel

2179 5108 2371 5166 saltem
2400 5114 2485 5165 ter
2512 5108 2569 5164 in
2599 5103 3093 5186 hebdomadarum
3124 5106 3321 5186 diebus
3348 5103 3523 5186 festis,
3547 5114 3832 5186 manenseu

2179 5194 2428 5250 vespere,
2461 5194 2560 5250 per
2608 5193 2799 5236 omnes
2845 5178 3108 5236 ecclesias
3156 5183 3360 5234 nostra:
3408 5173 3665 5250 dioecesis
3708 5171 3833 5228 ﬁeri

2183 5245 2649 5309 extraordinarias
2668 5265 2861 5321 preces
2890 5255 2946 5307 et
2977 5249 3382 5321 processiones,
3404 5247 3555 5321 intra
3570 5245 3653 5321 vei
3675 5250 3832 5300 extra

2183 5323 2402 5380 easdem
2433 5316 2715 5389 ecclesias,
2749 5322 2805 5378 in
2846 5316 3045 5392 quibus
3093 5321 3375 5392 praecipue
3404 5317 3590 5392 litania
3620 5316 3833 5392 decan-

2184 5400 2332 5469 tetur
2360 5408 2484 5449 cum
2509 5388 2759 5450 collectis
2788 5398 2843 5469 et
2863 5388 3233 5469 oratiouibus,
3265 5388 3469 5462 quibus
3505 5388 3835 5469 impleretur:

2182 5466 2281 5522 Dei
2311 5471 2366 5521 et
2395 5471 2711 5523 sanctorum
2741 5465 3118 5521 misericordia
3140 5457 3240 5535 pro
3263 5457 3681 5535 conservatioue
3705 5457 3834 5514 ﬁdei

2187 5543 2243 5593 et
2267 5537 2538 5615 Ecclesia:
2582 5538 2888 5615 catholicae,
2926 5550 3024 5606 pro
3057 5532 3448 5615 principumac
3470 5532 3660 5615 populi
3683 5535 3835 5615 tran-

2185 5609 2478 5682 quillitate,
2496 5624 2620 5667 cum
2648 5610 2742 5667 illa
2772 5608 3002 5666 collecta
3023 5622 3147 5680 quae
3176 5608 3234 5664 in
3264 5607 3355 5665 die
3372 5607 3601 5663 Veneris
3624 5607 3835 5661 sanctae
