4100 6166
386 286 487 343 251

1506 281 1800 339 JOANNES
1833 280 2250 341 ARCHIEPISC.
2289 279 2624 337 ROTOMAG.

3649 279 3758 337 252

389 413 527 480 sola,
549 416 807 483 tanquam
830 412 1073 484 legitima
1093 423 1253 484 uxor,
1285 407 1580 484 manserit;
1607 415 1714 484 tam
1735 411 1889 464 certo
1908 422 2033 479 spe—
2048 407 2274 484 Anisiis
2293 420 2403 484 non
2432 407 2631 484 iterum
2654 405 2940 484 augendos
2967 407 3069 463 sub
3099 406 3419 484 conditione
3440 427 3457 484 ε
3492 407 3555 465 Si
3583 410 3639 484 iu
3656 422 3761 464 non

387 485 617 543 randum
656 480 732 541 ita
774 480 911 540 fore'
932 483 1209 540 hareticis
1239 482 1412 537 nostri
1454 480 1719 549 temporis
1746 493 1908 549 quam
1939 494 2031 535 su-

390 557 704 635 perioribus
734 556 991 635 omnibus
1025 556 1148 635 aliis
1185 555 1258 610 ita
1282 550 1519 635 accidit,
1544 558 2029 635 quantumcunque

387 623 634 686 valerent
662 629 847 695 armis,
890 628 1153 697 potentia,
1186 623 1535 697 multitudine
1556 624 1877 697 errantium,
1908 623 2029 693 pie-

388 702 518 757 tatis
566 701 774 769 specie,
824 695 1075 755 do‘ctrina
1128 705 1182 752 et
1224 695 2026 769 Scripturarttm__auctoritate;

390 772 526 828 nihil
558 766 667 827 dici
699 780 890 827 contra
937 768 1231 826 Ecclesiam
1274 781 1305 822 a
1344 766 1746 822 recentioribus
1774 766 1924 836 quod
1962 767 2030 821 ab

390 844 632 912 antiquis
662 844 772 898 illis
806 856 916 898 non
958 842 1321 912 dictum,_nec
1351 837 1468 912 ﬁeri
1498 838 1659 912 quod
1688 851 1798 893 non
1828 837 2030 912 factum

390 908 555 972 fuerit
583 915 753 984 prius.
787 916 959 969 Ponat
987 913 1059 969 ob
1089 909 1279 966 oculos
1308 908 1802 984 indignafacinora
1832 910 2033 984 quibus

390 980 704 1041 introducta
752 990 835 1041 est
881 992 935 1040 et
988 985 1232 1038 ﬁrmatur
1283 995 1421 1037 nova
1462 980 1676 1051 religio,
1731 994 1831 1036 nec
1870 982 2030 1036 Anti-

391 1058 654 1113 christum
688 1057 839 1126 plura
870 1070 970 1110 nec
1005 1053 1175 1125 magis
1213 1052 1545 1108 exsecranda
1597 1052 2029 1123 designaturum,

393 1144 515 1185 cum
545 1129 757 1185 venerit
800 1127 1074 1182 Christum
1104 1133 1293 1194 aperte
1333 1138 1532 1194 negare
1581 1132 1635 1180 et
1689 1138 2028 1194 oppugnare.

461 1201 597 1255 XIII.
647 1200 701 1255 Si
751 1198 1116 1260 parochianus
1154 1196 1558 1251 admonitiones
1614 1209 1724 1251 non
1772 1196 2030 1260 audierit,

389 1272 483 1325 sed
507 1272 699 1325 exierit
720 1266 787 1323 ab
809 1270 1042 1325 ecclesia
1072 1273 1220 1323 retro
1253 1274 1377 1336 post
1412 1268 1683 1333 Satanam,
1708 1274 1930 1322 curatus
1949 1266 2033 1322 vel

387 1342 621 1397 vicarius
640 1341 831 1410 jubeat
852 1342 919 1395 ab
941 1340 1083 1407 aliis,
1108 1346 1363 1408 tanquam
1390 1339 1665 1394 hominem
1691 1338 2031 1404 hareticum,

388 1413 546 1468 vitari
577 1420 629 1468 et
652 1413 772 1482 ipso
802 1412 946 1467 facto
969 1411 1519 1467 excommunicatum.
1542 1412 1659 1465 Non
1684 1418 1862 1465 tamen
1894 1410 2036 1466 desi-

394 1492 486 1539 nat
516 1498 671 1539 ovem
705 1484 973 1554 perditam
1006 1496 1257 1552 quarere
1298 1482 1553 1537 omnibus
1590 1482 1791 1554 quibus
1832 1483 2033 1554 poterit

390 1556 587 1611 modis.
619 1553 776 1622 Qubd
808 1557 853 1610 si
877 1556 1088 1611 vexatio
1110 1554 1293 1623 aliqua
1314 1554 1396 1609 vel
1428 1554 1652 1609 morbus
1689 1553 1794 1622 ipsi
1818 1553 2033 1609 dederit

387 1626 748 1693 intellectum,
779 1640 888 1683 non
910 1633 1191 1695 exspectet
1221 1633 1443 1680 curatus
1468 1624 1647 1680 donec
1680 1626 1747 1679 ab
1778 1626 1898 1695 ipso
1931 1640 2034 1681 vo—

389 1705 565 1763 cetur,
599 1698 695 1754 sed
718 1698 863 1755 ultro
890 1712 950 1752 se
990 1697 1201 1763 offerat,
1233 1704 1397 1766 atque
1428 1697 1589 1752 etiam
1621 1711 1744 1751 cum
1775 1696 2031 1767 lacrymis

390 1769 583 1824 invitet
628 1770 696 1824 ad
747 1769 1121 1838 paenitentiam
1151 1775 1207 1823 et
1252 1768 1320 1823 ad
1368 1768 1874 1823 reconciliationem
1904 1783 2026 1824 cum

395 1856 614 1913 Christo
655 1864 711 1913 et
748 1857 1021 1921 Ecclesia;
1057 1872 1160 1912 nec
1209 1857 1277 1912 de
1331 1848 1431 1917 32
1453 1871 1730 1926 quoquam
1769 1857 2029 1926 desperet

390 1928 635 2055 ﬂuendiu
705 1930 947 1999 spirarit.
1002 1929 1057 1983 Si
1114 1929 1235 1983 sine
1290 1929 1630 1998 panitentia
1687 1935 2028 1985 sacramento

430 2001 712 2055 ecesserit.
756 2000 840 2055 vel
896 2000 1089 2055 saltem
1119 2000 1422 2055 auasierit.
1455 2014 1576 2055 cum
1611 2001 1883 2055 potuerit.
1918 2014 2028 2055 non

430 2001 712 2068 ecesserit,
756 2000 840 2056 vel
896 2000 1089 2056 saltem
1119 2000 1422 2070 quasierit,
1455 2014 1576 2056 cum
1611 2001 1883 2069 potuerit,
1918 2014 2029 2057 non

391 2072 690 2140 sepeliatur
712 2072 1021 2127 Christiana
1050 2071 1351 2141 sepultura,
1385 2085 1486 2127 nec
1520 2085 1618 2140 pro
1656 2072 1777 2140 ipso
1818 2079 2026 2127 oretur.

459 2145 592 2225 XIV.
640 2143 741 2200 Sin
797 2143 1085 2226 aliquando
1133 2142 1332 2226 dederit
1665 2144 2032 2269 (penitentiam

459 2218 475 2269 l
506 2218 633 2269 Tim.
668 2230 728 2269 ιι.
760 2214 856 2269 ἓϐὶ
884 2235 897 2269 :
925 2222 1145 2269 quoties
1182 2220 1511 2269 ingemuerit
1548 2220 1603 2269 et
1631 2228 1661 2268 a
1730 2214 2030 2269 Lcelesuam

391 2214 475 2285 (ΙΙ
506 2215 633 2269 Tim.
668 2230 728 2281 ιι,
760 2214 856 2285 26)
884 2214 897 2269 ἐ
925 2215 1145 2284 quoties
1182 2214 1511 2283 ingemuerit
1548 2220 1603 2269 et
1631 2214 1699 2269 ad
1730 2214 2030 2270 Ecclesiam

387 2285 889 2353 redierit,volumus
915 2300 947 2341 a
968 2293 1159 2342 curato
1190 2294 1244 2341 et
1273 2293 1386 2340 tota
1419 2285 1661 2342 Ecclesia
1687 2300 1807 2341 cum
1828 2288 2030 2357 gaudio

388 2357 587 2427 excipi,
638 2362 694 2413 et
728 2358 797 2413 ad
832 2364 1077 2413 nostrum
1110 2358 1575 2427 panitentiarlum
1606 2372 1707 2427 pro
1747 2358 1873 2413 ﬁdei
1905 2373 2031 2427 pro-

385 2428 643 2495 fessione,
678 2429 1062 2499 cognoscenda
1093 2430 1452 2485 conversione
1485 2434 1540 2484 et
1567 2429 1886 2497 accipienda
1910 2444 2029 2498 poe-

389 2500 619 2555 uitentia
649 2501 965 2556 transmitti.
1010 2501 1263 2567 Quamvis
1291 2507 1471 2556 autem
1513 2514 1612 2555 cor
1650 2502 1945 2555 contritum
1975 2506 2033 2557 et

388 2570 733 2642 humiliatum
763 2585 873 2627 non
922 2577 1179 2642 gravetur
1216 2571 1284 2627 de
1334 2579 1560 2641 peccato
1600 2573 1763 2627 etiam
1810 2572 2030 2642 publice

385 2641 701 2699 satisfacere
749 2649 806 2698 et
850 2641 1166 2713 gravissima
1212 2657 1446 2712 quaque
1503 2643 1710 2710 subire,
1761 2641 1824 2699 si
1850 2652 2030 2700 tamen

382 2713 621 2784 aliquam
662 2715 862 2783 justam
902 2728 1120 2770 causam
1161 2714 1412 2784 allegarit
1459 2715 1682 2770 rediens
1728 2715 1795 2770 ab
1829 2715 2030 2771 haresi

386 2786 679 2855 quominus
710 2786 1174 2855 panitentiarium
1215 2792 1459 2842 nostrum
1489 2787 1668 2851 adeat,
1692 2787 1839 2842 illam
1871 2788 2033 2843 nobis

382 2856 679 2927 signiﬁcari
700 2858 991 2913 statuimus
1008 2872 1040 2912 a
1069 2864 1260 2913 curato
1279 2857 1363 2914 vel
1384 2858 1610 2923 vicario,
1636 2863 1695 2913 ut
1714 2859 1819 2927 ipsi
1851 2859 1933 2914 vel
1956 2859 2033 2914 al-

346 2932 350 2941 ·
382 2929 486 2984 teri
519 2928 911 2998 panitentiarii
951 2943 1174 2999 operam
1213 2930 1625 2985 demandemus.
1669 2930 2031 2985 Prohibemus

382 3007 564 3056 autem
597 3015 666 3055 ne
705 3001 957 3056 redeunti
987 3001 1215 3057 haresis
1243 3001 1668 3070 improperetur,
1710 3001 1805 3057 sed
1840 3015 2030 3057 omnes

383 3072 731 3126 meminerint
769 3071 1105 3127 conditionis
1131 3086 1268 3137 sua,
1300 3086 1369 3126 ne
1399 3079 1455 3127 et
1483 3072 1586 3140 ipsi
1619 3077 1918 3128 tententur.

454 3142 561 3198 XV.
622 3143 773 3197 Sicut
828 3148 1143 3197 renatorum
1192 3144 1247 3196 in
1296 3143 1640 3211 baptismate,
1691 3149 1747 3198 et
1792 3146 2026 3200 morien-

386 3212 520 3268 tium
573 3219 847 3283 regestum
883 3228 915 3269 a
962 3214 1167 3271 curatis
1202 3213 1287 3269 vel
1333 3213 1553 3269 vicariis
1595 3214 1791 3270 conﬁci
1839 3216 2026 3283 debet,

385 3283 460 3340 ita
493 3283 812 3340 mandamus
843 3284 1083 3340 describi
1123 3285 1345 3340 nomina
1391 3285 1763 3342 deﬁcientium
1815 3287 1883 3342 ab
1920 3290 2028 3343 Ec-

385 3355 573 3423 clesia,
598 3371 699 3413 nec
731 3358 787 3412 in
809 3371 874 3411 ea
903 3357 1442 3425 communicantium,
1476 3358 1632 3427 quasi
1664 3364 2025 3424 mortuorum,

384 3434 441 3483 et
470 3428 614 3484 diem
662 3443 774 3498 quo
814 3429 1086 3498 caperint
1133 3428 1391 3494 deﬁcere,
1422 3443 1487 3485 ac
1524 3429 1761 3484 vicissim
1811 3432 2032 3486 nomina

387 3500 735 3556 redeuntium
766 3500 836 3555 ad
867 3500 1114 3557 eamdem
1173 3500 1472 3556 Ecclesiam
1530 3500 1687 3570 quasi
1754 3502 2032 3558 redivivo-

382 3586 546 3640 rum;
589 3579 644 3628 et
681 3573 863 3627 statim
920 3578 981 3627 ut
1037 3579 1328 3641 utrumque
1376 3571 1690 3642 contigerit,
1748 3587 1779 3629 a
1826 3573 2033 3630 curatis

384 3643 467 3699 vel
534 3644 754 3700 vicariis
819 3644 980 3699 nobis
1034 3644 1331 3714 significari
1396 3659 1494 3714 per
1563 3644 1774 3700 litteras
1840 3654 2031 3702 nostro

384 3659 467 3699 vel
534 3659 754 3700 vrcarns
819 3659 980 3699 noms
1034 3659 1331 3771 srgpmcari
1396 3659 1494 3714 per
1563 3659 1743 3699 nttera

381 3716 684 3772 secretario
716 3716 770 3771 in
802 3715 1021 3772 civitate
1051 3717 1093 3772 E
1136 3715 1374 3771 roicensi
1405 3715 1744 3786 dirigendas.

453 3806 583 3859 XVI.
617 3805 671 3860 Si
702 3804 758 3858 in
801 3804 1184 3859 hareticorum
1214 3805 1599 3861 conventiculo
1631 3805 1926 3862 redeuntes
1962 3807 2032 3863 ad

385 3875 683 3930 Ecclesiam
706 3876 788 3928 vir
807 3881 863 3929 et
882 3888 1021 3929 uxor
1040 3875 1444 3929 matrimonium
1466 3877 1843 3932 contraxerint
1871 3885 1928 3933 et
1947 3893 2035 3933 ce-

384 3945 672 4012 lebrarint,
705 3947 1014 4011 statuimus,
1042 3951 1293 4001 cessante
1324 3946 1472 4001 omni
1504 3947 1611 4002 alio
1634 3949 1904 4005 canonico
1926 3951 2032 4004 im-

388 4017 728 4086 pedimento,
752 4016 888 4086 ipsis
918 4017 973 4071 in
1016 4014 1155 4072 facie
1196 4017 1455 4073 Ecclesia
1488 4018 1930 4075 benedictionem
1952 4035 2034 4076 sa-

385 4088 721 4158 cerdotalem
744 4089 798 4142 in
822 4088 1051 4158 nuptiali
1090 4090 1251 4143 missa
1282 4103 1308 4142 a
1334 4094 1524 4143 curato
1547 4089 1629 4145 vel
1659 4092 1864 4145 vicario
1894 4106 2033 4148 con-

382 4157 538 4225 ferri,
597 4173 665 4216 ne
712 4157 910 4215 saltem
953 4158 1192 4215 dubitari
1225 4161 1400 4229 possit
1427 4174 1496 4215 an
1528 4174 1716 4217 eorum
1756 4163 2037 4219 matrimo-

386 4249 536 4305 nium
558 4240 660 4311 33
692 4254 876 4304 careat
921 4248 1248 4304 sacramenti
1288 4248 1500 4304 ratione
1540 4254 1595 4305 et
1631 4250 1825 4319 gratia.
1869 4252 2037 4307 Nolu-

383 4335 504 4378 mus
534 4327 714 4377 tamen
753 4320 912 4376 aliam
946 4322 1258 4391 nuptiarum
1289 4321 1695 4376 solemnitatem
1728 4323 1925 4392 repeti.

2116 494 2171 535 es
2204 478 2521 551 baptizatus,
2545 493 2639 547 ego
2660 483 2708 534 te
2733 478 2960 551 baptizo,
2993 480 3249 549 quoniam
3278 480 3384 536 ista
3407 478 3653 551 clausula
3678 494 3762 536 es-

2111 558 2195 607 set
2220 550 2533 606 introducta
2573 550 2809 620 quando
2838 552 2986 621 juste
3016 551 3300 607 dubitatur
3328 551 3397 608 de
3444 550 3590 608 facto
3627 551 3759 621 bap-

2111 623 2277 688 tismi,
2311 623 2458 692 quod
2491 636 2592 677 nec
2624 621 2841 692 publice
2881 622 3037 679 fieret
3077 636 3179 679 nec
3207 622 3545 679 sufﬁcientes
3591 628 3760 679 testes

2112 694 2361 760 haberet,
2405 701 2464 749 ut
2502 694 2721 764 quando
2754 694 3045 761 obstetrix,
3068 694 3152 750 vel
3177 695 3318 751 alius
3344 696 3399 751 in
3431 696 3757 751 necessitate

2114 765 2250 821 clam
2284 766 2521 835 baptizat
2540 772 2595 821 et
2613 764 2846 821 afﬁrmat
2866 781 2925 821 se
2949 767 3272 835 baptizasse,
3297 767 3383 822 cui
3407 767 3511 823 soli
3537 768 3591 822 in
3622 765 3757 823 facie

2114 837 2372 893 Ecclesia
2394 836 2546 893 credi
2565 851 2674 893 non
2696 836 2879 892 debet.
2907 838 3120 894 Idcirco
3142 838 3268 908 quia
3291 846 3401 894 tum
3425 838 3611 895 deficit
3631 836 3758 894 facti

2154 908 2389 974 robatio,
2422 909 2619 964 merito
2651 910 2971 979 pracipitur
3008 909 3099 964 illa
3127 911 3345 966 cautio:
3382 911 3446 967 Si
3474 916 3529 965 tu
3565 924 3669 965 non
3704 925 3759 965 es

2114 979 2423 1051 baptizatus,
2477 994 2570 1049 ego
2609 983 2658 1035 te
2692 979 2918 1051 baptizo.
2960 982 3225 1049 Quoniam
3272 996 3400 1038 vero
3450 981 3758 1038 Calvinista

2114 1052 2451 1108 bantizarent
2499 1052 2555 1106 in
2604 1052 2824 1108 publico
2873 1060 3039 1108 coetu.
3090 1054 3158 1108 de
3190 1053 3433 1108 ipsorum
3462 1052 3605 1108 facto
3650 1067 3757 1108 non

2115 1067 2451 1121 napuzarent
2499 1067 2555 1106 in
2604 1067 2824 1121 punuco
2873 1067 3039 1118 coetu,
3090 1067 3158 1108 ue
3190 1067 3433 1123 ipsorum
3462 1067 3605 1109 tacto
3650 1067 3757 1110 non

2115 1137 2276 1194 posse
2307 1123 2507 1193 ambigi
2538 1122 2681 1179 idem
2715 1123 2958 1193 pontifex
2988 1125 3198 1191 statuit,
3231 1140 3294 1180 ac
3325 1126 3464 1181 male
3494 1124 3759 1195 applicari

2113 1212 2261 1268 illam
2292 1212 2586 1284 clausulam
2626 1213 2957 1283 baptismati,
2990 1215 3139 1284 quod
3171 1213 3226 1269 in
3257 1214 3443 1270 debita
3472 1206 3576 1276 34
3591 1222 3760 1269 mate-

2117 1285 2196 1340 ria
2245 1291 2298 1341 et
2338 1282 2510 1339 forma
2566 1282 2707 1341 cum
2736 1282 3043 1340 intentione
3081 1286 3324 1355 generali
3366 1286 3584 1355 publice
3642 1285 3759 1341 ﬁeri

2116 1362 2415 1422 constaret,
2456 1356 2603 1426 quod
2647 1356 2783 1412 nihil
2823 1357 2971 1411 aliud
3021 1364 3166 1412 esset
3211 1372 3371 1427 quam
3402 1372 3587 1413 verum
3628 1357 3761 1426 bap-

2117 1428 2274 1482 tisma
2304 1429 2525 1493 iterare,
2558 1427 2640 1484 vel
2673 1429 2727 1482 in
2766 1428 2991 1483 dubium
3031 1428 3327 1485 adducere.
3360 1431 3528 1496 Quam
3566 1428 3761 1483 deﬁni-

2117 1500 2320 1554 tionem
2350 1499 2493 1555 idem
2519 1500 2646 1554 Pius
2669 1499 2914 1569 pontifex
2934 1506 3059 1555 ante
3081 1501 3326 1570 quinque
3355 1501 3438 1555 vel
3470 1515 3566 1556 sex
3585 1513 3761 1556 annos

2118 1586 2215 1642 per
2241 1571 2405 1626 breve
2444 1585 2507 1626 ac
2541 1585 2639 1640 per
2666 1571 3062 1626 internuntium
3094 1571 3457 1641 apostolicum
3504 1572 3761 1642 dignatus

2114 1641 2216 1698 fuit
2247 1643 2406 1697 nobis
2433 1649 2598 1711 atque
2618 1642 2740 1697 aliis
2761 1644 2855 1712 qui
2883 1649 2993 1699 tum
3018 1644 3246 1699 Lutetia
3277 1641 3608 1699 Parisiorum
3638 1643 3760 1698 fun-

2050 1749 2097 1806 B
2116 1715 2251 1806 €99?
2258 1729 2377 1806 mf."
2406 1713 3763 1806 99333509.“.‘9FE‘193‘““£9.5i61’f.‘1‘i“"ft‘3939_{995'

2116 1787 2247 1841 bere
2294 1800 2363 1841 ne
2412 1786 2571 1841 aliter
2617 1785 2959 1841 doceremus.
3010 1788 3088 1843 Ne
3136 1787 3303 1856 igitur
3358 1788 3756 1857 permittamus,

2112 1863 2237 1927 post
2268 1856 2696 1913 declarationem
2726 1857 2876 1913 sedis
2904 1857 3245 1926 apostolica,
3274 1856 3384 1927 jam
3415 1857 3757 1914 manifestum

2112 1943 2354 1985 errorem
2396 1929 2451 1983 in
2500 1935 2688 1986 nostra
2742 1929 2969 1985 diacesi
3009 1928 3335 1994 inolescere,
3379 1929 3760 1985 interdicimus

2113 2000 2368 2057 omnibus
2406 2002 2612 2057 curatis
2648 2004 2704 2056 et
2742 2001 3080 2071 presbyteris
3115 2001 3217 2056 sub
3257 2014 3417 2071 pana
3446 2002 3762 2071 suspensio~

2112 2073 2198 2127 nis
2237 2071 2358 2141 ipso
2398 2070 2542 2128 facto
2571 2087 2602 2127 a
2642 2072 2863 2138 divinis,
2904 2070 2959 2128 et
2987 2070 3319 2143 suspicionis
3357 2073 3425 2128 de
3464 2070 3758 2130 schismate

2114 2150 2276 2213 atque
2316 2143 2535 2210 haresi,
2569 2158 2637 2199 ne
2668 2143 2865 2199 allatos
2893 2144 2961 2199 ad
2994 2159 3053 2200 se
3102 2157 3323 2213 pueros,
3372 2145 3483 2214 jam
3522 2144 3761 2214 baptiza-

2114 2221 2201 2270 tos
2228 2229 2260 2270 a
2289 2214 2599 2270 Calviuistis
2640 2214 2877 2270 audeant
2906 2215 3101 2271 iterum
3133 2215 3345 2286 tingere
3376 2216 3478 2272 sub
3508 2215 3600 2270 illa
3628 2228 3763 2271 con-

2114 2286 2324 2343 ditione
2348 2307 2360 2341 :
2385 2286 2481 2341 sed
2504 2288 2623 2342 sine
2654 2287 2763 2342 ulla
2784 2287 2992 2343 lotione
3022 2287 3309 2357 perﬁciant
3336 2287 3391 2343 in
3415 2287 3551 2357 ipsis
3570 2300 3761 2343 omnes

2114 2358 2253 2413 alios
2278 2359 2787 2429 ritusbaptismatis
2815 2359 2883 2414 ab
2913 2358 3023 2414 illis
3053 2359 3305 2423 omissos,
3348 2360 3497 2429 quod
3530 2358 3670 2414 idem
3702 2359 3758 2413 in

2113 2430 2315 2485 adultis
2345 2428 2705 2486 redeuntibus
2742 2430 2810 2484 ab
2840 2430 3039 2485 haresi
3067 2430 3153 2499 agi
3193 2428 3470 2499 jubemus,
3502 2431 3599 2500 qui
3626 2430 3759 2501 bap-

2114 2501 2331 2556 tismum
2363 2515 2473 2556 non
2504 2501 2560 2556 in
2592 2502 2836 2557 Ecclesia
2873 2501 3165 2564 catholica,
3198 2502 3296 2557 sed
3327 2503 3383 2557 in
3438 2501 3759 2559 Calvinista-

2115 2586 2233 2627 rum
2268 2571 2350 2628 vel
2382 2571 2487 2628 alia
2515 2573 2679 2628 simili
2707 2580 2857 2629 secta
2886 2580 3269 2643 susceperunt.

2182 2663 2364 2717 XVIII.
2397 2663 2725 2718 Pradictum
2771 2676 2835 2718 ac
2881 2668 3223 2732 compertum
3261 2675 3479 2732 semper
3516 2660 3618 2718 fuit
3645 2662 3757 2720 ha-

2114 2734 2691 2789 resesinatheismum
2740 2740 2795 2790 et
2825 2747 3052 2804 regnum
3094 2733 3300 2788 diaboli
3341 2734 3617 2796 desinere,
3648 2736 3742 2805 qui

2114 2811 2375 2874 operatur
2404 2807 2459 2860 in
2500 2806 2642 2862 ﬁlios
2673 2806 3014 2861 dissidentia
3061 2813 3116 2860 et
3148 2805 3489 2861 inﬁdelitatis
3537 2806 3757 2861 illicitas

2113 2882 2259 2931 artes
2316 2883 2385 2949 et,
2417 2876 2690 2949 maleﬁcas
2727 2876 3099 2943 divinationis,
3132 2877 3401 2948 sortilegii
3441 2886 3496 2933 et
3541 2878 3753 2949 magia,

2114 2950 2313 3017 quibus
2371 2948 2563 3005 infelix
2618 2955 2806 3003 nostra
2863 2956 2999 3005 atas
3056 2956 3179 3017 post
3227 2949 3468 3004 inﬁnitas
3515 2948 3758 3005 hareses

2116 3022 2316 3090 passim
2347 3021 2606 3077 inﬁcitur.
2649 3020 3108 3090 Circumspiciant
3140 3021 3325 3090 itaque
3361 3021 3556 3087 curati,
3589 3021 3634 3076 si
3664 3022 3759 3091 qui

2050 3095 2092 3154 C.
2115 3092 2296 3147 vivant
2325 3094 2380 3148 in
2420 3107 2520 3149 suo
2559 3106 2723 3164 grege
2763 3092 3036 3156 illusores,
3078 3093 3255 3164 ventri
3285 3105 3386 3148 suo
3424 3098 3480 3147 et
3508 3092 3644 3147 nulli
3674 3106 3757 3147 re-

2110 3164 2301 3234 ligioni
2333 3163 2676 3230 servientes,
2707 3178 2809 3220 nec
2859 3164 2927 3218 ad
2984 3163 3269 3219 ecclesiam
3312 3164 3616 3231 venientes,
3657 3178 3761 3220 nec

2112 3238 2390 3297 haretica
2438 3237 2720 3307 pravitatis
2759 3236 3080 3291 exercitium
3119 3234 3402 3291 facientes.
3432 3238 3538 3292 Aut
3574 3236 3621 3291 si
3649 3236 3759 3291 sint

2113 3311 2181 3367 de
2209 3310 2494 3381 sortilegio
2524 3324 2588 3365 ac
2618 3308 2885 3381 maleﬁcio
2914 3308 3167 3381 suspecti
3195 3312 3251 3381 et
3290 3307 3485 3381 notati,
3523 3321 3760 3381 quorum

2112 3381 2333 3439 nomina
2389 3378 2451 3439 ac
2508 3388 2706 3436 statum
2774 3379 3024 3435 volumus
3078 3378 3240 3434 nobis
3306 3378 3639 3446 denuntiari,
3701 3385 3762 3435 ut

2113 3456 2245 3524 quid
2279 3455 2422 3511 facto
2454 3468 2594 3522 opus
2635 3451 2708 3505 sit
2754 3451 3144 3524 deliberemus,
3186 3450 3508 3524 mandantes
3545 3450 3761 3524 confes-

2114 3522 2276 3581 sariis
2332 3526 2588 3582 omnibus
2634 3528 2695 3578 ut
2748 3524 3040 3592 injungant
3079 3522 3311 3591 singulis
3368 3522 3760 3579 conﬁtentibus

2117 3604 2243 3668 post
2270 3597 2565 3654 fraternam
2606 3595 3009 3650 correctionem
3055 3594 3298 3650 revelare
3346 3600 3499 3649 extra
3537 3594 3758 3651 confes-

2116 3689 2327 3744 sionem
2367 3692 2560 3742 curato
2591 3675 2690 3745 35
2724 3682 2808 3738 vel
2840 3683 3002 3738 nobis
3039 3682 3176 3752 ipsis
3222 3684 3269 3738 si
3321 3697 3463 3753 quos
3506 3684 3765 3740 noverint

2116 3762 2170 3815 in
2204 3758 2424 3815 occulto
2455 3758 2672 3812 illorum
2702 3754 2990 3809 criminum
3034 3760 3388 3810 contumaces
3430 3768 3575 3822 reos,
3616 3757 3763 3811 sicut

2117 3832 2280 3887 etiam
2330 3829 2609 3894 adulterii,
2641 3826 2910 3898 veneﬁcii,
2953 3840 3156 3898 usura,
3197 3832 3253 3881 et
3289 3827 3521 3882 aliorum
3559 3828 3763 3898 quibus

2117 3904 2195 3958 ira
2226 3903 2321 3958 Dei
2352 3908 2543 3956 contra
2575 3903 2743 3953 totam
2774 3896 3072 3952 Ecclesiam
3106 3905 3454 3967 provocatur.

2186 3991 2320 4046 XIX.
2372 3992 2655 4045 Postremo
2703 3986 2878 4041 curati
2929 3985 3015 4041 vel
3059 3985 3248 4040 vicarii
3297 3987 3382 4041 sui
3432 3984 3598 4042 ofﬁcii
3636 4001 3759 4042 esse

2118 4064 2426 4133 intelligant
2453 4060 2656 4133 videre
2688 4071 2761 4133 an
2786 4058 3019 4133 quisque
3063 4062 3212 4133 recte
3263 4071 3419 4133 suum
3450 4056 3612 4113 faciat
3642 4056 3762 4113 offi-

2118 4127 2429 4199 cium,'sive
2460 4130 2867 4187 ecclesiasticus
2896 4129 3008 4183 sive
3046 4127 3328 4183 sacularis
3355 4129 3446 4194 sit,
3488 4136 3541 4184 et
3572 4143 3762 4184 erran-

2119 4214 2203 4262 tes
2241 4218 2465 4261 monere
2513 4208 2676 4271 atque
2726 4201 3033 4270 increpare,
3067 4200 3373 4255 obstinatos
3403 4214 3532 4256 vero
3561 4199 3628 4255 ad
3660 4214 3765 4257 nos

2120 4277 2335 4334 deferre
2360 4298 2373 4336 ;
2408 4274 2703 4343 inspiciant
2723 4272 2767 4326 si
2790 4285 2896 4340 qua
2917 4273 3026 4326 sint
3046 4272 3390 4326 matrimonia
3424 4272 3634 4339 illicita,
3662 4286 3767 4328 nec

2119 4358 2272 4405 extra
2311 4356 2579 4417 tempora,
2624 4357 2726 4399 nec
2765 4343 2883 4417 sine
2914 4343 3195 4412 requisitis
3218 4343 3765 4417 proclamationibus,

451 4412 609 4468 XVII.
651 4414 823 4468 Antea
871 4412 1017 4467 inter
1044 4410 1240 4467 doctos
1277 4425 1341 4467 ac
1379 4411 1500 4480 pios
1545 4412 1693 4467 viros
1722 4408 2224 4477 dubitatumDnisi
2256 4421 2323 4476 de
2363 4408 2624 4481 expresso
2654 4415 2911 4470 mandato
2936 4408 3127 4469 nostro
3165 4408 3491 4481 et’licentia,
3528 4408 3769 4471 audeant

380 4482 484 4541 fuit
512 4498 581 4540 an
612 4483 883 4553 baptisma
912 4498 943 4537 a
980 4482 1289 4538 Calviuistis
1319 4482 1755 4539 administratum
1778 4499 1878 4554 pro
1898 4500 2029 4543 vero

382 4555 536 4613 credi
587 4555 836 4621 deberet,
879 4554 1137 4625 quoniam
1185 4567 1297 4610 non
1345 4555 1613 4610 haberent
1665 4555 2028 4614 intentionem

382 4627 693 4699 baptizandi
726 4628 783 4699 in
820 4627 1199 4699 remissionem
1237 4634 1619 4695 peccatorum;
1654 4634 1747 4699 aut
1775 4628 1821 4683 si
1852 4629 2032 4699 bapti-

379 4699 483 4755 zati
509 4698 717 4770 parvuli
739 4698 807 4754 ab
828 4698 965 4769 ipsis
985 4710 1106 4753 cum
1130 4704 1597 4770 reprasentantur
1617 4698 1896 4770 Ecclesia,
1921 4698 2028 4759 ite-

383 4768 715 4827 rum"essent
756 4768 895 4840 aqua
935 4768 1322 4841 perfundendi,
1356 4769 1546 4823 saltem
1577 4769 1679 4841 sub
1710 4768 2029 4829 conditione

382 4847 634 4912 assueta:
680 4842 743 4897 Si
781 4839 834 4896 tit
854 4839 959 4897 non
994 4856 1049 4897 es
1077 4840 1390 4912 baptizatus,
1423 4855 1515 4909 ego
1545 4842 1594 4895 te
1618 4839 1850 4912 baptizo.
1890 4847 2029 4901 Ante

383 4911 724 4970 decisionem
753 4913 1072 4981 apostolica
1119 4911 1268 4967 sedis
1298 4912 1580 4977 Romana,
1614 4911 1769 4968 lienit
1798 4913 2029 4973 fortasse

382 4984 581 5057 cuique
612 4983 801 5057 insue
838 4983 1329 5057 sensuiabundare,
1361 4996 1549 5057 verum
1588 4986 1846 5052 quoniam
1880 4995 2032 5057 post-

380 5053 621 5111 habitam
652 5054 730 5128 de
763 5053 866 5128 hac
904 5054 1233 5128 difﬁcultate
1253 5054 1683 5128 disputationem
1714 5063 1770 5111 et
1798 5053 2029 5128 inquisi-

381 5129 609 5194 tionem,
641 5126 822 5183 lclicis
868 5127 1270 5182 recordationis
1312 5126 1440 5182 Pius
1479 5128 1520 5181 V
1567 5126 1813 5183 deﬁnivit
1841 5126 2026 5187 verum

381 5213 503 5255 esse
540 5199 811 5270 baptisma
856 5211 969 5270 quo
1008 5205 1297 5254 uterentur
1338 5197 1671 5264 Calvinista,
1703 5199 2030 5259 adhibentes

381 5269 627 5327 formam
653 5276 708 5327 et
736 5269 1014 5327 materiam
1045 5270 1346 5325 institutam
1388 5283 1419 5324 a
1451 5270 1670 5325 Christo
1701 5285 1822 5326 cum
1850 5273 2030 5330 inten-

380 5343 532 5399 tione
562 5343 803 5413 generali
834 5340 1070 5397 faciendi
1118 5341 1266 5412 quod
1305 5342 1555 5397 Christus
1590 5342 1849 5411 instituit,
1899 5345 2031 5401 licet

381 5419 632 5471 errarent
654 5413 710 5469 in
741 5412 1060 5486 particuiari
1082 5413 1174 5468 illa
1204 5414 1662 5486 interpretatione
1692 5420 1748 5470 et
1765 5415 2029 5486 singulari

381 5486 690 5543 intentione
728 5484 787 5542 ut
815 5486 911 5541 alii
949 5484 1063 5541 fere
1103 5497 1294 5541 omnes
1332 5484 1579 5541 har'etici
1628 5484 1905 5554 errarunt,
1942 5490 2029 5545 vel

380 5558 529 5615 circa
568 5556 983 5629 intelligentiam
1029 5555 1225 5629 forma
1252 5558 1609 5629 baptismalis,
1640 5558 1724 5614 vel
1756 5558 1904 5615 circa
1933 5560 2031 5616 ali-

384 5642 548 5704 quem
589 5630 709 5701 ejus
758 5628 1036 5699 eﬁ‘ectum,
1070 5629 1143 5687 ob
1173 5628 1230 5685 id
1260 5628 1564 5700 baptizatos
1590 5630 1659 5686 ab
1689 5631 1826 5703 ipsis
1858 5632 2031 5690 Calvi-
2050 5716 2088 5731 Δ

2115 4491 2414 4562 nuptialem
2434 4484 2878 4562 benedictionem
2900 4485 3031 4540 dare
3052 4484 3135 4562 v_el
3159 4487 3766 4562 matrimoniajungere

2114 4557 2215 4619 sub
2281 4562 2478 4633 panis,
2550 4558 2780 4633 arbitrio
2838 4563 3027 4633 n_os_t_ro
3074 4557 3443 4633 imponendis.
3492 4557 3759 4633 Quoniam

2113 4650 2244 4691 vero
2282 4628 2337 4689 in
2368 4628 2530 4689 causa
2580 4628 2962 4686 matrimoniali
2993 4635 3157 4698 atque
3196 4629 3319 4683 aliis
3357 4630 3602 4685 materiis
3644 4630 3757 4686 dis-

2114 4708 2466 4777 pensationes
2501 4701 2833 4777 apostolica
2862 4699 3157 4777 ordinariis
3201 4700 3447 4777 locorum
3490 4702 3757 4777 committi

2113 4770 2312 4844 solent,
2336 4785 2500 4847 atque
2537 4770 2665 4828 inde
2687 4770 2869 4842 gravia
2890 4771 3144 4847 scandala
3172 4772 3447 4838 oriuntur,
3480 4772 3628 4843 quod
3660 4773 3761 4847 ob—

2114 4842 2621 4918 tinentium-preces
2655 4856 2949 4918 suppressa
2979 4842 3323 4918 plerumque,
3361 4842 3594 4918 aut‘non
3626 4844 3762 4918 satis

2114 4930 2394 4993 comperta
2426 4914 2774 4993 probataque
2822 4914 3050 4993 veritate
3093 4916 3359 4993 nitantur,
3402 4914 3765 4993 nihiiominus

2112 4984 2267 5050 suum
2300 4984 2486 5049 sortiri
2519 4988 2771 5045 effectum
2800 4986 3076 5052 sinuntur,
3117 4988 3406 5041 statuimus
3435 4986 3490 5041 in
3517 4984 3760 5043 futurum

2113 5080 2181 5121 ne
2214 5064 2386 5121 curati
2417 5062 2498 5117 vel
2524 5059 2711 5115 vicarii
2742 5057 3073 5113 demandent
3098 5058 3438 5113 exsecutioni
3478 5057 3615 5113 tales
3654 5059 3766 5115 dis-

2114 5137 2485 5208 pensationes,
2508 5130 2788 5208 nisiprius
2809 5143 2970 5208 causa
2998 5143 3097 5198 per
3116 5136 3362 5185 nostrum
3377 5136 3761 5208 promitterem

2114 5200 2417 5265 examinata
2465 5219 2494 5259 a
2544 5202 2705 5257 nobis
2761 5201 2897 5270 ipsis
2925 5214 3046 5256 cum
3088 5208 3280 5256 nostro
3335 5200 3556 5256 ofﬁciali
3595 5200 3763 5257 fuerit

2114 5278 2467 5349 comprobata
2506 5281 2560 5330 et
2590 5273 2926 5349 dispensatio
2972 5272 3320 5349 subsignata,
3360 5286 3429 5328 ne
3478 5272 3609 5342 quid
3662 5288 3765 5349 per

2113 5344 2497 5420 obreptionem
2533 5344 2936 5420 committatur.
2992 5344 3257 5420 Studeant
3306 5344 3533 5414 insuper
3585 5346 3762 5401 curati

2114 5415 2347 5480 divortia
2377 5425 2433 5476 et
2464 5417 2635 5488 litigia
2666 5416 2811 5471 inter
2848 5428 2979 5471 suos
3005 5415 3372 5484 parochianos
3401 5429 3758 5486 componere,

2115 5493 2418 5566 prasertim
2458 5490 2669 5546 levibus
2706 5488 2887 5543 causis
2916 5493 3217 5552 contracta,
3243 5492 3316 5566 Aet
3343 5495 3699 5544 contumaces
3730 5504 3763 5544 a

2116 5564 2500 5624 communione
2528 5566 2994 5617 sacramentorum
3033 5564 3276 5624 arceant,
3324 5572 3427 5615 nec
3476 5568 3641 5616 notos
3669 5574 3762 5616 ex-

2123 5636 2556 5698 communicatos
2599 5632 2888 5691 ecclesiam
2945 5630 3160 5702 ingredi
3207 5631 3410 5699 sinant,
3466 5632 3613 5688 sicut
3658 5645 3761 5689 nec
