4100 6166
329 291 428 350 253

1544 298 1716 354 ACTA
1752 296 2038 354 verum.
2078 323 2151 336 -
2185 282 2467 352 APPEND.

3585 296 3695 355 254

334 422 566 495 aegrotos
613 419 733 495 sine
771 418 1118 495 confessione
1148 426 1205 477 et
1232 420 1453 495 viatico,
1500 422 1548 495 si
1598 422 1714 495 ﬁeri
1764 422 2116 495 potest,Aac
2136 420 2324 495 magis
2368 434 2467 491 per
2494 419 2803 477 libertatem
2832 419 3118 478 haereseon
3148 428 3206 478 et
3233 422 3693 495 blasphemiarum

331 489 612 563 decedere.
644 490 799 558 Quod
831 505 899 546 ne
931 492 1163 563 accidat,
1198 501 1257 548 ut
1300 494 1577 548 audierint
1608 489 1847 563 aliquem
1878 496 1961 550 in-

332 562 547 627 ﬁrmari,
574 561 748 631 ipsum
780 577 879 631 pro
902 562 1083 619 ofﬁcio
1105 564 1400 620 sacerdotii
1422 561 1728 631 visitent,et
1750 566 1817 620 ad
1842 580 1971 634 pro-

330 633 615 689 videndum
645 634 841 689 animai
883 635 1046 691 saluti
1073 636 1459 704 adhortentnr,
1485 651 1586 692 nec
1606 637 1674 692 de
1708 633 1968 706 parochia

333 722 657 795 abeantnisi
674 713 775 784 36
810 724 1006 780 relicto
1046 726 1139 793 qui
1181 726 1329 780 vices
1357 739 1546 781 eorum
1586 726 1857 795 suppleat.
1891 726 1970 780 Si-

249 804 263 819 '
335 801 422 850 cut
460 794 846 850 inobedientes
893 796 1210 865 parochiani
1258 810 1367 853 non
1416 794 1698 853 merentur
1743 797 1966 866 sepeliri

332 866 630 922 Christiana
660 867 962 935 sepultura,
995 868 1068 922 ita
1089 870 1263 923 curati
1284 868 1369 923 vel
1398 869 1608 934 vicarii,
1640 870 1684 923 si
1723 882 1824 924 suo
1866 868 1968 923 hac

332 939 384 993 in
412 950 472 993 re
506 935 781 993 defuerint
811 936 1015 1003 ofﬁcio,
1056 939 1289 994 reddant
1318 940 1587 995 rationem
1629 942 1683 995 in
1714 941 1804 996 die
1830 939 1966 1007 justi

327 1009 516 1081 judicii
547 1022 650 1077 pro
675 1024 791 1070 sua:
810 1010 927 1065 ovis
956 1010 1288 1078 perditione,
1313 1018 1368 1066 et
1395 1013 1465 1066 ad
1498 1012 1769 1080 publicam
1794 1011 1972 1081 poeni-

332 1080 551 1136 tentiam
594 1081 835 1153 cunihis
875 1083 969 1150 qui
1009 1081 1215 1137 liberos
1258 1096 1356 1152 per
1385 1084 1768 1153 negligentiam
1796 1080 1969 1138 suﬁ‘o-

330 1158 450 1208 cant
478 1159 605 1207 sunt
627 1152 935 1221 redigendi.
969 1153 1355 1209 lutcrdicimus
1377 1152 1560 1209 autem
1607 1170 1673 1210 ne
1716 1155 1807 1209 ﬁat
1837 1168 1969 1209 conv

328 1223 927 1295 secratioieucharistim
967 1226 1023 1279 in
1064 1225 1288 1293 privatis
1315 1240 1379 1279 ac
1410 1224 1654 1295 profanis
1674 1225 1964 1289 cubiculis,

327 1296 485 1350 etiam
517 1294 584 1349 ad
612 1310 768 1349 usum
808 1302 1159 1366 aegrotorum,
1183 1294 1442 1365 quoniam
1464 1298 1773 1352 maluerunt
1805 1297 1965 1365 primi

326 1366 617 1421 Christiani
650 1367 704 1420 in
728 1368 993 1422 honorem
1018 1370 1153 1422 tanti
1183 1370 1509 1423 sacramenti
1536 1370 1604 1424 ab
1634 1369 1867 1424 ecclesia
1898 1368 1967 1423 ad

326 1445 587 1507 aegrotum
636 1438 798 1492 etiam
847 1444 1094 1508 tempore
1145 1441 1586 1508 persecutionum
1628 1438 1850 1505 deferri,
1883 1440 1966 1495 vel

326 1509 468 1581 domi
520 1508 589 1563 ad
640 1509 961 1577 repentinos
989 1524 1122 1565 usus
1158 1513 1363 1566 servari
1402 1525 1562 1581 quam
1596 1512 1651 1566 in
1684 1512 1821 1567 locis
1858 1525 1968 1566 non

323 1580 504 1653 sacris
520 1582 867 1653 consecrari.
889 1581 1141 1651 Plerique
1171 1580 1451 1652 simplices
1479 1584 1807 1653 presbyteri,
1851 1582 1967 1638 ofﬁ-

324 1651 391 1705 cii
419 1651 507 1706 sui
538 1666 602 1706 ac
622 1651 827 1723 gradus
856 1652 1222 1719 immemores,
1245 1651 1450 1709 audent
1481 1651 1616 1723 ipsis
1643 1651 1839 1709 diebus
1860 1653 1967 1709 fes-

322 1724 390 1807 tis
416 1730 583 1791 atque
622 1722 887 1807 aliis_cum
908 1724 1096 1807 galero
1127 1732 1183 1780 et
1211 1726 1329 1781 sine
1350 1726 1651 1807 superlicio
1687 1726 2034 1807 sacris-in-B

324 1800 547 1876 teresse,
580 1808 644 1876 anc
664 1794 1032 1876 dedignantur
1060 1809 1283 1865 operam
1311 1794 1463 1876 suam
1505 1803 1694 1852 curato
1724 1797 1968 1876 vel_vi_ca'-

320 1863 400 1939 rio
430 1865 490 1939 in
540 1863 738 1920 ofﬁciis
763 1863 967 1939 divinis
1014 1863 1298 1937 praestare,
1353 1869 1669 1939 maluntque
1707 1883 1783 1939 se
1811 1869 1967 1925 laicis

321 1936 624 2009 admiscere
663 1944 829 2009 atque
868 1936 1029 1993 etiam
1076 1953 1173 1993 sua
1216 1941 1423 2009 privata
1464 1936 1625 1995 missa
1655 1938 1905 1996 confecta
1935 1954 1966 1996 a

321 2014 435 2063 toto
466 2008 684 2078 reliquo
704 2007 890 2065 ofﬁcio
915 2007 1236 2066 abscedere.
1268 2013 1347 2066 Ne
1378 2012 1484 2067 hoc
1505 2010 1821 2067 scandalum
1850 2027 1969 2068 ser-

320 2086 408 2155 pat
430 2079 617 2155 latius,
638 2079 981 2155 declaramus
999 2095 1192 2138 omnes
1220 2083 1571 2155 presbyteros
1599 2083 1843 2155 constitui
1870 2099 1965 2155 pro

316 2150 607 2205 hominibus
650 2152 703 2205 in
750 2151 830 2206 his
877 2167 991 2222 qua
1036 2158 1155 2208 sunt
1207 2150 1277 2209 (id
1314 2150 1477 2209 Deum
1514 2154 1689 2223 {Helm
1722 2170 1777 2220 v,
1812 2150 1882 2223 1),
1908 2162 1967 2211 ut

315 2235 415 2289 pro
444 2223 652 2296 populo
683 2238 867 2296 sacras
893 2238 1087 2279 omnes
1116 2224 1429 2281 functiones
1458 2227 1693 2294 obeant;
1726 2226 1965 2296 ideoque

312 2293 619 2368 quemlibet
639 2293 917 2368 addictum
949 2310 1069 2351 esse
1093 2298 1370 2366 parochiie
1400 2312 1562 2368 quam
1595 2298 1810 2362 incolit,
1836 2293 1892 2353 nt
1914 2297 1963 2353 ei

312 2363 578 2438 inserviat
610 2380 709 2434 pro
734 2367 938 2438 populo
970 2368 1023 2422 in
1057 2363 1314 2424 omnibus
1351 2363 1549 2425 officiis
1572 2384 1697 2438 quae
1737 2377 1866 2425 sunt
1895 2370 1963 2424 ad

310 2434 509 2511 Deum,
536 2443 593 2491 et
622 2437 676 2491 in
708 2451 773 2511 eo
803 2437 1066 2511 distingui
1089 2454 1120 2492 a
1141 2440 1366 2509 populo.
1400 2442 1513 2508 Qua
1535 2434 1607 2496 de
1634 2456 1794 2496 causa
1816 2442 1967 2511 quis-

310 2507 444 2575 quis
474 2506 544 2561 de
579 2507 910 2577 presbyteris
940 2506 1155 2564 venerit
1181 2506 1235 2565 in
1268 2506 1578 2574 ecclesiam,
1602 2520 1657 2566 et
1689 2512 1743 2567 in
1774 2506 1964 2567 lia-bitu

306 2577 645 2652 detrectarit
674 2592 795 2632 cum
826 2586 1017 2634 curato
1058 2589 1113 2635 et
1143 2581 1265 2635 aliis
1306 2582 1374 2637 de
1408 2583 1752 2652 presbyterio
1784 2583 1965 2637 divina

309 2646 504 2723 ofﬁcia
536 2647 747 2723 facere,
782 2656 1177 2723 tanquamnon
1200 2646 1610 2723 presbyterum,
1641 2668 1967 2722 suspensum

311 2733 436 2773 esse
465 2719 725 2787 jubemus
753 2735 783 2775 a
813 2721 1013 2775 divinis
1044 2722 1166 2790 ipso
1187 2719 1353 2789 facto,
1381 2719 1441 2779 et
1479 2724 1547 2778 ad
1598 2719 1792 2778 laicain
1824 2739 1970 2779 com-

313 2791 637 2864 munionem
668 2806 791 2845 cum
820 2793 1180 2864 saecularibus
1218 2794 1415 2864 redigi,
1447 2809 1550 2849 nec
1600 2808 1708 2850 non
1748 2810 1848 2864 per
1875 2795 1969 2850 de-

315 2875 515 2937 canum
547 2862 705 2937 citari
739 2877 923 2937 coram
952 2862 1181 2919 Ofﬁciali
1222 2862 1413 2921 nostro
1441 2866 1511 2921 ad
1543 2862 1779 2937 neglecti
1800 2865 1967 2924 officii

314 2931 658 2988 reddendam
689 2934 977 2990 rationem.

902 3025 983 3078 De
1008 3022 1182 3093 ofﬁcio
1205 3022 1387 3095 populi

2051 493 2319 548 irritetur.

2122 566 2208 619 1V.
2245 564 2455 620 Idcirco
2478 570 2678 634 printer
2698 563 2791 619 illa
2813 577 2937 634 quae
2958 578 3059 633 per
3079 569 3301 619 curatos
3322 567 3695 624 mandavimus

2054 636 2288 705 proponi
2347 642 2402 691 et
2448 636 2667 691 suaderi
2707 636 2935 707 populo,
2975 636 3177 707 singuli
3216 636 3497 693 effundant
3525 640 3693 695 corda

2050 720 2147 761 sua
2179 720 2363 761 coram
2393 708 2621 764 Domino
2643 709 2699 761 in
2725 705 3084 763 confessione
3105 722 3246 764 vera:
3269 708 3415 773 ﬁdei,
3440 711 3694 766 emenda-

2050 778 2202 833 tione
2231 778 2375 844 vitze,
2404 776 2675 834 fructibus
2706 778 3064 848 paenitentiae,
3095 780 3477 836 mandatorum
3505 780 3695 836 obser-

2049 850 2287 921 vatione,
2322 855 2377 904 et
2416 851 2589 906 venia:
2632 864 2731 920 pro
2764 850 2999 920 publicis
3027 865 3091 905 ac
3121 851 3351 921 privatis
3379 850 3696 908 offensioni-

2051 919 2154 975 bus
2182 921 2378 975 diurna
2400 928 2456 976 et
2484 919 2754 976 noctdrna
2767 919 3195 992 supplicatione.

2125 1011 2183 1063 V.
2214 1009 2524 1078 Optandum
2554 1011 2780 1078 quidem
2810 1017 2958 1066 esset
2987 1011 3248 1080 populum
3280 1012 3398 1067 sine
3420 1011 3696 1067 intermis-

2051 1080 2207 1135 sione
2231 1094 2410 1144 orare,
2445 1086 2501 1135 et
2530 1083 2679 1135 omni
2702 1082 2837 1137 hora
2866 1083 3036 1137 cultui
3059 1098 3122 1139 ac
3160 1084 3333 1139 sacris
3370 1082 3570 1139 ofﬁciis
3596 1097 3694 1138 va-

2051 1166 2217 1217 care,
2266 1151 2363 1206 sed
2412 1153 2674 1225 quoniam
2724 1160 2946 1225 creatur
2991 1162 3051 1209 ut
3079 1164 3340 1225 operetur
3369 1162 3591 1221 terram,
3641 1161 3697 1210 et

2053 1229 2279 1292 peccato
2311 1223 2664 1291 compellitur
2706 1230 2767 1278 ut
2804 1224 2862 1278 in
2912 1223 3128 1281 sudore
3162 1227 3343 1282 vultus
3378 1227 3463 1282 sui
3494 1227 3695 1281 victum

2092 1301 2263 1349 utet-at
2295 1295 2449 1362 (Gen.
2486 1299 2587 1359 Ill),
2620 1308 2685 1349 ac
2717 1295 2936 1350 labores
2972 1311 3225 1353 manuum
3254 1313 3473 1353 suarum
3504 1311 3694 1353 come-

2090 1375 2144 1420 at
2177 1364 2337 1431 (Pent.
2362 1365 2596 1435 cxxvn),
2632 1379 2742 1421 non
2775 1372 2957 1434 potest
2996 1382 3097 1423 nec
3126 1369 3291 1424 debet
3315 1370 3534 1424 assidue
3565 1382 3691 1424 ora-

2051 1439 2186 1493 tioni
2218 1452 2282 1493 ac
2312 1436 2631 1492 cmlestibus
2648 1438 2964 1508 actionibus
2991 1452 3214 1508 operam
3235 1441 3387 1496 dare.
3429 1442 3695 1508 Quoniam

2052 1514 2256 1582 tamen
2286 1522 2449 1582 neque
2477 1509 2563 1578 qui
2598 1507 2826 1582 plantat,
2859 1507 3138 1582 nequefqui
3170 1513 3332 1579 rigat,
3362 1507 3690 1582 estaliquid,

2049 1581 2143 1635 sed
2170 1581 2259 1651 qui
2287 1580 2653 1636 incrementum
2692 1580 2806 1645 dat,
2840 1582 2978 1634 Deus
3012 1581 3068 1651 (Ι
3105 1584 3226 1637 Cor.
3271 1598 3352 1647 in,
3384 1583 3445 1651 7)
3473 1604 3485 1638 :
3546 1580 3695 1639 omni

2051 1652 2142 1707 die
2197 1659 2489 1720 antequam
2555 1652 2720 1707 homo
2767 1658 2924 1706 exeat
2970 1652 3037 1706 ad
3096 1666 3237 1721 opus
3282 1668 3460 1717 suum.
3511 1656 3695 1710 veniat

2061 1722 2135 1793 (si
2171 1723 2290 1778 ﬁeri
2338 1722 2542 1792 potest)
2594 1724 2651 1778 in
2698 1723 2985 1778 ecclesiam
3032 1736 3247 1779 sacrum
3288 1724 3601 1780 auditurus.
3635 1728 3692 1780 ln

2056 1808 2167 1864 quo
2199 1795 2267 1850 de
2318 1794 2612 1863 praeteritis
2668 1796 2778 1849 Deo
2826 1795 3032 1864 gratias
3065 1802 3208 1865 agat,
3252 1801 3307 1850 et
3342 1810 3471 1851 suas
3515 1810 3581 1850 ac
3611 1802 3695 1851 to-

2053 1868 2163 1922 tius
2208 1865 2426 1921 familiae
2474 1879 2672 1935 operas
2728 1867 2847 1935 ejus
2892 1866 3266 1923 benedictioni
3322 1866 3691 1933 commendet,

2050 1937 2411 2005 eumdemque
2443 1936 2660 1993 invocet
2689 1937 2758 1991 ad
2786 1937 3039 2008 evitanda
3070 1943 3292 2007 peccata
3322 1944 3378 1993 et
3430 1938 3693 2008 pericula,

2049 2023 2152 2065 nec
2199 2009 2556 2065 obliviscatur
2585 2023 2781 2078 preces
2816 2007 2997 2064 facere
3038 2023 3139 2078 pro
3167 2010 3386 2079 publica
3417 2009 3693 2079 tranquil-

2049 2081 2201 2138 litate
2235 2080 2360 2135 ﬁdei
2391 2080 2679 2135 catholicm
2728 2087 2783 2135 et
2831 2081 3172 2150 reipublicae.
3221 2082 3316 2137 Sin
3348 2080 3456 2136 loci
3488 2081 3698 2137 distan-

2050 2154 2124 2208 tia
2153 2152 2235 2207 vel
2285 2151 2393 2206 alio
2419 2153 2567 2220 justo
2617 2151 3011 2220 impedimento
3058 2152 3267 2208 homini
3295 2153 3550 2208 saeculari
3582 2166 3693 2208 non

2051 2224 2271 2279 licuerit
2336 2222 2404 2277 ad
2462 2223 2748 2278 ecclesiam
2797 2223 3004 2289 venire,
3062 2224 3256 2279 saltem
3305 2238 3415 2279 non
3472 2224 3692 2280 omittat

2050 2295 2198 2366 quod
2256 2294 2340 2349 sui
2380 2300 2465 2349 est
2519 2293 2686 2349 ot'licii
2740 2308 2867 2366 erga
2915 2296 3082 2350 Deum
3113 2302 3414 2366 praestare,
3465 2302 3519 2350 et
3563 2295 3695 2366 libe-

2047 2364 2160 2429 ros,
2221 2379 2412 2421 servos
2448 2372 2615 2435 atque
2673 2364 2921 2431 ancillas,
2981 2380 3045 2421 ac
3092 2364 3333 2436 denique
3390 2373 3559 2422 totam
3617 2365 3695 2421 fa-

2049 2438 2251 2494 miliam
2301 2438 2498 2493 doceat
2544 2442 2599 2491 et
2653 2436 2979 2493 assuefaciat
3033 2443 3225 2507 petere
3265 2452 3297 2492 a
3354 2439 3466 2493 Deo
3498 2451 3694 2507 panem

2048 2524 2204 2566 suum
2252 2508 2672 2578 quotidianum,
2733 2508 2979 2578 proﬁteri
3043 2508 3361 2578 Symbolum
3418 2508 3691 2578 apostoli-

2050 2613 2196 2663 cum,
2229 2589 2331 2659 39
2365 2603 2421 2653 et
2451 2598 2750 2667 gratiarum
2779 2597 3052 2653 actionem
3086 2611 3186 2667 pro
3225 2598 3481 2654 omnibus
3518 2598 3697 2653 bene-

2050 2670 2211 2734 ﬁciis,
2242 2683 2363 2723 cum
2414 2677 2761 2737 peccatorum
2815 2670 3196 2738 recognitione
3226 2676 3282 2724 et
3317 2667 3689 2735 confessione,

2052 2741 2254 2809 quibus
2298 2740 2701 2794 admisceantur
2749 2741 3176 2809 precatiuncnlaa
3226 2755 3325 2809 pro
3365 2742 3694 2796 necessitate

2054 2810 2320 2879 temporis
2361 2818 2417 2865 et
2445 2811 2703 2865 Ecclesiae
2753 2824 2906 2877 pace.
2958 2813 3231 2867 Praeterea
3261 2826 3381 2866 cum
3413 2812 3690 2866 Gallorum

2052 2882 2279 2936 annales
2307 2882 2543 2936 recitent
2571 2880 2978 2936 difﬁcilioribus
3021 2882 3365 2951 temporibus
3394 2882 3698 2938 instituisse

2052 2955 2289 3022 majores
2317 2958 2558 3017 nostros,
2592 2958 2653 3007 ut
2681 2952 2749 3006 ad
2779 2952 3019 3008 sonitum
3041 2966 3323 3023 campanae
3354 2954 3409 3008 in
3440 2963 3566 3009 ortu
3610 2967 3697 3009 so-

2053 3024 2142 3091 lis,
2174 3024 2404 3079 meridie
2435 3030 2489 3079 et
2518 3036 2717 3078 occasu
2748 3023 3139 3080 admoneretur
3169 3025 3424 3095 populus,
3449 3039 3705 3095 quocun-

385 3100 492 3171 37
548 3110 590 3164 ι.
624 3109 867 3180 Populus
891 3111 961 3166 de
990 3112 1103 3167 suis
1141 3093 1543 3167 calamitatibus
1581 3112 1818 3169 libenter
1836 3093 2028 3170 con-0
2051 3097 2245 3180 θυεμ]
2277 3108 2446 3180 onere
2476 3101 2642 3180 esset.
2675 3094 3023 3180 sinsalariter
3052 3093 3342 3180 rorare'ad
3376 3093 3551 3180 ,opém
3602 3097 3699 3180 Dei

313 3182 576 3250 queritur
603 3188 655 3237 et
688 3183 1033 3237 lamentatur.
1074 3185 1243 3237 Grave
1288 3196 1420 3238 vero
1464 3184 1568 3253 ipsi
1615 3190 1699 3239 est
1729 3193 1783 3239 ct
1812 3186 1967 3242 odio—

312 3267 431 3308 sum
461 3253 541 3308 de
570 3267 755 3308 earum
787 3254 987 3319 causis,
1028 3256 1254 3323 suisque
1282 3257 1546 3324 peccatis,
1579 3269 1642 3311 ac
1671 3256 1739 3311 de
1780 3272 1964 3313 reme-

313 3324 418 3379 diis
446 3326 702 3397 cogitare
723 3339 823 3394 per
840 3328 966 3380 vitae
988 3325 1449 3392 emendationem,
1483 3334 1538 3382 et
1561 3330 1960 3397 pcenitentlam,

313 3410 410 3465 per
439 3396 621 3451 divini
661 3398 842 3451 cultus
884 3404 938 3451 et
981 3398 1284 3453 ctelestium
1318 3396 1696 3453 mandatOrum
1728 3414 1961 3455 accura-

307 3469 509 3523 tiorem
546 3469 1006 3541 observationem,
1040 3470 1241 3538 quibus
1285 3470 1365 3524 ira
1410 3471 1504 3525 Dei
1555 3472 1859 3541 mitigetur,
1902 3478 1963 3527 et

311 3540 701 3595 misericordia
741 3541 1080 3609 impleretur.
1114 3542 1315 3595 Omnes
1342 3542 1489 3595 enim
1527 3541 1641 3596 fere
1679 3540 1833 3612 quasi
1867 3544 1964 3599 de-

308 3617 610 3680 sperantes
658 3612 872 3680 seipsos
916 3611 1032 3666 suis
1069 3612 1306 3667 miseriis
1351 3611 1488 3667 ﬁunt
1533 3611 1858 3680 deteriores,
1907 3622 1963 3670 et

311 3683 503 3752 Optimi
548 3683 655 3738 sibi
693 3684 948 3738 videntur
984 3684 1078 3751 qui
1127 3683 1434 3753 confitentur
1475 3684 1657 3739 verbis
1685 3684 1846 3739 ﬁdem
1877 3698 1963 3740 ca-

309 3754 604 3818 tholicam,
643 3756 799 3824 factis
827 3759 995 3809 autem
1018 3760 1208 3822 negant
1233 3756 1353 3822 (Tit.
1386 3770 1425 3819 1,
1465 3755 1566 3821 16).

379 3828 448 3882 11.
500 3829 648 3883 Ante
677 3826 861 3882 omnia
907 3825 1108 3895 singuli
1157 3826 1211 3880 in
1244 3840 1306 3880 ea
1353 3827 1659 3882 moriantur
1694 3827 1961 3898 religione

317 3904 369 3952 et
396 3898 671 3962 Ecclesia,
720 3911 845 3966 qua:
891 3911 1188 3963 consensu,
1224 3903 1280 3952 et
1308 3900 1660 3953 successione
1686 3900 1959 3955 Christia-

318 3983 511 4025 norum
582 3970 911 4041 populorum
967 3968 1035 4024 ad
1084 3982 1186 4024 nos
1233 3983 1407 4037 usque
1457 3972 1722 4039 pervenit.
1782 3974 1958 4041 Ipsam

315 4055 442 4097 vero
500 4040 947 4110 improbantibus
982 4054 1047 4095 ac
1093 4041 1453 4096 suadentibus
1483 4044 1835 4098 mutationem
1864 4058 1959 4099 re-

314 4113 631 4181 spondeant
658 4113 779 4167 sine
834 4112 1191 4167 contentione
1220 4112 1369 4181 quod
1408 4115 1852 4183 respondendum
1901 4116 1959 4170 in

315 4184 517 4255 talibus
558 4182 953 4239 controversiis
990 4183 1177 4250 David,
1224 4184 1376 4255 ,Elias
1422 4190 1478 4240 et
1504 4182 1792 4255 apostolus
1825 4188 1960 4242 Pau-

320 4253 403 4309 lus
430 4256 771 4312 docuerunt.
804 4256 936 4309 Cum
988 4255 1159 4323 priori
1202 4254 1388 4311 dicant
1426 4253 1573 4312 Deo':
1619 4260 1672 4313 Si
1706 4259 1960 4315 mutatio-

316 4339 437 4400 nem
463 4339 702 4400 sequor,
721 4341 852 4400 ecce
888 4326 1149 4400 nationem
1176 4325 1399 4400 ﬁliorum
1435 4334 1638 4383 tuorum
1682 4329 1961 4400 reproban

2052 3167 2469 3235 implorandam,
2502 3165 2751 3221 volumus
2779 3166 2932 3222 illum
2981 3179 3188 3223 morem
3239 3182 3340 3237 per
3376 3165 3618 3224 haereses
3646 3175 3703 3224 et

2050 3240 2272 3308 pietatis
2291 3239 2348 3293 in
2372 3238 2771 3293 curiammultis
2800 3238 2938 3294 locis
2957 3239 3329 3294 intermissum
3353 3240 3603 3295 renovari
3639 3246 3701 3295 et

2050 3311 2297 3374 retineri,
2334 3310 2640 3380 praesertim
2682 3309 2902 3378 publica
2940 3310 3250 3366 calamitate
3281 3324 3384 3366 nes
3410 3312 3479 3366 ad
3512 3312 3564 3366 id
3597 3312 3698 3365 im-

2049 3382 2311 3451 pellente.
2366 3383 2479 3436 Nec
2529 3380 2654 3451 istis
2708 3381 3107 3447 insisteremus,
3160 3382 3266 3437 nisi
3323 3389 3700 3449 spectaremus

2049 3454 2342 3522 plerosque
2373 3466 2496 3507 cum
2534 3450 2756 3522 familiis
2784 3466 2814 3505 a
2852 3466 3046 3507 somno
3076 3453 3143 3506 ad
3185 3458 3395 3520 pastum
3438 3460 3695 3521 tanquam

2046 3520 2205 3580 bruta
2253 3520 2550 3594 animantia
2597 3520 2748 3585 ferri,
2780 3535 2885 3594 nec
2909 3523 3036 3594 rullo
3076 3536 3241 3577 sensu
3282 3522 3503 3590 pietatis
3541 3520 3690 3594 tangi

2044 3595 2129 3650 vel
2164 3594 2327 3658 afﬁci,
2361 3593 2459 3648 sed
2499 3605 2610 3661 quo
2649 3593 2821 3660 magis
2859 3592 3172 3662 amigimur,
3205 3605 3272 3647 eo
3302 3594 3474 3662 magis
3508 3592 3696 3649 obmu-

2047 3672 2259 3720 tescere
2306 3671 2362 3719 et
2407 3669 2653 3731 stupere.
2715 3663 2789 3717 De
2843 3663 2929 3718 his
2982 3664 3333 3733 pracipimus
3381 3665 3591 3719 moneri
3632 3679 3695 3720 ac

2046 3736 2240 3791 durius
2269 3735 2543 3803 increpari
2573 3733 2836 3802 populum
2865 3748 2897 3789 a
2926 3735 3153 3801 curatis,
3184 3735 3690 3803 concionatoribus,

2044 3807 2356 3863 scholarum
2386 3804 2662 3875 magistris
2691 3820 2756 3860 ac
2785 3805 3158 3862 confessariis.

2114 3898 2202 3953 Vl.
2245 3894 2371 3951 Dies
2397 3894 2570 3951 festos
2596 3894 2897 3950 secundum
2937 3896 3249 3965 Scripturas
3287 3895 3523 3951 instituit
3554 3897 3695 3952 Deus

2044 3971 2099 4026 in
2130 3969 2525 4025 monimentum
2556 3981 2619 4021 ac
2658 3968 2976 4022 memoriam
3016 3968 3255 4023 suorum'
3300 3968 3695 4024 beneﬁciorum

2043 4049 2104 4099 ut
2132 4056 2194 4097 ea
2226 4042 2390 4095 homo
2420 4044 2747 4112 agnosceret
2775 4045 2830 4112 et
2858 4038 2926 4094 de
2957 4039 3093 4109 ipsis
3130 4040 3333 4112 gratias
3370 4048 3557 4112 ageret
3587 4042 3697 4109 (Ju-

2044 4113 2153 4170 dith
2174 4127 2291 4180 xvr;
2326 4111 2523 4167 Esther
2540 4124 2652 4175 va,
2676 4109 2830 4180 etc.),
2854 4118 3018 4180 atque
3040 4116 3098 4166 ut
3120 4110 3185 4167 ad
3207 4113 3302 4167 Dei
3334 4109 3694 4168 imitationem

2043 4184 2263 4256 quando
2308 4183 2512 4239 creavit
2548 4182 2842 4256 omiumet
2885 4189 3085 4256 terram
3130 4190 3185 4238 et
3234 4190 3424 4253 postea
3463 4185 3691 4254 quievit,

2044 4253 2161 4327 ipse
2211 4256 2557 4327 homo,post
2597 4253 2721 4308 dies
2766 4253 3049 4327 laboribus
3095 4255 3422 4327 assignatos,
3454 4253 3693 4325 aliquem

2043 4324 2211 4384 sciret
2248 4326 2422 4397 quieti
2471 4332 2527 4380 et
2575 4324 3049 4397 contempl_ationi_
3078 4324 3279 4397 divinae
3326 4324 3592 4380 bonitatis
3639 4330 3695 4397 et
3766 4373 3773 4377 .

320 4396 491 4482 (Psut.
516 4394 690 4482 ιλιι-ι,
717 4397 834 4462 15);
869 4412 992 4482 cum
1022 4394 1197 4453 altero
1227 4397 1279 4451 in
1311 4400 1519 4482 summa
1554 4394 1962 4482 rerum'despe7
1981 4394 2342 4482 ngratiarum
2391 4398 2597 4482 actioni
2642 4394 3694 4482 impendere;AlmgSabbaiuijudzeis

316 4471 534 4542 ratione
586 4468 1130 4542 ad__consolationem
1179 4469 1549 4524 concludant:
1582 4472 1790 4542 Suﬂicit
1814 4468 1957 4540 mihi,

317 4541 556 4608 Domine,
591 4540 716 4597 tolle
760 4542 990 4595 animum
1011 4554 1215 4605 meum;
1262 4555 1427 4610 neque
1463 4542 1598 4596 enim
1627 4540 1807 4599 nielior
1850 4559 1965 4598 sum

315 4626 467 4680 quam
513 4620 699 4684 patres
748 4613 848 4666 mei
874 4614 990 4675 (III
1016 4614 1143 4679 Reg.
1175 4611 1393 4684 x1x,4).
1433 4614 1567 4667 Cum
1618 4614 1784 4670 Paulo
1833 4630 1962 4671 vero

318 4683 667 4740 exclamem:
709 4684 765 4739 Si
803 4684 1006 4739 veritas
1048 4684 1106 4740 in
1137 4683 1383 4739 Ecclesia
1413 4684 1685 4739 catholica
1716 4699 1825 4742 non
1856 4693 1961 4753 est,

316 4768 438 4827 ergo
466 4756 561 4827 qui
591 4755 910 4827 dormierunt
929 4755 984 4809 in
1029 4755 1237 4827 Christo
1263 4756 1529 4826 perierunt
1551 4756 1581 4810 ?
1612 4755 1679 4826 (Ι.
1723 4759 1845 4813 Cor.
1867 4772 1961 4823 xv,

326 4824 425 4895 18.)
457 4824 846 4890 Considerent,
879 4826 1124 4895 quandiu
1145 4824 1368 4895 antiqua
1390 4827 1583 4897 religio
1607 4824 1751 4897 apud
1775 4843 1966 4885 omnes

317 4898 505 4970 valuit,
550 4912 715 4967 quam
755 4898 999 4952 sanctius
1041 4905 1097 4953 et
1141 4897 1357 4970 felicius
1386 4899 1677 4964 viveretur,
1710 4906 1767 4956 et
1802 4914 1965 4970 quam

318 4966 453 5023 ﬁdes
481 4984 550 5026 ac
572 4966 842 5034 ’charitas,
872 4983 997 5038 qua;
1036 4967 1303 5038 perfectio
1333 4975 1389 5025 et
1425 4970 1551 5025 ﬁnis
1580 4971 1715 5040 legis
1744 4966 1847 5038 est,
1886 4974 1967 5027 in-

317 5044 401 5094 ter
419 5041 681 5097 homines
698 5041 970 5095 sincerius
989 5041 1284 5097 coleretur.
1306 5043 1361 5097 Si
1386 5041 1607 5111 quando
1630 5056 1757 5098 vero
1779 5044 1967 5099 audie-

319 5112 425 5166 rint
454 5113 853 5182 blasphemias,
886 5112 1175 5178 novitates,
1208 5120 1263 5169 et
1300 5115 1688 5169 contentiones
1727 5115 1796 5171 de
1826 5115 1963 5171 reli-

317 5184 504 5251 gione,
544 5185 877 5258 Aobturantes
914 5198 1258 5258 aures_suas
1303 5184 1469 5258 longe
1508 5186 1727 5256 longius
1756 5185 1995 5258 fugiant-

316 5256 787 5321 qnemadmodum
819 5257 1061 5311 lremeus
1098 5255 1343 5323 loquitur
1372 5257 1441 5311 de
1472 5255 1664 5326 primis
1691 5255 1961 5315 Christia-

320 5326 423 5387 nis,
445 5329 494 5383 si
528 5327 755 5397 quando
788 5326 1100 5382 inciderent
1118 5326 1173 5380 in
1195 5326 1507 5383 haereticos.

387 5408 623 5479 38m.
682 5417 794 5471 Nec
849 5428 982 5470 vero
1038 5413 1209 5470 solam
1249 5415 1465 5469 Patrum
1523 5431 1747 5473 suorum
1801 5419 1963 5475 ﬁdem

320 5489 673 5561 aemulentur,
691 5487 803 5561 sed
834 5488 1092 5557 pietatem
1123 5492 1189 5561 et_
1199 5486 1588 5561 integritatem,
1613 5490 1658 5543 si
1681 5490 1841 5545 ﬁnem
1867 5506 1964 5561 pu-

319 5561 480 5616 blicae
510 5559 831 5615 afllictionis
850 5562 1075 5628 sperant
1102 5571 1132 5612 a
1163 5558 1293 5624 Deo,
1318 5559 1621 5626 praseertim
1641 5574 1762 5616 cum
1783 5558 1964 5619 adhuc

317 5646 518 5688 manus
538 5632 660 5701 ejus
677 5631 748 5688 ad
773 5628 1193 5701 percutiendum
1213 5629 1287 5687 sit
1306 5634 1526 5685 extenta
1545 5636 1601 5686 et
1621 5629 1774 5689 furor
1793 5636 1966 5705 magis

2049 4464 2225 4527 fuerat
2246 4469 2583 4538 impositum,
2616 4473 2675 4521 ut
2693 4466 2929 4535 septimo
2941 4464 3033 4520 die
3045 4464 3398 4538 quiescerent
3418 4466 3485 4520 ad
3509 4480 3691 4521 exem-

2049 4544 2195 4612 plum
2215 4542 2312 4597 Dei
2327 4537 2389 4596 et
2417 4538 2785 4612 speculandis
2799 4538 3097 4612 creationis
3124 4537 3405 4612 operibus,
3427 4543 3483 4612 e_t_
3495 4538 3693 4612 gratiis

2048 4606 2117 4670 de
2147 4614 2265 4682 ipsa
2310 4606 2540 4682 agendis
2586 4610 2987 4665 incumberent.
3039 4611 3151 4682 Nec
3189 4608 3415 4682 unicum
3447 4606 3583 4682 illud
3615 4606 3694 4663 fe-

2047 4679 2191 4741 stum
2239 4679 2367 4753 ipse
2405 4684 2549 4737 Deus
2578 4683 3013 4751 praescripserat,
3045 4679 3142 4735 sed
3172 4679 3278 4753 alia
3308 4679 3476 4734 multa
3514 4681 3691 4753 inre-

2048 4751 2427 4814 cordationem
2459 4762 2515 4809 et
2560 4753 3060 4809 considerationem
3110 4751 3405 4805 multorum
3450 4752 3692 4821 particu-

2048 4829 2242 4884 larinm
2272 4826 2667 4883 beneﬁciorum
2695 4840 2820 4894 qua:
2850 4824 2985 4893 ipsis
3015 4821 3344 4894 contulerat,
3368 4836 3469 4892 pro
3489 4824 3691 4894 quibus

2047 4900 2250 4972 gratias
2278 4905 2526 4969 agerent.
2566 4898 2672 4953 Pro
2703 4893 2943 4951 Sabbato
2970 4893 3198 4950 Iudaico
3228 4894 3348 4950 dies
3382 4893 3694 4952 Dominicas

2047 4988 2318 5045 successit
2343 4985 2674 5042 Christianis
2710 4976 2819 5045 4O
2846 4984 2901 5037 in
2941 4983 3155 5052 signum
3186 4991 3243 5039 et
3280 4991 3692 5040 monumentum

2051 5060 2449 5128 redemptionis
2495 5064 2722 5128 nostrae,
2763 5054 2937 5128 quasi
2983 5054 3243 5112 secundae
3299 5056 3598 5111 creationis
3639 5063 3696 5111 et

2050 5126 2417 5203 reparationis
2453 5143 2615 5198 quam
2645 5127 2896 5184 Christus
2924 5126 3175 5203 incruce
3213 5134 3475 5203 operatus
3503 5133 3605 5191 est,
3637 5134 3694 5183 et

2050 5198 2320 5274 requievit
2366 5201 2435 5256 ab
2484 5212 2653 5269 opere
2699 5198 3152 5274 sutepassionis,
3202 5198 3350 5274 quod
3396 5202 3511 5253 tum
3552 5212 3693 5274 con-

2048 5268 2353 5331 summavit.
2390 5274 2584 5327 Verum
2617 5269 3073 5340 quemadmodum
3104 5283 3214 5324 non
3254 5268 3429 5325 solum
3469 5270 3692 5326 unicum

2047 5346 2268 5404 Sabbati
2300 5343 2495 5399 festum
2514 5342 2722 5397 Judaeis
2740 5342 3129 5411 imperabatur,
3152 5340 3248 5396 sed
3269 5341 3488 5413 quoties
3506 5342 3692 5413 aliqua

2048 5419 2245 5475 eximia
2288 5413 2554 5473 beneﬁcia
2599 5415 2746 5468 Dens
2792 5427 2891 5483 per
2936 5414 3153 5484 Moysen
3193 5418 3250 5467 et
3293 5412 3434 5469 alios
3468 5423 3692 5471 sanctos

2047 5491 2197 5546 viros
2243 5487 2353 5543 illis
2399 5485 2792 5555 elargiebatur,
2842 5483 3193 5542 toties’festa
3240 5484 3311 5539 ad
3367 5492 3687 5555 perpetuam

2049 5563 2265 5618 illorum
2296 5557 2582 5614 colendam
2612 5557 2930 5614 memoriam
2959 5561 3015 5612 et
3042 5555 3560 5626 contemplationem
3588 5557 3686 5613 de-

2045 5632 2442 5697 cernebantur;
2463 5628 2541 5685 ita
2561 5629 2767 5701 populo
2784 5628 3096 5687 Christiano
3114 5640 3227 5685 non
3245 5629 3467 5687 unicum
3485 5628 3683 5687 festum
