4100 6166
367 294 476 354 255
1468 304 1761 361 JOANNES
1795 303 2214 362 ARCHIEPISC.
2255 304 2588 361 ROTOMAG.
3631 301 3739 356 256

368 425 478 483 diei
521 429 794 503 _Dominici
842 429 944 487 fuit
986 430 1427 502 relinquendum,
1467 429 1564 503 sed
1606 429 1787 503 plura
1809 429 2013 486 consti-
2030 431 2356 503 Aoperibus
2373 444 2518 486 verae
2539 427 2822 503 charitatis
2849 427 3123 503 studeant.
3147 427 3202 503 Si
3225 425 3359 498 quid
3381 426 3435 482 in
3456 425 3543 503 his
3567 430 3736 503 atque

368 501 570 574 tuenda
603 516 702 572 pro
723 503 1093 574 singularibus
1113 499 1273 560 donis
1295 518 1393 574 per
1409 502 1703 566 Christum,
1729 500 2002 571 Virginem
2095 499 2216 559 aliis
2263 501 2696 574 fraternitatibus
2742 505 2944 574 nostra“:
2978 499 3222 574 _diocesis
3264 499 3612 574 correctione
3652 499 3737 554 di-

367 573 487 640 ejus
506 571 750 646 matrem,
775 571 1075 644 apostolos,
1102 581 1266 646 atque
1291 571 1428 630 alios
1457 579 1679 646 sanctos
1708 579 1761 626 et
1793 581 2011 646 sanctas
2094 590 2257 646 gnum
2309 574 2633 639 occurrerit,
2663 573 2730 646 de
2755 572 2875 646 _hoie
2904 571 3153 627 volumus
3192 584 3293 625 nos
3331 586 3360 624 a
3393 572 3598 646 curatis
3635 584 3734 646 _seu

368 645 627 714 receptis,
651 659 718 700 ne
749 646 920 701 simus
949 644 1293 702 immemores
1322 659 1510 701 eorum
1543 650 1599 699 et
1629 644 1846 713 ingrati.
1881 647 2010 700 Ces-

368 727 488 788 sare
519 731 648 772 vero
679 724 898 788 oportet
928 718 1316 783 Christianum,
1350 718 1492 771 sicut
1527 715 1798 788 Judaeum,
1834 716 1888 770 in
1919 717 2008 771 die

367 783 508 858 festo
556 783 786 844 maxime
825 805 854 843 a
890 789 1038 844 vitiis
1087 796 1140 844 et
1188 788 1446 858 peccatis,
1497 787 1755 856 quoniam
1803 788 2008 842 servire

369 856 535 913 debet
562 861 694 925 Deo,
728 861 816 915 cui
864 859 1120 928 displicet
1167 856 1326 914 omne
1376 864 1659 928 peccatum
1691 864 1744 912 et
1777 858 2003 924 vitium;

368 929 465 1000 sed
497 929 636 985 ultra
685 931 843 986 decet
891 932 1066 1000 ipsum
1108 945 1322 985 cessare
1353 932 1421 985 ah
1461 930 1608 985 omni
1641 944 1807 998 opere
1839 944 2008 984 δωρη-

370 999 469 1054 lari
503 1015 792 1071 corporeo,
823 999 1006 1057 servili
1037 1007 1201 1071 atque
1231 1002 1354 1056 aliis
1385 1001 1580 1057 diebus
1611 1001 1763 1056 licito
1794 1007 1848 1055 et
1879 1015 2007 1056 con-

367 1079 546 1137 sueto,
581 1075 836 1142 quoniam
881 1071 1076 1128 festa'a
1115 1074 1396 1129 creatione
1444 1072 1631 1127 mundi
1667 1071 1888 1127 fuerunt
1914 1072 2004 1127 in-

369 1143 620 1198 troducta
670 1153 727 1198 ut
756 1145 967 1198 animus
997 1157 1119 1198 cum
1164 1159 1398 1214 corpore
1448 1151 1690 1199 cessaret
1716 1158 1746 1197 a
1776 1143 2002 1210 swculo,

368 1220 422 1267 et
468 1221 789 1270 avocaretur
820 1229 849 1269 a
896 1215 1367 1271 sollicitudinibus
1413 1222 1468 1270 et
1517 1214 1797 1270 laboribus
1844 1214 2007 1284 hujus

369 1285 574 1368 mundi,
607 1293 1130 1368 occupareturvero
1171 1287 1225 1342 in
1276 1288 1371 1368 Dei
1417 1287 1705 1368 obsequio,
1740 1299 2007 1368 receguo-

365 1356 583 1410 scendis
612 1358 730 1424 ejus
767 1358 1051 1413 beneﬁciis
1079 1365 1135 1412 et
1170 1358 1362 1428 gratiis
1401 1357 1724 1428 referendis.
1763 1356 2004 1412 Arbitra-

366 1440 488 1481 mur
535 1428 684 1499 nullo
732 1429 936 1484 saeculo
983 1427 1202 1499 gravius
1247 1443 1348 1484 nec
1398 1427 1740 1498 frequentius
1789 1429 2005 1498 peccari

363 1504 566 1571 contra,
585 1497 847 1555 festorum
879 1497 1120 1555 sanctam
1152 1506 1206 1556 et
1244 1497 1538 1571 legitimam
1567 1497 2002 1555 observationem

362 1583 523 1642 quam
555 1570 612 1625 in
639 1577 850 1636 nostro,
883 1570 1328 1642 quandoquidem
1363 1572 1546 1641 plures
1576 1572 1692 1641 ipsa
1723 1571 2004 1626 insumunt

361 1639 484 1722 voiu
495 1641 735 1724 ptatibus
949 1715 960 1724 θ
974 1639 1177 1724 saeculi
1189 1639 1506 1724 _sectandis,
1529 1644 1585 1698 in
1599 1639 1893 1724 tabernis,
1906 1657 2004 1724 ga-

361 1713 501 1785 neis,
535 1712 746 1785 lusibus
783 1714 1011 1779 illicitis,
1047 1721 1100 1770 et
1129 1715 1253 1769 aliis
1279 1716 1432 1770 vanis
1459 1721 1623 1785 atque
1653 1715 1816 1770 etiam
1847 1712 2004 1785 vitio-

359 1783 436 1854 sis
471 1784 801 1852 actionibus,
835 1787 1139 1854 praesertim
1180 1787 1309 1842 dum
1349 1783 1697 1842 celebrantur
1733 1799 1888 1840 sacra
1921 1784 2002 1840 of-
2023 1790 2071 1845 B

361 1853 519 1926 ﬁcia;
571 1869 638 1910 ex
667 1869 777 1926 quo
808 1853 917 1912 non
958 1858 1237 1922 miramur,
1283 1858 1329 1912 si
1371 1871 1472 1913 nos
1518 1857 2004 1926 apprehenderunt

360 1925 498 1979 mala
528 1939 651 1994 qua:
691 1941 790 1996 per
827 1928 1126 1998 prophetas
1165 1931 1306 1984 Deus
1344 1925 1606 1984 festorum
1644 1928 2006 1983 violatoribus

358 1998 722 2054 comminatur
772 1998 955 2070 (Num.
1007 2015 1114 2068 xv;
1155 2001 1346 2055 Ezech.
1390 2015 1478 2066 xx,
1521 1998 1683 2070 etc.).
1734 1999 2004 2054 Nundinae

358 2086 578 2154 passim,
613 2087 775 2143 etiam
823 2092 1031 2158 qumvis
1068 2088 1465 2144 dissolutiones
1503 2088 1613 2142 illis
1651 2088 1865 2154 diebus,
1906 2080 1990 2148 4|

361 2158 784 2227 negotiationes,
844 2167 1187 2225 mercaturae,
1245 2161 1616 2231 aurigationes
1664 2165 1718 2214 et
1765 2166 2002 2231 vectura

359 2236 705 2301 exercentur,
741 2237 796 2286 et
822 2232 891 2286 ab
921 2231 1042 2287 aliis
1071 2231 1286 2298 diebus,
1320 2229 1520 2301 quibus
1550 2231 1738 2298 licent,
1772 2231 1826 2286 in
1867 2229 2002 2286 festa

358 2298 703 2368 differuntur,
738 2307 797 2357 ut
834 2303 1038 2372 duplex
1086 2303 1284 2358 malum
1316 2298 1370 2358 et
1419 2308 1704 2373 peccatum
1751 2303 2002 2357 commit-

359 2375 522 2444 tatur.
573 2373 756 2428 Curati
814 2373 983 2444 igitur
1030 2375 1143 2429 sive
1191 2375 1402 2439 vicarii,
1455 2374 1897 2438 concinnatores,
1949 2381 2002 2428 et

357 2441 678 2516 confessarii
717 2441 1150 2516 sint'diligentes
1189 2447 1245 2501 in
1275 2445 1660 2516 redarguendo
1693 2444 1897 2514 populo
1929 2445 1996 2499 de

359 2511 751 2582 ingratitudine
799 2530 928 2586 erga
961 2511 1167 2584 'Deum,
1209 2521 1264 2572 et
1311 2511 1528 2572 mortali
1580 2511 1806 2586 peccato
1851 2515 1998 2586 quod

358 2592 550 2639 contra
599 2586 693 2640 Dei
742 2587 1147 2643 ordinationem
1177 2589 1233 2642 in
1262 2587 1558 2643 violatione
1610 2586 1868 2642 festorum
1921 2589 2002 2641 in-

359 2660 608 2720 currunt,
641 2671 705 2711 ac
739 2657 807 2712 de
837 2658 1078 2713 vindicta
1117 2665 1172 2714 et
1211 2659 1438 2714 ultione.
1487 2659 1784 2713 Statuimus
1820 2664 2001 2712 autem

359 2726 556 2798 diebus
585 2726 739 2783 festis
768 2743 869 2784 nec
899 2731 1225 2798 emptiones,
1259 2744 1360 2785 nec
1391 2729 1755 2795 venditiones,
1790 2743 1892 2784 nec
1921 2729 2002 2785 lo-

357 2797 622 2864 cationes,
656 2813 757 2854 nec
795 2797 1098 2867 auctiones,
1134 2816 1234 2856 nec
1275 2801 1413 2856 ullas
1451 2801 1864 2867 dissolutiones,
1898 2814 2000 2856 nec

357 2883 713 2939 quascunque
772 2873 1192 2941 negotiationes,
1227 2887 1330 2929 uec
1376 2873 1622 2928 carnium
1671 2880 1725 2927 et
1772 2872 2000 2926 aliarum

356 2953 538 3013 rerum
567 2943 961 3010 expositiones,
989 2944 1292 3013 praesertim
1324 2945 1378 2998 in
1410 2944 1565 2998 atriis
1596 2949 1645 2998 et
1671 2943 2000 2999 caameteriis

358 3012 685 3084 templorum
716 3013 862 3080 ﬁeri;
897 3015 1170 3070 nundinas
1191 3029 1320 3070 vero
1349 3015 1486 3083 ipsis
1517 3013 1670 3070 festis
1699 3015 2000 3084 assignatas

358 3082 414 3155 in
446 3084 851 3150 przecedentem
873 3086 956 3140 vel
987 3093 1307 3155 sequentem
1339 3082 1483 3141 diem
1515 3086 1691 3153 rejici,
1716 3093 1771 3141 et
1801 3082 1899 3155 per
1927 3086 2002 3139 vi-

359 3154 511 3208 cinas
533 3155 820 3223 parochias
841 3157 896 3211 id
919 3154 1408 3227 prius’signiﬁcari.
1431 3154 1815 3226 Aurigationes
1836 3157 1999 3211 etiam

360 3230 415 3280 et
434 3231 702 3292 vecturas,
725 3234 888 3298 atque
909 3242 1069 3283 omne
1090 3242 1231 3298 opus
1261 3241 1514 3283 manuum
1545 3235 1600 3283 et
1623 3229 1998 3297 jumentorum

359 3298 604 3369 exerceri
638 3299 1010 3368 prohibemus,
1045 3299 1147 3354 nisi
1179 3299 1400 3369 quando
1432 3301 1488 3354 in
1519 3314 1693 3354 messe
1725 3307 1778 3354 et
1814 3300 2003 3354 vinde-

360 3368 465 3423 mia
491 3370 792 3426 secundum
807 3373 931 3441 jura
952 3371 1096 3426 aeris
1118 3368 1491 3441 intemperies,
1513 3371 1598 3426 vel
1619 3371 1726 3428 alio
1756 3378 2002 3440 tempore

358 3453 566 3495 summa
597 3449 651 3497 et
680 3443 896 3498 notoria
944 3443 1244 3499 necessitas
1291 3444 1689 3498 BXCUSBVCFIHL
1731 3445 2001 3498 Caeterum

359 3514 696 3569 vectationes
725 3530 848 3584 quae
881 3528 990 3570 non
1019 3515 1271 3570 affectata
1308 3515 1534 3583 malitia,
1567 3514 1663 3569 sed
1699 3529 1794 3584 per
1824 3521 2004 3570 extra-

361 3597 496 3639 neos
526 3591 874 3642 transeuntes
902 3587 958 3641 in
990 3594 1176 3642 nostra
1207 3586 1434 3642 dimcesi
1465 3587 1520 3640 in
1561 3585 1698 3642 festa
1728 3586 1999 3650 incidunt,

358 3655 549 3728 saltem
581 3657 816 3713 inhiberi
850 3659 1188 3724 mandamus,
1221 3674 1290 3713 ne
1322 3659 1377 3714 in
1409 3657 1708 3728 publicum,
1741 3658 1845 3712 nisi
1878 3664 2004 3726 post

359 3727 708 3784 solemnioris
740 3728 918 3786 missae
949 3730 1370 3794 absolutionem,
1399 3727 1686 3798 prodeant,
1708 3730 1851 3784 sicut
1880 3743 2004 3784 cau-

359 3812 533 3868 ponas
563 3807 726 3868 atque
748 3802 852 3855 alia
883 3801 1004 3855 loca
1028 3801 1262 3870 publicae
1292 3802 1622 3868 corruptelae
1651 3800 1842 3854 saltem
1873 3807 2003 3854 tem-

362 3883 496 3938 pore
518 3871 687 3924 divini
707 3871 882 3926 Ofﬁcii
914 3872 1151 3926 occludi.
1177 3874 1347 3927 Porro
1377 3885 1567 3926 omnes
1595 3870 1857 3926 festorum
1885 3871 2003 3925 sine

361 3941 614 3995 evidente
672 3942 1000 3996 necessitate
1058 3950 1494 4012 transgressores
1549 3947 1604 3996 et
1661 3942 2003 4011 potissimum

361 4017 715 4066 contumaces
759 4018 852 4067 aut
900 4013 1277 4082 deprehensos
1308 4014 1361 4068 in
1406 4012 1691 4082 cauponis,
1723 4013 1778 4067 in
1818 4012 2006 4082 ganeis

361 4087 455 4136 aut
484 4083 796 4138 actionibus
815 4083 1044 4148 illicitis,
1064 4085 1319 4152 jubemus
1349 4097 1534 4139 coram
1567 4091 1756 4138 nostro
1775 4083 2003 4138 Ofticiali

363 4153 542 4220 citari,
576 4160 628 4208 et
674 4161 875 4224 praeter
903 4155 1146 4219 multam,
1182 4156 1330 4226 ipsis
1365 4155 1741 4224 paenitentiam
1793 4155 2004 4226 injungi

361 4239 462 4294 pro
495 4233 720 4295 peccato
751 4234 805 4281 et
841 4227 1102 4282 seandalo
1129 4247 1141 4282 :
1175 4242 1237 4282 ac
1258 4225 1507 4295 relapsos
1526 4227 1609 4281 vel
1635 4225 2005 4281 excommuni-

359 4297 493 4362 cari,
527 4297 610 4352 vel
648 4297 702 4353 in
735 4313 1010 4354 carcerem
1051 4299 1280 4354 retrudi.
1322 4298 1670 4353 Obtestamur
1697 4307 1876 4353 autem
1907 4298 2006 4353 do-

360 4368 540 4424 minos
585 4370 880 4426 saeculares
908 4385 972 4426 ac
1014 4370 1252 4439 judices,
1285 4377 1344 4425 ut
1373 4371 1429 4426 in
1460 4370 1562 4424 hac
1593 4384 1652 4425 re
1681 4369 2004 4439 obsequium

2093 640 2312 703 vicariis
2345 647 2613 701 certiores
2651 643 2788 698 ﬁeri.
2833 645 2947 698 Hoc
2977 656 3141 698 unum
3171 655 3302 697 vero
3337 642 3592 697 omnibus
3629 640 3737 696 fra-

2094 718 2444 774 ternitatibus
2492 715 2892 781 interdicimus,
2926 729 2992 768 ne
3025 715 3078 768 in
3129 714 3352 783 privatis
3400 714 3515 768 suis
3561 715 3734 768 sacris

2092 804 2286 859 aquam
2317 789 2400 843 vel
2434 801 2625 856 panem
2651 786 3136 859 benedicidiebus
3175 784 3470 859 Dominicis
3509 783 3729 852 faciant,

2092 857 2213 930 ipso
2243 860 2386 916 facto
2424 857 2813 930 suspendendo
2839 871 2873 930 a
2906 857 3110 930 divinis
3143 857 3521 930 presbyterum
3552 859 3731 924 cujus-

2092 927 2308 1002 cunque
2337 938 2510 986 status
2527 927 2594 985 et
2621 927 2995 1002 professionis,
3021 929 3114 1002 qui
3143 942 3202 982 se
3234 928 3342 1002 illis
3371 943 3471 996 per
3490 935 3731 982 nostram

2091 999 2380 1059 dimcesim‘
2404 1003 2458 1056 in
2495 1002 2598 1057 hoc
2639 1000 2941 1055 ministrum
2985 999 3282 1068 praebuerit
3317 1019 3327 1053 :
3363 1013 3430 1053 ne
3461 1005 3731 1067 prmtextu

2092 1076 2422 1145 privatorum
2479 1086 2759 1145 sacrorum
2816 1071 3050 1145 pepulus
3096 1076 3356 1126 avocetur
3399 1084 3428 1125 a
3467 1069 3636 1145 missa
3676 1077 3730 1124 et

2089 1142 2278 1202 Ofﬁcio
2320 1144 2640 1216 parochiali,
2672 1145 2813 1216 sicut
2851 1142 3054 1216 ferebﬁt
3087 1159 3099 1195 :
3141 1156 3265 1216 cum
3295 1148 3475 1196 tamen
3508 1142 3730 1216 minime

2092 1218 2253 1274 liceat
2277 1213 2529 1274 omittere
2549 1215 2630 1270 vel
2663 1215 2940 1286 negligere
2970 1213 3024 1268 id
3047 1214 3194 1283 quod
3225 1219 3309 1268 est
3339 1213 3600 1286 praecepti
3631 1226 3730 1286 per

2089 1289 2222 1345 illud
2249 1289 2394 1360 quod
2426 1294 2632 1342 tantum
2665 1284 2758 1360 est
2778 1284 3723 1360 devotionisAetesupererogationis.

2160 1356 2293 1416 Vlll‘.
2327 1359 2590 1428 Quoniam
2619 1358 2850 1413 ecclesia
2881 1357 3077 1412 domus
3097 1357 3191 1411 Dei
3223 1363 3279 1411 et
3308 1356 3576 1411 orationis
3604 1369 3726 1410 esse

2089 1433 2272 1499 debet,
2307 1445 2468 1502 quam
2515 1431 2708 1485 deceat
2755 1428 3087 1502 sanctitudo,
3121 1442 3229 1502 non
3280 1441 3568 1502 possumus
3615 1440 3723 1502 non

2089 1505 2291 1560 moveri
2323 1499 2391 1559 de
2422 1502 2610 1572 populi
2641 1501 3018 1566 irreverentia,
3042 1501 3134 1569 qui
3166 1512 3278 1555 non
3308 1499 3467 1554 aliter
3495 1512 3554 1553 se
3585 1499 3727 1568 gerit

2085 1586 2192 1655 43
2231 1596 2286 1651 in
2329 1608 2391 1649 ea
2423 1605 2583 1662 quam
2630 1591 2686 1645 in
2716 1589 2901 1660 aliquo
2931 1587 3490 1662 negotiationisbforo.
3524 1589 3723 1643 Verum

2087 1680 2209 1721 cum
2271 1660 2507 1721 sciamus
2561 1662 2976 1717 adhortationes
3031 1670 3086 1716 et
3143 1660 3476 1716 monitiones
3535 1673 3724 1728 parum

2091 1738 2356 1807 proﬁcere
2395 1749 2531 1807 erga
2563 1733 2986 1807 populum,_nisi
3015 1731 3087 1807 sit
3117 1732 3209 1807 qui
3247 1733 3300 1786 in
3335 1731 3624 1807 praesentia
3659 1731 3738 1784 in-

2089 1803 2279 1880 crepet
2307 1815 2363 1863 et
2390 1803 2710 1880 assiduitate
2743 1805 2998 1880 duritiem
3033 1805 3151 1872 ejus
3183 1803 3417 1880 frangat,
3451 1803 3746 1880 statuimus

2092 1874 2201 1950 per'
2221 1888 2467 1936 curatum
2499 1892 2596 1933 seu
2626 1877 2889 1950 vicarium
2922 1889 3045 1950 cum
3077 1875 3435 1950 presbyteris,
3466 1874 3747 1950 nobilibus

2089 1945 2241 2019 viris,
2281 1951 2579 2022 judicibus,
2613 1949 2664 2022 si
2697 1949 2792 2018 qui
2842 1945 3743 2022 exstiterint,aedituisecelesite,

2090 2016 2400 2094 eligi'tres:
2437 2035 2603 2094 unum
2635 2016 2731 2094 de_
2752 2019 3110 2094 presbyteris,
3144 2017 3376 2094 alterum
3397 2017 3494 2094 -de
3536 2016 3747 2094 _frater-

2090 2087 2262 2151 nitate
2312 2093 2616 2158 charitatis,
2650 2091 2696 2146 si
2745 2087 2822 2146 ibi
2871 2087 2962 2155 sit,
2996 2090 3078 2145 vel
3129 2089 3197 2144 de
3246 2087 3470 2158 populo,
3503 2089 3645 2143 sicut
3683 2095 3738 2143 et

2087 2168 2328 2231 tertium,
2360 2166 2509 2219 viros
2556 2163 2685 2218 boni
2733 2162 3032 2218 testimonii
3082 2167 3137 2215 et
3184 2162 3420 2229 majores
3476 2167 3626 2221 natu,
3677 2168 3736 2215 ut

2087 2253 2273 2295 eorum
2316 2236 2572 2292 canitiem
2612 2235 2799 2290 caeteri
2849 2237 3221 2297 revereantur,
3263 2233 3358 2301 qui
3407 2231 3733 2286 electionem

2087 2311 2155 2366 de
2185 2325 2243 2365 se
2273 2309 2468 2373 factam
2500 2307 2836 2362 tenebuntur
2863 2310 3149 2374 acceptare
3189 2305 3244 2358 in
3283 2305 3482 2358 virtute
3525 2309 3729 2358 sanctae

2086 2381 2417 2437 obedientize
2457 2381 2587 2443 Deo,
2624 2379 2907 2446 episcopo,
2940 2383 2995 2430 et
3025 2375 3251 2445 proprio
3282 2382 3471 2430 curato
3503 2374 3724 2446 debitze;

2086 2461 2141 2508 et
2179 2452 2428 2508 ecclesiae
2476 2444 2686 2506 ostiarii
2736 2444 3182 2512 nominabuntur,
3215 2453 3443 2516 propter
3488 2444 3727 2501 ofﬁcium

2086 2524 2233 2595 quod
2283 2523 2391 2578 illis
2435 2521 2786 2595 imponimus,
2820 2527 2877 2595 ut
2917 2520 3112 2575 diebus
3150 2517 3304 2595 festis
3342 2519 3726 2595 observentet

2086 2588 2278 2651 notent
2308 2595 2400 2664 qui
2449 2588 2904 2664 de'_presbyteris
2953 2598 3006 2664 et
3057 2589 3405 2664 parochianis
3453 2588 3727 2664 abfuerint

2085 2668 2153 2722 ab
2196 2660 2444 2722 ecclesiae
2491 2660 2716 2729 Oftlciis,
2739 2660 2805 2718 ‘et
2834 2663 3115 2731 inquirant
3144 2676 3249 2729 qua
3279 2661 3348 2716 de
3388 2674 3550 2715 causa
3579 2660 3729 2716 defe-

2085 2738 2282 2803 cerint,
2320 2752 2386 2792 an
2432 2738 2642 2791 interea
2692 2736 2745 2789 in
2777 2734 3062 2802 cauponis,
3095 2733 3177 2788 vel
3227 2733 3456 2796 lusibus,
3489 2731 3574 2786 vel
3605 2732 3728 2787 aliis

2085 2810 2442 2865 saecularibus
2489 2807 2723 2877 negotiis
2771 2813 2986 2875 tempus
3035 2806 3327 2859 insumant.
3381 2806 3526 2858 Intra
3555 2805 3728 2877 eccle-

2085 2882 2219 2936 siam
2249 2895 2379 2936 vero
2411 2875 2629 2934 videant
2678 2892 2838 2946 quem
2885 2878 3119 2946 quisque
3171 2876 3348 2931 locum
3393 2882 3445 2930 et
3477 2875 3725 2930 ordinem

2085 2959 2274 3008 tenere
2304 2952 2521 3014 debeat,
2556 2965 2624 3005 ne
2655 2950 2797 3003 sicut
2827 2950 2976 3017 pravi
3019 2949 3183 3002 moris
3215 2954 3270 3002 et
3299 2947 3615 3002 ambitionis
3645 2956 3728 3002 est

2086 3023 2432 3094 quihusdam,
2465 3021 2634 3094 aliqui
2665 3021 2732 3074 de
2767 3020 3214 3094 populoprimas
3243 3019 3533 3074 cathedras
3562 3033 3728 3094 occu-

2089 3091 2219 3166 pent
2251 3095 2477 3165 propius
2501 3093 2672 3166 altare
2703 3098 2827 3146 ante
2853 3092 3225 3166 presbyteros,
3252 3098 3375 3159 post
3395 3104 3536 3166 quos
3566 3091 3726 3146 decet

2087 3162 2278 3223 omnes
2333 3162 2725 3222 convenienter
2775 3163 2989 3228 sedere,
3048 3176 3146 3232 pro
3203 3177 3298 3216 sua
3355 3162 3618 3231 qualitate
3671 3169 3725 3217 et

2085 3239 2423 3304 conditione,
2456 3243 2619 3305 atque
2659 3237 2713 3290 in
2745 3235 2851 3289 hoc
2889 3235 3142 3289 standum
3181 3234 3286 3288 erit
3319 3234 3529 3301 judicio
3560 3239 3616 3288 et
3640 3249 3725 3288 ar-

2085 3311 2250 3366 bitrio
2290 3309 2658 3372 ostiariorum,
2693 3311 2752 3361 ut
2781 3311 2997 3362 cessent
3037 3320 3134 3374 per
3174 3306 3444 3360 Ecclesias
3473 3319 3536 3359 ea
3565 3305 3634 3360 de
3665 3320 3724 3360 re

2084 3382 2264 3438 solita:
2303 3379 2689 3436 contentiones
2735 3384 2785 3433 et
2837 3378 3084 3433 dissidia.
3126 3377 3582 3445 Circumspiciant
3620 3377 3725 3447 ipsi

2087 3460 2275 3524 postea
2306 3453 2436 3522 quid
2469 3450 2701 3520 quisque
2732 3457 2855 3524 agat
2903 3449 2958 3503 in
2990 3449 3330 3524 ecclesia,_et
3359 3448 3641 3524 quomodo
3666 3463 3724 3504 se

2084 3521 2237 3596 gerat
2265 3540 2295 3580 a
2325 3521 2551 3579 minimo
2585 3537 2756 3596 usque
2783 3521 2849 3576 ad
2882 3521 3724 3596 maximum;_si_caputaperiat,

2084 3591 2261 3667 genua
2291 3611 2411 3651 cum
2443 3609 2583 3664 opus
2613 3601 2695 3648 est
2732 3594 2935 3667 ﬂectat,
2967 3591 3372 3667 Ofﬁciodivino
3403 3593 3642 3647 animum
3675 3601 3728 3647 et

2086 3664 2246 3724 aures
2292 3667 2568 3730 adhibeat,
2603 3667 2647 3720 si
2698 3664 2933 3720 orationi
2982 3664 3280 3719 incumbat.
3332 3666 3570 3733 Agentes
3598 3678 3732 3718 con-

2087 3741 2253 3796 traria
2285 3754 2404 3794 cum
2437 3738 2619 3807 aliqua
2667 3735 2970 3792 reverentia
3010 3742 3066 3790 et
3113 3735 3380 3807 modestia
3417 3735 3728 3804 objurgent,

2087 3819 2142 3867 et
2171 3811 2238 3867 ad
2267 3809 2513 3866 Ofﬁcium
2535 3806 2742 3879 cogant
2766 3829 2779 3873 ;
2821 3821 2931 3862 non
2959 3807 3144 3879 rsinant
3172 3806 3291 3861 sine
3312 3807 3541 3879 _cognita
3569 3821 3732 3862 causa

2087 3883 2230 3938 ullos
2258 3883 2326 3938 de
2357 3876 2830 3950 ecclesiafegredi
2863 3878 2969 3933 nisi
2994 3879 3165 3933 sacris
3194 3876 3462 3932 confectis
3493 3885 3548 3933 et
3575 3879 3735 3934 abso—

2088 3971 2236 4026 lutis.
2280 3963 2390 4031 44
2428 3973 2559 4037 Qua:
2599 3970 2781 4024 omnia
2829 3974 2889 4022 ut
2935 3967 3280 4023 commodius
3329 3975 3591 4035 praestare
3639 3983 3727 4022 va-

2088 4043 2254 4108 leant,
2287 4042 2636 4098 decernimus
2663 4040 2971 4095 alternatim
3001 4053 3163 4094 unum
3187 4038 3256 4093 de
3287 4039 3464 4094 tribus
3494 4046 3638 4094 stare
3669 4041 3728 4094 in

2087 4115 2278 4181 choro,
2310 4113 2538 4169 alterum
2589 4118 2741 4167 extra
2789 4111 3038 4175 chorum,
3071 4113 3292 4164 tertium
3343 4111 3397 4164 in
3446 4109 3616 4165 fundo
3672 4118 3728 4165 et

2088 4185 2430 4241 extremitate
2479 4184 2748 4248 ecclesiae,
2782 4190 2842 4238 ut
2890 4183 3091 4237 intueri
3130 4187 3334 4250 queant
3372 4187 3427 4236 et
3474 4189 3725 4237 contem-

2088 4257 2225 4328 plari
2254 4270 2444 4312 omnes
2465 4256 2808 4328 assistentes.
2841 4254 3059 4328 Siquis
3096 4252 3442 4328 correctione
3486 4252 3725 4328 fraterna

2088 4323 2316 4399 propter
2365 4327 2794 4383 inohedientiam
2842 4323 3162 4394 indi’guerit,
3203 4325 3355 4386 illum
3410 4323 3725 4399 t_res_simui

2089 4395 2416 4456 conveniant
2462 4399 2732 4454 accersito
2775 4410 2958 4452 secum
3006 4402 3197 4451 curato
3243 4409 3340 4449 seu
3389 4395 3614 4450 viCario.
3670 4396 3724 4450 Si

359 4465 623 4528 Ρηθεῑθηί
644 4461 772 4536 ,Πθο
803 4474 866 4514 ac
897 4459 1058 4536 ηρὺίξ
1084 4451 1190 4536 42
1223 4459 1506 4536 Porrigat“
1543 4459 2002 4536 miluusﬂdl'UL-l'it
2023 4451 2688 4535 Diiias'iib'ii"aﬁdiéii‘i,’
2710 4451 2992 4536 _juhemus
3046 4474 3424 4522 contumacem
3481 4467 3639 4521 citari
3696 4482 3726 4521 a

359 4543 472 4595 ces,
497 4544 586 4596 ne,
611 4531 656 4586 si
690 4537 771 4586 tot
799 4531 1086 4601 sacrilegia
1116 4531 1383 4600 impunita
1414 4531 1706 4597 evaserint,
1740 4531 1875 4585 iram
1904 4531 2001 4586 Dei

359 4601 415 4657 ln
447 4615 637 4657 omnes
666 4608 971 4658 accersant.

430 4691 538 4746 VII.
572 4691 812 4746 Fratrias
833 4698 887 4746 et
908 4689 1279 4746 fraternitates
1309 4690 1585 4760 praecipue
1607 4705 1732 4761 quae
1753 4690 2003 4746 charitati

361 4761 417 4832 in
457 4770 643 4817 nostra
676 4763 901 4819 dioecesi
939 4763 1276 4832 deputantur
1311 4761 1698 4832 approbamus,
1732 4768 1786 4817 et
1824 4762 2005 4818 omnia

361 4829 476 4905 fere
507 4833 790 4890 charitatis
827 4848 993 4905 opera
1013 4829 1156 4904 'quae
1198 4847 1296 4903 per
1331 4829 1480 4905 ipsas
1518 4840 1847 4890 exercentur
1883 4834 2003 4889 lau-

362 4902 573 4967 damus,
617 4911 675 4958 ut
725 4902 1078 4961 sunt‘omnia
1125 4902 1308 4960 divina
1353 4902 1542 4960 Ofﬁcia
1581 4911 1637 4960 et
1683 4912 2004 4960 ornamenta

361 4973 748 5040 Ecclesiarum,
785 4990 1238 5046 quorumcunque
1277 4977 1438 5032 etiam
1471 4982 1624 5046 peste
1663 4982 2004 5033 mortuorum

361 5046 692 5116 sepulturas,
717 5052 772 5103 et
801 5050 1110 5116 exsequias,
1134 5061 1351 5104 necnon
1380 5049 1434 5103 in
1469 5062 1740 5118 pauperes
1769 5048 2004 5104 eleemo-

361 5131 542 5188 synas.
577 5121 773 5175 Verum
825 5119 1080 5188 quoniam
1129 5120 1436 5176 audivimus
1484 5120 1914 5176 comessationes
1951 5126 2006 5174 et

362 5132 542 5244 simas.
583 5132 773 5175 verum
825 5132 1080 5188 quoniam
1129 5132 1436 5176 auummus
1484 5132 1914 5176 comessationes
1951 5132 2002 5174 et

362 5202 392 5244 θ
435 5189 677 5258 rietates,
709 5197 766 5246 et
801 5189 937 5245 alias
966 5191 1012 5246 si
1053 5203 1163 5247 non
1194 5192 1417 5248 omnino
1456 5191 1644 5257 malas,
1675 5191 1890 5260 ineptas
1915 5196 2002 5245 ta-

363 5273 486 5316 men
517 5261 1018 5319 confmderationes
1055 5268 1110 5317 et
1155 5262 1402 5318 actiones
1453 5263 1735 5318 charitatis
1784 5263 2004 5318 nomine

361 5331 551 5402 velari,
584 5347 869 5390 monemus
897 5340 953 5388 et
989 5333 1346 5389 adhortamur
1383 5333 1580 5390 fratres
1607 5347 1676 5389 ne
1705 5334 2004 5402 quidquam

363 5401 629 5476 deinceps
659 5405 712 5460 in
743 5407 859 5461 suis
888 5405 1125 5460 coetibus
1172 5405 1455 5476 indignum
1506 5401 1822 5462 hominibus
1849 5401 2006 5460 Chri-

361 5474 558 5530 stianis
586 5478 950 5545 committant,
983 5491 1086 5532 nec
1116 5481 1222 5531 tam
1254 5474 1422 5546 saepe,
1455 5491 1558 5533 nec
1587 5477 1752 5532 tantis
1780 5477 2006 5546 sumpti-

363 5546 468 5619 bus
488 5547 870 5614 conviventur;
903 5549 1000 5605 sed
1029 5549 1416 5619 pauperiorum
1443 5548 1668 5604 fratrum
1689 5554 1744 5604 et
1770 5547 2004 5618 publica:

365 5618 692 5678 calamitatis
711 5621 979 5678 rationem
1003 5618 1262 5688 habeant,
1286 5633 1349 5677 ac
1370 5621 1554 5691 potius
1577 5619 2007 5692 multiplicandis

2087 4548 2279 4599 curato
2310 4556 2492 4598 coram
2524 4541 2686 4597 nobis
2712 4540 2796 4596 vel
2833 4538 3060 4595 Oftlciali
3099 4545 3308 4602 nostro,
3343 4545 3398 4593 et
3427 4537 3494 4593 de
3526 4538 3727 4594 mulcta

2127 4629 2211 4670 uie
2261 4612 2426 4670 fuerit
2473 4613 2699 4676 indicta,
2732 4611 2982 4666 volumus
3020 4610 3234 4664 tertiam
3267 4617 3472 4678 partem
3503 4610 3585 4664 vel
3620 4624 3729 4665 me-

2127 4630 2211 4670 me
2261 4630 2426 4670 tuerit
2473 4630 2699 4676 lnatcw,
2733 4630 2982 4666 VOIUHIUS
3021 4630 3234 4664 lCl'LlaIIl
3267 4630 3472 4678 partem
3505 4630 3585 4664 VC!
3620 4630 3724 4665 ηιθ-

2088 4630 2345 4742 gietatem
2394 4685 2529 4754 ipsis
2575 4683 2817 4740 ostiariis
2863 4681 3147 4751 applicari,
3197 4681 3423 4735 alteram
3479 4679 3724 4754 fabricae.

2087 4758 2348 4813 Volumus
2385 4752 2568 4820 etiam,
2601 4769 2670 4810 ne
2701 4755 2805 4823 ipsi
2837 4753 3047 4809 ostiarii
3085 4759 3397 4822 graventur,
3432 4752 3537 4823 tale
3567 4753 3730 4808 obse-

2088 4830 2275 4899 quium
2324 4835 2584 4898 praestare
2616 4822 2734 4899 Deo
2770 4830 2829 4899 _et
2871 4823 3134 4899 Ecclesiae
3166 4831 3225 4878 ut
3254 4823 3450 4899 diebus
3479 4822 3633 4899 festis
3660 4825 3725 4899 _in

2089 4895 2297 4971 pronao
2326 4895 2518 4956 oretur
2547 4912 2646 4968 pro
2676 4895 3008 4971 ipsis_._Qu0d
3039 4896 3086 4949 si
3116 4897 3170 4950 in
3202 4895 3296 4971 tati
3329 4908 3552 4971 munere
3579 4896 3728 4952 obie-

2088 4965 2217 5038 rint,
2252 4973 2305 5027 in
2338 4965 2562 5040 pietatis
2587 4965 3018 5040 recognitionem
3045 4973 3104 5040 et
3132 4965 3542 5037 gratitudinem.
3579 4981 3731 5022 man-

2089 5044 2282 5099 damus
2329 5038 2384 5097 in
2433 5043 2676 5111 ipsorum
2721 5039 2912 5111 funebre
2949 5038 3162 5111 vigilias
3214 5045 3554 5111 mortuorum
3603 5053 3726 5094 cum

2086 5117 2249 5170 missa
2288 5109 2506 5184 publica
2535 5111 2813 5184 celebrari
2840 5109 3062 5184 tabricae
3094 5109 3410 5184 sumptibus
3439 5115 3494 5164 et
3523 5111 3724 5174 curati,

2087 5180 2332 5256 ipsisque
2363 5183 2722 5254 quadraginta
2761 5181 2972 5237 dierum
3014 5180 3383 5256 indulgentias
3420 5193 3728 5256 erogamus.

2087 5251 2424 5314 conﬁdimus
2467 5251 2646 5310 autem
2677 5265 2864 5308 eorum
2896 5253 3164 5308 senectuti
3197 5259 3252 5306 et
3299 5251 3458 5306 facta:
3487 5252 3557 5307 de
3596 5253 3734 5322 ipsis

2088 5328 2368 5392 electioni,
2402 5324 2538 5380 nihil
2570 5331 2762 5380 contra
2791 5323 3050 5393 aliquem,
3076 5323 3180 5377 nisi
3213 5329 3422 5378 mature
3454 5329 3509 5378 et
3538 5324 3734 5380 ordine

2088 5399 2372 5456 charitatis
2401 5404 2642 5460 acturos,
2675 5395 2846 5466 magis
2877 5401 3055 5451 tamen
3087 5397 3196 5450 Deo
3229 5409 3388 5466 quam
3414 5393 3737 5466 hominibus

2089 5471 2408 5541 placituros.
2433 5468 2641 5523 Tandiu
2663 5465 2791 5541 vero
2823 5481 3042 5541 manere
3065 5466 3119 5520 in
3152 5465 3246 5521 illo
3277 5465 3461 5541 ofﬁcio
3483 5467 3735 5523 volumus

2088 5536 2333 5613 quandiu
2365 5541 2558 5596 electis
2587 5546 2641 5596 et
2669 5539 3006 5594 electoribus
3035 5545 3246 5608 gratum
3279 5536 3465 5593 fuerit.

2159 5633 2246 5690 IX.
2278 5633 2416 5688 Oves
2443 5643 2630 5686 vocem
2679 5627 2917 5698 pastoris
2962 5626 3154 5684 audire
3192 5626 3398 5684 debent
3445 5630 3500 5682 et
3544 5625 3723 5697 ipsum
