4100 6166
395 258 505 314 257

1623 256 1796 315 ACTA
1831 256 2118 314 VETERA.
2158 283 2231 296 —
2264 255 2545 315 APPEND.

3662 270 3769 327 258

392 382 573 453 sequi.
621 381 845 454 Contra,
876 379 1066 454 nescio
1103 394 1212 451 qua
1252 382 1465 454 Satanae
1510 383 1731 449 astutia,
1764 382 1824 454 ﬁt
1853 385 1912 438 ut
1942 367 2230 453 po-A-47
2274 381 2476 438 limites
2522 380 2810 449 excedant,
2843 382 2941 439 sed
2971 384 3028 440 in
3066 385 3175 442 hoc
3213 389 3418 447 saeculo
3467 392 3764 454 ﬁniantur:

394 454 560 526 pulus
587 466 699 508 non
732 452 907 526 solum
938 452 1150 507 alienos
1178 453 1374 526 audiat
1395 458 1449 508 et
1480 461 1743 526 sequatur
1780 452 2044 512 libentius

398 523 561 595 quam
613 523 870 594 proprios
918 529 1139 579 curatos
1184 538 1279 579 seu
1327 524 1597 591 vicarios,
1649 525 1746 581 sed
1796 532 1855 581 ut
1908 526 2044 595 ipsis

397 596 772 652 mercenarios
800 601 1082 667 ropponat,
1114 596 1227 651 sive
1257 609 1396 666 quos
1432 596 1711 667 appellant
1748 597 2044 666 parochia-

399 682 597 723 norum
644 666 908 733 vicarios,
958 668 1070 722 sive
1118 667 1461 737 capellanos,
1515 668 1629 724 sive
1682 682 2041 739 quoscunque

396 739 689 805 ascititios,
713 738 789 792 ita
819 743 879 793 ut
896 739 1274 865 unuse‘uisque
1306 740 1589 810 proprium
1609 738 1714 795 sibi
1744 740 2043 796 constituat

397 811 730 865 ministrum.
752 810 865 865 Nos
893 816 1041 865 atten
1084 818 1240 865 entes
1268 812 1498 865 nraacioi
1528 812 1783 865 omnibus
1810 812 1878 865 ab
1902 814 2043 865 Ano-

397 811 730 866 ministrum.
752 810 865 881 Nos
893 810 1240 865 attendentes
1268 812 1498 881 praecipi
1528 812 1783 867 omnibus
1810 812 1878 866 ab
1902 814 2043 881 Apo-

396 882 545 939 stolo
592 886 653 936 ut
690 880 952 936 obediant
999 880 1315 951 praepositis
1362 880 1498 951 suis,
1530 884 1731 953 quibus
1775 880 2042 939 incumbit

397 970 634 1044 reddere
688 960 797 1044 45
859 969 1127 1044 rationem
1192 984 1294 1044 pro
1359 973 1645 1028 animabus
1700 972 2039 1044 singulorum

399 1040 591 1113 (Hebr.
625 1039 775 1110 xm);
807 1041 1156 1113 attendentes
1191 1039 1418 1113 insuper
1446 1039 1821 1113 quotidianam
1851 1058 2039 1100 eorum

392 1113 846 1178 sollicitudinem,
880 1118 940 1167 ut
968 1112 1169 1168 divinis
1196 1112 1394 1170 ofﬁciis
1436 1112 1491 1170 et
1533 1116 1764 1171 incertis
1800 1116 2042 1171 necessi-

393 1184 601 1240 tatibus
639 1183 879 1257 omnium
920 1183 1297 1257 satisfaciant;
1344 1186 1763 1243 considerantes
1801 1187 2040 1257 denique

390 1257 526 1327 foris
566 1270 792 1328 pugnas,
823 1255 963 1328 intus
974 1255 1197 1328 timores
1240 1255 1331 1328 (II
1356 1259 1478 1313 Cor.
1510 1273 1609 1326 v11,
1640 1258 1726 1328 5),
1757 1255 2039 1314 assiduas-

392 1326 829 1412 queumole‘stias
875 1326 1075 1412 quibus
1120 1326 1395 1412 anguntur
1440 1343 1540 1412 pro
1582 1326 1813 1412 populo,
1868 1330 1943 1385 ita
1981 1335 2043 1412 ut

394 1397 1087 1471 meritorplerosquenon
1137 1397 1311 1471 solius
1354 1397 1679 1457 residentiai
1711 1401 1765 1456 in
1817 1403 2040 1471 propria

396 1469 682 1542 parochia,
705 1469 801 1524 sed
832 1475 889 1542 et
916 1469 1042 1525 vitae
1071 1470 1273 1526 taedeat
1300 1485 1365 1526 ac
1394 1473 1678 1542 poeniteat,
1702 1469 2061 1529 obtéstainur'

392 1540 649 1614 dominos
695 1539 1011 1614 saeculares,
1038 1541 1264 1614 nobiles
1304 1548 1359 1598 et
1395 1539 1757 1614 quoscunque
1796 1558 1864 1599 ne
1894 1558 2039 1600 com-

389 1613 610 1686 mittant
639 1616 698 1666 ut
725 1611 848 1686 illis
864 1612 1202 1686 exrprobetur
1219 1628 1250 1668 a
1270 1611 1572 1686 Scriptura,
1596 1611 1743 1686 quod
1767 1617 1877 1671 sint
1895 1616 2039 1671 sicut

2127 454 2618 537 excommunicatio
2676 454 2995 537 plerumque
3046 455 3101 511 in
3149 457 3258 537 hoc
3304 462 3507 537 mundo
3565 480 3768 537 corpus

2126 530 2291 593 atque
2323 528 2505 607 omnia
2533 539 2656 607 quae
2687 526 2932 607 possidet
2961 527 3126 584 homo
3151 530 3528 607 _male_pe_rdit,
3548 526 3766 607 semper

2124 597 2501 676 vero_ani_m;e
2550 597 2711 652 vitam
2758 597 2903 664 ferit,
2935 613 3045 655 non
3083 597 3353 676 solum‘in
3394 597 3762 676 hoc'saeculo,

2125 666 2222 741 sed
2270 667 2325 721 in
2376 667 2592 731 futuro,
2642 683 2744 724 nec
2794 678 2999 726 tantum
3050 686 3233 727 coram
3278 672 3620 741 hominibus,
3669 666 3765 734 sed

2125 738 2287 816 etiam
2320 753 2503 816 coram
2550 742 2684 796 Deo.
2732 741 2945 816 Idcirco
2986 742 3147 813 longe
3194 745 3432 816 omnium
3483 738 3765 816 poenarum

2124 809 2440 889 gravissima
2488 820 2591 877 est,
2626 826 2728 889 nec
2766 812 2872 866 nisi
2920 827 3020 889 pro
3064 809 3557 889 summisdelic'tis
3601 826 3766 889 atque

2125 880 2381 960 omnibus
2454 882 2714 939 remediis
2786 880 3013 960 tentatis
3085 886 3356 960 exerenda
3391 903 3537 960 ,rac
3601 880 3768 960 supra

2124 952 2494 1027 quodcunque
2540 959 2872 1027 tormentum
2921 956 3047 1011 vitae
3095 956 3257 1026 hujus
3306 952 3764 1027 pertimescenda.

2121 1023 2506 1099 Gravissimum
2535 1038 2666 1079 vero
2697 1025 2957 1099 delictum
2989 1040 3100 1082 non
3133 1023 3237 1083 tam
3268 1023 3505 1099 spectari
3536 1038 3592 1087 et
3621 1035 3768 1089 testi-

2123 1094 2258 1148 mari
2293 1093 2460 1173 debet
2489 1109 2554 1151 ex
2591 1097 2857 1173 gravitate
2887 1103 2942 1152 et
2979 1093 3469 1173 magnitudinerei
3501 1117 3661 1173 quam
3701 1119 3769 1160 ex

2126 1167 2486 1242 perversitate
2539 1167 2777 1242 malitia:
2814 1174 3008 1242 atque
3072 1167 3451 1228 contumaciae.
3517 1167 3631 1242 Qua
3699 1176 3767 1232 de

2125 1250 2307 1312 causa,
2341 1237 2485 1292 sicut
2520 1238 2730 1312 Adam“
2743 1237 2952 1312 primus
2994 1238 3159 1296 homo
3207 1256 3307 1312 per
3335 1237 3771 1303 excommunica-

2124 1308 2329 1384 tionem
2360 1316 2511 1363 extra
2544 1308 2855 1384 paradisum
2886 1311 3102 1384 ejectus
3126 1308 3223 1367 est'
3240 1322 3467 1384 propter
3487 1317 3769 1373 maximam

2123 1379 2179 1433 in
2213 1380 2375 1434 unius
2423 1381 2568 1449 pomi
2618 1394 2735 1445 esu,
2770 1394 2829 1435 re
2878 1382 3217 1448 tenuissima,
3240 1379 3680 1444 'ino'bedientiam
3713 1394 3769 1445 et

2125 1449 2501 1529 rebellionem,
2533 1453 2606 1529 ita
2636 1464 2748 1529 non
2779 1458 2887 1529 tam
2916 1452 3125 1529 attendi
3156 1453 3323 1529 debet
3351 1456 3551 1514 factum
3589 1460 3764 1529 ipsum

2122 1521 2179 1599 in
2214 1522 2794 1599 excommunicatione
2835 1523 3001 1599 justa‘
3042 1522 3267 1580 ferenda
3314 1541 3473 1599 quam
3528 1521 3767 1599 pravitas

2122 1590 2375 1648 facientis
2430 1601 2485 1649 et
2547 1593 2911 1649 contumacia.
2978 1595 3228 1649 Attamen
3285 1590 3347 1651 si'
3396 1590 3595 1655 factum
3648 1602 3765 1658 leve

389 1662 630 1759 53613138
644 1662 1577 1759 “domate;sestertia:
1598 1662 1745 1754 ’ἒὲἶῦ
1767 1662 1877 1756 T27
1893 1662 2038 1743 ξ’ἑθῖῑ
2054 1702 2102 1759 B
2123 1662 2321 1759 {Silia
2357 1664 2824 1759 ηὲίὶηδίὶὲῐέἐδέἓφ
2861 1664 3765 1759 BEE‘EEHE’ZLMEBFPERegii“?!

387 1755 574 1824 potius
620 1768 721 1826 per
765 1755 1148 1826 observantiae,
1208 1757 1480 1826 obsequii,
1538 1758 1917 1814 beneﬁcentiae
1976 1765 2031 1813 et

385 1825 806 1900 gratiﬁcatiouis
851 1825 1209 1894 alacritatem,
1256 1834 1318 1900 ut
1363 1825 1615 1897 invitent,
1657 1837 1821 1900 atque
1869 1830 2031 1886 etiam

387 1896 802 1970 quodammodo!
833 1905 1032 1968 cogant
1078 1898 1360 1969 proprium
1399 1908 1673 1970 pastorem
1703 1896 1771 1958 ad
1810 1916 2032 1957 manen-

386 1968 515 2023 dum
546 1982 668 2041 cum
698 1968 1049 2041 ipsisratque
1078 1968 1447 2041 peragendum
1479 1972 1842 2029 ministerium
1871 1987 2029 2028 suum

386 2054 456 2095 ex
482 2039 880 2114 animo.‘_Quod
910 2041 957 2095 si
988 2042 1161 2097 curati
1192 2039 1289 2098 seu
1320 2044 1509 2111 vicarii
1546 2044 1729 2114 aliqua
1769 2044 1823 2099 in
1855 2059 1914 2099 re
1945 2059 2030 2100 re-

383 2110 788 2186 prehensibiles
826 2117 1105 2186 putantur,
1140 2114 1385 2186 quamvis
1420 2115 1488 2170 ab
1516 2110 1782 2186 Apoétolo
1812 2129 2032 2172 monea-

384 2196 527 2257 mur,
577 2198 705 2257 non,
736 2180 895 2257 facile
941 2180 1221 2257 adversus
1244 2180 1599 2257 presbyterum
1646 2189 2031 2243 accusationem

380 2253 614 2329 recipere
649 2252 705 2324 (Ι
736 2255 865 2329 Tini.
898 2270 956 2322 v,
977 2255 1119 2326 xIx),
1155 2252 1511 2314 nihilominus
1540 2258 1808 2316 clamores
1837 2259 2029 2329 p0puli

381 2326 663 2401 patienter
682 2325 995 2401 audiemus,
1030 2325 1131 2382 nec
1160 2337 1384 2401 peccata
1415 2336 1730 2386 curatorum
1760 2325 2028 2401 impunita

379 2395 648 2472 sinemus.
682 2397 876 2472 verum
922 2410 1089 2472 nemo
1138 2395 1234 2454 eos
1279 2399 1492 2456 deferat
1537 2416 1605 2457 ex
1651 2395 2027 2472 improborum

378 2467 655 2542 opinione
697 2466 811 2520 sive
860 2466 1148 2542 relatione,
1181 2484 1282 2525 nec
1313 2486 1379 2526 ex
1408 2472 1592 2542 aliqua
1639 2466 1944 2529 oﬁénsione
1973 2480 2029 2528 et

376 2536 788 2612 indignatione,
819 2538 913 2612 sed
946 2538 1131 2612 potius
1160 2554 1226 2595 ex
1255 2536 1536 2611 comperta
1568 2548 1623 2598 et
1652 2545 1882 2612 probata
1911 2545 2027 2598 cri-

377 2608 550 2683 minis
598 2607 845 2683 veritate2
888 2608 1154 2683 studeant
1198 2607 1398 2666 autem'
1419 2613 1524 2682 ipsi
1573 2607 1747 2668 curati
1787 2614 1971 2683 potius
1999 2628 2029 2669 a

377 2678 498 2752 suis
526 2679 697 2752 amari
728 2685 785 2733 et
813 2680 1116 2752 desiderari
1147 2695 1309 2751 quam
1340 2678 1541 2750 timeri,
1566 2690 1622 2740 et
1650 2678 1803 2741 sicut
1822 2684 2027 2752 ofﬁcio,

378 2749 471 2822 ita?
488 2749 700 2804 meritis
728 2763 793 2822 ac
817 2751 980 2806 bonis
1010 2749 1272 2820 operibus
1303 2768 1563 2822 praeesse.

452 2821 517 2896 Χ.
568 2820 839 2896 Hospitia,
896 2820 1423 2896 administrationes,
1474 2832 1530 2881 et
1586 2827 1904 2896 leprosariae
1962 2841 2031 2881 ex

379 2890 566 2946 edicto
592 2894 745 2961 regio
770 2891 1035 2947 laicorum
1063 2894 1315 2963 regimini
1345 2890 1613 2953 innostra
1635 2890 1861 2954 dioecesi
1883 2911 2029 2953 com-

2124 1734 2345 1801 malum,
2395 1749 2497 1791 nec
2553 1734 2805 1791 facientis
2860 1735 3199 1791 manifestam
3256 1734 3652 1797 contumaciam
3710 1749 3767 1799 et

2121 1806 2431 1862 induratam
2478 1820 2662 1862 secum
2715 1808 2959 1873 traxerit,
2994 1808 3276 1879 indignum
3318 1810 3629 1877 judicamus
3664 1827 3767 1868 ex-

2123 1879 2641 1934 communicatione.
2682 1882 2985 1948 Antequam
3016 1887 3195 1935 autem
3228 1880 3322 1935 ulli
3355 1896 3385 1936 a
3415 1884 3619 1939 nostris
3648 1883 3762 1943 ofﬁ-

2122 1949 2306 2025 ciariis
2351 1950 2701 2025 concedatur,
2737 1951 2803 2025 _si
2852 1949 3172 2025 nominatim
3220 1952 3481 2025 adversus
3524 1954 3763 2025 aliquem

2121 2021 2345 2090 petitur,
2377 2020 2627 2076 volumus
2664 2021 2817 2090 prius
2846 2020 2914 2075 de
2954 2022 3351 2078 monitionibus
3387 2030 3443 2079 et
3481 2020 3765 2081 charitatis

2122 2092 2467 2147 correctione
2517 2098 2790 2166 constare.
2850 2092 3060 2166 Sinrde
3104 2094 3338 2149 occultis
3376 2110 3499 2164 quae
3547 2097 3762 2166 probati

2120 2170 2397 2238 nequeant
2444 2163 2774 2232 postulatur,
2806 2163 3096 2238 statuimus
3125 2178 3156 2219 a
3195 2163 3511 2234 petentibus
3547 2163 3763 2238 inquiri

2119 2235 2173 2308 si
2217 2234 2434 2308 aliquos
2479 2238 2769 2303 suspectos
2818 2234 3073 2308 habeant,
3106 2242 3161 2290 et
3208 2238 3429 2308 nomina
3460 2234 3661 2308 excipi,
3693 2239 3762 2294 de

2120 2305 2315 2374 hisque
2344 2305 2411 2359 ad
2443 2312 2689 2379 curatum
2728 2320 2826 2360 seu
2853 2306 3341 2379 vicariumscribi,
3375 2313 3436 2362 ut
3471 2305 3763 2379 antequam

2120 2377 2754 2449 excommunicationemr
2784 2376 3048 2445 publicet,
3083 2376 3210 2449 illos
3251 2386 3517 2446 accersat,
3549 2376 3764 2449 ac‘pri-

2118 2450 2281 2503 vatim
2331 2455 2551 2520 moneat
2607 2447 2891 2503 charitatis
2945 2448 3312 2504 correctione.
3364 2450 3480 2505 Nisi
3537 2447 3764 2520 praefata

2120 2520 2302 2573 omnia
2357 2518 2562 2575 fuerint
2607 2520 2915 2583 observata,
2968 2520 3349 2575 interdicimus
3404 2518 3609 2578 curatis
3664 2536 3761 2578 seu

2118 2590 2337 2644 vicariis
2365 2591 2431 2645 ad
2468 2590 2894 2660 publicationem
2930 2591 3255 2660 procedere.
3288 2591 3553 2650 Nolumus
3580 2598 3762 2649 autem

2122 2666 2314 2728 postea
2378 2662 2973 2717 excommunicationes
3047 2661 3419 2732 perfunctorie
3486 2670 3542 2720 et
3606 2665 3763 2734 quasi

2121 2747 2396 2821 plebeium
2428 2741 2534 2821 4,8
2567 2749 2792 2821 aliquod
2822 2749 3135 2805 mandatum
3164 2750 3232 2804 ab
3261 2750 3371 2805 illis
3398 2752 3600 2807 cursim
3629 2751 3758 2821 legi,

2120 2824 2176 2874 et
2196 2818 2530 2904 publicari;
2552 2820 2943 2904 .sednsernper
2972 2821 3389 2904 cum“horrore_
3421 2828 3477 2904 et
3520 2818 3765 2878 interfui?

2120 2890 2344 2963 natione
2390 2891 2564 2963 divini
2608 2890 2824 2963 judicii,
2875 2904 2939 2946 ac
2988 2890 3223 2960 publicae
3271 2891 3327 2947 in
3375 2898 3543 2949 totam
3594 2906 3761 2963 paro-

378 2960 693 3030 mittuntur,
726 2969 786 3017 ut
814 2965 889 3038 in_
910 2960 1328 3038 pietatis'opera
1365 2969 1767 3036 expendantur.
1800 2972 2028 3038 Compe—
2058 3031 2090 3038 _
2121 2960 2297 3015 chiam
2320 2960 2685 3038 _al_‘ﬁ_ictioui_s_
2713 2962 3310 3038 si_exc_ommunicatus
3339 2964 3395 3038 in
3434 2960 3763 3038 illartolera-

378 3034 552 3089 rimus
571 3041 752 3089 autem
782 3031 970 3090 multis
998 3036 1055 3090 in
1076 3031 1216 3092 locis
1245 3037 1379 3093 nihil
1406 3031 1474 3094 d'e
1495 3039 1583 3095 his
1610 3047 1704 3095 aut
1731 3031 2025 3096 admodum
2049 3031 2091 3090 α
2121 3039 2247 3097 tur;
2283 3032 2355 3088 οἱ)
2386 3033 2551 3102 idque
2583 3032 2788 3088 differri
2832 3032 3107 3101 .illbemlls.

379 3118 555 3182 pauca
600 3107 674 3182 iu_
704 3104 1039 3182 hujusmodi
1068 3121 1236 3182 opera
1283 3109 1552 3177 recidere,
1584 3111 1682 3167 sed
1734 3112 1920 3182 potius
1955 3111 2024 3166 ad

376 3175 712 3253 sublevanda
761 3177 980 3253 publica
1027 3175 1411 3253 habitatorum
1444 3175 1613 3237 onera
1661 3175 1825 3253 atque
1862 3184 2025 3238 etiam

377 3247 607 3321 tributa,
638 3248 817 3321 autin
864 3250 1223 3321 quorumdam
1273 3252 1687 3321 particularium
1736 3247 2025 3310 commoda

375 3320 586 3384 venire,
620 3320 714 3388 qui
744 3333 804 3374 se
832 3319 1142 3376 alternatim
1171 3319 1388 3378 illarum
1419 3325 1671 3394 regimini
1702 3325 2022 3394 praeferunt,

375 3398 482 3485 46
516 3420 584 3463 ne
612 3407 805 3485 ﬁdeles
825 3408 1168 3485 de_acceptis
1197 3411 1454 3485 rationes;
1470 3414 1709 3485 reddant
1738 3414 1793 3469 in
1824 3415 2027 3485 quibus

374 3479 559 3534 solent
604 3479 785 3554 omnia
835 3478 1039 3554 referre
1062 3478 1307 3551 expensa
1337 3484 1392 3537 in
1441 3483 1586 3551 lites,
1622 3478 2022 3554 reparationes,

372 3556 542 3619 atque
570 3550 705 3628 alias
732 3550 1281 3628 cavillationes,’eum
1303 3554 1514 3628 interea
1539 3550 1948 3628 c0gnoscantur
1968 3550 2024 3628 in

373 3635 504 3696 suas
550 3622 817 3677 utilitates
844 3624 1093 3696 vertisse.
1145 3625 1401 3690 Quamvis
1446 3622 1637 3682 autem
1677 3629 1924 3696 episcopi
1954 3627 2029 3681 sit

372 3693 564 3766 videre
594 3701 650 3766 et
676 3706 869 3766 cavere
900 3694 968 3749 de
999 3696 1259 3750 omnibus
1292 3696 1456 3751 bonis
1485 3712 1610 3766 quae
1649 3693 1840 3766 pietati
1871 3693 2025 3752 intra

372 3763 659 3837 dimcesim
690 3764 1044 3834 deputantur,
1079 3772 1258 3821 tamen
1303 3781 1373 3822 ne
1403 3763 1536 3836 quid
1566 3763 1811 3837 ab'ipsis
1841 3774 2023 3825 recto-

372 3835 532 3909 ribus
582 3843 833 3909 repetere
880 3838 1174 3905 possimus,
1206 3835 1481 3893 afﬁrmant
1519 3853 1620 3909 per
1657 3835 1898 3896 edictum
1930 3853 2029 3895 re-

370 3907 527 3977 gium
555 3907 689 3961 nihil
720 3906 789 3961 ad
819 3920 923 3963 nos
951 3910 1249 3978 pertinere.
1289 3911 1401 3965 Nos
1429 3906 1559 3967 vero
1590 3911 1781 3967 saltem
1813 3920 1873 3967 ut
1900 3911 2024 3966 illo—

372 3992 495 4033 rum
530 3978 885 4052 conscientiis
921 3980 1273 4052 consulamus
1300 3987 1357 4036 et
1394 3995 1462 4037 ne
1492 3996 1616 4052 quae
1646 3983 1867 4052 pietatis
1895 3990 2025 4038 sunt

373 4056 434 4104 et
470 4050 646 4104 nostri
687 4048 852 4105 ofﬁcii
883 4050 1289 4118 obliviscamur,
1332 4048 1662 4109 manda—mus
1680 4056 1887 4110 curatis
1924 4068 2022 4110 seu

369 4121 597 4195 vicariis
626 4120 682 4175 in
715 4134 945 4195 pronao,
988 4123 1687 4195 interﬂexcommunicatos
1723 4126 1845 4195 ipso
1875 4125 2020 4181 facto

369 4205 411 4267 a_
430 4193 578 4260 jure,
610 4192 895 4267 nominare
925 4198 1001 4267 etp
1018 4193 1300 4267 publicare
1330 4208 1522 4252 omnes
1550 4192 1799 4253 rectores
1838 4198 2023 4267 hospi-

370 4263 598 4329 tiorum,
638 4262 1194 4331 administrationum,
1225 4265 1671 4336 leprosariarum,
1705 4275 1760 4324 et
1788 4262 2022 4324 fabrica-

370 4348 518 4400 rum,
549 4341 808 4404 tanquam
850 4349 1149 4405 pauperum
1188 4344 1244 4392 et
1281 4338 1638 4393 ecclesiarum
1675 4338 2087 4406 fraudatoresD

370 4411 433 4461 et
450 4406 752 4481 sacrilegos
779 4412 1050 4481 raptores,
1074 4422 1104 4462 a
1125 4408 1327 4481 quibus
1345 4408 1421 4481 de
1435 4410 1598 4481 bonis
1619 4409 1834 4466 illarum
1856 4411 2019 4481 quid-

369 4490 538 4551 quam
561 4476 832 4551 alicnatur
850 4477 969 4551 sine
988 4476 1315 4535 auctoritate
1337 4480 1555 4549 publica
1574 4486 1737 4551 atque
1759 4476 2020 4538 ecclesia-

368 4549 640 4623 stieaavel
668 4548 726 4603 in
759 4550 1040 4623 proprium
1070 4550 1415 4623 commodum
1446 4548 1774 4623 quacunque
1805 4554 2018 4609 ratione

371 4618 722 4694 transfertur,
744 4618 1166 4694 velCollocatur
1185 4622 1241 4694 in
1265 4618 1527 4692 profanos
1546 4618 1861 4694 usus—atque
1880 4625 2021 4681 alios

370 4704 536 4759 quam
564 4691 623 4746 in
661 4691 883 4763 pietatis
910 4705 1100 4762 opera,
1131 4691 1334 4763 quibus
1362 4708 1430 4750 ex
1476 4691 1800 4751 fundatione
1847 4696 2020 4753 desti-

370 4769 596 4834 nantur,
627 4768 791 4832 atque
831 4762 1113 4820 declarare
1148 4762 1309 4834 quod
1357 4766 1536 4822 eidem
1583 4768 2019 4824 excommunica-

369 4832 513 4888 tioni
538 4834 862 4907 subjaceant
894 4848 1086 4891 omnes
1113 4832 1303 4892 eorum
1334 4838 1632 4907 participes
1654 4845 1711 4893 et
1740 4840 2016 4907 conscios,

369 4906 662 4975 tenerique
709 4912 873 4975 atque
922 4919 1112 4962 eorum
1160 4906 1412 4964 haeredes
1458 4906 1545 4964 ad
1586 4906 2015 4967 restitutionem.

366 4976 527 5041 Quod
555 4976 702 5050 ipsis
739 4976 1029 5050 injungere
1067 4980 1386 5036 mandamus
1415 4993 1606 5036 eorum
1645 4979 2021 5050 confessariis,

367 5060 476 5102 nec
510 5047 616 5103 nisi
648 5061 771 5103 cum
799 5047 895 5103 illa
909 5047 1258 5120 ‘obligatione
1288 5051 1691 5108 absolutionem
1721 5053 1872 5109 dare.

591 5128 671 5181 De
696 5128 955 5183 sententia
982 5132 1528 5187 excommunicath
1552 5132 1792 5202 ferenda.

438 5205 484 5260 Ι.
524 5206 769 5275 Populus
796 5208 1084 5265 celerrime
1123 5224 1187 5264 ac
1225 5210 1498 5267 levissime
1527 5212 1671 5269 solet
1698 5212 1766 5268 ad
1797 5224 2016 5269 excom-

366 5276 763 5352 municationis
820 5293 1144 5352 mucronem
1203 5289 1395 5337 contra
1453 5284 1760 5352 proximum
1820 5284 2020 5340 decur-

367 5349 646 5425 rere,_se_d
679 5349 939 5425 eamdem
973 5351 1136 5425 latam
1165 5351 1406 5425 vicissim
1456 5349 1742 5425 consuevit
1787 5370 1888 5425 pro
1927 5356 2020 5410 ni-

367 5418 494 5495 hilo
534 5420 762 5495 habere,
795 5436 897 5479 nec
927 5423 1189 5478 inflictam
1219 5424 1287 5478 ah
1318 5437 1382 5478 ea
1432 5423 1642 5495 plagam
1673 5418 1900 5494 sentire,
1935 5426 2018 5482 vel

368 5492 647 5563 cogitare.
675 5494 870 5550 Verum
901 5508 1026 5550 eum
1063 5508 1255 5551 omnes
1293 5507 1492 5563 pmnze,
1525 5492 1649 5563 qua;
1677 5498 1746 5553 ab
1775 5492 2018 5554 homini-

369 5561 540 5620 nibus
566 5562 898 5636 inferuntur,
922 5571 1133 5627 tantum
1164 5561 1370 5638 corp—us
1398 5561 1676 5637 occidant,
1698 5582 1801 5625 nec
1830 5569 2020 5625 mundi

3142 3047 3302 3116 quam
3332 3034 3638 3116 diutissime
3668 3050 3764 3116 po-

2119 3103 2269 3168 terit,
2293 3103 2874 3176 excommunicationis
2902 3102 3357 3176 fulminationem,
3390 3102 3762 3176 exspectando

2113 3188 2240 3229 reos
2268 3180 2322 3229 et
2370 3176 2623 3230 conscios
2674 3174 2741 3229 ad
2792 3175 3190 3244 pmnitentiam.
3242 3174 3674 3244 confessionem,
3709 3185 3765 3233 et

2111 3259 2233 3300 cum
2284 3246 2419 3315 ipsis
2466 3245 2690 3301 offensis
2738 3246 3269 3303 reconciliationem.
3318 3249 3450 3304 Cum
3490 3263 3620 3305 vero
3659 3249 3767 3304 ful-

2111 3317 2430 3372 minationis
2476 3317 2595 3372 dies
2640 3317 2946 3383 advenerit,
2996 3318 3317 3373 mandamus
3363 3320 3431 3374 ad
3490 3326 3760 3375 terrorem

2109 3388 2465 3444 conscientiis
2510 3387 2888 3443 incutiendum
2919 3395 2976 3441 et
3011 3389 3078 3442 ad
3120 3388 3433 3456 ponendum
3464 3390 3536 3444 ob
3565 3389 3759 3445 oculos

2109 3459 2691 3513 excommunicationis
2730 3457 3003 3521 effectum,
3036 3465 3163 3513 ante
3204 3458 3383 3512 locum
3426 3460 3617 3527 pronai
3648 3467 3760 3515 sta-

2110 3530 2215 3583 tuit
2243 3527 2504 3583 feretrum
2535 3534 2785 3595 opertum
2818 3527 2959 3596 palla
2989 3534 3328 3582 mortuorum
3362 3544 3482 3583 cum
3514 3530 3758 3586 ardenti-

2111 3600 2216 3654 bus
2243 3599 2421 3653 cereis
2448 3605 2614 3666 atque
2643 3612 2784 3665 aqua
2816 3596 3124 3663 benedicta,
3158 3604 3213 3652 et
3258 3599 3313 3651 in
3346 3599 3453 3654 ﬁne
3502 3598 3756 3656 fulmina-

2109 3669 2279 3723 tionis
2335 3682 2528 3723 cereos
2583 3668 2877 3737 exstingui,
2935 3673 3100 3736 atque
3156 3681 3349 3737 aquam
3410 3670 3759 3727 benedictam

2108 3738 2353 3807 effundi;
2396 3752 2611 3812 necnon
2642 3738 2954 3812 denuntiari
2993 3739 3248 3812 omnibus
3289 3748 3347 3795 ut
3385 3743 3761 3798 excommuni-
3844 3792 3867 3812 ,

2108 3816 2288 3883 catum
2329 3810 2643 3881 quicunque
2683 3811 2755 3865 sit
2793 3810 3024 3883 lugeant
3052 3811 3232 3865 verius
3280 3819 3555 3868 mortuum
3595 3827 3757 3883 quam

2105 3882 2224 3938 sola
2254 3895 2525 3955 corporea
2556 3888 2733 3937 morte
2774 3881 3114 3947 defunctum,
3156 3895 3259 3937 nec
3296 3883 3469 3955 magis
3507 3881 3629 3940 cuni
3660 3884 3758 3943 illo

2107 3952 2542 4028 conversapdum
2583 3966 2761 4028 quam
2824 3967 2947 4028 cum
3006 3952 3757 4028 mortuo,r_quandocuuque

2106 4026 2325 4095 agnitus
2360 4023 2546 4080 fuerit.
2579 4025 2656 4080 Eo
2686 4023 2801 4079 fere
2852 4024 2961 4079 ritu
3002 4026 3211 4095 primos
3256 4023 3598 4084 Christianos
3626 4023 3758 4085 usos

2106 4097 2162 4169 in
2204 4095 2600 4169 promulganda
2651 4096 3218 4169 excommunicatione
3238 4111 3305 4169 ex
3336 4100 3759 4169 antiquitatibus

2104 4167 2429 4223 Christianis
2457 4174 2706 4236 apparet,
2739 4173 2794 4222 et
2831 4167 3011 4222 adhuc
3040 4168 3097 4222 in
3137 4167 3759 4237 quibusdam—Ecclesiis

2106 4239 2469 4310 observantur
2514 4237 2765 4307 quaedam
2803 4237 3053 4310 vestigia.
3095 4239 3281 4310 Porro;
3315 4241 3568 4310 quisquis
3623 4255 3758 4297 con-

2107 4310 2286 4365 victus
2314 4308 2481 4365 fuerit
2509 4308 2908 4376 contempsisse
2938 4308 3561 4379 excommunicationem
3590 4325 3755 4379 quam

2108 4380 2270 4436 scivit
2305 4394 2365 4436 se
2404 4379 2703 4435 incurrisse
2729 4421 2743 4445 ,
2796 4392 2896 4448 pro
2954 4377 3217 4433 hzeretico
3266 4381 3445 4434 notari
3495 4377 3663 4435 debet
3699 4387 3757 4436 et

2106 4451 2291 4517 vitari,
2323 4456 2489 4520 atque
2517 4450 2586 4506 ab
2616 4449 2871 4506 omnibus
2899 4449 2956 4505 in
2978 4450 3071 4520 jus
3101 4448 3266 4515 trahi,
3291 4463 3380 4515 ne,
3404 4450 3763 4519 quemadmo-

2110 4522 2240 4577 dum
2306 4521 2555 4590 loquitur
2616 4520 2914 4592 Apostolus
2970 4534 3091 4577 cum
3148 4521 3217 4577 de
3283 4522 3757 4579 excommunicato

2109 4594 2248 4664 agit,
2300 4592 2557 4648 modicum
2618 4593 2921 4664 fermentum
2976 4597 3138 4664 totam
3191 4606 3421 4664 massam
3475 4598 3533 4648 et
3588 4605 3756 4662 paro-

2110 4662 2289 4720 chiam
2337 4662 2636 4735 corrumpat
2678 4666 2729 4735 lt
2770 4665 2902 4735 Cor,
2942 4677 2998 4729 v,
3051 4662 3137 4735 6),
3164 4675 3289 4735 non
3339 4662 3516 4719 solum
3565 4677 3757 4721 omnes

2109 4733 2614 4792 excommunicatos
2650 4733 2963 4800 efﬁciendo,
3006 4733 3102 4789 sed
3158 4734 3292 4787 iram
3330 4735 3439 4805 ,Dei
3476 4740 3532 4790 et
3569 4734 3757 4805 publi-

2110 4821 2228 4863 cam
2268 4807 2632 4862 calamitatem
2685 4807 2741 4861 in
2791 4818 2983 4862 omnes
3004 4804 3402 4877 “provocando.
3456 4804 3758 4877 Propterea

2108 4879 2430 4934 mandamus
2479 4876 2833 4933 confessariis
2870 4874 3124 4930 omnibus
3161 4881 3222 4930 ut
3277 4874 3588 4935 examinant
3642 4891 3756 4934 non

2109 4950 2287 5006 solum
2319 4963 2387 5005 an
2414 4949 2743 5004 conﬁtentes
2771 4948 2883 5002 sint
2908 4945 3013 5000 sibi
3044 4947 3253 5003 conscii
3283 4947 3514 5018 alicujus
3542 4963 3758 5005 excom-

2108 5021 2518 5087 municationis,
2560 5019 2658 5075 sed
2690 5017 2853 5074 etiam
2883 5019 3319 5074 conversationis
3356 5034 3479 5075 cum
3518 5021 3758 5091 cognitis

2108 5107 2634 5175 excommunicatis,
2677 5109 2733 5162 et
2770 5105 3060 5178 injungere
3099 5099 3204 5169 49
3247 5113 3309 5163 ut
3327 5120 3425 5164 eos
3448 5112 3601 5164 extra
3625 5121 3758 5170 eon-

2112 5178 2409 5237 fessionem
2440 5179 2705 5236 revelent.

2476 5269 2554 5324 De
2579 5265 2773 5323 scholis
2802 5270 2852 5323 et
2888 5281 3068 5323 earum
3096 5266 3383 5337 mgistris.

2182 5360 2320 5429 Spes
2357 5362 2414 5414 et
2449 5356 2800 5429 seminarium
2833 5356 3120 5429 religionis
3165 5360 3220 5411 et
3267 5356 3529 5413 Ecclesia:
3568 5358 3753 5417 catho-

2110 5427 2233 5486 licaé
2280 5444 2343 5485 ac
2394 5428 2719 5500 reipublicae
2758 5428 2816 5483 in
2844 5427 3075 5500 scholis
3128 5433 3397 5495 versatur,
3454 5429 3512 5484 in
3551 5430 3755 5500 quibus

2104 5503 2365 5572 juventus
2418 5499 2735 5572 eﬁ‘ormetur
2786 5499 2853 5555 ad
2914 5499 3079 5572 ﬁdem
3130 5512 3334 5572 veram,
3402 5499 3659 5570 pietatem
3690 5506 3755 5572 _et

2111 5570 2440 5640 doctrinam,
2480 5575 2543 5628 ut
2568 5570 2699 5628 inde
2735 5572 2914 5630 sancti
2943 5576 3001 5628 et
3028 5570 3215 5628 idonei
3243 5571 3584 5642 sacerdotes,
3605 5570 3754 5643 judi-
