4100 6166
320 276 428 332 θῶθ

1405 268 1699 327 JOANNES
1735 268 2150 326 ARCHIEPISC.
2192 268 2527 327 ROTOMAG.

3591 263 3697 317 260

322 417 414 460 ces
452 407 507 459 et
564 398 755 472 populi
801 399 1203 472 gubernatores
1270 401 1659 472 propagentur:
1701 393 2292 472 QuoniamAeationis
2322 394 2612 472 postillos
2649 394 2789 472 duos
2817 406 3032 472 menses
3069 390 3533 472 incurrendae,_ut
3571 390 3697 472 red-

320 489 445 546 qua:
485 466 660 544 prima
700 466 1245 546 cura‘parentibus,
1271 466 1285 468 “
1314 475 1381 546 et_
1434 466 1746 546 civitatibus
1800 473 1964 546 atque

325 538 605 616 episcopis
637 558 757 600 esse
785 538 1018 611 solebat,
1051 547 1325 616 postrema
1356 538 1498 616 facta
1524 542 1627 616 est,
1658 542 1751 592 aut
1780 539 1964 607 potius

318 609 489 685 nulla,
519 609 742 687 pessum
782 616 965 671 ierunt
1005 609 1211 687 omnia,
1254 616 1310 666 et
1362 609 1659 687 perii_t__lex
1707 623 1737 664 a
1778 623 1962 687 sacer-

317 681 482 756 dote,
503 681 938 759 jurisprudentia
977 699 1005 739 a
1030 684 1329 759 judice,_et
1356 681 1647 737 consilium
1678 682 1959 759 ac__provi_-

318 752 563 816 dentia'a
594 752 781 830 populi
810 752 1197 830 gubernatore.
1232 754 1413 830 Ifictas
1441 766 1584 830 vero_
1605 760 1657 830 et
1677 752 1961 830 religionis

317 840 482 902 atque
522 823 1129 902 hominum'consensio
1153 826 1209 902 in
1240 823 1509 902 factiones
1537 824 1673 902 abiit
1695 832 1749 879 et
1779 823 1959 879 studia

319 896 613 960 contraria.
649 902 860 957 Idcirco
887 900 954 954 ad
985 897 1166 953 omnia
1196 896 1300 951 ista
1328 896 1682 951 instauranda
1714 901 1771 951 et
1801 902 1959 951 resti-

318 975 521 1031 tuenda
560 987 666 1029 una
732 973 815 1026 via
853 968 1261 1039 compendiaria
1316 967 1555 1033 videtur,
1597 968 1643 1039 si
1683 981 1712 1021 a
1752 968 1960 1039 teneris

216 1038 227 1049 ’
317 1059 695 1102 assuescamus
731 1038 989 1098 homines
1017 1040 1198 1095 vivere
1249 1045 1303 1094 et
1360 1039 1574 1094 institui
1628 1038 1684 1093 in
1749 1038 1956 1094 eisdem

319 1118 546 1180 scholis,
576 1116 729 1184 quasi
760 1114 815 1168 in
843 1113 1037 1168 eodem
1069 1111 1220 1178 ovili,
1241 1109 1547 1184 eodemque
1570 1110 1711 1165 lacte
1734 1109 1956 1184 religio-

319 1190 405 1244 nis
435 1196 489 1243 et
518 1182 784 1242 doctrina:
816 1184 1007 1250 imbui,
1041 1190 1205 1251 atque
1235 1182 1379 1237 idem
1412 1195 1639 1251 prorsus
1666 1182 1870 1236 sentire
1903 1186 1957 1236 et

317 1260 475 1315 velle.
516 1259 772 1312 Miramur
808 1256 865 1311 in
904 1259 1094 1311 nostra
1151 1254 1376 1309 dimcesi
1424 1253 1687 1322 majorum
1738 1260 1958 1309 nostro-

318 1345 434 1386 rum
477 1329 838 1400 diligentiam,
880 1337 1002 1400 eum
1040 1327 1129 1380 vix
1168 1324 1658 1400 ullaufrequentior
1696 1324 1957 1400 parochia

319 1394 605 1468 occurrat:
633 1401 722 1455 cui
753 1412 865 1454 non
903 1398 1211 1454 adhaereret
1240 1396 1595 1468 olimdomus
1625 1401 1681 1450 et
1709 1394 1954 1450 fundatio

316 1473 523 1528 scholis
578 1467 876 1540 deputata;
918 1469 1014 1525 sed
1052 1468 1290 1523 vicissim
1359 1467 1721 1540 detestamur
1751 1475 1955 1540 nostra:

317 1545 495 1600 astatis
531 1538 853 1599 non—solam
900 1540 1287 1610 negligentiam
1335 1538 1432 1594 sed
1472 1538 1860 1610 sacrilegium;
1897 1538 1955 1592 in

315 1630 422 1686 qua
461 1613 675 1686 nobiles
729 1617 894 1686 atque
953 1609 1113 1686 etiam
1172 1609 1694 1686 eeclesiasticiviri,
1724 1609 1807 1664 vel
1849 1609 1954 1678 ipsi

315 1680 999 1757 parochiani,‘scholarum
1016 1683 1231 1757 domos
1259 1687 1313 1757 et
1342 1680 1691 1757 fundationes
1718 1695 1952 1757 usurpa-

313 1752 462 1820 runt,
501 1756 587 1812 vel
626 1755 953 1821 alienarunt,
1012 1754 1088 1808 ita
1146 1759 1204 1809 ut
1250 1753 1366 1823 jam
1404 1753 1493 1807 vix
1530 1767 1641 1808 non
1680 1752 1856 1808 solum
1896 1753 1952 1807 in

315 1828 489 1899 pagis,
529 1826 625 1884 sed
681 1827 817 1899 ipsis
855 1824 1185 1899 oppidis_et
1240 1823 1589 1899 amplissimis
1644 1823 1958 1899 civitatibus

316 1895 506 1956 schola
556 1898 667 1953 ulla
705 1895 991 1965 habeatur,
1032 1895 1118 1951 vel
1183 1896 1442 1966 magister
1479 1896 1809 1951 inveniatur.
1853 1895 1957 1950 Ubi

313 1984 445 2027 vero
483 1969 662 2025 adhuc
699 1968 920 2038 aliquod
961 1972 1137 2038 exstat
1193 1967 1504 2038 scholarum
1560 1968 1849 2038 vestigium
1905 1972 1960 2021 et

315 2041 670 2112 stipendium,
710 2036 829 2095 sine
860 2037 1172 2112 residentia
1187 2044 1251 2112 et
1287 2037 1535 2112 docendi
1592 2036 1775 2112 officio
1816 2051 1959 2112 per-

317 2107 553 2169 mittitur
572 2112 831 2183 magister
850 2108 1120 2166 fructibus
1138 2109 1250 2165 illis
1279 2107 1407 2183 frui,
1438 2124 1537 2165 seu
1568 2110 1755 2183 potius
1782 2107 1956 2176 abuti,

317 2191 374 2241 et
411 2184 631 2254 quidvis
666 2180 816 2238 aliud
856 2196 1039 2253 agere,
1073 2181 1453 2251 spectantibus
1483 2180 1704 2252 populis
1750 2194 1814 2236 ac
1865 2194 1960 2251 ge-

316 2271 593 2329 mentibus
621 2285 752 2327 suos
780 2270 990 2326 liberos
1018 2271 1137 2326 sine
1169 2259 1281 2331 50
1305 2269 1596 2340 disciplina
1627 2273 1681 2325 et
1706 2268 1959 2325 doctrina

315 2344 613 2414 corrumpi.
667 2341 807 2411 Quin
846 2344 1019 2399 etiam.
1067 2356 1134 2398 eo
1190 2347 1412 2397 ventum
1469 2349 1554 2397 est
1607 2341 1860 2396 amentia;
1899 2347 1959 2414 ut

311 2411 562 2486 plerique
602 2415 793 2469 malint
831 2414 1420 2486 domipraaceptorem
1469 2426 1663 2486 magna
1699 2411 1956 2486 mercede

312 2483 646 2551 conducere,
689 2492 783 2540 aut
821 2498 952 2540 suos
988 2485 1197 2540 liberos
1236 2484 1470 2539 necdum
1508 2483 1872 2539 abecedarios
1901 2484 1957 2538 in

309 2557 571 2614 famosam
610 2556 1020 2611 universitatem
1058 2556 1313 2626 ablegare
1342 2569 1505 2625 quam
1534 2570 1710 2611 assem
1740 2555 1955 2610 unicam

310 2630 379 2685 ad
446 2628 683 2698 publica:
748 2627 955 2683 schola:
1018 2627 1471 2683 instaurationem
1532 2626 1806 2694 conferre,
1846 2627 1956 2682 imo

311 2715 473 2770 quam
514 2699 829 2755 consentire
868 2707 929 2754 ut
968 2698 1036 2754 de
1085 2698 1308 2768 publico
1347 2698 1543 2754 aerario
1573 2699 1657 2755 vel
1696 2698 1956 2767 hospitali

309 2772 569 2828 salarium
621 2770 846 2840 aliquod
897 2770 1263 2826 constituatur
1299 2770 1507 2825 homini
1558 2770 1825 2826 docenda:
1869 2771 1957 2840 ju-

310 2844 554 2899 ventutis
574 2842 782 2912 capaci.
806 2844 936 2908 Qua:
958 2843 1141 2897 omnia
1163 2840 1325 2896 nobis
1345 2842 1566 2912 cognita
1587 2849 1642 2896 et
1667 2850 1956 2911 perspecta

312 2914 565 2971 dolentes
630 2915 960 2980 recitamus,
1038 2920 1098 2968 ut
1157 2913 1468 2983 intelligant
1531 2926 1721 2968 omnes
1796 2926 1957 2981 quam

309 2989 515 3056 justum
546 2984 618 3039 sit
647 2984 733 3039 his
757 2984 1038 3056 abusibus
1058 2982 1368 3056 providere.
1400 2986 1516 3051 Quo
1548 2985 1692 3039 circa
1722 2984 1958 3056 primum

2056 467 2188 523 dant
2226 463 2370 524 bona
2409 467 2665 536 ﬁdeliter,
2705 466 2789 522 vel
2839 466 3030 523 saltem
3080 466 3147 521 de
3186 464 3274 519 his
3319 463 3696 536 pasciscantur

2044 540 2370 595 auctoritate
2409 545 2616 595 nostra.
2651 535 2904 594 Maneant
2953 537 3115 593 etiam
3156 549 3350 591 omnes
3387 535 3481 605 qui
3513 544 3690 589 nove-

2043 618 2171 666 runt
2200 610 2268 665 ab
2296 611 2409 667 ullo
2448 610 2683 666 detineri
2714 611 2859 680 quod
2902 608 3105 665 scholae
3159 607 3231 662 sit
3276 606 3583 680 proprium,
3609 612 3686 680 ‘ut

2041 683 2185 737 intra
2221 683 2500 752 praefixum
2540 676 2755 752 tempus
2793 681 3035 737 revelent
3091 676 3293 735 curato
3318 677 3401 752 vel
3453 676 3678 752 vicario,

2040 755 2183 809 sicut
2221 747 2276 809 et
2315 755 2439 809 illos
2476 747 2733 810 moneant
2791 754 2884 825 qui
2941 751 3445 825 sineuauctoritate
3495 747 3678 825 eccle-

2040 826 2258 881 siastica
2287 826 2675 891 vendiderunt,
2704 820 2994 880 aut'aliter
3030 823 3339 878 alienarunt
3386 820 3533 890 quod
3580 833 3679 889 pro

2040 897 2248 952 scholis
2277 897 2515 952 dicatttm
2557 904 2674 953 erat
2703 899 2834 962 Deo,
2878 904 2936 950 ut
2985 900 3179 950 curent
3208 893 3343 948 illud
3375 891 3674 956 redhiberi,

2039 969 2123 1025 vel
2191 970 2691 1037 compensationem
2758 968 3035 1022 substitui.
3102 968 3180 1037 Ne
3247 972 3425 1037 autem
3496 963 3680 1037 desint

2039 1040 2267 1107 scholae,
2299 1033 2393 1095 tibi
2442 1040 2588 1095 nulla
2639 1039 2873 1095 habetur
2920 1051 3108 1094 eorum
3156 1036 3424 1100 fundatio,
3461 1034 3544 1090 vel
3584 1033 3678 1088 tibi

2037 1112 2157 1181 ipsa
2187 1125 2295 1167 non
2327 1110 2528 1167 sufficit
2561 1125 2815 1182 rogamus
2844 1112 2898 1165 in
2938 1110 3168 1165 Domino
3197 1116 3482 1182 patronos
3510 1119 3680 1176 paro-

2038 1178 2305 1249 c’biarum,
2339 1190 2393 1238 et
2442 1178 2779 1253 prioratuum
2837 1188 3001 1251 atque
3058 1178 3504 1249 capellaniarum,
3569 1184 3674 1231 tam

2039 1255 2443 1311 ecclesiasticos
2472 1268 2631 1324 quam
2672 1254 2985 1319 saecularcs,
3026 1258 3096 1324 ut
3123 1253 3176 1305 in
3209 1265 3393 1306 earum
3435 1261 3678 1324 praesen-

2038 1327 2244 1382 tatione
2275 1320 2571 1395 praeferant
2593 1331 2752 1395 aptos
2779 1326 2845 1380 ad
2886 1323 3216 1389 docendum,
3265 1336 3362 1395 seu
3420 1320 3514 1390 qui
3566 1321 3677 1389 jam

2037 1397 2167 1453 huic
2197 1393 2351 1466 operi
2381 1393 2710 1465 insudarint,
2751 1405 2844 1452 aut
2888 1397 3079 1451 saltem
3122 1400 3182 1449 ut
3225 1393 3363 1463 ipsis
3398 1398 3680 1449 reservent

2037 1470 2274 1538 aliquam
2305 1469 2647 1538 pensionem,
2676 1483 2836 1538 quam
2871 1469 3072 1535 justam
3104 1480 3224 1538 esse
3254 1466 3324 1520 de
3348 1476 3677 1538 quocunque

2037 1534 2318 1596 beneficio
2346 1554 2448 1610 pro
2487 1534 2815 1607 seminariis,
2859 1534 3211 1610 instituendas
3235 1534 3540 1610 iuventutis
3577 1534 3679 1610 de-

2038 1612 2263 1668 claravit
2301 1605 2595 1667 concilium
2653 1605 3030 1667 Tridentinum
3086 1605 3249 1680 (sess.
3291 1605 3381 1673 23,
3433 1609 3507 1661 De
3551 1606 3676 1676 reﬂ,

2040 1716 2089 1757 c.
2139 1700 2251 1772 18),
2284 1701 2427 1756 sicut
2473 1701 2810 1756 annexiones
2847 1711 3303 1772 quorumcunque
3356 1688 3454 1756 52
3475 1693 3687 1772 beneti-

2041 1767 2273 1828 ciorum.
2316 1774 2547 1841 Insuper
2602 1767 2882 1843 quoniam
2918 1770 3443 1843 administrationem
3484 1767 3679 1843 hospi.-

2040 1844 2261 1910 tiorum,
2294 1849 2350 1899 et
2373 1837 2794 1914 leprosariarum
2826 1842 2915 1898 lex
2951 1844 3101 1913 regia
3139 1839 3497 1914 saecularibus
3526 1837 3683 1894 attri-

2040 1916 2180 1983 buit,
2213 1924 2273 1970 ut
2302 1913 2692 1985 impendantur
2720 1915 2971 1971 redditus
3008 1914 3075 1969 ad
3113 1913 3332 1984 pietatis
3357 1923 3529 1985 epera
3557 1924 3681 1985 qua:

2038 1987 2106 2043 ad
2146 1982 2396 2043 nostram
2419 1986 2780 2043 directionem
2829 1982 3130 2057 pertinent,
3173 1992 3278 2040 nec
3315 1982 3426 2057 tilia
3466 1983 3679 2057 potiora

2041 2072 2160 2114 esse
2191 2059 2405 2129 possint
2435 2073 2595 2128 quam
2627 2052 2845 2129 quibus"
2858 2058 3033 2129 pietas
3071 2057 3190 2126 ipsa
3219 2054 3489 2129 cordibus
3509 2052 3684 2129 homi-

2043 2124 2208 2185 num'
2239 2130 2307 2185 ab
2363 2124 2588 2185 ineunte
2645 2124 2815 2186 'retate
2859 2124 3241 2199 imprimitur,
3282 2124 3523 2199 Ecclesia
3564 2124 3682 2194 ipsa

2045 2207 2270 2270 totaque
2311 2201 2620 2271 respublica
2669 2195 2990 2266 aedificatur,
3058 2197 3429 2271 significamus
3463 2195 3683 2271 illorum

2039 2267 2291 2328 locorum
2344 2267 2881 2328 administratoribus
2917 2279 2978 2327 ttt
3032 2267 3224 2327 titulos
3260 2269 3478 2325 illorum
3518 2267 3684 2322 bene-

2040 2344 2289 2400 ﬁciorum
2332 2345 2675 2399 committant
2731 2344 3043 2400 scholarum
3084 2341 3681 2413 prteceptoribuseum

2039 2415 2222 2485 aliqua
2254 2417 2541 2484 pensione,
2574 2415 2658 2470 vel
2689 2414 2745 2470 in
2783 2410 3098 2471 scholarum
3144 2426 3299 2485 usum
3357 2412 3425 2466 de
3481 2410 3683 2485 talibus

2039 2482 2348 2557 portion—em
2413 2487 2649 2556 aliquam
2717 2500 2786 2542 ne
2840 2492 3134 2542 vereantur
3189 2483 3484 2557 collocare.
3511 2482 3679 2557 litan-

2039 2552 2231 2614 damus
2296 2552 2563 2628 praeterea
2627 2557 3063 2614 fraternitatibus
3095 2599 3109 2620 .
3177 2562 3251 2628 et”
3297 2552 3680 2628 parochiarum

2039 2629 2264 2685 fabricis
2297 2625 2362 2686 nt
2399 2632 2544 2685 inter
2593 2629 2719 2685 illos
2776 2630 2978 2699 quibus
3014 2626 3289 2698 stipendia
3319 2625 3679 2699 distribuunt,

2039 2715 2258 2771 semper
2282 2702 2519 2756 habeant
2546 2697 2857 2756 scholarum
2906 2697 3178 2756 rectorem
3218 2697 3677 2771 commendatum.

2038 2770 2285 2842 Denique
2322 2772 2572 2829 volumus
2617 2786 2648 2826 a
2698 2773 2902 2827 curatis
2948 2787 3044 2827 seu
3083 2770 3302 2826 vicariis
3349 2774 3684 2839 aegrotantes

2040 2844 2251 2900 moneri
2284 2858 2351 2899 ne
2400 2844 2454 2898 in
2505 2848 2833 2899 testamento
2880 2843 3128 2898 eumdem
3178 2842 3515 2911 magistrum,
3566 2845 3684 2894 tan-

2040 2930 2201 2985 quam
2239 2916 2409 2971 totius
2450 2915 2769 2984 reipublicae
2810 2922 3111 2985 parentem,
3173 2916 3522 2983 praetereant.
3581 2912 3684 2985 Piu-

2045 2981 2282 3042 dendum
2315 2992 2399 3042 est
2427 2981 2570 3041 enim
2610 2981 2904 3043 htereticos
2941 2998 3042 3056 pro
3082 2981 3290 3041 scholis
3326 2981 3687 3056 impetrandis

316 3053 636 3129 mandamus
665 3054 920 3129 omnibus
949 3054 1064 3129 ludi
1094 3054 1387 3123 magistris,
1419 3069 1515 3110 seu
1548 3054 1959 3124 possidentibus
1980 3065 2023 3123 ί]
2044 3058 2189 3113 bella
2225 3071 2438 3129 gerere,
2470 3065 2635 3128 atque
2693 3060 2874 3113 omnia
2913 3053 3267 3129 profundere,
3306 3063 3393 3129 _ut_
3434 3053 3685 3129 impietas

319 3127 519 3193 officia,
562 3126 848 3197 beneficia,
891 3125 1207 3197 pensiones,
1257 3139 1454 3197 agros,
1498 3133 1554 3179 et
1599 3140 1958 3195 quoscunque
2045 3131 2112 3185 ab
2145 3125 2335 3186 eorum
2375 3125 2565 3185 liberis
2602 3125 2934 3197 imbibatur';
2977 3135 3031 3184 et
3069 3143 3099 3184 a
3137 3126 3427 3184 catholicis
3466 3125 3685 3197 pietatis

318 3197 529 3255 fructus
556 3195 870 3253 scholarum
908 3195 1219 3252 rectoribus
1254 3203 1309 3252 et
1357 3196 1679 3252 doctoribus
1724 3197 1957 3267 deputa-

319 3276 427 3337 tos,
460 3276 520 3325 ut
557 3269 701 3324 intra
741 3267 880 3324 duos
917 3281 1134 3323 menses
1162 3267 1229 3321 ab
1268 3268 1369 3323 hac
1409 3268 1622 3338 synodo
1652 3276 1777 3323 actu
1816 3270 1962 3324 resi-

319 3340 485 3397 deant
513 3342 571 3395 in
610 3339 747 3395 locis
778 3346 832 3395 et
871 3339 1081 3395 azdibus
1130 3352 1321 3394 eorum
1370 3341 1582 3395 muneri
1630 3341 1956 3410 assignatis,

316 3418 636 3484 atqueactu
667 3411 922 3484 doceant,
956 3425 1059 3484 nec
1087 3410 1211 3465 aliis
1238 3411 1563 3484 negotiisis‘e
1595 3411 1955 3484 immisceant,

316 3482 420 3540 nec
459 3483 563 3539 alia
592 3482 860 3539 beneficia
898 3482 1192 3549 retineant,
1224 3497 1347 3538 cum
1386 3482 1684 3538 residentia
1713 3483 1769 3538 in
1799 3484 1960 3539 scho—

316 3555 405 3622 lis,
466 3562 521 3612 et
576 3555 796 3611 assiduo
854 3553 1157 3625 dirigendae
1196 3559 1269 3625 et
1305 3554 1623 3610 erudienda:
1658 3555 1960 3624 juventutis

314 3627 594 3709 studionet
624 3625 806 3709 officio
846 3624 1302 3709 incompatibilia.
1327 3625 1521 3709 ‘Quod‘
1541 3626 1588 3680 si
1627 3625 1832 3709 fuerint
1888 3626 1956 3681 ad

314 3713 467 3755 suam
505 3697 843 3754 functionem
881 3696 1075 3766 inepti,
1118 3697 1200 3752 vel
1239 3696 1530 3752 maluerint
1567 3698 1765 3753 cedere
1796 3713 1956 3767 quam

312 3770 410 3825 tali
440 3769 598 3825 oneri
627 3767 878 3840 astringi,
910 3768 1297 3823 interdicimus
1322 3782 1394 3840 tte
1424 3769 1766 3838 resignantes
1795 3784 1954 3840 opus,

313 3848 586 3910 conentur
617 3839 873 3910 Opesvel
905 3840 1234 3910 pensionem,
1258 3839 1420 3893 ullam
1470 3854 1770 3905 reservare,
1812 3839 1959 3910 quo-

311 3912 458 3966 niam
487 3908 699 3965 fructus
729 3909 808 3963 illi
840 3910 1106 3965 exercitio
1154 3908 1341 3976 officii,
1375 3917 1431 3965 et
1469 3925 1580 3965 non
1628 3912 1789 3967 titulo
1829 3908 1958 3967 Sunt

312 3981 531 4038 annexi.
572 3981 673 4048 Qui
703 3994 833 4035 vero
866 3987 988 4049 post
1027 3981 1231 4036 dictum
1282 3987 1495 4051 tempus
1526 3982 1581 4036 in
1612 3984 1955 4038 contumacia

313 4058 368 4109 et
414 4052 717 4108 rebellione
756 4052 1117 4120 perstiterint,
1179 4052 1520 4109 declaramus
1576 4055 1953 4109 excommuni-

315 4128 469 4181 catos
507 4130 558 4179 et
601 4138 700 4192 pro
741 4123 942 4178 talibus
991 4124 1059 4179 ab
1104 4124 1359 4179 omnibus
1406 4125 1678 4192 vitandos,
1729 4140 1793 4179 ac
1831 4140 1954 4181 cum

314 4196 626 4252 retentione
666 4193 975 4250 futurorum
998 4194 1270 4251 fructuum
1293 4196 1574 4266 cogendos
1604 4197 1672 4251 ad
1714 4205 1953 4266 praeter-

313 4267 515 4324 itorum
564 4267 988 4333 restitutionem,
1024 4281 1164 4337 quos
1201 4282 1332 4323 suos
1362 4235 1574 4323 iziée‘}?
1596 4235 1954 4337 nSn"b‘3iﬁé-

314 4344 443 4396 runt
508 4337 753 4409 quandiu
827 4337 1199 4395 destituerunt
1235 4339 1303 4394 ab
1370 4339 1591 4406 officio,
1665 4340 1955 4409 providen-

312 4411 550 4482 dumque
589 4411 750 4466 alteri
789 4409 857 4466 de
896 4409 1081 4482 ofﬁcio
1105 4450 1128 4482 ,ν
1176 4424 1286 4465 non
1335 4412 1588 4482 obstante
1628 4426 1954 4480 quacunque

311 4482 664 4554 Oppositione
720 4482 805 4537 vel
845 4481 1275 4554 appellatione,
1309 4497 1432 4554 cum
1490 4481 1582 4554 de
1612 4483 1958 4539 correctione

310 4552 548 4624 publicae
579 4553 909 4622 corruptela:
940 4558 1151 4623 agatur.
1184 4552 1393 4608 Deinde
1425 4553 1744 4610 mandamus
1782 4555 1959 4610 omni-

310 4645 414 4700 bus
465 4644 535 4700 ad
588 4657 729 4714 quos
768 4635 847 4703 5i
901 4642 1163 4714 pertinet,
1208 4648 1582 4713 praeceptores
1617 4643 1672 4698 in
1704 4643 1955 4711 urbibus,

311 4716 533 4784 oppidis
563 4713 621 4770 et
649 4715 803 4784 pagis
839 4721 1046 4770 nostra:
1076 4713 1317 4769 diocesis
1340 4715 1701 4780 constituere,
1726 4723 1785 4770 ut
1812 4715 1957 4770 intra

310 4784 458 4842 idem
497 4792 714 4855 tempus
742 4785 810 4841 de
851 4786 1104 4855 personis
1141 4784 1360 4841 idoneis
1389 4794 1444 4841 et
1474 4787 1542 4841 de
1566 4787 1717 4855 justo
1756 4786 1957 4842 salario

310 4872 433 4914 cum
491 4857 630 4926 ipsis
685 4856 1089 4912 habitatoribus
1144 4857 1487 4927 provideant,
1546 4858 1651 4912 nisi
1707 4856 1956 4913 fundatio

308 4929 564 4995 sufﬁciat,
606 4942 729 4997 qua:
767 4928 813 4999 si
843 4928 1234 4998 quoquomodo
1264 4929 1500 4984 alienata
1528 4930 1801 4984 exstiterit
1831 4943 1958 4999 pro-

311 5006 507 5057 curent
542 5000 659 5056 suis
698 5005 753 5054 et
779 4998 1157 5070 habitatorum
1207 5000 1516 5070 sumptibus
1569 5001 1623 5054 in
1682 4998 1956 5070 integrum

310 5073 547 5129 restitui.
580 5073 636 5128 Si
667 5069 1009 5142 negligentes
1035 5071 1104 5126 ad
1133 5072 1190 5127 id
1228 5088 1287 5129 se
1318 5069 1676 5142 praebuerint,
1708 5069 1958 5129 volumus

308 5143 393 5198 vel
433 5159 533 5213 per
570 5144 936 5199 retentionem
975 5141 1247 5198 fructuum
1269 5141 1351 5197 vel
1375 5158 1473 5212 per
1510 5143 1955 5199 excommunica-

311 5216 519 5271 tionem
557 5220 721 5284 atque
761 5215 865 5270 alia
905 5215 1170 5270 canonica
1200 5214 1441 5271 remedia
1470 5216 1525 5270 in
1566 5214 1692 5270 illos
1721 5215 1828 5285 agi,
1869 5214 1954 5271 vel

310 5300 410 5357 per
440 5287 525 5342 sui
560 5287 701 5355 juris
730 5287 786 5340 in
816 5286 1037 5342 scholas
1066 5287 1446 5356 privationem.
1480 5289 1551 5342 Ut
1579 5293 1758 5341 autem
1790 5300 1957 5342 occu-

312 5363 439 5429 pata
467 5358 613 5413 bona
660 5357 972 5413 scholarum
1012 5359 1330 5428 recuperari
1368 5366 1610 5429 queant,
1660 5357 1955 5413 indicimus

309 5429 567 5500 omnibus
607 5429 811 5485 curatis
860 5436 917 5486 et
960 5429 1181 5486 vicariis
1228 5438 1288 5486 ut
1334 5444 1365 5484 a
1402 5430 1492 5486 die
1539 5430 1703 5500 hujus
1755 5429 1953 5500 synodi

308 5499 541 5572 singulis
585 5501 884 5557 Dominicis
921 5501 978 5557 in
1020 5513 1231 5572 pronao
1279 5516 1379 5573 per
1434 5503 1670 5573 spatium
1719 5499 1953 5573 duorum

309 5573 583 5630 mensium
649 5579 912 5629 moneant
957 5586 1163 5644 omnes
1227 5572 1323 5644 qui
1372 5572 1615 5630 scienter
1661 5572 1954 5644 possident

308 5644 492 5717 aliqua
529 5644 867 5716 pertinentia
905 5643 973 5701 ad
1012 5643 1232 5703 scholas
1248 5643 1363 5701 “sub
1384 5659 1548 5716 poena
1585 5643 1954 5701 exeommuni-

2041 3201 2259 3258 scholas
2289 3216 2391 3256 nec
2421 3200 2644 3271 publico
2685 3215 2788 3257 nec
2820 3195 3031 3272 privato
3063 3197 3310 3256 subsidio
3345 3199 3544 3267 juvari,
3585 3195 3682 3252 sed

2042 3274 2227 3343 potius
2256 3273 2422 3343 diripi
2447 3281 2502 3328 et
2540 3272 2731 3328 everti.

2113 3345 2178 3399 ll.
2220 3338 2490 3400 Ctete'rum
2523 3358 2590 3399 ne
2621 3342 2826 3399 scholae
2858 3343 2993 3413 ipsa:
3043 3342 3282 3398 serviant
3310 3338 3600 3413 irreligioni
3631 3343 3685 3393 et

2042 3416 2361 3484 reipublicae
2394 3416 2578 3484 potius
2606 3411 2917 3472 dividendae
2959 3428 3119 3484 quam
3160 3411 3559 3484 conciliandae,
3588 3411 3685 3464 im-

2041 3483 2234 3556 primis
2274 3483 2563 3542 statuimus
2619 3501 2719 3556 pro
2777 3483 3104 3556 quacunque
3171 3483 3683 3556 parochiaunicam

2039 3554 2157 3614 fieri
2187 3559 2255 3613 ad
2286 3558 2531 3613 tollenda
2568 3554 2809 3613 dissidia
2833 3566 2888 3613 et
2917 3554 3229 3622 schismata,
3264 3571 3327 3610 ac
3374 3554 3477 3608 sub
3527 3567 3686 3623 ptena

2041 3630 2623 3685 excommunicationis
2651 3637 2894 3685 vetamus
2945 3643 3014 3684 ne
3044 3629 3279 3697 quisque
3318 3626 3554 3681 clericus
3600 3624 3682 3678 vel

2039 3701 2179 3756 alius
2208 3701 2407 3756 audeat
2435 3702 2645 3771 injussu
2673 3703 2792 3769 ejus
2830 3701 2923 3770 qui
2963 3699 3180 3754 scholas
3226 3698 3411 3771 habet
3440 3697 3686 3771 particu-

2038 3772 2233 3827 larium
2266 3773 2470 3827 liberos
2493 3768 2768 3840 privatim
2809 3768 3092 3841 suscipere
3146 3768 3501 3841 erudiendos,
3524 3768 3685 3841 rsicut

2039 3843 2140 3898 sub
2172 3843 2363 3899 eadem
2405 3857 2565 3912 pmna
2616 3843 2937 3912 parentibus
2966 3840 3332 3912 prohibemus
3386 3840 3533 3894 denti
3575 3852 3685 3892 nta-

2038 3915 2267 3984 gistrum
2311 3921 2522 3979 tenere,
2583 3914 2688 3968 nisi
2746 3929 2868 3969 cum
2926 3914 3340 3984 approbatione
3365 3918 3419 3965 et
3458 3923 3682 3984 assensu

2039 3982 2244 4055 publici
2278 3985 2589 4040 scholarum
2622 3987 2874 4041 rectoris.
2908 3986 3000 4039 Sin
3041 3984 3245 4039 fuerint
3293 3982 3477 4055 plures
3510 3982 3684 4049 'paro-

2037 4053 2176 4112 ehize
2208 4057 2261 4111 in
2293 4058 2482 4112 eadem
2504 4057 2722 4111 civitate
2752 4056 2834 4111 vel
2865 4055 3092 4125 oppido,
3136 4054 3228 4109 ubi
3267 4053 3473 4108 scholae
3503 4058 3682 4106 tamen

2039 4137 2139 4206 53
2171 4146 2408 4216 publicae
2464 4147 2743 4211 existunt,
2804 4144 3056 4199 volumus
3117 4144 3217 4198 sub
3275 4141 3465 4216 eadem
3523 4154 3685 4216 pmna

2038 4212 2280 4273 omnium
2321 4217 2702 4286 parochiarttm
2744 4217 2950 4271 liberos
3016 4228 3082 4270 eo
3139 4213 3432 4286 convenire
3491 4212 3683 4266 saltem

2033 4290 2145 4359 jam
2175 4290 2230 4343 in
2263 4285 2464 4343 litteris
2502 4288 2896 4358 provectiores,
2939 4292 2999 4342 ut
3036 4286 3360 4359 quiesciunt
3384 4285 3592 4359 legere
3629 4290 3685 4337 et

1976 4354 2302 4449 Deantlare;
2356 4354 2585 4449 liberum
2636 4374 2793 4449 vere.
2825 4373 2944 4449 esse
3002 4354 3683 4449 inferioresadmse‘hoi‘ain

2043 4432 2315 4500 publicam
2356 4431 2437 4486 vel
2469 4432 2534 4487 ad
2572 4430 2938 4500 parochialem
2978 4430 3215 4484 mittere.
3249 4430 3444 4483 Verum
3478 4440 3545 4480 ne
3578 4425 3686 4479 hae-

2042 4504 2200 4558 retici
2232 4504 2287 4558 in
2335 4503 2731 4558 catholicorum
2771 4501 2989 4557 scholas
3049 4501 3332 4569 irreptnt;
3392 4506 3683 4569 antequam

2041 4576 2167 4644 quis
2195 4581 2416 4630 creetur
2443 4573 2839 4645 ludimagister,
2880 4568 3313 4645 sancimtts’tidei
3361 4583 3495 4645 suae,
3549 4568 3685 4645 reli-

2040 4640 2223 4717 gionis
2251 4653 2415 4716 atque
2455 4646 2615 4702 etiam
2654 4640 2780 4699 'vitre
2820 4650 2876 4717 et
2925 4643 3256 4717 integritatis
3309 4640 3682 4717 testimonium

2039 4710 2231 4773 saltem
2270 4732 2301 4772 a
2325 4710 2520 4773 curato
2559 4731 2654 4771 seu
2694 4715 2920 4780 vicario,
2954 4710 3118 4784 atque
3149 4713 3366 4768 aedituis
3406 4710 3682 4784 parochite

2041 4789 2109 4844 de
2140 4804 2246 4859 qua
2286 4791 2435 4844 venit
2472 4788 2687 4859 afferre,
2720 4794 2775 4840 et
2812 4801 2871 4859 se
2909 4782 3072 4841 nobis
3109 4786 3221 4859 sive
3259 4782 3681 4859 ptenitentiario

2039 4853 2229 4917 nostro
2270 4860 2562 4915 ostendere
2600 4858 2667 4913 ad
2709 4856 3105 4927 professionem
3144 4855 3272 4911 tldei
3302 4853 3589 4910 catholicae
3629 4860 3683 4909 et

2039 4946 2265 4987 examen
2297 4932 2585 4987 doctrinae.

2109 5002 2603 5073 lll.lnjungendum
2626 5000 2705 5055 illi
2727 4999 3077 5073 prmcipimus
3097 5002 3222 5054 ante
3236 4997 3417 5073 omnia
3431 5000 3684 5073 utexem-

2076 5074 2131 5130 lo
2170 5083 2224 5130 et
2253 5068 2418 5129 verbo
2443 5068 2784 5143 juventutem
2815 5068 2961 5127 omni
3004 5070 3208 5141 pietate
3247 5076 3300 5125 et
3338 5068 3445 5123 tide
3484 5068 3679 5123 catho-

2038 5089 2142 5201 iica
2174 5146 2400 5201 imbuat.
2434 5152 2489 5198 et
2517 5151 2797 5199 assuescat
2818 5146 2987 5198 Deum
3019 5143 3233 5201 timere.
3285 5139 3492 5201 colere,
3544 5153 3679 5201 prte-

2062 5148 2142 5201 ica
2174 5146 2400 5209 imbuat,
2434 5139 2489 5198 et
2517 5151 2797 5199 assuescat
2818 5146 2987 5198 Deum
3009 5139 3233 5207 timere,
3285 5139 3492 5207 colere,
3544 5153 3681 5209 prte-

2037 5224 2196 5287 ccpta
2227 5215 2482 5286 Decalogi
2532 5222 2821 5287 tenereiet
2878 5214 3096 5277 facere;
3157 5210 3680 5287 missam_quoti_die

2036 5281 2249 5354 audire,
2276 5281 2666 5343 ecclesiasticis
2685 5286 3026 5355 ofﬁciispum
3048 5284 3353 5339 reverentia
3379 5281 3679 5355 deservire,

2035 5353 2275 5415 libenter
2304 5373 2484 5427 orare,
2519 5373 2640 5414 cum
2679 5353 2898 5428 septem
2929 5356 3153 5426 psalmis
3184 5367 3379 5428 preces
3410 5353 3679 5428 horarias,

2035 5433 2083 5487 si
2115 5432 2232 5486 fieri
2272 5425 2477 5500 potest,
2525 5425 2843 5487 memoriter
2888 5425 3053 5494 scire,
3102 5434 3269 5500 atque
3305 5425 3413 5500 alia
3447 5426 3684 5500 pietatis

2035 5495 2481 5559 exercitamenta.
2522 5504 2641 5558 Non
2680 5504 2824 5557 sinat
2861 5500 2918 5555 in
2959 5499 3148 5570 pueris
3176 5498 3307 5553 vitia
3327 5495 3677 5570 adolescere,

2035 5588 2133 5632 eos
2170 5576 2377 5631 nutriat
2415 5575 2472 5630 in
2510 5573 2802 5656 disciplina
2840 5578 2896 5626 et
2933 5566 3580 5656 coreeptioneMDQmin-it
3609 5566 3679 5656 ad

2035 5660 2252 5705 omnem
2272 5660 2553 5718 egressum
2574 5653 2630 5703 et
2654 5640 2963 5715 ingressum
2992 5641 3199 5699 schola:
3225 5647 3335 5698 tam
3356 5640 3680 5695 matutinum
