4100 6166
310 315 397 372 261

309 456 452 515 quam
507 443 877 515 vespertinum
923 445 1101 502 oratio

309 460 452 515 quam
507 460 877 512 vespertinum
923 460 1101 502 oratio
1188 460 1367 502 unnca
1406 460 1474 501 an
1512 460 1768 502 omnibus
1813 460 1926 514 nat,

306 516 406 571 sive
442 514 690 571 canendo
738 516 887 586 (Veni
943 460 1218 588 Creatorg,
1267 519 1379 573 sive
1427 517 1575 573 aliud
1614 531 1725 587 quo
1763 519 1927 585 Deus,

302 588 449 658 Virgo
473 593 668 659 mater,
692 593 749 641 et
772 590 953 659 sancti
984 590 1308 645 invocentur
1334 603 1434 659 pro
1456 603 1611 659 pace,
1638 590 1927 659 religione,

302 658 638 731 etuEpcclesia
677 658 971 715 catholica.
1034 660 1092 715 In
1153 658 1347 731 vigilia
1394 658 1657 717 feStorum
1715 658 1932 716 discant

298 728 528 802 Officium
588 735 642 785 et
689 738 917 802 cantum
976 728 1236 788 Ecclesiae
1275 748 1305 787 a
1354 733 1579 788 minimo
1638 747 1810 802 usque
1860 732 1929 787 ad

300 801 594 873 maximum.
636 801 840 857 Diebus
878 802 1032 858 festis
1078 804 1260 873 aliqua
1299 804 1434 859 hora
1473 806 1587 859 Sive
1636 803 1691 858 in
1729 801 1932 858 Eccle-

298 873 370 927 sia
420 872 532 945 sive
588 873 644 927 in
700 873 890 929 schola
930 872 1359 943 interrogentur,
1393 876 1758 945 prmsentibus
1786 874 1927 942 aliis,

300 945 399 1017 duo
427 943 509 1017 vel
540 948 654 999 tres
692 959 790 1017 per
811 945 1064 1017 ordinem
1106 947 1176 1002 de
1221 943 1482 1017 Symbolo
1529 946 1926 1017 apostolorum,

300 1015 576 1085 Decalogo,
620 1021 676 1070 et
729 1016 852 1071 aliis
907 1018 1184 1073 contentis
1240 1015 1296 1073 in
1350 1015 1747 1074 catholicorum
1786 1024 1932 1072 cate-

298 1087 496 1142 chismo
553 1088 743 1158 Latine
800 1094 854 1142 et
907 1089 1130 1144 Gallice.
1190 1091 1308 1145 Fiat
1364 1091 1527 1146 etiam
1574 1091 1651 1145 ibi
1710 1104 1741 1144 a
1781 1104 1928 1158 prte-

299 1165 513 1228 ceptore
560 1157 738 1214 facilis
775 1166 828 1214 et
870 1158 1154 1216 familiaris
1200 1162 1268 1217 ad
1308 1162 1568 1231 pietatem
1619 1157 1929 1216 exhortatio

299 1247 661 1319 etinstructio
699 1240 803 1308 54
832 1248 901 1303 de
939 1247 1077 1304 festo
1109 1255 1453 1304 occurrente.
1480 1250 1680 1305 Diebus
1708 1262 1929 1319 quoque

295 1317 715 1390 solennioribus,
743 1327 816 1385 et,
850 1334 1012 1389 quam
1050 1320 1353 1390 saepissime
1386 1321 1503 1376 lleri
1544 1317 1768 1390 poterit,
1801 1334 1930 1375 con-

294 1388 548 1445 suefaciat
586 1396 640 1445 et
680 1388 883 1446 doceat
908 1404 1110 1461 pueros
1132 1388 1374 1461 peccata
1411 1388 1685 1458 confiteri,
1719 1406 1927 1461 eosque

293 1461 379 1530 qui
416 1474 592 1517 annos
630 1461 986 1518 discretionis
1032 1464 1332 1533 attigerunt
1370 1463 1559 1518 altaris
1609 1477 1927 1519 sacramen-

293 1538 415 1597 tum,
458 1533 691 1602 probata
720 1534 1080 1600 conscientia,
1119 1549 1357 1590 sumere.
1387 1535 1606 1590 Alliciat
1644 1544 1699 1590 et
1728 1534 1931 1589 adhor-

293 1608 428 1658 tetur
456 1604 717 1673 parvulos
755 1606 906 1675 ipsos
948 1606 1016 1661 ad
1057 1606 1315 1675 pietatem
1354 1614 1410 1662 et
1454 1607 1697 1662 studium
1745 1607 1931 1676 potius

290 1676 791 1748 quamcompellat,
835 1691 902 1732 ne
942 1678 1095 1747 prius
1136 1686 1426 1747 utrumque
1486 1678 1707 1733 oderint
1765 1691 1927 1748 quam

1515 319 1686 376 ACTA
1722 318 2008 375 VETERA.
2051 347 2126 359 â€”
2159 318 2445 375 APPEND.

1188 445 1367 502 ublica
1406 445 1474 501 ab
1512 445 1768 502 omnibus
1813 445 1926 514 fiat,
1951 447 2267 507 Asanctnm
2298 445 2590 502 concilium
2629 444 3026 502 Trldentinum.
3067 447 3286 504 Eisdem
3334 463 3464 507 vero

3562 318 3669 375 262

3511 465 3660 520 prm-

2018 518 2253 587 cipimus
2280 531 2351 574 ne
2380 518 2497 573 sine
2547 523 2734 573 nostra
2790 517 3014 573 licentia
3070 518 3309 575 audeant
3346 521 3451 576 sibi
3506 517 3659 578 locos

2014 589 2158 645 ullos
2186 596 2281 645 aut
2307 591 2593 657 terminos,
2646 596 2902 659 tanquam
2952 590 3188 660 quodam
3224 592 3350 659 jure
3398 591 3617 648 debitos
3642 637 3656 661 ,

2011 677 2309 750 vindicare,
2343 693 2407 734 ac
2454 679 2503 733 si
2552 678 2607 733 in
2648 670 2748 739 56
2791 680 3036 749 episcopi
3094 685 3364 750 potestate
3421 693 3531 736 non
3590 683 3662 737 sit

2012 747 2151 829 alios
2206 761 2359 831 quos
2404 751 2618 831 noverit
2656 747 2840 831 magis:
2881 747 3124 831 idoneos
3161 765 3227 807 eo
3276 752 3515 831 mittere,
3558 766 3659 808 nec

2013 819 2147 887 ipsis
2203 819 2366 875 liceat
2406 823 2695 877 stationem
2727 819 3053 892 assignatam
3094 823 3370 887 deserere,
3412 823 3494 877 vel
3536 837 3658 893 per-

2012 896 2223 964 mutare
2250 892 2369 945 sine
2419 893 2609 947 eadem
2650 900 2837 964 nostra
2882 894 3124 960 licentia,
3165 895 3372 964 alioqui
3423 892 3658 964 prode-

2012 961 2256 1016 sertione
2290 963 2573 1031 puniendi.
2599 963 2949 1023 Obtestamur
2977 973 3155 1020 autem
3186 961 3311 1021 illos
3342 968 3396 1020 in
3424 961 3658 1021 Domino

2012 1039 2177 1101 atque
2208 1033 2347 1088 alios
2377 1034 2800 1090 concionatores
2840 1044 2897 1092 ut
2937 1038 3011 1092 ita
3048 1052 3144 1092 sua
3183 1037 3363 1092 studia
3403 1044 3458 1092 et
3482 1038 3657 1092 vitam

2012 1111 2363 1178 componant
2398 1105 2547 1176 quod
2599 1106 2824 1161 dimcesi
2882 1115 3085 1164 nostra:
3152 1108 3465 1178 adjumento
3505 1110 3656 1175 sint,

2011 1175 2405 1250 aediticationi,
2474 1183 2530 1231 et
2582 1185 2952 1250 ornamento,
3021 1194 3122 1235 nec
3162 1175 3263 1236 nos
3303 1180 3504 1250 pudeat
3560 1194 3659 1236 eos

2013 1248 2250 1313 mittere,
2283 1262 2345 1302 ac
2380 1255 2638 1321 tanquam
2686 1247 3021 1305 domesticos
3067 1251 3190 1306 aliis
3237 1247 3657 1321 quibuscunque

2012 1324 2366 1388 anteponere.
2401 1320 2458 1374 ln
2502 1319 2730 1374 urbibus
2769 1324 2823 1375 et
2861 1321 3083 1390 oppidis
3134 1319 3339 1377 nostra
3380 1319 3654 1390 dioecesis,

2012 1390 2068 1444 in
2099 1391 2300 1459 quibus
2329 1397 2631 1464 conventus
2668 1390 2873 1464 habent
2911 1392 3211 1462 regulares,
3253 1395 3491 1464 graviter
3520 1408 3658 1451 con-

2013 1468 2323 1531 queruntur
2360 1463 2534 1518 curati
2565 1467 2620 1517 et
2657 1462 2846 1517 vicarii
2895 1465 3073 1519 nullas
3120 1462 3317 1520 diebus
3362 1466 3661 1522 Dominicis

2012 1540 2068 1605 et
2104 1532 2314 1587 fcstivis
2352 1534 2651 1589 conciones
2690 1533 2827 1598 fieri,
2888 1549 2952 1589 ac
3006 1536 3190 1603 potius
3245 1536 3656 1605 impedimenta,

2012 1602 2239 1676 dissidia
2271 1611 2326 1660 et
2354 1605 2611 1660 scandala
2648 1606 2716 1660 ab
2748 1605 2885 1674 ipsis
2932 1602 3200 1671 exhiberi,
3252 1602 3413 1676 quam
3463 1608 3661 1663 humil-

2012 1675 2140 1730 lima
2190 1690 2289 1746 pro
2330 1677 2598 1732 modestia
2654 1676 3023 1747 regularitatis
3078 1675 3343 1732 subsidia.
3395 1680 3661 1747 Expostu-

288 1747 553 1837 noverint.
588 1749 854 1837 Quoniam
896 1755 1077 1831 tamen
1115 1750 1416 1837 secpndum
1467 1747 1798 1837 Scriptpras,
1839 1747 2125 1837 quiBlant
2185 1762 2407 1837 quoque
2444 1749 2730 1830 nobiscum
2769 1750 2978 1837 .rusti'ei
3037 1748 3226 1830 populi
3266 1756 3321 1804 et
3360 1752 3542 1837 curati
3595 1764 3654 1837 se

284 1820 443 1892 percit
472 1819 654 1888 virgea,
688 1820 795 1892 odit
824 1821 1054 1875 animum
1078 1822 1230 1890 pueri
1262 1823 1432 1889 (Prov.
1481 1836 1600 1886 XIII,
1651 1821 1764 1892 24),
1815 1833 1925 1875 non
1947 1819 2364 1892 "totosannos
2394 1820 2695 1890 transigere
2736 1819 2853 1892 sine
2888 1819 2993 1875 ulla
3035 1820 3324 1886 concione,
3359 1820 3467 1875 nisi
3516 1819 3658 1876 forte

287 1890 382 1944 nisi
422 1898 651 1946 coactus
688 1891 756 1945 ad
785 1892 1014 1947 verbera
1060 1894 1280 1959 veniat;
1331 1894 1475 1948 sicut
1501 1900 1683 1948 autem
1715 1890 1924 1962 praece-

287 1966 497 2029 ptorum
536 1962 870 2018 moderatam
927 1964 1188 2019 saevitiam
1249 1964 1644 2031 desideramus,
1702 1964 1778 2018 ita
1836 1977 1932 2032 pa-

286 2040 491 2105 rentum
563 2034 892 2103 puniendam
933 2049 1221 2091 censemus
1268 2036 1589 2091 dissolutam
1638 2035 1928 2105 indulgen-

286 2103 426 2172 tiam,
454 2106 552 2174 qui
591 2106 781 2162 liberis
803 2106 994 2162 volunt
1023 2108 1238 2176 quidvis
1266 2107 1435 2164 licere
1462 2109 1583 2163 sine
1612 2103 1926 2176 disciplina,

287 2182 511 2246 propter
537 2191 699 2246 quam
728 2178 774 2232 si
804 2178 888 2233 vel
927 2178 1136 2235 liberos
1172 2194 1203 2233 a
1240 2179 1433 2235 schola
1478 2179 1785 2245 avocarint,
1841 2176 1926 2233 vel

284 2245 687 2327 ludimagistros
715 2249 950 2319 aliquam
1004 2250 1391 2307 contumeliam
1440 2248 1929 2327 fecerint,___damus

282 2319 516 2391 ipsiper
546 2321 651 2375 hoc
697 2329 943 2376 nostrum
990 2329 1253 2377 statutum
1315 2327 1642 2391 potestatem
1688 2322 1818 2377 illos
1856 2321 1930 2375 ci-

283 2390 425 2445 tandi
459 2405 647 2446 coram
679 2392 838 2446 nobis
864 2393 949 2447 vel
982 2401 1171 2449 nostro
1204 2390 1447 2459 ofï¬ciali,
1483 2401 1542 2448 ut
1573 2394 1789 2450 discant
1815 2406 1927 2447 non

279 2460 459 2535 irasci,
494 2463 587 2535 cui
617 2463 927 2517 debuerunt
962 2466 1167 2533 gratias
1215 2479 1397 2535 agere.
1441 2467 1726 2521 Postremo
1774 2478 1929 2519 curaâ€”

279 2532 344 2586 tis
376 2541 434 2587 et
474 2532 700 2588 decanis
728 2532 1063 2603 injungimus
1101 2543 1160 2590 ut
1189 2532 1293 2590 ista
1330 2536 1516 2592 omnia
1546 2544 1743 2591 curent
1773 2549 1931 2590 exse-

279 2603 491 2659 cutioni
526 2604 686 2673 tradi,
709 2604 777 2660 de
808 2606 1107 2660 omissiono
1137 2608 1298 2661 nobis
1328 2608 1598 2662 rationem
1629 2605 1926 2662 reddituri.

816 2695 893 2750 De
920 2694 1393 2749 concionatoribus.

347 2780 568 2854 Duplici
627 2781 838 2837 honore
895 2784 1093 2853 dignos
1148 2798 1275 2838 vere
1327 2783 1682 2854 presbyteros
1736 2782 1933 2838 scribit

283 2853 595 2923 Apostolus,
629 2855 859 2908 maxime
889 2856 984 2924 qui
1026 2854 1280 2910 laborent
1308 2856 1364 2909 in
1395 2853 1563 2910 verbo
1592 2863 1647 2909 et
1677 2854 1931 2910 doctrina

287 2924 342 3049 Î¾Î¹
363 2927 492 3007 Tim.
514 2939 568 2989 v,
603 2925 682 2987 l7)
707 2946 721 2992 ;
754 2924 903 2993 quod
927 2927 1206 3007 praecipue
1230 2926 1434 3008 infelici
1460 2934 1653 3009 nostro
1674 2933 1928 3049 temâ€˜pore

306 2996 594 3049 aciendum
624 3002 707 3049 est
744 3011 875 3049 ouo.
918 2998 1505 3049 cnrcumstrenentibus
1543 2998 1748 3049 ubmue
1799 2997 1928 3049 alsrs

306 2996 594 3051 aciendum
624 3002 707 3051 est
744 3011 875 3065 quo,
918 2997 1505 3066 circumstrepentibus
1543 2997 1748 3066 ubique
1778 2996 1930 3051 falsis

290 3068 591 3137 prophetis,
651 3069 757 3121 rari
798 3067 1089 3123 admodum
1129 3070 1544 3138 comperiuntur
1580 3070 1675 3138 qui
1700 3069 1924 3138 â€˜possint

290 3144 376 3193 aut
418 3140 597 3194 velint
638 3140 1008 3209 evangelizare
1036 3140 1238 3195 virtute
1278 3140 1484 3208 multa;
1529 3140 1627 3195 sed
1677 3154 1801 3205 nec,
1843 3152 1934 3195 eo-

292 3209 405 3265 dem
436 3217 584 3266 teste
613 3211 898 3280 Apostolo,
933 3211 1193 3267 audiendi
1250 3220 1378 3267 sunt
1416 3225 1607 3268 omnes
1653 3211 1720 3266 ad
1771 3224 1930 3267 evan-

289 3282 628 3404 gelizandum
666 3282 874 3347 idonei,
905 3283 1008 3337 nisi
1045 3283 1285 3353 legitime
1322 3284 1596 3338 mittantur
1650 3283 1823 3354 (Rom.
1876 3297 1930 3350 x,

322 3353 391 3404 5i.
420 3369 491 3404 ne
538 3353 663 3404 mali
701 3367 761 3404 se
800 3354 1210 3404 intermisceant
1248 3355 1430 3404 bonis-
1463 3356 1565 3404 sub
1596 3355 1755 3404 ovina
1788 3354 1930 3404 uelle

272 3353 391 3422 Î”15),
420 3369 491 3411 ne
538 3353 663 3409 mali
701 3367 761 3409 se
800 3354 1210 3410 intermisceant
1248 3355 1430 3420 bonis,
1463 3356 1565 3410 sub
1596 3355 1755 3410 ovina
1788 3354 1932 3423 pelle

294 3423 442 3496 lupos
471 3431 690 3496 tegant,
716 3431 897 3480 autne
918 3426 1065 3495 quod
1092 3426 1259 3481 verbo
1278 3433 1373 3481 aut
1392 3426 1535 3482 facto
1556 3430 1932 3491 asseruerunt,

293 3494 426 3553 facto
454 3504 522 3553 et
546 3494 666 3553 'vita
694 3504 916 3568 negent,
936 3494 1096 3567 quod
1129 3499 1361 3553 maxime
1399 3499 1562 3553 etiam
1594 3505 1784 3553 nostro
1815 3510 1938 3552 cor-

294 3587 608 3656 ruptissimo
652 3576 750 3647 55
791 3585 996 3642 szeculo
1026 3587 1325 3641 cavendum
1356 3593 1477 3654 est;
1518 3600 1628 3656 quo
1676 3587 1839 3641 etiam
1878 3585 1935 3640 in

294 3670 537 3715 errorem
568 3663 624 3713 et
653 3658 1098 3727 depravationem
1138 3658 1497 3725 inducuntur,
1557 3660 1604 3712 si
1660 3657 1780 3712 ï¬eri
1839 3670 1937 3726 po-

295 3734 411 3796 test,
442 3729 559 3801 ipsi
600 3729 779 3785 electi.
821 3729 1061 3801 Proinde
1100 3736 1290 3784 sancta
1326 3729 1570 3801 synodus
1616 3727 1937 3801 Tridentina

296 3810 433 3857 recte
462 3798 761 3858 constituit
791 3804 944 3871 (sess.
975 3800 1031 3867 5,
1072 3802 1149 3855 De
1176 3801 1299 3871 reï¬‚,
1333 3814 1383 3855 c.
1416 3799 1491 3867 2),
1540 3813 1609 3855 ne
1657 3798 1938 3869 regulares

295 3874 715 3929 concionatores
769 3875 1146 3943 cujuscunque
1185 3871 1418 3937 ordinis,
1470 3871 1576 3927 nisi
1622 3885 1654 3925 a
1700 3871 1815 3925 suis
1842 3885 1941 3943 su-

296 3945 609 4011 periorilius
636 3944 705 3999 de
742 3942 871 4012 vita,
913 3943 1159 3999 moribus
1189 3950 1245 3999 et
1281 3943 1513 3998 scientia
1561 3942 1853 3999 examinati
1883 3948 1939 3997 et

295 4015 584 4084 approbati
622 4014 847 4081 fuerint,
907 4030 971 4070 ac
1024 4015 1093 4071 de
1151 4029 1342 4071 eorum
1380 4014 1604 4070 licentia
1660 4015 1820 4069 etiam
1882 4014 1937 4068 in

296 4087 546 4144 ecclesiis
582 4101 805 4142 suorum
862 4086 1137 4152 ordinum,
1198 4086 1503 4156 praedicare
1542 4100 1652 4142 non
1701 4086 1935 4156 possint,

300 4169 411 4213 cum
439 4174 554 4230 qua
586 4159 809 4214 licentia
839 4158 1206 4230 personaliter
1234 4172 1418 4213 coram
1472 4158 1751 4227 episcopis
1789 4171 1936 4229 prae-

302 4229 529 4299 sentare,
575 4230 728 4285 etab
767 4231 848 4284 eis
903 4229 1344 4285 benedictionem
1403 4236 1591 4298 petere
1647 4235 1939 4284 teneantur

303 4308 586 4373 antequam
610 4302 910 4370 praedicare
928 4301 1213 4370 incipiant.
1236 4302 1377 4373 Quin
1407 4302 1570 4356 etiam
1599 4300 1940 4373 eademsan-

305 4377 382 4426 cta
418 4371 665 4443 sâ€™ynodus
703 4373 969 4437 (sessione
1006 4372 1059 4438 2,
1102 4386 1223 4441 cap.
1273 4371 1361 4431 24)
1402 4379 1546 4427 vetat
1594 4386 1661 4426 ne
1702 4371 1806 4443 ipsi
1855 4385 1940 4425 re-

302 4442 508 4510 gulares
556 4447 615 4499 in
656 4444 907 4499 ecclesiis
944 4457 1168 4498 suorum
1216 4442 1470 4497 ordinum
1521 4442 1935 4498 contradicente

302 4515 554 4586 episcopo
608 4515 909 4585 praedicare
968 4521 1318 4584 praesumant.
1375 4515 1437 4586 in
1500 4514 1752 4586 ecclesiis
1805 4527 1936 4569 vero

304 4598 416 4652 quae
453 4584 679 4643 suorum
719 4586 971 4642 ordinum
1004 4600 1115 4641 non
1154 4594 1302 4651 sunt,
1333 4584 1475 4640 ultra
1504 4585 1781 4640 licentiam
1811 4598 1939 4639 suo-

304 4669 413 4711 rum
462 4659 834 4729 superiorum,
894 4657 1055 4712 etiam
1094 4657 1385 4729 licentiam
1429 4656 1677 4726 episcopi
1734 4655 1937 4710 habere

304 4728 567 4800 praecipit,
609 4730 727 4785 sine
766 4729 959 4798 quain
998 4728 1133 4800 ipsis
1170 4728 1427 4800 ecclesiis
1459 4742 1571 4784 non
1599 4740 1824 4782 suorum
1855 4741 1941 4800 or-

306 4797 482 4856 dinum
521 4801 676 4857 nullo
716 4797 881 4856 mede
933 4799 1235 4868 prtedicare
1285 4799 1518 4868 possint,
1568 4813 1730 4868 quam
1768 4798 1939 4869 gratis

305 4870 366 4943 ab
419 4873 696 4943 episcopis
728 4873 886 4941 jubet
931 4871 1183 4926 concedi.
1233 4872 1496 4938 Quoniam
1544 4871 1707 4939 hujus
1744 4869 1938 4943 synodi

306 4939 535 4998 decretis
591 4939 876 5014 generales
931 4943 1299 5012 regularium,
1362 4939 1938 5014 praesertim_mendi-

307 5016 557 5081 cautium,
600 5012 825 5070 ordines
855 5014 1111 5083 jurarunt
1148 5014 1540 5080 obedientiam,
1585 5012 1941 5082 prohibemus

307 5085 718 5156 quibuscunque
775 5086 1260 5141 concionatoribus
1323 5087 1485 5142 etiam
1553 5085 1937 5155 regularibus,

311 5157 662 5228 nedeinceps
691 5165 1025 5228 praesumant
1054 5159 1352 5213 conciones
1389 5158 1593 5213 habere
1645 5171 1745 5225 per
1784 5170 1942 5225 paro-

309 5226 451 5283 chias
490 5226 706 5285 nostra!
734 5230 1012 5297 dimcesis,
1046 5229 1151 5283 nisi
1172 5228 1240 5283 de
1271 5243 1529 5298 expressa
1554 5235 1742 5283 nostra
1772 5228 1941 5283 licen-

318 5298 407 5364 tia,
437 5314 540 5371 nec
569 5316 666 5357 eos
694 5301 965 5371 recipiant
1000 5299 1175 5371 curati
1220 5313 1318 5371 seu
1356 5300 1564 5366 vicarii,
1595 5300 1680 5355 vel
1721 5298 1942 5370 permit-

320 5374 428 5424 tant
452 5370 604 5441 loqui
632 5372 700 5428 ad
741 5370 1023 5442 populum,
1067 5370 1171 5426 nisi
1201 5370 1315 5442 visa
1352 5378 1446 5426 aut
1482 5371 1672 5426 saltem
1722 5372 1943 5441 cognita

313 5449 493 5511 nostra
522 5440 763 5510 licentia,
795 5440 898 5499 nec
936 5442 1103 5499 iidem
1143 5440 1422 5511 regulares
1458 5442 1516 5496 in
1545 5442 1659 5497 suis
1688 5440 1945 5498 domibus

312 5509 450 5567 intra
484 5523 727 5572 nostram
767 5515 1052 5572 dimcesim
1086 5509 1448 5570 existentibus
1494 5511 1769 5569 collocent
1816 5526 1947 5570 con-

310 5583 780 5667 cionatoremnisi
819 5601 920 5659 per
947 5600 1052 5667 nos
1078 5583 1462 5667 approbatum,
1502 5584 1605 5667 sub
1654 5598 1815 5667 pcena
1853 5599 1947 5667 ex-

308 5656 846 5728 commu'nicationis',
914 5656 1275 5716 contumaciae
1340 5663 1396 5712 et
1460 5656 1688 5726 periurii
1753 5661 1947 5713 contra

2012 1890 2365 1946 tumultuaria
2404 1891 2458 1946 in
2491 1906 2665 1945 messe
2715 1896 2769 1945 et
2807 1890 3077 1947 fructuum
3134 1892 3484 1947 collectione.
3531 1893 3659 1947 Pro-

2014 1969 2202 2031 pterea
2240 1964 2437 2018 iterum
2478 1962 2818 2033 obtestamur
2864 1963 3145 2033 regulares
3183 1964 3238 2017 in
3286 1964 3537 2030 Domino,
3590 1977 3657 2019 ne

2012 2035 2196 2088 sinant
2225 2034 2368 2089 ullos
2397 2033 2517 2089 dies
2544 2032 2736 2096 festos,
2770 2032 3078 2102 praesertim
3109 2034 3164 2088 in
3212 2034 3328 2089 suis
3382 2034 3659 2103 domibus,

2017 2106 2137 2159 sine
2168 2104 2435 2177 peculiari
2466 2106 2572 2160 sibi
2621 2105 2987 2177 concionandi
3029 2119 3254 2177 munere
3285 2105 3448 2173 elabi,
3483 2113 3541 2161 ut
3572 2120 3663 2177 pa-

2013 2190 2130 2230 cem
2161 2176 2347 2231 colant
2375 2190 2497 2231 cum
2528 2176 2734 2231 curatis
2771 2190 2861 2244 per
2926 2182 3008 2231 tot
3064 2176 3382 2245 pontificum
3438 2177 3661 2233 decreta

2011 2246 2298 2315 ï¬rmatam,
2340 2255 2505 2317 atque
2544 2246 2851 2316 intelligant
2897 2260 2966 2302 ne
3017 2248 3237 2316 quidem
3278 2247 3659 2303 confessiones

2010 2318 2272 2374 audiendi
2312 2320 2367 2373 in
2408 2325 2680 2374 conventu
2733 2318 2850 2372 sine
2903 2317 3150 2388 episcopi
3190 2319 3412 2373 licentia
3458 2335 3488 2373 a
3528 2334 3659 2375 con-

2010 2390 2141 2445 cilio
2173 2391 2491 2445 Tridentino
2527 2398 2679 2459 (sess.
2713 2388 2803 2457 33,
2844 2391 2923 2444 De
2968 2390 3090 2459 reï¬‚,
3141 2405 3190 2445 c.
3251 2390 3339 2459 15)
3398 2390 3504 2444 sibi
3563 2405 3660 2460 po-

2011 2468 2261 2517 testatem
2295 2463 2556 2531 permitti,
2590 2469 2645 2515 et
2692 2461 2873 2516 omnia
2923 2461 3134 2515 indulta
3181 2475 3244 2515 ac
3293 2461 3576 2532 privilegia
3625 2476 3655 2516 a

2010 2534 2431 2603 quibuscunque
2488 2534 2734 2598 obtenta,
2783 2546 2882 2601 per
2928 2531 3246 2603 Gregorium
3301 2533 3438 2600 XIII,
3487 2531 3661 2588 domi-

2012 2618 2139 2658 num
2182 2612 2426 2660 nostrum
2468 2619 2700 2674 papam,
2762 2604 3054 2659 novissime
3111 2604 3255 2657 intra
3310 2617 3573 2659 concessa
3630 2618 3661 2659 a

2012 2675 2249 2731 concilio
2306 2676 2627 2729 Tridentino
2685 2681 2739 2729 et
2794 2675 3036 2743 antiquis
3093 2673 3399 2730 canonibus
3455 2676 3653 2745 redigi,

2013 2746 2215 2814 quibus
2245 2745 2362 2800 sine
2401 2747 2610 2800 scelere
2658 2758 2767 2800 non
2819 2753 3049 2814 possunt
3098 2746 3414 2800 reclamare.
3466 2748 3663 2801 Horta-

2014 2830 2137 2870 mur
2166 2825 2224 2871 ut
2254 2816 2499 2881 lectioni,
2529 2817 2765 2871 orationi
2807 2824 2859 2871 et
2911 2817 3280 2871 exhortationi
3339 2817 3522 2885 potius
3580 2819 3661 2871 in-

2012 2888 2271 2942 cumbant
2301 2902 2462 2957 quam
2501 2887 2801 2942 discordiis
2839 2887 2983 2941 inter
3035 2887 3242 2942 clerum
3290 2895 3346 2942 et
3398 2887 3659 2957 populum

2010 2959 2281 3026 serendis,
2314 2974 2378 3014 ac
2408 2961 2626 3014 Patrum
2675 2971 2897 3012 suorum
2948 2958 3119 3029 magis
3157 2957 3488 3013 aemulentur
3536 2958 3661 3014 reli-

2010 3048 2217 3118 giosam
2256 3047 2662 3117 simplicitatem
2720 3061 2880 3117 quam
2951 3038 3051 3107 57
3112 3046 3422 3103 inordinate
3479 3049 3665 3104 ambu-

1950 3111 2148 3183 Cient.
2208 3111 2416 3195 Quibus
2471 3111 2763 3181 stationem
2820 3126 3155 3190 dederimus,
3197 3126 3447 3184 volumus
3502 3129 3557 3183 in
3599 3143 3662 3185 ea

2013 3200 2168 3269 ipsos
2196 3199 2515 3255 concionari
2545 3198 2736 3254 saltem
2785 3197 2953 3253 semel
2993 3199 3048 3252 in
3090 3212 3275 3253 mense
3324 3206 3442 3255 toto
3490 3214 3656 3266 anno,

2014 3278 2107 3326 aut
2159 3272 2323 3326 alium
2364 3271 2458 3339 qui
2517 3271 2572 3324 in
2613 3270 2859 3338 ipsorum
2916 3269 3165 3324 absentia
3222 3270 3370 3325 vices
3406 3272 3661 3340 suppleat

2015 3342 2178 3397 nobis
2209 3342 2551 3412 praesentari,
2584 3348 2645 3395 ut
2672 3340 2740 3395 ad
2772 3341 2952 3395 minus
2980 3342 3148 3396 semel
3181 3341 3236 3395 in
3276 3355 3472 3412 mense,
3492 3344 3660 3412 verbo

2015 3415 2112 3468 Dei
2144 3410 2440 3483 pascantur
2495 3425 2686 3466 omnes
2742 3418 2947 3483 nostra:
3000 3411 3299 3483 parochias.
3350 3412 3406 3465 Si
3445 3410 3660 3483 defece-

2017 3480 2159 3549 rint;
2175 3485 2432 3553 jubemus
2458 3496 2489 3537 a
2520 3483 2724 3537 curatis
2761 3481 2922 3535 nobis
2967 3480 3284 3553 significari,
3337 3488 3396 3535 ut
3432 3482 3501 3537 de
3539 3483 3664 3538 aliis

2016 3551 2421 3624 provideamus,
2472 3558 2527 3607 et
2573 3553 3040 3624 eleemosynarum
3070 3551 3437 3624 collationem
3496 3553 3665 3622 impe-

2018 3621 2146 3683 diri.
2197 3627 2275 3680 Ne
2313 3630 2494 3678 autem
2549 3624 2883 3676 seminantes
2946 3621 3212 3689 spiritalia
3271 3621 3666 3690 temporalibus

2020 3703 2235 3767 egeant,
2270 3694 2588 3767 mandamus
2625 3708 2655 3747 a
2702 3692 3052 3767 curatis__seu
3099 3691 3317 3746 vicariis
3364 3694 3431 3767 ad
3480 3692 3666 3763 hospi-

2020 3762 2244 3823 tandum
2274 3765 2511 3831 invitari,
2546 3768 2601 3819 et
2640 3777 2762 3818 cum
2801 3762 3002 3832 gaudio
3050 3777 3113 3818 ac
3161 3765 3513 3819 veneratione
3570 3762 3663 3820 ex-

2020 3839 2151 3909 cipi,
2196 3839 2299 3893 nisi
2330 3836 2475 3908 apud
2524 3835 2740 3891 nobiles
2786 3842 2880 3888 aut
2932 3834 3072 3889 alios
3101 3834 3350 3909 ditiores
3390 3836 3663 3909 parochos

2020 3906 2313 3965 maluerint
2368 3906 2674 3975 hospitari;
2732 3911 2938 3961 tantum
2998 3906 3353 3975 prohibemus
3409 3908 3665 3964 tabernas

2020 3981 2270 4052 publicas
2307 3976 2541 4052 ingredi.
2574 3980 2633 4033 ln
2672 3976 2918 4052 Adventu
2960 3985 3187 4052 veroet
3237 3978 3661 4052 Quadragesima

2020 4050 2211 4109 civitas
2251 4050 2385 4118 tota,
2443 4051 2526 4106 vel
2568 4050 2867 4120 parochia,
2927 4050 2973 4103 si
3026 4050 3187 4105 unica
3225 4051 3317 4111 sit,
3378 4050 3665 4120 provideat

2020 4126 2156 4194 ipsis
2186 4124 2253 4179 de
2301 4126 2446 4179 victu
2478 4128 2531 4177 et
2568 4120 2833 4191 hospitio,
2886 4121 3189 4194 praesertim
3228 4121 3275 4175 si
3318 4122 3435 4177 fieri
3484 4132 3667 4193 potest

2020 4193 2162 4265 apud
2195 4196 2430 4265 aliquem
2467 4194 2536 4248 de
2584 4193 2993 4265 ecclesiasticis,
3037 4194 3129 4261 qui
3170 4206 3201 4246 a
3242 4194 3663 4262 praedicatorum

2020 4262 2303 4323 aiimentis
2333 4279 2442 4322 non
2483 4265 2687 4320 debent
2743 4277 2862 4317 esse
2920 4262 3188 4317 immunes
3235 4277 3304 4317 ne
3362 4279 3485 4319 cum
3543 4266 3667 4320 aliis

2022 4338 2394 4403 contribuant,
2429 4336 2524 4391 sed
2558 4335 2740 4404 potius
2778 4346 2879 4386 suo
2928 4333 3178 4400 exemplo
3226 4333 3365 4387 alios
3410 4336 3661 4390 incitare.

1955 4410 2320 4495 DStatuimus
2384 4414 2651 4495 prteterea
2715 4406 3492 4495 quemqueuconventumâ€˜in
3551 4407 3681 4460 suis

2022 4482 2270 4536 terminis
2307 4474 2562 4535 omnibus
2600 4476 2897 4532 Dominicis
2954 4474 3082 4529 anni
3142 4475 3197 4529 in
3257 4487 3463 4543 pronao
3522 4489 3669 4531 com-

2018 4552 2287 4607 mendari.
2322 4550 2671 4605 Declaramus
2719 4548 2882 4603 etiam
2931 4545 2999 4601 de
3054 4546 3422 4614 hospitiorum
3480 4555 3534 4601 et
3591 4546 3669 4601 le-

2017 4624 2391 4694 prosariarum
2442 4620 2719 4694 fructibus
2769 4626 2932 4694 atque
2971 4618 3199 4694 aliarum
3238 4617 3669 4694 administratio-

2018 4689 2147 4750 num
2187 4709 2310 4764 quae
2359 4690 2908 4764 operibuspietatisâ€˜
2944 4689 3338 4764 attribuuntur,
3396 4690 3545 4757 juste
3604 4702 3667 4744 ac

2019 4759 2221 4822 merito
2275 4759 2584 4835 portionem
2642 4759 2912 4835 impertiri
2970 4759 3396 4835 mendicantium
3432 4773 3669 4835 conven-

2020 4840 2188 4904 tibus,
2218 4830 2291 4891 ac'
2313 4834 2619 4891 monendos
2656 4848 2685 4887 a
2726 4830 2938 4887 curatis
2969 4830 3303 4904 decedentes
3330 4844 3399 4904 ne
3427 4832 3672 4901 ipsorum

2019 4911 2077 4965 in
2118 4902 2460 4965 testamentis
2487 4904 2899 4961 obliviscantur.
2941 4902 3094 4973 Sicut
3137 4909 3317 4957 autem
3356 4903 3412 4957 in
3461 4911 3672 4973 partem

2023 4987 2227 5037 nostra}
2258 4977 2649 5034 sollicitudinis
2680 4982 2845 5043 atque
2884 4972 3125 5027 omnium
3170 4972 3670 5040 ecclesiasticorum

2021 5053 2325 5108 subsidium
2353 5057 2637 5114 vocantur,
2671 5047 2745 5100 ita
2796 5057 3010 5112 aequum
3062 5049 3145 5099 est
3191 5046 3258 5100 ab
3289 5045 3545 5100 omnibus
3574 5058 3671 5101 eos

2023 5123 2321 5194 participes
2369 5115 2974 5194 effici_beneiicior_um,
3000 5116 3234 5194 quibus
3269 5121 3497 5185 propter
3544 5115 3667 5171 ofï¬‚-

2023 5186 2165 5251 cium
2178 5186 2498 5264 gaudemus.
2514 5192 2685 5264 Porro
2702 5187 2960 5264 quoniam
2982 5186 3236 5264 diesmali
3252 5194 3400 5253 sunt,
3415 5200 3671 5264 rogamus

2022 5258 2266 5337 ipsos'ut
2304 5264 2360 5318 in
2408 5260 2772 5317 concionibus
2799 5258 2911 5313 sint
2954 5259 3273 5327 prudentes,
3304 5258 3672 5330 studeantque

2024 5356 2210 5427 potius
2253 5358 2473 5408 nostros
2509 5349 2787 5406 exhortari
2829 5338 2930 5407 58
2970 5347 3026 5402 in
3065 5347 3317 5403 doctrina
3350 5363 3481 5404 sana
3511 5363 3673 5421 quam

2023 5432 2494 5493 contradictiones
2524 5435 2578 5485 et
2616 5430 2857 5484 haareses
2905 5428 3207 5498 revincere,
3242 5428 3548 5498 praesertim
3578 5430 3674 5485 ubi

2025 5507 2263 5579 pepulus
2293 5503 2445 5579 nulla
2481 5502 2697 5579 laborat
2733 5499 3122 5579 haereticorum
3144 5497 3472 5569 frequentia.
3495 5502 3678 5579 Insec-

2024 5571 2212 5637 ieritur
2241 5575 2426 5647 potius
2466 5573 2597 5647 vitia
2627 5585 2694 5647 ac
2720 5571 3141 5644 depravationes
3187 5584 3399 5647 morum
3448 5573 3677 5647 popula-

2025 5653 2190 5720 rium,
2222 5642 2278 5704 á¼Î¹
2306 5645 2375 5702 ad
2405 5642 2989 5717 paenitentiamâ€”atque
3038 5642 3477 5701 emendationem
3505 5642 3676 5715 magis
