4100 6166
264 5226 269 5233 ’
357 5231 393 5303 ei
422 5230 731 5303 t’aspersion
760 5231 825 5287 de
854 5231 993 5287 t’eau
1021 5226 1207 5303 benite,
1239 5249 1304 5288 en
1347 5232 1403 5290 ta

398 278 507 333 263

1484 278 1777 334 JOANNES
1811 277 2226 334 ARCHIEPISC.
2268 278 2603 336 ROTOMAG.

3665 279 3771 335 264

397 400 667 472 lacrymas
694 400 974 457 excutiant
1015 415 1176 473 quam
1215 399 1520 458 accendant
1547 399 1785 473 furorem
1815 401 1899 457 vel
1930 402 2043 458 ira-
2063 402 2388 462 Adecanatu
2416 403 2536 458 mihi
2566 404 2835 459 commisso
2862 403 3055 473 factum
3098 404 3166 459 sit
3214 409 3304 460 aut
3349 405 3545 473 factum
3573 404 3692 471 erit,
3722 404 3770 457 si

404 472 660 528 cundiam
688 474 756 528 ad
805 472 1153 529 seditionem.
1196 474 1440 542 Denique
1469 473 1537 528 de
1573 472 1659 528 his
1686 473 1944 528 omnibus
1972 473 2041 528 ad

399 543 664 614 populum
710 557 1021 600 sermonem
1076 544 1313 599 habeant
1368 558 1491 614 quae
1548 545 1933 613 proposuimus
1986 545 2044 600 in

396 613 712 671 Curatorum
743 623 907 685 atque
938 617 1111 685 ipsius
1142 614 1337 685 populi
1368 613 1570 670 ofﬁcio.

468 688 546 741 De
568 684 865 758 prouisione
891 692 941 741 et
962 684 1343 758 reformatione
1360 684 1736 758 breuiariorum
1754 690 1803 741 et
1822 684 2044 758 aliorum

396 755 647 813 librorum
674 755 1137 813 ecclesiasticarum
1160 771 1259 828 pro
1290 757 1499 812 (timessi
1536 756 1860 813 Ebroicensi.

466 829 757 885 Multorum
786 829 855 885 de
884 828 1034 885 clero
1073 828 1348 898 precibus,
1383 834 1439 884 et
1484 828 1845 898 querimoniis
1883 828 2042 883 indu-

396 900 490 966 cti,
525 902 912 983 proposuimus
930 902 1062 983 Deo,
1084 899 1247 983 nobis
1277 898 1540 983 propitio,
1572 913 1767 983 preces
1791 899 2042 983 horarias

398 984 497 1041 pro
526 970 702 1053 lai‘cis,
735 972 1001 1053 breviaria
1048 977 1103 1024 et
1148 970 1387 1053 niissalia
1436 984 1536 1039 pro
1584 971 2040 1053 presbyterishet

395 1043 666 1098 manualia
722 1056 823 1112 pro
880 1047 1084 1097 nostra:
1142 1041 1400 1096 dioecesis
1454 1042 1665 1112 curatis
1716 1041 2038 1112 diligentius

396 1114 635 1179 visitare,
668 1111 736 1168 ac
774 1114 842 1169 de
884 1113 1117 1169 consilio
1157 1113 1371 1182 piorum
1418 1111 1659 1167 virorum
1717 1111 2035 1178 reformare,

393 1191 559 1253 atque
587 1185 782 1240 iterum
831 1182 1193 1240 cmendatiori
1224 1192 1279 1239 et
1315 1182 1640 1251 elegantiori
1686 1182 2036 1253 impressioni

393 1252 671 1321 mandare,
720 1256 1027 1325 praesertim
1074 1268 1196 1310 cum
1246 1267 1435 1310 eorum
1483 1254 1723 1310 omnium
1766 1257 1877 1323 jam
1924 1252 2038 1311 fere

391 1326 594 1396 ubique
624 1326 680 1381 in
712 1324 901 1383 nostra
946 1326 1175 1382 dioecesi
1220 1324 1502 1382 laboretur
1551 1326 1800 1395 penuria.
1836 1328 2034 1381 Verum

389 1397 517 1467 quia
546 1411 656 1454 non
686 1412 749 1454 ea
781 1406 866 1455 est
893 1399 1283 1467 impressorum
1312 1397 1473 1467 c0pia
1503 1397 1587 1452 vel
1633 1397 1879 1467 potentia
1910 1412 2035 1466 quas

391 1468 521 1524 olim
550 1468 673 1535 fuit,
706 1474 761 1524 et
807 1471 863 1525 in
907 1483 1014 1524 una
1060 1468 1423 1538 impressione
1454 1482 1737 1525 numerum
1769 1468 2035 1524 librorum

386 1539 584 1596 excudi
614 1540 800 1606 debet,
833 1541 928 1610 qui
958 1540 1025 1595 ad
1057 1539 1259 1610 multos
1305 1553 1482 1596 annos
1528 1538 1782 1605 sufﬁciat,
1826 1545 2032 1596 tantum

387 1611 667 1693 negotium
715 1608 964 1693 expediri
1015 1608 1215 1693 nequit:
1243 1610 1361 1693 sine
1410 1611 1658 1667 maximis
1699 1612 2033 1693 sumptibus,

385 1696 527 1752 quos
581 1681 900 1751 impendere
957 1695 1058 1737 nec
1104 1681 1209 1751 ipsi
1264 1681 1627 1751 impressores
1681 1683 1873 1739 volunt
1928 1697 2031 1738 nec

386 1759 637 1824 possunt,
670 1767 772 1808 nec
802 1767 904 1809 nos
950 1753 1057 1822 ipsi
1104 1767 1293 1809 sumus
1336 1755 1470 1809 satis
1508 1759 1781 1824 potentes.
1816 1754 2029 1813 Idcirco

385 1823 454 1879 de
487 1823 815 1894 prudentum
860 1824 1140 1880 hominum
1187 1824 1439 1889 consilio,
1473 1823 1743 1881 rationem
1772 1826 2037 1881 inivimus

384 1909 493 1968 qua
523 1894 651 1950 huic
699 1896 855 1968 oneri
911 1894 1195 1968 aliqua‘iu
1244 1902 1398 1965 parte
1429 1896 1694 1968 satisﬁat,
1727 1904 1787 1951 ut
1833 1897 2035 1968 singuli

382 1965 632 2050 abbates,
664 1967 896 2050 priores,
948 1966 1144 2050 curati,
1181 1980 1245 2021 ac
1294 1965 2035 2050 pr‘esbyterincuju‘scunque

385 2035 765 2106 professionis,
799 2044 854 2094 et
900 2038 1255 2093 ecclesiarum
1286 2035 1479 2093 aeditui
1507 2035 1799 2095 conferant
1835 2035 2033 2095 nobis-

384 2122 529 2176 cum,
560 2109 760 2179 singuli
802 2123 900 2179 pro
931 2109 1096 2165 modo
1144 2123 1361 2164 suarum
1411 2110 1730 2166 facultatum
1761 2116 1817 2166 et
1846 2124 2037 2167 neces-

380 2196 542 2252 sitate
581 2190 683 2259 59
723 2197 988 2253 librorum
1046 2197 1285 2262 illorum,
1334 2196 1418 2253 vel
1467 2198 1625 2268 plura
1680 2198 1764 2253 vel
1813 2198 2034 2255 unicum

380 2281 627 2340 aureum,
660 2268 744 2340 vel
792 2269 972 2324 minus
1018 2283 1207 2336 aureo,
1241 2275 1297 2324 et
1340 2268 1623 2340 deponant
1670 2269 1815 2339 apud
1854 2271 2034 2340 depu-

379 2342 524 2394 tatos
554 2339 638 2412 ab
685 2339 788 2395 hac
836 2340 1048 2410 synodo
1096 2340 1163 2396 ad
1211 2339 1498 2412 nobiscum
1548 2341 1854 2412 urgendum
1883 2339 2031 2397 istud

378 2410 699 2492 negotium;
741 2424 852 2480 quo
901 2418 1170 2492 peract_o,_
1200 2411 1269 2468 de
1325 2410 1827 2492 pretio‘lib'rorum
1881 2427 2034 2492 quos

379 2483 612 2550 quisque
635 2495 736 2551 pro
766 2496 861 2536 sua
883 2484 1212 2538 necessitate
1241 2484 1497 2552 accipiet,
1522 2488 1731 2538 tantum
1761 2483 2034 2540 diminue-

378 2557 469 2622 tur
505 2560 767 2622 quantum
796 2558 957 2609 antea
986 2554 1303 2609 contulerit.
1343 2554 1612 2621 Quocirca
1640 2568 1671 2609 a
1701 2554 1926 2610 decanis
1954 2555 2024 2611 de

378 2621 488 2678 hoc
516 2621 706 2696 nostro
737 2628 942 2696 statuto
973 2626 1185 2681 moneri
1200 2624 1457 2695 jubemus
1486 2640 1677 2682 omnes
1709 2626 2028 2696 pracdictos,

378 2699 434 2767 e_t
462 2695 670 2767 scripto
709 2694 969 2767 mandare
1008 2694 1269 2766 quantum
1308 2697 1542 2767 quisque
1573 2694 1856 2764 obtulerit,
1893 2705 1953 2753 ut
1999 2713 2031 2753 a

378 2764 655 2835 deputatis
695 2765 977 2839 judicetur
1021 2764 1090 2822 an
1139 2764 1348 2823 summa
1378 2764 1630 2838 pecunia:
1660 2777 1863 2839 quanta
1892 2782 2034 2839 opus

376 2843 460 2891 est
488 2837 783 2909 convenire
818 2838 1010 2909 possit.
1051 2840 1129 2894 Ne
1159 2846 1341 2895 autem
1371 2837 1570 2895 collata
1600 2837 1836 2909 pecunia
1864 2837 2035 2909 depe-

374 2913 512 2974 reat,
545 2908 639 2963 uni
670 2908 753 2963 vel
801 2908 1051 2981 pluribus
1095 2909 1351 2965 fidelibus
1398 2910 1493 2981 qui
1524 2908 1635 2966 sint
1662 2908 2032 2967 solvendo’de

376 2991 649 3104 gqnsgnsu
696 2980 940 3035 omnium
987 2981 1375 3050 deputatorum
1416 2980 1808 3039 "committetur
1852 2988 2033 3039 custo-

440 3062 507 3104 en
550 3062 601 3104 a.

440 3062 601 3105 enua.

858 3122 939 3176 De
975 3120 1188 3177 decanis
1224 3121 1509 3178 ruralibus.

445 3227 525 3282 Ne
552 3231 733 3282 autem
762 3224 967 3282 frustra
1016 3226 1104 3283 lex
1151 3235 1207 3283 et
1251 3235 1514 3285 statutum
1564 3229 1747 3297 detur,
1780 3231 1826 3286 si
1866 3245 2027 3288 nemo

374 3297 448 3351 sit
475 3298 570 3367 qui
600 3297 872 3372 observet,
905 3297 988 3372 vel
1021 3299 1299 3355 observari
1331 3301 1387 3355 in
1419 3307 1608 3357 nostra
1628 3303 1875 3358 absentia
1903 3317 2029 3372 pro-

373 3376 560 3443 curet,
573 3370 924 3443 praecipimus
943 3369 1171 3425 decanis
1188 3379 1267 3436 ut,
1287 3379 1545 3441 tanquam
1558 3387 1626 3428 ex
1645 3373 1754 3428 alta
1774 3369 2021 3443 specula,

374 3440 715 3509 prospiciant
760 3442 816 3495 in
870 3454 1081 3507 omnes,
1130 3455 1195 3497 ac
1241 3440 1479 3499 ﬁdeliter
1534 3440 2023 3500 deferant'deliné

371 3519 606 3581 quentes
643 3518 699 3567 et
743 3518 1133 3586 contumaces;
1166 3514 1223 3568 in
1262 3528 1424 3583 quem
1474 3513 1634 3570 ﬁnem
1666 3517 1859 3571 damus
1886 3517 2025 3586 ipsis

372 3589 698 3651 potestatem
751 3583 957 3638 citandi
1014 3598 1375 3655 quoscunque
1423 3586 1542 3642 sine
1598 3587 1708 3642 alio
1765 3583 2023 3644 mandato

368 3655 617 3724 speciali,
652 3659 707 3709 et
736 3655 1094 3723 prohibemus
1140 3670 1210 3711 ne
1250 3658 1599 3723 conniveant,
1631 3658 1714 3714 vel
1747 3673 1867 3714 cum
1909 3659 2023 3715 ullo

370 3726 549 3801 pretio
576 3726 907 3801 interposito
930 3727 1242 3801 transigant
1269 3730 1372 3783 sub
1403 3743 1563 3797 pinna
1598 3744 1726 3800 erga
1757 3744 1859 3786 nos
1889 3745 2023 3801 per-

368 3795 535 3868 ﬁdiis,
567 3802 623 3851 et
653 3796 881 3868 perjurii
926 3796 989 3868 in
1015 3798 1182 3851 Deum
1212 3795 1417 3854 contra
1441 3795 1831 3867 juramentum.
1862 3795 2020 3868 Quod

369 3867 627 3921 omnibus
653 3866 880 3935 synodis
905 3866 1157 3921 volumus
1183 3868 1252 3922 ab
1298 3870 1411 3923 illis
1446 3866 1506 3924 in
1536 3872 1741 3926 nostris
1771 3866 2022 3928 manibus

368 3935 486 4018 ﬁeri
518 3942 574 3991 et
602 3936 875 4018 renovari,
907 3938 1064 4007 cujus
1093 3938 1213 3994 haec
1237 3946 1323 3995 est
1349 3938 1523 3996 forma
1544 3955 1610 3996 ex
1629 3944 1836 3998 sanctis
1856 3957 2023 3999 cano-

367 4006 533 4061 nibus
561 4012 796 4075 sumpta.

440 4078 552 4146 Ego
599 4078 672 4133 N.
713 4076 1057 4151 decanus__de
1102 4080 1195 4151 Νη
1223 4080 1350 4148 jura
1391 4095 1488 4151 per
1537 4083 1697 4137 Deum
1753 4085 1923 4139 uiuum
1971 4089 2021 4141 et

368 4145 690 4225 hae-saneta
727 4147 1017 4225 Evangelia
1058 4150 1197 4220 quod
1224 4145 1422 4225 iamodb
1470 4154 1547 4225 in,
1567 4158 1723 4209 antea
1771 4155 2020 4225 quidquid

363 4219 505 4297 noui,
527 4224 618 4275 aut
646 4219 845 4297 audiui,
885 4224 994 4297 aut_
1002 4219 1331 4297 postmodum
1358 4223 1700 4297 inquisitum
1740 4219 1855 4281 sum
1883 4219 2020 4297 quod

363 4295 548 4347 contra
591 4290 906 4347 uoluntatem
951 4292 1067 4358 Dei,
1118 4298 1210 4348 aut
1244 4290 1442 4350 rectam
1470 4290 1920 4353 Christianitatem
1963 4300 2020 4353 in

2124 493 2180 547 in
2208 492 2386 548 diebus
2424 493 2550 546 meis
2577 494 2819 557 euenerit,
2860 498 2909 547 et
2947 493 3017 547 ad
3054 493 3393 561 cognitionem
3459 484 3575 554 60
3606 508 3771 548 meam

2119 564 2432 634 peruenerit,
2462 568 2552 618 aut
2579 563 2861 618 indicatum
2890 564 3013 618 mihi
3030 565 3206 633 fuerit,
3227 564 3533 633 synodalem
3556 578 3770 619 causam

2124 650 2237 689 esse
2264 641 2313 691 et
2346 635 2417 690 ad
2444 636 2781 689 ministerium
2828 635 3022 689 domini
3067 637 3165 689 mei
3209 637 3439 707 episcopi
3470 636 3768 707 pertinere;

2125 708 2262 777 quod
2318 721 2412 760 nec
2478 711 2695 777 propter
2740 720 2967 761 amorem
2991 748 3004 772 ,
3065 722 3159 760 nec
3205 713 3422 777 propter
3496 708 3766 771 timorem,

2122 793 2219 849 nec
2249 782 2463 849 propter
2486 778 2732 849 pretium,
2762 792 2858 831 nec
2879 782 3098 849 propter
3130 779 3472 848 parentatum,
3514 778 3770 832 ullatenus

2124 848 2303 904 celabo
2346 848 2599 919 prtedicto
2629 849 2834 903 domino
2876 864 2987 903 meo
3035 850 3274 920 episcopo
3314 855 3404 905 aut
3450 851 3561 917 ejus
3588 850 3766 915 misso,

2124 921 2332 975 cui‘hoe
2357 920 2621 991 inquirere
2652 919 2893 988 jusserit,
2926 926 3016 975 ant
3061 922 3171 988 ejus
3207 919 3521 990 ’ofﬁeiariis.
3570 921 3664 976 Sic
3689 936 3769 975 me

2120 994 2261 1046 Deus
2288 992 2495 1060 adjuvet
2524 996 2574 1046 et
2592 991 2703 1044 haec
2718 996 2903 1045 saneta
2928 992 3024 1046 Dei
3048 991 3357 1061 Evangelia.

2124 1081 2482 1135 PRIVILBGIUM
2523 1094 2718 1134 URBANI
2751 1094 2919 1146 PAPIE,
2958 1095 3106 1142 QUOD
3144 1095 3435 1135 EPISCOPUS
3471 1081 3774 1135 ΕΒῙΙΟῘΟΕΝ⁸

2193 1166 2272 1207 SIS
2311 1167 2496 1207 POSSIT
2535 1165 2880 1206 COMPBLLERB
2927 1166 3187 1208 SUBDITOS
3242 1167 3378 1207 SUOS
3432 1167 3503 1207 AD
3542 1164 3769 1207 ORDlNES

2191 1238 2256 1277 ET
2292 1237 2649 1278 RBSIDENTIAM
2658 1261 2671 1276 .

2190 1316 2449 1369 URBANUS
2468 1312 2782 1382 episcopus,
2804 1325 2994 1368 servus
3013 1327 3295 1369 servorum
3327 1313 3442 1380 Dei,
3463 1310 3765 1368 venerabili

2118 1385 2270 1441 fratri
2318 1385 2580 1454 episcopo
2636 1383 2957 1441 Ebroicensi
3012 1385 3241 1442 salutem
3298 1390 3353 1440 et
3407 1383 3766 1455 apostolicam

2119 1456 2582 1514 benedictionem.

2189 1528 2516 1600 Signiﬁcasti
2546 1524 2708 1581 nobis
2735 1526 2884 1595 quod
2932 1528 3182 1600 nonnulli
3232 1527 3425 1583 decani
3464 1525 3674 1600 rurales
3711 1530 3769 1581 et

2120 1598 2474 1656 ecclesiarum
2532 1602 2776 1653 rectores
2824 1605 2931 1653 tua:
2978 1598 3235 1656 dioecesis
3298 1611 3487 1654 sacros
3542 1598 3769 1655 ordines

2119 1672 2421 1741 suscipere,
2454 1669 2593 1725 etin
2632 1667 2992 1741 decanatibus
3035 1677 3090 1726 et
3136 1670 3388 1727 ecclesiis
3426 1669 3561 1737 suis,
3596 1675 3767 1741 prout

2052 1724 2099 1782 Β
2122 1724 2475 1800 éBE-iiﬁf‘ciiré
2498 1724 2758 1809 requirit,
2793 1724 3156 1809 personal'e'mﬁ
3180 1724 3561 1797 residentiam'
3584 1724 3765 1795 facere

2120 1823 2175 1871 et
2233 1820 2498 1885 prietextu
2558 1812 2912 1885 quarumdam
2970 1814 3432 1884 indulgentiarum
3484 1827 3582 1881 per
3628 1825 3767 1881 quas

2120 1888 2201 1942 eis
2228 1882 2260 1941 a
2289 1886 2419 1943 sede
2448 1882 2751 1953 apostolica
2780 1882 2984 1938 dicitur
3029 1882 3152 1940 esse
3189 1898 3530 1951 concessum,
3563 1890 3624 1938 ut
3653 1895 3764 1938 non

2117 1964 2413 2014 teneantur
2440 1969 2542 2011 nec
2571 1953 2828 2022 compelli
2875 1955 3085 2011 valeant
3124 1956 3192 2011 ad
3231 1955 3515 2024 praadicta,
3547 1967 3764 2009 necnon

2120 2044 2378 2085 exercere
2408 2026 2586 2084 ofﬁcia
2616 2024 2683 2079 ad
2705 2039 2829 2094 quae
2848 2031 3107 2083 tenentur
3125 2028 3487 2082 decanatuum
3514 2033 3569 2081 et
3587 2025 3764 2081 eccle-

2117 2102 2322 2157 siarum
2352 2097 2662 2156 earumdem
2695 2096 2907 2152 ratione
2954 2098 3022 2153 ad
3064 2099 3376 2153 mandatum
3415 2104 3566 2152 tuum
3600 2111 3765 2152 recu-

2119 2179 2263 2237 sant,
2296 2178 2525 2242 propter
2570 2167 2726 2242 quod
2769 2168 3020 2242 przedicti
3068 2171 3368 2242 decanatus
3414 2175 3469 2224 et
3514 2169 3765 2242 ecclesiae

2119 2186 2263 2237 sant,
2296 2186 2397 2242 pro
2440 2186 2525 2225 ter
2570 2186 2719 2237 quoa
2807 2186 3020 2225 l'tBtllcu
3068 2186 3368 2225 decanatus
3414 2186 3469 2224 et
3514 2186 3765 2224 ecetesw:

2119 2244 2321 2320 debitis
2368 2186 3107 2320 ogsequiisoefraudantur.
3150 2243 3260 2320 nios
3288 2241 3456 2320 igitur
3491 2240 3602 2320 tuis
3637 2253 3767 2308 sup-

2120 2315 2511 2385 plicationihus
2550 2310 2796 2385 inclinati
2842 2312 3208 2385 compellendi
3257 2310 3478 2385 easdem
3527 2311 3769 2385 decanos

2118 2381 2173 2442 et
2220 2392 2466 2441 rectores
2512 2381 3145 2453 monitionepraemissa
3192 2397 3291 2453 per
3332 2383 3762 2438 subtractionem

2117 2464 2477 2529 proventuum
2509 2454 2783 2509 dictorum
2811 2452 3172 2529 decanatuum
3196 2452 3259 2529 et
3287 2453 3663 2529 ecclesiarum,
3694 2453 3763 2507 ad

2117 2524 2525 2598 suscipiendum
2574 2526 3033 2598 sacros‘ordines
3069 2526 3288 2582 statutis
3316 2524 3677 2598 temporibus,
3704 2530 3766 2598 et

2118 2601 2187 2656 ad
2236 2594 2587 2655 residendum
2636 2595 2692 2649 in
2740 2594 2947 2653 eisdem
3002 2598 3359 2653 decanatibus
3404 2594 3459 2652 et
3506 2596 3768 2652 Ecclesiis

2116 2672 2482 2742 personaliter
2502 2675 2557 2724 et
2579 2666 2646 2721 ad
2670 2669 2976 2724 exercenda
3005 2670 3269 2739 praedicta
3289 2667 3469 2724 ofﬁcia
3496 2675 3557 2723 ut
3576 2675 3766 2723 tenen-

2117 2757 2617 2829 tur;indulgentiis
2666 2746 2747 2829 61
2817 2758 3153 2829 hujusmodi,
3176 2764 3231 2814 et
3259 2756 3597 2829 quibuslibet
3617 2756 3762 2811 litte-

2117 2834 2192 2888 ris
2221 2826 2548 2903 apostolicis
2567 2826 2783 2903 veritati
2814 2837 2870 2885 et
2893 2826 3129 2903 'justitiaa
3159 2826 3648 2903 prmjudicantibus
3669 2840 3765 2883 ne-

2117 2898 2389 2974 quaquam
2411 2898 2779 2969 obstantibus;
2802 2916 2866 2957 ac
2885 2898 3101 2974 demum
3132 2898 3177 2955 si
3209 2900 3536 2974 protervitas
3569 2913 3761 2974 eorum

2122 2970 2367 3047 exegerit
2412 2974 2550 3045 ipsis
2597 2973 2993 3047 inhujusmodi
3019 2970 3376 3047 contumacia
3414 2970 3763 3047 manentibus

2054 3054 2098 3116 α
2121 3042 2567 3117 ρει-’ῑθιυωίιὶιιιη,
2595 3042 2844 3115 privandi
2874 3059 2971 3101 eos
3000 3044 3164 3100 dictis
3179 3042 3550 3117 decanatibus
3587 3049 3643 3099 et
3672 3056 3763 3097 ec-

2117 3115 2321 3185 clesiis,
2356 3125 2411 3173 et
2439 3116 2757 3175 conferendi
2786 3130 2902 3182 eos,
2936 3123 3094 3185 prout
3126 3115 3195 3170 ad
3236 3120 3288 3170 te
3317 3119 3548 3183 spectat,
3574 3127 3763 3183 perso-

2113 3192 2201 3245 nis
2247 3190 2483 3256 idoneis,
2515 3204 2638 3259 qua:
2683 3192 2740 3245 in
2771 3188 2978 3244 eisdem
3015 3186 3457 3259 decanatibuset
3486 3185 3758 3259 ecclesiis,

2112 3262 2167 3316 in
2190 3261 2478 3316 ordinibus
2496 3256 2636 3331 quos
2651 3274 2840 3318 eorum
2862 3273 2993 3315 cura
3022 3256 3459 3328 requirit,velint
3477 3262 3532 3311 et
3546 3256 3763 3312 valeant

2099 3332 2412 3388 deservire.
2462 3333 2686 3389 Necnon
2732 3331 3171 3388 contradictores
3219 3344 3317 3399 per
3345 3342 3629 3384 censuram
3661 3342 3759 3383 ec-

2109 3404 2493 3470 clesiasticam,
2524 3404 2912 3475 appellatione
2970 3400 3315 3475 postposita,_
3348 3399 3756 3469 compescendi,

2109 3475 2220 3530 illis
2248 3475 2513 3531 duntaxat
2542 3471 2789 3544 exceptis
2817 3474 2911 3544 qui
2942 3471 3147 3529 nostris
3175 3479 3269 3527 aut
3291 3471 3517 3544 fratrum
3542 3478 3759 3527 nostro-

2108 3561 2227 3602 rum
2258 3548 2618 3602 immorantur
2647 3542 2946 3615 obsequiis.
2981 3544 3308 3600 fraternitati
3339 3549 3447 3615 tua;
3469 3542 3681 3615 plenam
3703 3547 3760 3597 et

2107 3618 2334 3675 liberam
2346 3613 3043 3675 concedimusauctoritate
3057 3615 3410 3686 praesentium
3422 3613 3753 3686 facultatem.

2175 3691 2367 3747 Datum
2418 3689 2564 3759 apud
2621 3691 2809 3747 urbem
2871 3684 3140 3755 Veterem,
3198 3702 3230 3743 v
3286 3686 3413 3742 ldus
3466 3684 3746 3753 Octobris,

2104 3762 2456 3831 pontificatus
2485 3764 2660 3818 nostri
2689 3773 2834 3817 anno
2867 3774 2949 3815 111.

2298 3867 2532 3908 1.1mm
2568 3854 2833 3908 Gnaconu
2872 3864 3019 3905 nam
3056 3850 3101 3904 X
3138 3863 3309 3903 SUPER
3344 3862 3547 3903 sonam.

2171 3943 2485 3997 Gnscomus
2532 3940 2844 4010 episcopus,
2885 3952 3086 4010 servus
3119 3949 3399 4010 servorum
3433 3935 3549 3999 Dei,
3581 3949 3755 4010 vene-

2103 4012 2265 4068 rabili
2288 4012 2441 4067 fratri
2472 4007 2738 4082 episcOpo
2766 4008 3090 4066 Ebroicensi
3128 4008 3358 4064 salutem
3390 4015 3445 4063 et
3473 4007 3756 4077 apostolo-

2104 4083 2260 4139 licam
2293 4084 2757 4140 benedictionem.

2172 4155 2465 4210 lnsinuasti
2487 4154 2650 4210 nobis
2669 4153 2818 4224 quod
2829 4151 3081 4210 nonnulli
3102 4149 3319 4224 decani,
3332 4155 3441 4224 etc.
3456 4149 3528 4224 (ut
3544 4150 3749 4221 supra).

2172 4228 2362 4281 Datum
2392 4226 2538 4295 apud
2577 4221 2774 4281 Urbem
2817 4227 3085 4292 Veterem,
3121 4239 3163 4278 11
3192 4221 3463 4278 Kalendas
3508 4222 3753 4290 Septem-

2102 4297 2237 4365 bris,
2267 4297 2619 4367 pontiﬁcatus
2647 4296 2824 4353 nostri
2853 4309 2998 4352 anno
3036 4311 3076 4351 1.

527 4478 900 4543 Cérémom'es
925 4499 1030 4562 qui
1059 4480 1418 4544 s‘observent
1447 4502 1519 4545 en
1549 4483 1774 4566 l‘églt'se
1802 4486 2145 4550 cat/ze'drale
2174 4486 2248 4548 de
2275 4486 2487 4549 Rouen
2516 4505 2588 4548 en
2610 4488 2898 4569 presence
2926 4483 2998 4545 de
3017 4482 3160 4564 Mgr
3178 4482 3590 4564 l’arehevéque

1482 4610 1586 4682 (Ex
1623 4612 1860 4683 registro
1898 4613 2125 4684 capituli
2162 4613 2621 4686 Rotomagensis.)

563 4724 662 4785 Du
689 4725 899 4785 mardi
927 4722 968 4785 6
991 4728 1145 4801 jour
1172 4726 1399 4785 d’avril
1432 4725 1613 4807 1632,
1650 4731 1710 4789 le
1738 4731 2022 4807 chapitre
2051 4731 2228 4792 etant
2260 4729 2574 4791 assemblé
2606 4747 2717 4807 per
2753 4726 3169 4809 juramentum
3210 4734 3268 4785 et
3318 4722 3543 4784 domos.

429 4902 534 4957 Les
562 4899 784 4956 articles
811 4901 1031 4958 dressez
1060 4916 1128 4958 en
1161 4901 1212 4959 la
1242 4902 1501 4960 chambre
1545 4905 1644 4961 des
1691 4913 1942 4979 comptos
1993 4923 2135 4980 pour
2184 4909 2266 4965 les
2311 4908 2654 4965 ceremonies
2702 4906 2798 4976 qui
2827 4911 2955 4962 sont
3000 4908 3032 4961 a
3071 4904 3333 4961 observer
3361 4905 3629 4974 presence
3670 4900 3741 4957 de

354 4987 855 5069 Mr__l’archeveque
884 4989 1149 5058 ofﬁciant,
1193 4999 1531 5069 ou_pre_sent
1558 4997 1590 5069 ξι
1619 4994 1839 5066 l‘ofﬁce,
1872 5004 1969 5055 ont
1998 5002 2085 5055 eté
2123 4998 2353 5069 placitez
2396 5013 2459 5054 ce
2502 4995 2803 5069 jourd’hui
2826 4986 2926 5055 62
2959 5008 3035 5069 en
3073 4993 3345 5064 chapitre,
3378 5000 3433 5049 et
3480 4991 3737 5048 ordonne

356 5061 521 5132 qu’ils
548 5066 741 5119 seront
782 5060 1044 5119 observez
1073 5070 1129 5119 et
1155 5060 1355 5135 gardez
1384 5064 1453 5121 de
1483 5065 1644 5135 point
1672 5082 1742 5123 en
1779 5060 1957 5138 point,
2003 5079 2059 5126 et
2087 5060 2420 5141 enregistrez
2448 5060 2661 5125 comme
2692 5067 2729 5123 il
2765 5067 3020 5122 s‘ensuit.

429 5160 532 5237 εξή
555 5166 631 5216 est
649 5160 951 5237 dimanelte,
983 5165 1040 5237 et
1075 5175 1177 5237 que
1222 5161 1366 5237 tedit_
1388 5164 1631 5237 seigneur
1660 5170 1774 5237 scit
1788 5170 1998 5237 present
2015 5171 2067 5229 D
2088 5168 2235 5224 baise
2262 5167 2310 5222 te
2337 5166 2553 5237 vipitton
2598 5181 2665 5237 ou
2714 5166 3001 5237 aspersoir,
3052 5161 3125 5218 tui
3167 5164 3480 5237 presentera
3521 5160 3629 5237 alin
3676 5161 3745 5237 de

1444 5233 1600 5312 place
1626 5238 1715 5312 _ou_
1734 5232 1857 5312 ilfse
1883 5239 2004 5312 siedr
2077 5239 2308 5312 prendre
2340 5232 2594 5293 tui-meme
2631 5232 2962 5312 t’eau'tieuite
2990 5239 3039 5291 et
3068 5249 3131 5312 en
3160 5232 3422 5312 asperger
3447 5232 3739 5312 t’oﬂiqiant,

356 5301 623 5381 ίρνθίῖῐξά-
636 5302 765 5358 ηέθί
810 5318 911 5381 Pati
946 5301 1127 5381 ἐνῆκε,
1158 5308 1314 5381 αρτὲε
1360 5301 1461 5381 que
1504 5305 1637 5381 actui
1682 5307 1747 5362 de
1774 5310 1891 5365 Mrs
1918 5311 2007 5381 qui
2077 5301 2254 5381 'tequet
2281 5323 2384 5381 par
2404 5312 2566 5381 ,aprés
2591 5309 2827 5379 poursuit
2846 5307 3158 5381 t’aspersion
3172 5301 3382 5381 suiua'nt
3403 5303 3456 5358 la
3478 5301 3735 5381 cantante.

352 5372 686 5456 feralium
714 5372 849 5456 ειωτςι
875 5372 1406 5456 rarissime
1434 5376 1487 5432 ια
1713 5384 1762 5456 εει
1791 5395 1855 5435 en
1880 5372 2005 5456 pas:
2083 5372 2228 5456 ubis
2252 5372 2303 5456 μί
2322 5372 2458 5456 ρειαί
2484 5372 2725 5456 eam
2752 5380 2880 5456 se;
2912 5372 2988 5456 ,έη
3007 5454 3014 5456 _
3034 5376 3089 5456 ιςι
3107 5448 3118 5456 .
3137 5376 3315 5456 ctare
3342 5391 3410 5456 οηι
3448 5375 3644 5456 nocte
3671 5373 3740 5428 de

352 5443 474 5500 sant
502 5443 675 5518 danae
698 5444 764 5499 de
794 5443 933 5518 t’eau
958 5443 1159 5518 penite
1191 5462 1262 5502 au
1304 5446 1486 5504 diacre
1522 5453 1572 5504 et
1596 5443 2005 5507 soudiaere'sui-
2083 5451 2281 5518 t’autet,
2312 5451 2353 5506 it
2379 5443 2583 5506 sembte"
2607 5466 2705 5518 que

352 5467 474 5500 sum
502 5467 670 5499 auum:
698 5467 764 5499 ae
794 5467 813 5499 ι
831 5467 933 5500 σαιι
975 5467 1144 5500 venue
1191 5467 1262 5502 au
1304 5467 1486 5504 maere
1522 5467 1571 5504 et
1596 5467 1874 5506 souaiaere
1900 5467 2005 5507 ειη-
2083 5467 2281 5518 t'autet,
2312 5467 2353 5506 ιι
2379 5467 2569 5506 semme
2641 5474 2642 5478 η

351 5519 475 5572 uant
504 5513 559 5571 ta
587 5517 840 5595 cantante,
869 5515 910 5570 it
937 5516 1228 5595 deseeudra
1258 5538 1274 5571 :
1308 5520 1679 5595 etantdeuant
1721 5520 1845 5578 ledit
1891 5524 2002 5579 sei-
2083 5523 2253 5579 uenite
2282 5528 2441 5579 auant
2469 5467 2642 5595 quer?

2746 5449 3015 5521 t’o/ﬁeiant
3044 5447 3119 5502 tui
3155 5448 3265 5521 dcit
3300 5444 3740 5521 presentert’eau

2645 5537 2710 5578 en
2737 5516 3018 5577 distribuer
3036 5534 3148 5575 aus:
3168 5516 3348 5574 dieare
3366 5522 3416 5573 et
3432 5516 3736 5582 sottdiacre,

350 5600 534 5658 gnenr,
565 5587 722 5660 apres
766 5585 841 5643 tui
886 5587 1042 5645 avoir
1084 5587 1184 5660 fait
1220 5602 1322 5645 une
1348 5591 1604 5662 profanae
1628 5595 1922 5666 reuerenee,
1953 5599 2005 5652 et
2076 5609 2242 5668 parce
2269 5609 2367 5667 que
2393 5609 2458 5650 en
2476 5585 2544 5651 ’ce
2588 5609 2680 5650 eas
2717 5591 2759 5648 it
2782 5592 2870 5663 n’y
2899 5607 2935 5649 a
2962 5604 3164 5648 aucune
3191 5602 3510 5656 messeance,
3541 5602 3740 5645 eamme
3802 5656 3811 5663 _
