4104 6172
154 360 165 373 .
218 314 323 370 265

1763 313 2050 372 CHARTA.

3485 322 3590 378 266

218 440 257 494 it
283 456 318 510 ῃ
337 439 525 522 ,ᾳςινοζζ
548 438 597 493 si
624 437 695 493 du
719 436 815 522 tias
843 438 1118 522 tiu-"pham
1143 456 1212 497 on
1232 441 1517 522 retournoit
1546 454 1661 522 vers
1689 439 1930 500 t’autetA
1968 440 2187 522 "412m
2216 438 2343 522 t’lte
2362 388 2525 522 missa
2554 447 2638 522 est
2670 440 2800 522 {odit
2819 441 3062 511 seigneur
3098 441 3332 502 donnera
3359 445 3413 502 la
3441 446 3591 504 benc-

221 510 425 566 ausdits
470 510 672 584 dicere,
704 516 755 584 et
795 511 1111 584 soudiacre,
1136 528 1275 584 pour
1298 513 1416 584 puis
1469 515 1623 583 aprés
1660 526 1869 584 recont-

220 597 428 656 menter
457 580 782 656 _l‘aspersion
827 583 861 637 ὰ
908 598 1042 637 ceua:
1079 580 1155 639 de‘
1190 580 1314 641 Mrs
1342 584 1429 655 qui
1456 580 1633 639 serant
1672 583 1869 656 proche

220 655 367 708 audit
386 654 648 721 seigneur.

290 726 397 798 Das
426 740 526 798 gue
552 724 627 779 tes
643 725 904 781 ministres
926 729 976 798 et
995 725 1252 798 ofﬁcinas,
1284 741 1352 781 ou
1381 730 1558 782 autres
1580 740 1869 798 perscnnes

218 794 284 867 de
312 795 514 864 t’egtise
537 801 812 867 passeront
839 794 1128 867 pardeuant
1157 796 1281 853 tedii
1315 794 1671 867 seigaeurﬂ'ts
1698 797 1746 852 te
1780 812 1870 853 sa-

218 866 425 940 tueront
474 882 599 940 auec
645 866 919 940 t‘honneur
958 873 1007 923 et
1054 866 1105 922 la
1152 868 1458 924 bienseance
1486 871 1688 940 requise
1717 885 1780 924 en
1806 884 1869 923 sa

216 936 418 1008 qualite
450 940 481 991 ὰ
512 936 623 992 leur
648 938 826 1011 ardre,
867 937 1144 1011 observant
1190 942 1423 1009 toujours
1468 936 1570 996 une
1597 941 1869 1011 differcnce

215 1015 372 1064 entre
400 1013 533 1063 cette
574 1008 859 1064 salutation
901 1015 950 1065 et
988 1008 1323 1078 t’adoration,
1357 1026 1425 1067 ou
1469 1008 1742 1068 reverence
1771 1012 1873 1067 dce

214 1096 287 1135 an
314 1081 461 1134 sciat
487 1086 793 1136 sacremeat.

284 1153 527 1221 Lorsque
570 1151 645 1206 tes
689 1151 970 1217 ministres,
1027 1156 1076 1207 et
1122 1151 1393 1221 l’oﬂiciant
1435 1170 1559 1209 sera
1614 1156 1759 1209 entré
1801 1168 1871 1209 au

214 1221 420 1297 etaritur,
452 1221 1119 1297 tedit‘seigneurimontera
1147 1221 1388 1297 agl’autet
1417 1241 1567 1297 pour
1590 1225 1873 1297 laeua/es—

211 1294 359 1365 sion,
389 1297 547 1365 apres
585 1291 807 1363 Iaquelte
848 1294 889 1348 it
927 1296 1045 1365 fera
1083 1293 1136 1349 Ia
1175 1291 1497 1351 benediction
1540 1296 1604 1351 de
1651 1291 1872 1352 l’encens

288 1367 311 1417 ἰ
339 1363 436 1437 tui
462 1379 585 1418 sera
626 1368 864 1437 presente
897 1363 998 1437 par
1038 1366 1085 1437 le
1130 1366 1310 1422 dicere
1337 1368 1536 1422 dedans
1564 1367 1617 1423 la
1645 1373 1869 1432 navette,

234 1436 440 1504 ’enfant
491 1441 667 1490 tenam
714 1436 909 1491 derant
940 1436 1016 1492 tui
1055 1436 1364 1493 t’encensoir
1392 1444 1590 1501 ouvert,
1632 1444 1681 1495 et
1711 1439 1873 1494 ladite

211 1506 548 1580 bertediction
573 1507 702 1575 faite
729 1507 768 1561 it
795 1512 1103 1563 retournera
1130 1524 1193 1580 ea
1219 1525 1283 1565 sa
1308 1510 1477 1580 place.

288 1580 370 1653 Le
394 1578 674 1653 soudiacre
717 1583 948 1653 muniant
991 1595 1059 1635 au
1077 1579 1204 1649 jube
1241 1578 1319 1653 ou‘
1342 1582 1572 1652 putpttre
1594 1595 1731 1653 pour
1760 1580 1875 1636 dire

202 1648 468 1719 *l‘Epitre,
501 1654 548 1704 et
595 1648 803 1704 d’icetui
848 1648 1153 1706 retournaat
1185 1653 1217 1707 ἀ
1249 1648 1447 1718 t’autet,
1476 1668 1533 1707 se
1578 1648 1874 1708 contentcra

1947 510 2143 566 diction
2157 510 2462 582 pontiﬁcale
2489 513 2523 566 ἁ
2553 511 2877 569 t‘ordinaire.

2018 581 2250 659 Lorsque
2278 581 2402 659 ledit
2422 583 2663 659 seigneur
2688 585 2803 659 fera
2832 584 3019 659 t’oﬂice
3044 600 3159 659 auc:
3184 589 3386 659 uepres,
3407 587 3447 643 it
3472 603 3594 645 sor-

1949 653 2052 708 tira
2073 653 2137 707 de
2158 653 2469 729 lasacristie
2498 658 2672 729 revetu
2708 656 2772 710 de
2807 653 3099 729 ses'tiabits
3122 653 3473 729 pontiﬁcatum,
3507 676 3595 715 ac-

1949 727 2231 800 compagne
2252 726 2375 800 d’un
2404 726 2468 780 de
2498 728 2784 800 messieurs
2802 725 2876 781 les
2914 725 3139 796 dignitei
3172 725 3307 800 pour
3334 730 3407 786 tui
3430 733 3598 786 servir

1950 795 2014 850 de
2037 799 2221 874 pretre
2252 799 2521 874 assistant,
2562 803 2723 874 agant
2749 798 2795 874 _a
2822 813 2906 874 ses
2944 795 3086 874 cotes
3125 795 3267 855 deus:
3294 802 3596 874 chapetains

1948 881 2081 938 pour
2105 866 2342 922 soztlever
2377 868 2451 922 tes
2479 866 2628 943 deus;
2646 871 2788 924 cates
2815 869 2881 943 de
2907 885 2969 925 sa
2998 871 3195 943 chappe
3215 892 3231 926 :
3251 888 3336 929 ses
3364 866 3517 929 eme:
3544 880 3593 929 et

1949 952 2125 1016 crasse
2151 944 2325 1016 serant
2360 943 2563 1016 portees
2596 940 2783 995 derant
2811 939 2885 995 lui
2911 956 3013 1012 par
3039 939 3177 998 deria;
3198 949 3375 1000 autres
3403 945 3592 1016 chape-

1950 1008 2105 1074 lains,
2138 1013 2187 1083 et
2222 1025 2292 1064 un
2320 1008 2469 1083 autre
2495 1025 2617 1065 sera
2654 1016 2859 1066 reserve
2885 1008 3019 1083 pour
3055 1016 3189 1068 tenir
3228 1031 3326 1070 son
3353 1008 3595 1072 mitre'en

1950 1086 2132 1156 temps,
2162 1079 2382 1156 lesquels
2409 1086 2524 1136 tous
2550 1086 2724 1156 serant
2743 1079 2944 1156 reuétus
2972 1084 3036 1156 de
3063 1085 3305 1156 chappes.

2024 1153 2185 1206 Etant
2222 1155 2366 1207 entre
2401 1167 2465 1205 en
2491 1168 2553 1207 sa
2591 1153 2767 1208 chaire
2795 1153 2834 1208 it
2859 1155 2975 1224 fera
3004 1154 3077 1209 les
3104 1153 3304 1226 prieres
3341 1160 3594 1214 accotttu-

1951 1243 2121 1314 (necs,
2143 1232 2244 1302 64
2270 1241 2387 1311 puis
2404 1239 2444 1295 it
2462 1255 2814 1314 commencera
2835 1242 2911 1314 les
2928 1245 3109 1314 uepres
3138 1245 3385 1301 chantant
3402 1268 3418 1300 :
3431 1249 3596 1307 Deus,

1953 1312 2008 1387 in
2039 1312 2391 1387 adjutorium,
2414 1312 2791 1387 etcontiauera
2820 1315 2853 1368 ὰ
2881 1312 2999 1368 dire
3022 1313 3071 1369 te
3099 1316 3349 1387 chapitre,
3390 1323 3438 1373 et
3468 1317 3602 1372 t’an-

1953 1384 2126 1437 tienne
2158 1383 2231 1459 _de
2273 1384 2580 1459 Magniﬁcat
2608 1381 2679 1459 tui
2708 1398 2834 1459 sera
2859 1390 3121 1459 annoncee
3155 1381 3257 1459 par
3302 1381 3351 1443 te
3386 1389 3603 1459 chapter

1952 1459 2107 1507 usant
2137 1454 2206 1508 du
2236 1460 2338 1509 mot
2362 1455 2427 1509 de
2454 1455 2795 1509 monsieuren
2816 1454 2889 1510 tui.
2909 1455 3128 1512 baittant
3155 1454 3318 1513 Zadite
3337 1454 3600 1514 antienne.

2025 1526 2229 1580 Durant
2258 1541 2354 1599 que
2382 1524 2660 1599 Ponticam
2692 1540 2814 1581 sera
2856 1528 3153 1599 poursuivie
3184 1543 3288 1599 par
3322 1528 3370 1584 te
3407 1529 3600 1598 chazur,

1955 1593 2003 1649 le
2018 1599 2193 1668 prr‘tre
2212 1593 2461 1668 assistant
2489 1596 2562 1651 tui
2576 1593 2880 1668 presentera
2910 1597 2964 1653 la
2991 1593 3201 1655 navetté
3214 1615 3340 1655 avec
3358 1593 3600 1667 t’encens,

1955 1671 2003 1720 et
2028 1665 2100 1721 tui
2120 1666 2328 1723 baisera
2358 1667 2412 1722 ta
2439 1665 2593 1723 main'
2623 1684 2689 1723 ou
2731 1667 2995 1735 l’anneau,
3026 1675 3075 1725 et
3112 1675 3240 1725 cette
3282 1665 3605 1727 benediction

218 1728 325 1798 63
397 1737 461 1792 de
489 1738 633 1831 [τεῖνε
661 1736 715 1831 ζα
746 1752 1017 1831 reverence
1045 1740 1196 1831 audit
1219 1742 1459 1831 seigneur
1485 1757 1547 1796 en
1573 1746 1870 1831 passant‘et
1891 1774 1938 1831 Β
1958 1736 2089 1831 ζὶιὶιθ
2125 1738 2164 1793 it
2186 1740 2396 1831 partire
2442 1739 2507 1793 de
2538 1754 2600 1793 sa
2638 1728 3066 1831 εΙιαςνειροιι-νξρεθ
3093 1745 3311 1831 Δινοιιυεει·
3346 1745 3381 1831 εὶ
3428 1741 3606 1831 ιάιιιςι

214 1814 503 1880 repassant
528 1823 629 1880 par
660 1810 848 1865 derant
868 1809 961 1875 tui,
990 1811 1196 1867 suivant
1223 1811 1444 1868 t’ancien
1474 1809 1633 1880 usage
1651 1812 1716 1867 de
1744 1818 1872 1868 cette

217 1878 567 1956 eatise,_sans
605 1878 679 1956 tui
704 1896 861 1956 poser
895 1882 1027 1956 nite
1055 1881 1185 1937 (iure
1212 1884 1304 1939 des
1332 1885 1523 1956 epitres
1562 1878 1750 1939 derant
1779 1883 1871 1950 lui,

215 1954 271 2006 ni
302 1951 386 2005 tui
412 1950 588 2006 baiser
615 1952 669 2006 ta
698 1950 839 2008 main
856 1953 911 2008 ni
938 1952 1200 2009 t’anneau.

292 2025 533 2093 Lorsque
562 2021 636 2077 les
673 2025 937 2079 ministres
962 2031 1138 2081 serant
1168 2026 1371 2082 arrivez
1408 2026 1596 2083 derant
1623 2025 1749 2083 ledit
1774 2028 1877 2081 sci-

216 2108 412 2168 gneur,
436 2092 610 2168 aliens
628 2110 701 2168 au
714 2094 955 2168 pulpitre
970 2111 1036 2168 ou
1046 2096 1175 2165 jube
1188 2112 1325 2168 pour
1352 2097 1642 2167 t’évangile,
1674 2098 1722 2153 te
1747 2101 1875 2153 son-

217 2166 409 2247 diacre
430 2166 663 2251 prendra
683 2166 907 2251 t’encens
1008 2166 1223 2251 t'Ienfant
1250 2168 1375 2251 gu’it
1396 2166 1699 2251 presentera
1729 2169 1875 2251 audit

215 2238 471 2306 seigneur
498 2251 632 2318 pour
670 2252 734 2291 en
780 2238 917 2306 faire
945 2238 998 2293 ta
1026 2238 1348 2295 benediction
1394 2238 1459 2294 en
1493 2239 1542 2294 te
1570 2246 1786 2296 mettant
1814 2256 1877 2296 en

217 2308 559 2382 t’encensotr,
592 2309 680 2378 qui
697 2307 778 2382 lui
789 2323 910 2382 sera
933 2315 1175 2381 presente
1190 2325 1293 2382 par
1309 2326 1406 2366 son
1425 2314 1712 2373 aumdnier.
1738 2313 1823 2382 qui
1845 2313 1879 2367 ὰ

219 2385 355 2454 cette
384 2380 465 2454 [in
490 2378 661 2454 lfaura
693 2380 808 2454 pris
837 2378 1120 2454 des—maias
1141 2378 1458 2454 dét’en/‘ant,
1489 2387 1538 2437 et
1566 2398 1630 2437 en
1658 2378 1811 2454 aprés
1832 2383 1879 2436 te

221 2450 415 2526 dicere
446 2449 521 2526 tui
550 2449 866 2506 dema’ndera
914 2450 968 2507 la
1013 2449 1339 2526 benediction
1370 2467 1601 2526 paruae
1628 2449 1881 2526 prbfonde

217 2521 545 2594 inclination
562 2536 699 2592 pour
726 2537 988 2579 annoncer
1005 2523 1297 2593 t’evangile,
1321 2521 1545 2594 ta‘quette
1571 2521 1742 2591 rem",
1762 2540 1881 2594 pre-

220 2541 540 2577 rncunatwn
562 2541 699 2592 pour
726 2541 988 2579 annuam
1005 2541 1297 2593 revangue,
1321 2541 1545 2594 taqueue
1571 2541 1742 2591 recue,
1800 2541 1881 2580 re-

220 2600 443 2673 sentera
472 2595 508 2646 ὰ
527 2592 703 2673 ραὶεεν
730 2594 877 2673 audit
904 2595 1144 2673 seigneur
1161 2594 1209 2650 le
1228 2597 1557 2673 cruci/inqui
1574 2602 1648 2673 est
1670 2611 1740 2651 au
1755 2541 1882 2652 lintre

223 2665 319 2719 des
337 2663 635 2730 euangites,
657 2680 721 2719 en
740 2666 915 2722 dicant
945 2687 961 2720 :
986 2663 1296 2723 Adoramus
1326 2663 1398 2733 te,
1431 2663 1667 2733 Christe,
1699 2674 1806 2723 etc.

295 2734 628 2803 L’Evangile
657 2740 890 2791 annonec
933 2736 1113 2793 lesdits
1159 2738 1417 2794 ministres
1461 2743 1822 2795 retourneront
1850 2740 1884 2793 ὰ

225 2805 437 2880 (nutet,
454 2810 529 2880 ou
557 2810 697 2861 etant
724 2806 773 2861 Ie
809 2808 988 2880 dicere
1015 2823 1296 2880 cncensera
1324 2809 1373 2864 te
1394 2812 1591 2880 prétre,
1616 2815 1664 2865 et
1693 2809 1741 2864 te
1767 2812 1886 2865 scit-

224 2878 418 2933 diacre
446 2876 521 2931 tui
546 2883 847 2953 presentera
867 2881 901 2934 ὰ
918 2878 1093 2953 oaiser
1110 2879 1162 2953 te
1189 2884 1330 2935 terte
1357 2876 1421 2935 de
1449 2880 1737 2953 l’evangite,
1766 2882 1887 2953 puis

222 2953 553 3023 τασαν-πρίω
578 2964 694 3023 vers
720 2948 825 3005 led.
849 2951 1097 3023 seigneur
1122 2950 1162 3005 it
1187 2965 1313 3023 sera
1337 2955 1554 3023 encense
1576 2948 1680 3023 par
1701 2951 1750 3007 te
1766 2948 1887 3008 dia-

1960 1806 2310 1884 torsquet’on
2346 1824 2697 1884 commencera
2733 1806 3133 1884 terhiagniiicat,
3164 1828 3307 1884 pour
3334 1813 3531 1869 donner
3559 1812 3609 1868 le

1956 1882 2085 1956 tems
2104 1881 2384 1956 απαξ
2411 1881 2690 1956 chanoines
2728 1883 2968 1953 o/ﬁcians
2998 1884 3063 1939 de
3080 1881 3263 1956 porter
3290 1883 3515 1940 t’encens
3541 1899 3606 1939 en

1956 1947 2011 2017 la
2039 1951 2271 2024 chapellc
2289 1955 2660 2024 Notre-Dame.

2028 2023 2191 2080 Etant
2209 2024 2393 2098 amice
2411 2026 2447 2098 a_
2475 2023 2653 2098 t’autet
2680 2023 2728 2098 te
2742 2027 2919 2098 prétre
2946 2026 3197 2081 assistant
3216 2024 3289 2081 tui
3302 2031 3607 2098 presentera

1958 2095 2265 2153 l’encensoir
2291 2110 2354 2149 en
2374 2093 2448 2170 tui
2471 2094 2679 2149 baisant
2698 2093 2913 2170 la'main
2941 2112 3007 2151 ou
3034 2112 3131 2170 son
3155 2093 3383 2166 anneau,
3406 2112 3465 2153 ce
3484 2097 3609 2170 qu’it

1957 2173 2210 2225 reiterera
2239 2166 2387 2221 aussi
2414 2180 2478 2220 en
2514 2173 2792 2237 reprenant
2820 2167 3143 2223 l’encensoir.

2030 2239 2443 2294 L’encensement
2477 2237 2541 2291 de
2574 2236 2758 2292 t’autet
2794 2238 3000 2303 acheve,
3039 2238 3081 2292 it
3116 2242 3424 2294 retournera
3457 2255 3521 2294 en
3546 2255 3608 2295 sa

1960 2311 2017 2366 ch
2025 2310 2155 2377 nire,
2174 2314 2227 2379 et
2248 2308 2534 2379 rependant
2555 2307 2735 2363 Iesdits
2756 2309 2897 2364 deum
2915 2310 3109 2364 susdits
3128 2310 3407 2364 chanoines
3426 2325 3611 2365 cacen-

1959 2378 2237 2451 seronttes
2265 2378 2459 2435 tombes
2497 2394 2566 2434 ou
2598 2379 2888 2451 sepultures
2925 2381 3015 2435 des
3042 2380 3151 2436 rcis
3180 2386 3228 2435 et
3258 2379 3436 2436 t’autet
3464 2380 3529 2435 de
3556 2379 3611 2451 la

1961 2450 2193 2524 chapelle
2232 2451 2297 2506 de
2319 2450 2713 2524 Noae-Dante,
2745 2455 2886 2507 etant
2921 2457 3193 2524 retournez
3230 2467 3300 2507 au
3343 2452 3519 2524 chreur
3544 2450 3612 2507 its

1962 2520 2295 2580 encertseront
2313 2520 2437 2594 ledit
2456 2523 2716 2590 seigneur,
2740 2526 2788 2578 et
2808 2525 3069 2578 monsieur
3085 2521 3135 2577 te
3155 2523 3321 2593 doyen
3335 2524 3382 2578 si
3399 2523 3537 2594 faire
3554 2538 3613 2578 se

1963 2596 2091 2720 ἑοῖς,
2124 2594 2172 2648 te
2197 2592 2406 2665 surptus
2450 2597 2593 2649 etant
2638 2595 2881 2650 continue
2906 2595 3112 2649 suivant
3152 2592 3349 2663 l’usage
3387 2592 3452 2650 de
3480 2599 3613 2650 cette

1995 2682 2025 2720 α
2047 2680 2142 2720 ise.

1964 2668 2142 2721 eatise.

1994 2682 2205 2807 gigas
2221 2751 2330 2808 que
2344 2732 2717 2808 le_Magniﬁcat
2734 2740 2795 2808 et
2811 2734 3089 2808 l‘antienne
3106 2741 3282 2792 serant
3308 2737 3458 2808 finies
3486 2751 3612 2791 aveo

1965 2806 2020 2864 la
2059 2805 2259 2872 neume,
2289 2806 2331 2861 it
2356 2805 2604 2861 chantera
2645 2807 2907 2862 Dominus
2944 2807 3225 2863 vobiscum
3264 2805 3317 2863 et
3360 2806 3612 2862 t’oraison

1966 2895 2092 2935 avec
2118 2894 2181 2933 sa
2208 2878 2385 2948 clause
2401 2876 2578 2948 ﬁnale,
2601 2883 2650 2932 et
2669 2882 2906 2947 repetera
2925 2879 2959 2932 ὰ
2980 2877 3034 2933 la
3050 2879 3123 2948 ﬁn
3150 2878 3412 2933 Dominus
3430 2878 3613 2934 vobis-

1967 2965 2110 3007 cum.
2143 2949 2208 3006 Si
2234 2947 2274 3003 it
2290 2965 2324 3019 y
2345 2965 2379 3003 a
2396 2947 2657 3018 plusieurs
2686 2962 2926 3004 oratsons
2962 2950 2997 3003 ὰ
3024 2947 3182 3003 cause
3220 2950 3311 3004 des
3340 2949 3613 3005 memoires

224 3034 337 3094 ere,
370 3025 426 3075 et
447 3019 498 3094 te
525 3020 804 3094 sotldiacre
842 3020 915 3076 lui
938 3019 1258 3094 'presentera
1295 3022 1344 3078 te
1372 3021 1501 3094 tivre
1548 3019 1615 3094 ou
1643 3028 1783 3079 tmte
1822 3025 1887 3079 de
1967 3037 2035 3078 ou
2054 3023 2117 3076 de
2136 3019 2189 3094 ta
2207 3022 2402 3094 station
2416 3020 2485 3094 de
2504 3019 2824 3094 t’lnviolata,
2846 3019 2886 3094 it
2908 3024 3147 3094 repetera
3174 3020 3617 3094 derechefpomi-

222 3091 509 3165 t'euangite
534 3105 669 3165 pour
691 3090 740 3146 te
785 3089 979 3148 baiser'.
1027 3096 1112 3165 En
1148 3099 1319 3165 toutes
1361 3093 1632 3165 tesqueltes
1679 3096 1884 3151 actions
1907 3095 1949 3155 Ο
1970 3108 2071 3148 nus
2095 3092 2434 3165 ivobiscuma
2463 3090 2517 3145 ta
2543 3092 2619 3165 fin
2651 3091 2716 3165 de
2745 3089 2799 3145 ta
2827 3089 3063 3165 derniere
3102 3092 3335 3165 oraison,
3358 3089 3406 3146 et
3427 3091 3616 3165 teneo

224 3162 415 3235 lesdits
440 3160 702 3217 ministres
728 3179 791 3218 ne
808 3164 1011 3220 doivent
1042 3164 1215 3220 baiser
1232 3165 1284 3219 ni
1304 3164 1355 3220 la
1379 3160 1538 3231 main,
1559 3166 1615 3220 ni
1643 3164 1885 3221 l’annean
1966 3164 2170 3235 gratias
2198 3166 2339 3235 etaat
2356 3161 2552 3235 Achante
2580 3160 2619 3215 it
2634 3162 2875 3235 donnera
2892 3160 2947 3235 la
2968 3161 3293 3235 benediction
3316 3161 3621 3234 pontiﬁcale

227 3234 354 3316 aud.
381 3235 652 3316 seigneur,
680 3249 815 3316 pour
831 3238 940 3316 etre
959 3236 1111 3316 ctiose
1129 3252 1231 3316 non
1259 3239 1425 3292 usitee
1452 3252 1516 3291 en
1545 3242 1674 3293 cette
1703 3236 1882 3307 egtise,

228 3310 276 3361 et
306 3320 412 3375 que
431 3304 857 3379 _ledit_seigneur
882 3309 1012 3379 n’est
1036 3323 1100 3363 en
1129 3308 1299 3379 cnice.

304 3374 400 3450 La
422 3374 753 3450 benediction
790 3378 855 3433 de
874 3377 1011 3433 t’eau
1049 3374 1193 3450 pour'
1210 3378 1257 3434 Ie
1291 3378 1456 3434 calice
1484 3383 1533 3435 et
1570 3378 1635 3450 de
1662 3377 1887 3433 t’enccns

1967 3231 2037 3291 au
2058 3232 2263 3361 ample,
2284 3233 2385 3315 scit
2404 3248 2469 3287 en
2503 3249 2567 3287 sa
2583 3233 2772 3314 _chaire
2787 3231 2875 3315 ,ξ’ἱί
2892 3232 2978 3314 n’p
3001 3248 3035 3288 a
3058 3234 3201 3304 point
3230 3233 3295 3288 de
3313 3231 3529 3297 station,
3553 3248 3621 3288 ou

1967 3321 2031 3361 en
2140 3306 2231 3361 nef
2242 3303 2328 3359 s’tt
2354 3320 2388 3361 τι
2407 3319 2442 3359 a
2468 3308 2682 3360 statwn.
2705 3305 2828 3360 Fatt
2857 3302 2932 3359 les
2950 3317 3102 3361 Jours
3120 3309 3172 3361 et
3200 3320 3269 3361 an
3287 3320 3385 3361 aue
3414 3304 3617 3360 dessus.

1966 3321 2031 3361 en
2058 3302 2113 3361 la
2140 3302 2231 3375 ne]
2242 3303 2328 3359 s’it
2354 3320 2388 3375 ῃ
2407 3319 2442 3359 a
2468 3304 2682 3360 station.
2705 3304 2828 3360 Fait
2857 3302 2932 3359 les
2948 3302 3102 3374 jours
3120 3309 3172 3361 et
3200 3320 3269 3361 an
3287 3320 3385 3375 que
3414 3304 3617 3360 dessus.

2971 3411 3136 3480 Signe
3172 3413 3232 3466 L.
3274 3412 3477 3467 PATRY.

227 3463 363 3519 pour
381 3446 660 3504 t’obtation
674 3463 798 3504 sera
815 3446 1062 3522 faitepar
1076 3449 1124 3506 te
1142 3453 1315 3522 pretre
1339 3452 1427 3522 qui
1443 3450 1542 3519 fait
1561 3449 1609 3505 te
1625 3451 1883 3521 sacriﬁce.

1455 3661 1917 3748 JOANNIS
1975 3656 2422 3747 CHARTA

871 3813 1018 3897 Qua
1040 3812 1381 3897 prioratus
1417 3809 1491 3877 S.
1542 3809 1815 3876 Victoris
1848 3809 1920 3874 in
1953 3809 2195 3875 Catetis
2228 3804 2521 3874 evehitur
2558 3803 2647 3871 ad
2678 3801 2991 3871 abbatias.

1698 3951 1905 4041 (Anno
1941 3950 2165 4039 1074.)

642 4100 801 4176 (Gali.
834 4101 1049 4171 Christ,
1080 4102 1329 4157 lustrum.
1361 4102 1495 4157 tom.
1526 4097 1617 4167 Xl,
1650 4109 1774 4168 pag.
1812 4093 1897 4163 15,
1930 4109 1998 4152 ex
2025 4094 2419 4160 Pommerario,
2452 4089 2649 4149 Concit.
2681 4092 2981 4160 Rotomag.,
3024 4104 3079 4162 p.
3111 4088 3232 4161 97.)

306 4296 578 4358 Joannes,
620 4292 715 4347 Dei
742 4290 918 4362 gratia
963 4288 1382 4359 Rotomagensis
1428 4285 1741 4356 episcopus,
1771 4267 1958 4339 uni-D
1975 4283 2101 4353 jure
2131 4287 2269 4348 erat,
2293 4279 2544 4337 ecclesiae
2573 4280 2628 4335 S.
2654 4277 2904 4334 Audoeni
2934 4290 3163 4333 assensu
3190 4276 3465 4334 Guillelmi
3497 4281 3629 4334 tunc

237 4385 415 4440 versis
441 4381 652 4440 Christi
700 4380 955 4436 ﬁdelibus
999 4378 1253 4445 salutem,
1284 4376 1514 4448 gratiam
1552 4379 1608 4430 et
1638 4371 1901 4430 benedic-

239 4475 476 4531 tionem.

309 4565 521 4618 Notum
548 4561 624 4616 sit
660 4558 936 4624 omnibus,
959 4555 1237 4614 modernis
1258 4560 1312 4610 et
1340 4552 1558 4618 futuris,
1590 4551 1738 4621 quod
1762 4550 1901 4619 peti-

242 4654 320 4709 tio
350 4651 583 4723 Rogerii
614 4650 683 4706 de
726 4650 940 4705 Mortuo
969 4647 1105 4703 mari
1143 4650 1199 4701 et
1226 4644 1416 4701 uxoris
1445 4643 1564 4710 ejus
1593 4639 1804 4696 Advita‘.
1833 4638 1901 4694 ad

243 4755 347 4799 nos
374 4740 553 4807 venit,
584 4739 652 4795 ad
685 4738 967 4794 dominum
1012 4734 1354 4791 Guillelmum
1396 4744 1579 4803 regem
1607 4729 1905 4800 Anglorum

243 4837 298 4886 et
326 4831 399 4886 ad
449 4843 562 4895 me,
593 4827 852 4883 sedentes
902 4832 958 4882 et
1004 4828 1306 4881 tractantes
1352 4821 1420 4877 de
1464 4818 1703 4891 negotiis
1733 4816 1906 4873 eccle-

245 4920 490 4976 siasticis
538 4924 595 4974 et
658 4916 1019 4973 stecularibns
1063 4928 1184 4970 cum
1244 4910 1522 4982 episcopis
1570 4910 1629 4965 in
1667 4907 1904 4978 quodam

246 5009 491 5064 concilio
549 5012 884 5078 congregato
940 5005 996 5059 in
1056 5003 1191 5059 urbe
1220 4998 1610 5071 Rotomagensi
1659 5001 1721 5053 ut
1758 4996 1911 5052 dom-

249 5111 379 5153 uum
435 5097 725 5153 Nicolaum
788 5095 1041 5151 abbatem
1105 5093 1160 5147 8.
1229 5088 1476 5146 Audoeni
1543 5089 1911 5155 Rotomagen-

248 5187 348 5251 sis,
408 5192 706 5257 cognatum
787 5188 1037 5241 nostrum
1064 5224 1078 5248 ,
1154 5180 1392 5238 obnoxie
1467 5175 1907 5240 conveniremus,

253 5280 530 5344 quatenus
576 5288 680 5345 pro
736 5286 921 5329 amore
968 5271 1063 5327 Dei
1110 5275 1165 5326 et
1228 5268 1405 5325 nostri
1470 5266 1744 5322 abbatiam
1793 5261 1911 5318 ﬁeri

253 5361 563 5419 dimitteret
633 5362 702 5418 de
766 5361 1006 5432 quodam
1082 5359 1330 5429 prioratu
1399 5356 1468 5412 de
1547 5352 1781 5411 ecclesia
1854 5352 1910 5407 S.

258 5452 496 5508 Victoris
544 5454 601 5508 in
653 5454 825 5517 Caua,
856 5451 916 5506 in
946 5463 1055 5519 qua
1081 5448 1402 5504 habitabant
1433 5443 1686 5502 monachi
1716 5444 1772 5498 S.
1797 5444 1913 5497 Au-

255 5540 448 5609 doeni,
488 5555 614 5612 quae
654 5540 858 5596 dicitur
885 5538 954 5594 ad
1006 5540 1063 5595 S.
1116 5539 1409 5602 Victorem,
1442 5542 1499 5591 et
1545 5548 1707 5606 quam
1737 5530 1916 5588 eccle-

258 5631 393 5686 siam
452 5630 675 5702 quidam
734 5629 1024 5701 presbyter
1078 5627 1300 5685 nomine
1354 5628 1589 5691 Tonnor,
1639 5622 1707 5677 dc
1760 5621 1917 5689 cujus

477 5739 714 5795 Parnm.
756 5737 1004 5795 CXLVII.
1082 5812 1088 5817 δ

1984 4371 2141 4428 ducis
2169 4372 2627 4434 Normannorum,
2660 4372 2715 4424 et
2753 4365 2993 4438 Malgerii
3023 4365 3429 4436 archiepiscopi
3461 4366 3632 4421 Roto-

1984 4460 2279 4532 magensis,
2312 4463 2369 4515 ct
2406 4457 2628 4528 Rogerii
2655 4456 2723 4512 de
2762 4458 2975 4512 Mortuo
3005 4454 3160 4523 Mari,
3191 4454 3248 4510 in
3281 4455 3440 4524 cujus
3468 4451 3635 4511 feodo

1985 4557 2123 4615 erat,
2148 4561 2248 4619 pro
2277 4547 2452 4602 salute
2481 4545 2677 4602 animae
2706 4560 2822 4601 suae
2851 4544 3085 4601 dederat
3114 4545 3170 4599 in
3193 4542 3629 4611 eleemosynam;

1987 4645 2043 4695 et
2061 4639 2118 4693 in
2138 4636 2372 4693 ecclesia
2391 4637 2445 4691 S.
2464 4634 2714 4691 Audoeni
2736 4633 3038 4691 monachus
3059 4631 3288 4688 effectus
3306 4629 3485 4686 fuerat
3506 4645 3628 4686 cum

1987 4727 2227 4798 quodam
2276 4724 2507 4781 nutritio
2536 4738 2639 4781 suo
2688 4724 2913 4780 nomine
2958 4721 3229 4777 Gilberto.
3262 4721 3330 4775 Et
3370 4718 3632 4789 praefatus

1987 4816 2259 4887 Rogerius
2285 4815 2564 4871 concessit
2592 4820 2653 4869 ut
2681 4817 2893 4869 tantum
2923 4811 3159 4867 reditum
3196 4816 3425 4879 augeret
3457 4809 3637 4866 eccle-

1988 4906 2085 4959 sia:
2107 4903 2405 4976 S.Victpris
2424 4908 2480 4957 et
2499 4902 2750 4958 ecclesiae
2769 4902 2823 4957 S.
2847 4899 3118 4966 Audoeni,
3148 4905 3208 4954 ut
3228 4898 3535 4956 honoriﬁce
3554 4898 3633 4954 ibi

1989 4994 2101 5048 Deo
2133 4991 2387 5047 monachi
2425 4990 2632 5048 servire
2663 4994 2908 5059 possent,
2942 4994 2997 5043 et
3025 4988 3106 5043 eis
3134 4988 3300 5059 digne
3330 4986 3634 5053 sufﬁceret,

1992 5084 2048 5136 et
2076 5079 2237 5150 quale
2284 5080 2585 5137 dominium
2632 5078 2901 5133 habuerat
2945 5081 3105 5131 antea
3153 5076 3389 5133 ecclesia
3435 5077 3490 5131 S.
3522 5077 3639 5130 Au-

1994 5171 2160 5227 doeni
2201 5171 2256 5225 in
2287 5171 2554 5239 prioratu,
2587 5168 2694 5223 tale
2725 5172 2917 5237 postea
2946 5165 3003 5221 in
3042 5166 3260 5222 abbatia
3301 5163 3642 5221 reternaliter

1997 5259 2327 5330 possideret.
2369 5260 2501 5315 Cum
2529 5270 2659 5313 vero
2710 5254 3009 5325 prasdictus
3045 5255 3215 5311 abbas
3261 5253 3521 5311 Nicolaus
3548 5268 3642 5310 as-

1997 5363 2163 5405 sensu
2194 5347 2420 5418 capituli
2448 5347 2558 5413 sui,
2581 5350 2638 5401 et
2668 5351 2860 5416 rogatu
2890 5350 3104 5412 nostro,
3129 5351 3186 5400 et
3213 5357 3399 5400 amore
3418 5343 3643 5415 Rogerii

1999 5444 2054 5494 et
2092 5437 2280 5493 uxoris
2312 5450 2447 5503 suae,
2479 5435 2599 5490 haec
2638 5434 3026 5500 concessisset,
3066 5432 3414 5502 Radulpbum
3453 5445 3644 5502 quem-

1998 5527 2121 5583 dam
2143 5526 2470 5583 monachum
2491 5538 2648 5580 suum
2679 5524 2754 5580 ibi
2775 5524 3029 5580 abbatem
3062 5522 3370 5594 praeticiens
3389 5522 3458 5579 ad
3477 5535 3646 5592 supra

2000 5617 2203 5673 dictum
2236 5614 2415 5671 locum
2449 5614 2895 5671 constituendum
2925 5614 3093 5678 misit,
3116 5620 3173 5670 et
3201 5626 3323 5669 cum
3345 5626 3410 5669 eo
3431 5611 3499 5667 de
3530 5623 3646 5667 mo-

3362 5717 3399 5770 9
