4100 6166
510 313 614 367 267

1644 315 1935 370 JOA'N’NES
1973 315 2388 370 ARCHIEPISC.
2431 316 2764 375 ROTOMAG.

3781 326 3944 380 268.

510 438 703 495 nachis
729 437 846 494 suis
874 438 929 494 8.
954 437 1226 504 Audoeni,
1260 437 1595 505 Fulbertum,
1617 439 1980 496 Gislebertum
2011 442 2220 501 Fau-A
2240 440 2630 498 detrimentum
2670 444 2910 512 patiatur
2937 442 3126 501 fraude
3156 451 3212 501 et
3241 445 3392 515 dolo,
3425 462 3588 518 quam
3627 455 3884 507 anteces-

508 527 659 595 ναίει,
685 528 987 583 llubertum
1013 529 1201 582 Treton
1231 527 1667 594 etGuillelmum,
1691 529 1786 586 tali
1817 536 1995 585 tamen
2028 544 2157 586 con-

512 618 724 674 ditione
763 618 912 688 quod
951 617 1252 674 dominium
1292 631 1447 672 suum
1487 619 1540 673 S.
1575 619 1839 675 Audoeno
1888 621 1940 675 in
1991 621 2156 677 domo

512 711 567 764 8.
601 709 838 765 Victoris
883 708 1037 763 nullo
1085 707 1247 762 modo
1279 706 1638 776 minueretur,
1671 710 1768 765 sed
1809 710 1886 766 ibi
1925 716 2156 780 poneret

512 798 764 854 abbatem
793 795 901 854 alio
932 795 1212 862 defuncto,
1238 795 1382 850 sicut
1411 796 1651 866 priorem
1683 812 1890 867 ponere
1919 799 2151 865 solebat,

513 886 660 942 salva
707 885 974 956 dignitate
1023 888 1076 940 S.
1130 883 1401 940 Audoeni.
1451 887 1568 942 Hoc
1608 888 1752 942 enim
1793 889 2154 944 constitutum

511 981 596 1032 est
642 975 788 1030 inter
835 988 936 1030 nos
983 979 1158 1028 ratum
1211 978 1266 1027 et
1313 973 1526 1028 ﬁrmum
1559 989 1678 1031 esse
1708 977 1762 1030 in
1806 985 2150 1046 perpetuum,

511 1067 667 1135 cujus
706 1063 784 1120 rei
826 1067 992 1118 testes
1028 1076 1218 1117 sumus
1256 1077 1322 1118 ex
1353 1068 1584 1134 utraque
1625 1071 1800 1136 parte.
1835 1067 1889 1122 Si
1921 1067 2064 1122 enim
2096 1069 2152 1124 in

510 1151 854 1224 disponendo
875 1151 1074 1207 abbate
1095 1152 1352 1208 monachi
1370 1153 1455 1207 vel
1486 1153 1612 1208 laici
1645 1154 1880 1210 rebelles
1901 1156 2151 1213 ecclesia

507 1247 562 1300 8.
593 1242 842 1300 Audoeni
881 1240 1104 1308 fuerint,
1138 1241 1430 1298 statuimus
1459 1248 1514 1298 et
1544 1243 1772 1300 ﬁrmiter
1802 1246 2153 1315 pracipimus

481 1332 825 1394 ‘Guillelmus
864 1345 980 1398 rex,
1013 1337 1068 1386 et
1097 1344 1200 1401 ego
1238 1333 1658 1403 Rotomagensis
1695 1334 2149 1406 archiepiscopus

516 1429 570 1477 et
605 1423 856 1492 Rogerus
886 1420 954 1476 de
976 1421 1189 1476 Mortuo
1219 1421 1372 1488 Mari,
1397 1421 1453 1476 in
1474 1436 1706 1492 quorum
1731 1426 2024 1494 prasentia
2045 1426 2153 1483 hoc

504 1509 709 1568 factum
757 1508 898 1578 fuit,
957 1510 1284 1565 auctoritate
1333 1511 1541 1568 domini
1591 1527 1748 1583 papa
1795 1515 2044 1586 Gregorii
2094 1523 2150 1572 et

506 1600 658 1670 regia
697 1604 991 1669 potestate,
1024 1599 1280 1655 omnibus
1309 1600 1624 1658 haredibus
1653 1607 1709 1658 et
1737 1606 2153 1662 successoribus

508 1688 734 1755 nostris,
766 1692 827 1742 ut
856 1687 1024 1743 abbas
1055 1687 1114 1744 S.
1143 1688 1394 1745 Audoeni
1423 1691 1658 1761 accipiat
1687 1691 1974 1748 ecclesiam
2005 1695 2154 1764 prio-

2239 543 2395 586 sores
2413 533 2591 588 nostri
2611 546 2712 601 pro
2734 533 2908 588 salute
2930 534 3227 590 animarum
3248 550 3471 592 suarum
3494 536 3883 597 fundaverunt.

2239 621 2390 676 Hanc
2420 624 2840 678 conventionem
2861 625 3186 680 auctoritate
3207 631 3396 682 nostra
3416 627 3483 684 ab
3505 629 3702 684 abbate
3721 631 3886 687 Nico-

2237 709 2324 766 lao
2356 715 2410 766 et
2438 712 2656 781 Rogero
2686 712 2754 767 de
2775 713 2991 770 Mortuo
3013 715 3143 768 Mari
3174 728 3490 772 concessam
3522 732 3706 774 coram
3732 735 3885 791 rege,

2238 805 2407 855 ratam
2439 814 2558 856 esse
2588 802 2896 870 statuimus,
2931 810 2986 859 et
3016 805 3305 873 prasentis
3333 807 3529 876 scripti
3569 809 3878 880 privilegio,

2237 895 2292 944 et
2320 888 2484 960 sigilli
2522 890 2696 945 nostri
2737 892 3062 948 auctoritate
3102 895 3559 964 conﬁrmavimus,
3593 903 3648 953 et
3687 900 3883 968 prohi-

2237 977 2454 1033 buimus
2474 992 2576 1049 ego
2596 980 2835 1035 Joannes
2857 982 3275 1052 Rotomagensis
3302 984 3751 1057 archiepiscopus
3780 989 3886 1043 sub

2236 1067 2603 1135 anathemate,
2631 1083 2698 1124 ne
2720 1070 2844 1140 quis
2864 1070 3095 1126 ulterius
3115 1072 3351 1129 clericus
3369 1075 3454 1130 vel
3486 1075 3658 1132 laicus
3685 1078 3887 1134 audeat

2235 1157 2342 1213 hoc
2372 1156 2674 1229 infringere
2707 1161 3074 1229 prasentibus
3103 1163 3226 1218 istis
3258 1164 3555 1234 episcopis,
3590 1173 3642 1222 et
3673 1181 3886 1224 meeum

2235 1249 2858 1304 excommunicantibus.
2889 1250 3194 1308 Gisleberto
3232 1253 3554 1310 Ebroicensi
3596 1256 3885 1326 episcopo,

2235 1336 2424 1393 Odone
2473 1339 2782 1408 Bajocensi,
2825 1341 3054 1411 Hugone
3100 1343 3446 1409 Lexoviensi,
3485 1344 3729 1401 Roberto
3780 1348 3886 1402 Sa-

2234 1425 2432 1496 giensi,
2474 1441 2708 1497 quorum
2746 1429 3091 1485 anathemate
3147 1445 3340 1488 omnes
3395 1431 3665 1490 fractores
3719 1435 3888 1505 hujus

2236 1516 2422 1584 operis
2470 1515 2876 1575 confodiantur.
2919 1521 3185 1576 Pratatus
3232 1528 3413 1578 autem
3463 1538 3559 1579 rex
3584 1524 3885 1596 Anglorum

2237 1603 2559 1661 Guillelmus
2608 1606 2893 1675 prohibuit
2929 1608 3031 1664 sub
3081 1608 3216 1665 foris
3261 1609 3470 1667 factura
3497 1628 3567 1669 xx
3603 1615 3889 1671 unciarum

2235 1694 2352 1750 auri
2401 1695 2803 1752 reddendarum
2839 1698 2965 1754 duci
3014 1701 3385 1769 Normannia,
3419 1707 3474 1758 et
3500 1719 3570 1759 xx
3619 1703 3886 1761 librarum

505 1785 658 1834 ratus
686 1777 771 1833 sui
819 1777 873 1832 8.
917 1777 1153 1834 Victoris
1200 1793 1323 1834 cum
1359 1779 1614 1836 omnibus
1660 1782 1996 1852 appenditiis
2032 1782 2624 1855 suisBRotomagensi
2661 1785 3103 1857 archiepiscopo,
3137 1803 3206 1844 ne
3236 1790 3304 1845 ab
3334 1790 3519 1860 aliquo
3557 1789 3890 1863 infringatur

503 1873 634 1926 tunc
664 1867 742 1923 ibi
771 1867 1027 1934 inventis,
1051 1868 1108 1924 in
1139 1868 1410 1938 ecclesiis,
1437 1870 1494 1925 in
1524 1869 1754 1926 decimis
1784 1876 1840 1926 et
1869 1871 1992 1928 aliis
2021 1874 2152 1929 sub-

503 1957 738 2025 stantiis,
771 1960 826 2012 et
865 1962 1033 2026 ponat
1062 1957 1301 2028 priorem
1330 1959 1387 2014 in
1418 1959 1652 2016 ecclesia
1691 1960 1784 2016 illa
1813 1961 1958 2018 sicut
1987 1969 2147 2020 antea

501 2046 735 2113 solebat,
766 2059 836 2102 ne
874 2045 1108 2102 ecclesia
1155 2047 1210 2102 S.
1241 2047 1493 2104 Audoeni
1543 2062 1643 2120 pro
1688 2049 2018 2108 liberalitate
2049 2067 2148 2108 sua

2232 1873 2466 1930 testibus
2495 1875 2783 1944 pradictis
2802 1876 3100 1946 episcopis,
3123 1883 3178 1933 et
3204 1879 3463 1936 Fulberto
3489 1880 3883 1939 archidiacono

2232 1970 2286 2019 et
2316 1964 2534 2034 Rogero
2567 1963 2635 2018 de
2665 1964 2878 2020 Mortuo
2909 1967 3062 2033 Mari,
3093 1967 3147 2022 in
3178 1981 3412 2038 quorum
3452 1972 3748 2038 prasentia
3777 1972 3884 2029 hoc

2229 2052 2433 2108 factum
2471 2051 2574 2108 fuit
2603 2066 2748 2110 anno
2778 2054 2846 2110 ab
2877 2056 3260 2114 lncarnatione
3290 2059 3508 2115 Domini
3542 2059 3697 2115 1074.

1970 2260 2417 2346 CHARTA

502 2413 599 2484 De
651 2414 806 2501 jure
870 2408 1336 2486 institutionis,
1410 2409 1884 2501 destitutionis,
1951 2407 2508 2501 procurationis,“
2548 2409 2986 2501 correctionis,
3061 2413 3220 2490 etc.,
3289 2410 3467 2495 quod
3539 2411 3879 2496 episcopus

592 2496 1038 2572 Abrincarum
1079 2501 1271 2584 plene
1313 2498 1593 2564 retinuit
1640 2499 1714 2562 in
1760 2498 2235 2563 monasterium
2283 2496 2356 2562 S.
2409 2497 2776 2575 Michaelis,
2832 2497 3120 2564 abbatem
3167 2509 3226 2564 et
3273 2520 3364 2566 xu
3410 2501 3777 2566 canonicos.

1952 2639 2161 2728 (Anno
2200 2639 2423 2726 1061.)

893 2781 1100 2854 (Pam,
1144 2778 1400 2836 Theodori
1436 2776 1815 2846 Paenitentiale,
1849 2778 1916 2846 Il,
1952 2776 2078 2844 664,
2121 2792 2189 2833 ex
2219 2777 2386 2834 Libro
2425 2779 2738 2837 Pontificali
2767 2779 3030 2838 Ecclesia
3067 2780 3477 2855 Abrincarum.)

565 2960 724 3016 Anno
779 2957 847 3013 ab
893 2955 1275 3012 lncarnatione
1329 2955 1546 3011 Domini
1599 2953 1728 3009 1061
1756 2997 1771 3022 ,
1827 2952 2094 3009 Ranulfus
2116 2995 2131 3020 ,
2157 2954 2200 3014 α
2225 2952 2308 3008 vel
2340 2953 2578 3010 convicti
2605 2967 2789 3010 coram
2819 2969 2920 3011 suo
2949 2956 3344 3014 archidiacono
3370 2978 3381 3012 :
3415 2957 3873 3013 excommunicati

493 3048 665 3103 abbas
692 3046 892 3104 Montis
918 3046 972 3102 8.
996 3044 1295 3111 Michaelis,
1316 3044 1401 3099 vir
1420 3050 1612 3099 cautus
1640 3044 1695 3098 in
1726 3043 1992 3113 regimine
2029 3048 2139 3098 tam

495 3137 630 3194 cleri
678 3143 734 3193 et
779 3135 990 3207 populi,
1031 3149 1195 3205 quam
1246 3133 1585 3190 monachalis
1631 3133 1865 3199 ordinis,
1907 3133 2138 3188 conveni

492 3227 758 3283 Joannem
803 3223 1172 3281 venerabilem
1218 3221 1578 3278 Abrincarum
1627 3221 1942 3291 pontificem
1971 3236 2140 3291 super

494 3315 820 3386 quibusdam
866 3313 1290 3385 gravaminibus,
1323 3327 1447 3383 qua
1496 3311 1700 3368 ﬁebant
1737 3327 1768 3366 a
1805 3311 1968 3366 minis
2015 3310 2137 3380 epi-

495 3407 810 3478 scopalibus
854 3403 1297 3475 frequentissime
1345 3417 1512 3472 super
1541 3402 1747 3458 clerum
1780 3409 1834 3457 et
1874 3401 2136 3471 populum

495 3497 714 3553 Montis.
754 3494 1104 3566 Cogebantur
1131 3493 1320 3550 venire
1360 3493 1647 3559 Abrincas,
1679 3491 1748 3547 ad
1788 3491 2135 3562 responden-

493 3586 623 3642 dum
671 3585 740 3642 de
789 3598 1118 3656 quacunque
1169 3582 1518 3639 accusatione
1567 3587 1760 3638 contra
1806 3581 2134 3637 Christiani-

491 3681 678 3743 tatem,
711 3689 815 3731 nec
844 3687 1106 3731 excusare
1147 3677 1364 3743 poterat
1393 3686 1489 3728 eos
1519 3686 1666 3727 mare
1696 3671 2010 3741 insurgens,
2033 3683 2135 3726 nec

490 3766 772 3821 Britonum
819 3763 1059 3830 insidia,
1111 3762 1239 3832 quia
1287 3761 1578 3830 praveniri
1627 3766 1905 3830 poterant,
1957 3765 2012 3814 et
2057 3759 2136 3814 ita

489 3867 637 3923 sape
669 3853 724 3907 in
771 3851 1022 3907 forifacta
1052 3856 1108 3906 et
1153 3850 1567 3906 emendationes
1606 3849 1950 3919 episcopales
1997 3848 2136 3903 inci-

489 3940 714 4006 debant,
738 3944 793 3995 et
811 3954 959 4009 sape
983 3939 1309 4008 juramentis
1337 3936 1722 4008 fatigabantur.
1745 3940 1978 4007 Propter
1998 3950 2134 4006 pra-

488 4029 637 4084 dicta
665 4027 774 4085 sibi
820 4026 1074 4082 habenda
1102 4028 1158 4082 in
1189 4029 1370 4083 Monte
1418 4026 1619 4082 obtulit
1661 4026 1831 4081 abbas
1869 4025 2131 4095 episcopo

491 4118 559 4174 de
594 4131 695 4174 suo
725 4121 1103 4187 competenter
1132 4131 1232 4186 per
1250 4115 1498 4186 singulos
1526 4129 1702 4171 annos
1720 4129 1882 4170 unam
1903 4118 2129 4180 vestem,

491 4223 615 4278 qua
645 4213 751 4262 tam
783 4205 1023 4263 nobilem
1054 4211 1109 4262 et
1137 4210 1248 4261 tam
1277 4203 1567 4261 sublimem
1597 4218 1887 4274 personam
1909 4202 2132 4259 deceret

2220 3042 2288 3096 ab
2328 3043 2592 3114 episcopo
2640 3043 2707 3099 ad
2740 3045 2859 3113 ejus
2905 3044 3336 3102 satisfactionem
3366 3051 3422 3101 et
3469 3045 3873 3102 absolutionem

2219 3131 2471 3186 venirent
2522 3151 2534 3186 :
2580 3131 2849 3202 judicium
2899 3132 3029 3189 ferri
3090 3133 3247 3206 igniti
3299 3140 3354 3189 et
3399 3147 3556 3204 aqua
3606 3133 3875 3189 ferventis

2220 3219 2474 3276 Abrincis
2503 3227 2836 3291 portaretur,
2870 3224 2916 3278 si
2949 3223 3137 3279 clerici
3168 3223 3306 3294 lapsi
3337 3223 3392 3279 in
3423 3224 3640 3294 culpam
3670 3223 3870 3294 degra-

2220 3309 2461 3365 dationis
2488 3310 2629 3366 forte
2658 3313 3055 3382 invenirentur,
3089 3314 3217 3384 quia
3248 3314 3314 3370 ad
3347 3315 3664 3384 episcopum
3695 3315 3871 3384 perti-

2221 3406 2313 3455 net
2345 3400 2640 3469 ordinatio,
2675 3408 2729 3458 et
2754 3403 2821 3458 ad
2853 3405 2971 3473 ejus
3012 3403 3281 3474 judicium
3331 3406 3635 3474 pertineret
3672 3404 3867 3475 degra-

2220 3487 2410 3558 datio;
2451 3491 2740 3560 suspensio
2770 3506 2901 3547 vero
2935 3491 3103 3548 ofﬁcii
3142 3494 3244 3562 pro
3276 3493 3574 3549 levioribus
3604 3493 3782 3562 culpis
3811 3494 3868 3547 in

2220 3577 2434 3633 abbatis
2474 3579 2744 3648 judicium
2792 3584 2938 3636 esset
2966 3582 3034 3636 ad
3085 3582 3512 3652 correptionem.
3547 3582 3689 3637 Talis
3722 3582 3871 3638 inter

2219 3667 2536 3738 episcopum
2576 3674 2631 3724 et
2658 3669 2910 3725 abbatem
2942 3670 3010 3725 de
3041 3670 3167 3726 villa
3211 3672 3409 3727 Montis
3447 3670 3589 3728 facta
3619 3677 3702 3727 est
3732 3684 3867 3727 cou-

2216 3758 2421 3812 ventio.
2454 3759 2513 3813 In
2560 3759 2896 3815 monasterio
2928 3773 3059 3816 vero
3107 3761 3161 3815 8.
3194 3760 3473 3817 Michaelis
3501 3761 3555 3816 in
3588 3760 3864 3827 abbatem,

2218 3851 2274 3898 et
2303 3846 2622 3915 monachos,
2657 3854 2712 3903 et
2757 3864 2834 3903 χιι
2873 3849 3172 3904 canonicos
3215 3854 3387 3905 totum
3429 3851 3521 3920 jus
3549 3849 3866 3920 episcopale

2216 3934 2443 3991 retinuit
2491 3937 2806 4007 episcopus.
2848 3939 2907 3992 ln
2939 3938 3272 3994 monasterio
3305 3939 3469 3994 habet
3499 3938 3738 3994 ofﬁcium
3771 3937 3866 3992 fa-

2215 4038 2341 4080 cere
2380 4025 2768 4091 dedicationis,
2800 4032 2855 4081 et
2894 4026 3163 4096 quidquid
3204 4027 3425 4082 interim
3463 4027 3754 4084 offerretur
3793 4027 3864 4082 ad

2214 4111 2404 4180 altare,
2431 4115 2678 4184 episcopi
2709 4121 2811 4182 est,
2837 4119 2891 4171 et
2921 4115 3070 4186 quod
3099 4114 3329 4171 offertur
3355 4116 3423 4171 ad
3455 4130 3645 4172 manus
3675 4116 3864 4187 capel-

2215 4201 2463 4257 lanorum
2493 4217 2737 4271 suorum,
2771 4209 2825 4260 et
2863 4204 2980 4274 ipse
3011 4209 3066 4259 et
3095 4217 3286 4260 omnes
3315 4205 3408 4274 qui
3439 4219 3561 4260 cum
3593 4218 3659 4260 eo
3687 4218 3866 4262 vene-

488 4311 612 4354 ωειλ
659 4297 834 4368 gratia
880 4295 1148 4366 recipere,
1182 4302 1238 4351 et
1278 4294 1529 4350 abbatem
1577 4295 1778 4350 Montis
1823 4288 2344 4359 honoriﬁceDrint,
2377 4292 2721 4349 abundanter
2759 4299 2816 4349 et
2852 4293 3155 4350 honoriﬁce
3194 4293 3399 4350 debent
3436 4296 3760 4364 procurari;
3806 4304 3864 4353 et

487 4388 618 4444 dare
643 4409 658 4456 ;
699 4393 755 4443 et
784 4391 898 4444 tres
925 4385 1094 4442 libras
1121 4385 1356 4447 incensi.
1390 4391 1444 4440 et
1474 4392 1587 4440 tres
1615 4384 1786 4439 libras
1814 4384 2040 4454 piperis,
2075 4389 2130 4440 et

486 4491 584 4534 sex
620 4475 836 4533 tabulas
864 4489 1009 4531 cera
1038 4475 1107 4531 de
1135 4490 1191 4531 1x
1221 4473 1581 4545 ponderibus,
1615 4478 1670 4528 et
1709 4479 1821 4529 tres
1848 4486 2042 4529 cereos
2072 4474 2128 4529 in

485 4565 874 4623 Puriﬁcatione
911 4569 1116 4622 sancta
1146 4563 1350 4632 Maria,
1384 4577 1550 4619 unum
1579 4563 1793 4619 scilicet
1816 4563 1956 4619 alba
1987 4577 2128 4619 cera

485 4656 651 4712 unius
697 4654 979 4726 ponderis,
1028 4654 1098 4710 ad
1156 4667 1349 4709 manus
1395 4653 1664 4723 episcopi,
1711 4652 1850 4709 duos
1903 4651 2129 4710 alterius

487 4761 630 4802 cera
659 4746 825 4802 unius
853 4743 1116 4815 ponderis
1143 4743 1213 4798 ad
1238 4743 1433 4800 decani
1465 4749 1521 4799 et
1558 4744 2124 4801 thesaurarii'manus.

487 4835 792 4904 Episcopus
835 4847 967 4890 vero
1015 4831 1296 4904 prafatus,
1327 4839 1388 4888 ut
1433 4839 1550 4889 erat
1595 4834 1778 4890 animo
1828 4838 1882 4889 et
1927 4847 2128 4904 genere

487 4921 710 4987 nobilis,
752 4923 1006 4991 petitioni
1058 4922 1274 4978 abbatis
1319 4923 1531 4989 annuit,
1581 4928 1636 4978 ct
1680 4923 2128 4979 archidiaconum

485 5025 644 5068 suum
688 5011 746 5067 in
795 5012 976 5067 Monte
1006 5027 1131 5068 eum
1169 5011 1302 5068 fecit
1335 5032 1348 5067 :
1390 5013 1465 5068 ita
1495 5019 1676 5068 tamen
1708 5019 1768 5068 ut
1808 5013 1956 5083 quod
1986 5013 2127 5069 bene

483 5115 595 5159 non
643 5099 870 5168 faceret,
921 5099 1005 5155 vel
1053 5115 1164 5158 non
1217 5106 1424 5172 posset,
1475 5102 1769 5172 episcOpus
1825 5102 2128 5173 corrigeret

481 5191 756 5258 Abrincis,
789 5196 845 5246 et
874 5189 1252 5247 ecclesiastico
1277 5191 1488 5262 judicio
1519 5192 1836 5247 terminaret
1861 5213 1872 5246 :
1898 5191 1966 5246 de
1997 5205 2129 5248 con-

476 5279 644 5350 jugiis
689 5287 869 5336 autem
917 5278 1148 5347 illicitis,
1179 5280 1226 5335 si
1263 5281 1360 5350 qui
1408 5280 1612 5351 legales
1658 5286 1827 5336 testes
1865 5282 2128 5351 procede-

479 5372 624 5435 rent,
647 5368 792 5438 apud
809 5367 1130 5439 episcopum
1158 5369 1502 5436 audirentur,
1526 5375 1581 5426 et
1600 5384 1700 5438 per
1726 5378 2126 5426 sacramentum

479 5457 726 5526 ipsorum
763 5456 883 5529 lege
914 5457 1328 5528 dissolveretur,
1361 5459 1510 5530 quod
1541 5465 1734 5516 contra
1771 5459 1944 5529 legem
1985 5473 2127 5528 pra-

479 5552 754 5615 sumptum
803 5552 950 5615 erat;
1000 5547 1071 5603 de
1117 5547 1496 5605 criminalibus
1541 5547 1718 5620 culpis
1758 5548 2012 5605 venirent
2055 5548 2123 5605 ad

474 5632 745 5708 judicium
775 5642 831 5691 et
849 5637 1177 5694 sententiam
1207 5637 1455 5709 episcopi
1487 5639 1837 5709 panitentes,
1861 5637 2120 5707 confessi,

2214 4381 2362 4451 equi,
2414 4396 2555 4452 aqua
2601 4383 2798 4448 dulcis,
2841 4389 2896 4440 et
2945 4389 3146 4440 catera
3193 4385 3504 4441 necessaria
3553 4383 3759 4440 debent
3803 4386 3864 4441 in

2213 4473 2547 4528 monasterio
2577 4473 2831 4529 inveniri.
2874 4475 2951 4529 Eo
2983 4474 3072 4530 die
3103 4473 3267 4529 debet
3298 4489 3417 4530 esse
3458 4481 3662 4544 prasto
3691 4477 3865 4532 vestis

2212 4560 2437 4631 praefata
2469 4562 2738 4632 episcopi,
2761 4568 2817 4618 et
2842 4576 2988 4630 cera,
3012 4569 3066 4619 et
3095 4564 3273 4634 piper,
3298 4571 3353 4620 et
3381 4565 3689 4631 incensum,
3713 4567 3864 4622 cerei

2212 4657 2325 4707 tres
2371 4651 2439 4707 ad
2489 4653 2924 4722 puriﬁcationem
2973 4655 3027 4708 S.
3059 4655 3263 4722 Maria,
3305 4655 3516 4710 etiamsi
3564 4656 3864 4727 episcopus

2211 4740 2466 4808 defuerit,
2500 4742 2670 4798 abbas
2698 4756 2820 4799 cum
2851 4743 3068 4799 duobus
3098 4743 3166 4799 de
3198 4744 3480 4800 canonicis
3509 4745 3595 4800 bis
3625 4746 3683 4800 in
3712 4759 3863 4802 anno

2211 4830 2377 4887 debet
2406 4846 2526 4888 esse
2555 4832 2624 4888 ad
2655 4832 2946 4902 synodum,
2979 4831 3086 4887 nisi
3117 4831 3186 4888 de
3223 4831 3447 4888 licentia
3477 4833 3727 4903 episcopi
3766 4848 3864 4891 re-

2210 4922 2491 4989 manserit,
2526 4926 2580 4976 et
2605 4921 2923 4977 sacerdotes
2951 4923 3170 4978 Montis.
3203 4923 3428 4990 Quoties
3457 4923 3622 4978 etiam
3649 4925 3864 4994 gravio-

2209 5025 2300 5067 res
2337 5025 2517 5068 causa
2547 5011 2894 5079 emerserint,
2927 5012 3222 5082 episcopus
3260 5011 3540 5067 mandabit
3567 5012 3777 5081 abbati,
3807 5021 3863 5069 et

2208 5103 2427 5158 vocabit
2467 5115 2610 5169 eum,
2645 5106 2700 5157 et
2727 5101 2912 5158 venire
2943 5101 3128 5168 debet,
3160 5101 3268 5157 nisi
3297 5101 3670 5158 inevitabilem
3701 5110 3757 5158 et
3786 5102 3862 5160 le-

2208 5190 2385 5260 galem
2415 5189 2823 5246 excusationem
2860 5189 3238 5261 pratenderit.
3277 5191 3398 5246 Non
3428 5191 3861 5247 communicabit

2207 5280 2377 5335 abbas
2406 5280 2878 5336 excommunicato
2916 5280 3161 5350 episcopi
3201 5280 3461 5349 scienter,
3494 5295 3595 5337 nec
3626 5293 3856 5337 excom-

2209 5369 2508 5425 municabit
2542 5371 2878 5426 nominatum
2906 5370 3145 5440 aliquem
3176 5369 3570 5440 parochianum
3602 5371 3852 5440 episcopi

2209 5463 2360 5512 extra
2416 5458 2651 5514 Montem
2709 5459 3123 5525 consistentem,
3182 5457 3500 5515 inconsulto
3562 5458 3848 5528 episcopo.

2206 5545 2456 5604 Monachi
2505 5549 2697 5618 quinta
2746 5547 2880 5604 feria
2927 5550 3282 5605 Pentecostes
3317 5547 3540 5603 venient
3585 5547 3854 5603 Abrincas

2206 5650 2328 5693 cum
2351 5638 2530 5709 capite
2559 5639 2614 5694 S.
2637 5638 2866 5695 Auberti
2889 5638 2958 5693 ad
2988 5636 3279 5694 ecclesiam
3306 5636 3490 5694 Sancti
3511 5635 3850 5705 Andrea,-in
