4100 6166
504 289 605 343 271

1516 285 1802 343 APPEND.
1841 286 1928 340 AD
1963 286 2271 342 JOANNEM
2310 286 2868 345 ROTOMAGENSEM.

3769 285 3874 340 272

499 414 632 470 VIII.
671 414 738 493 Ut
763 412 973 469 ordines
996 413 1146 493 sacri
1167 415 1289 491 post
1317 407 1452 490 diem
1483 408 1723 493 Sabbati,
1753 408 1838 493 vel
1867 410 1950 493 die
1979 411 2337 472 Domi-AXV.
2370 413 2449 493 De
2498 410 2702 493 clericis
2746 412 3011 493 umbratis,
3041 415 3113 493 ut
3154 409 3387 493 ecclesiis
3431 425 3537 493 non
3564 411 3871 493 ministrent,

636 486 760 541 nica
787 500 957 553 mane,
981 480 1236 555 jejunis—0
1255 480 1613 552 jejunantibus
1644 481 2000 552 conferantur.

568 574 684 630 Hoc
714 574 878 630 etiam
903 577 1183 628 statutum
1196 575 1280 627 est
1310 584 1377 625 ne
1423 570 1478 624 in
1510 568 1707 624 dandis
1735 570 1908 625 sacris
1938 570 2135 627 ordini.

493 662 599 718 bus
656 662 978 733 apostolicae
1035 659 1383 717 auctoritatis
1430 657 1729 714 violatores
1786 659 2144 716 inveniamur.

493 752 721 824 Legitur
748 753 892 809 enim
926 751 982 806 in
1013 749 1255 807 decretis
1285 748 1487 804 Leonis
1516 762 1673 818 papae
1704 748 1852 819 quod
1884 762 1995 805 non
2026 764 2150 821 pas-

495 843 597 898 sim
628 842 824 899 diebus
870 841 1125 898 omnibus
1170 838 1312 895 sacri
1361 837 1587 895 ordines
1630 838 2015 907 celebrentur;
2049 839 2147 896 sed

502 937 627 1003 post
675 931 819 987 diem
867 930 1110 995 Sabbati,
1148 928 1206 983 in
1253 928 1374 997 ejus
1412 927 1594 983 noctis
1642 928 1871 985 exordio
1930 943 2052 999 quae
2092 929 2147 985 in

499 1021 674 1092 prima
730 1020 950 1076 Sabbati
999 1017 1248 1081 lucescit,
1286 1016 1374 1071 his
1430 1016 1522 1086 qui
1581 1017 1942 1073 consecrandi
1998 1024 2146 1087 sunt,

494 1110 701 1180 jejunis
745 1125 776 1165 a
817 1108 1194 1180 jejunantibus
1243 1120 1399 1162 sacra
1446 1105 1761 1163 benedictio
1810 1106 2143 1164 conferatur.

497 1199 651 1267 Quod
683 1199 927 1269 ejusdem
953 1195 1318 1255 observantia:
1359 1195 1484 1263 erit,
1527 1196 1573 1251 si
1612 1210 1769 1252 mane
1799 1197 1921 1266 ipso
1961 1198 2151 1254 Domi-

500 1289 625 1344 nico
656 1288 767 1356 die,
821 1288 1143 1344 continuato
1193 1284 1414 1340 Sabbati
1458 1285 1692 1355 jejunio,
1742 1285 2074 1343 celebretur.
2104 1292 2148 1345 A

499 1391 610 1448 quo
640 1382 889 1449 tempore
930 1374 1299 1447 praecedentis
1328 1373 1509 1430 noctis
1538 1374 1752 1430 initium
1792 1388 1903 1431 non
1935 1376 2148 1432 recedit

494 1480 604 1537 quo
635 1468 779 1524 diem
827 1464 1269 1532 resurrectionis,
1319 1463 1463 1519 sicut
1510 1464 1671 1519 etiam
1714 1464 1769 1519 in
1810 1465 2016 1521 Pascha
2047 1468 2150 1523 Do-

496 1555 630 1610 mini
661 1554 973 1611 declaratur
1001 1552 1281 1624 pertinere
1311 1564 1422 1607 non
1448 1550 1674 1608 dubium
1705 1557 1809 1607 est.

585 1644 674 1699 IX.
714 1646 781 1699 Ut
812 1643 1049 1711 Quatuor
1082 1644 1396 1713 Temporum
1419 1645 1614 1697 exacta
1642 1641 1711 1695 sit
1740 1639 2052 1698 observatio.

566 1734 721 1800 Item,
779 1732 1025 1800 Quatuor
1072 1732 1402 1801 Temporum
1449 1730 1763 1787 observatio
1812 1737 2224 1812 competenti};

492 1826 741 1893 tempore
786 1820 1085 1877 secundum
1132 1820 1369 1877 divinam
1417 1817 1818 1876 institutionem
1870 1820 2145 1877 communi

494 1911 842 1968 observantia
862 1925 892 1966 a
912 1911 1074 1967 nobis
1091 1914 1359 1977 servetur,
1383 1908 1439 1965 id
1470 1914 1572 1978 est,
1598 1910 1771 1980 prima
1801 1908 2146 1965 hebdomada

494 2001 694 2069 Martii,
753 2000 996 2058 secunda
1060 2000 1228 2069 Junii,
1289 1999 1452 2054 tertia
1526 1999 1893 2069 Septembris,
1955 1999 2144 2056 eadem

494 2090 810 2147 Decembris
885 2091 956 2147 ob
1029 2089 1389 2145 reverentiam
1468 2088 1767 2145 DOIIIIIIICEB
1824 2089 2141 2146 nativitatis.

491 2181 781 2252 Indignum
837 2180 984 2237 enim
1028 2178 1185 2235 valde
1233 2185 1317 2234 est
1372 2183 1433 2234 ut
1495 2184 1813 2235 sanctorum
1872 2179 2144 2234 institutio

490 2271 770 2341 aliquibus
798 2269 1263 2341 occupationibus
1307 2268 1394 2326 vel
1452 2268 1719 2325 mundiali
1768 2267 2146 2325 sollicitudine

490 2359 839 2416 destituatur.

486 2451 551 2507 X.
584 2449 735 2518 Quod
768 2448 1096 2520 depositione
1125 2446 1283 2528 digni
1299 2450 1439 2513 sunt,
1474 2446 1564 2518 qui
1577 2446 1769 2573 [hrum
1799 2451 1890 2503 aut
1918 2446 2146 2504 indebite

843 2520 915 2573 ad
950 2533 1135 2573 sacros
1166 2518 1379 2573 ordines
1416 2531 1576 2573 nrove
1614 2523 1785 2573 untur.

843 2520 915 2575 ad
950 2533 1135 2574 sacros
1166 2518 1379 2573 ordines
1412 2518 1785 2588 provehantur.

557 2613 713 2679 Item,
764 2607 975 2675 clerici,
1024 2607 1120 2678 qui
1159 2620 1270 2663 non
1303 2605 1488 2674 electi,
1516 2619 1619 2663 nec
1656 2607 1859 2674 vocati,
1890 2614 1985 2664 aut
2014 2622 2141 2665 nes-

486 2700 668 2757 ciente
718 2698 1005 2769 episcopo,
1055 2696 1229 2751 sacris
1286 2694 1579 2750 ordinibus
1625 2710 1684 2751 se
1742 2696 2141 2765 intromittunt,

484 2789 762 2860 aliquibus
788 2799 919 2843 vero
949 2785 1267 2856 episcopus,
1310 2789 1372 2840 ut
1401 2783 1750 2852 diaconibus,
1796 2799 2014 2843 manum
2047 2788 2145 2843 im-

488 2878 683 2952 ponit;
715 2876 810 2933 alii
839 2879 1074 2932 caateros
1112 2873 1342 2929 ordines
1380 2886 1491 2928 non
1542 2873 1830 2941 habentes,
1883 2875 2145 2933 diacones

487 2972 583 3023 aut
601 2964 911 3037 presbyteri
932 2967 1348 3030 consecrantur;
1371 2961 1428 3016 hi
1449 2962 1601 3032 digni
1622 2971 1752 3018 sunt
1772 2963 2140 3032 depositione.

492 3056 581 3109 XI.
614 3056 690 3109 De
718 3054 798 3107 his
835 3052 929 3123 qui
968 3064 1213 3123 coronas
1234 3049 1565 3123 relinquunt,-
1598 3055 1729 3123 etut
1760 3052 2042 3108 ordinandi
2070 3053 2141 3109 ad

848 3120 1143 3193 episcopum
1182 3120 1318 3190 feria
1347 3120 1528 3191 quinta
1555 3122 1782 3178 veniant.

566 3214 723 3279 Item,
743 3210 839 3282 qui
867 3224 1103 3268 coronas
1130 3208 1454 3265 benedictas
1482 3209 1793 3266 habuerunt
1822 3216 1878 3267 et
1906 3210 2145 3282 relique-

498 3306 646 3369 runt,
702 3314 875 3371 usque
923 3299 991 3355 ad
1035 3298 1256 3370 dignam
1300 3297 1728 3355 satisfactionem
1776 3302 2145 3357 excommuni-

497 3396 711 3448 centur.
744 3387 965 3468 Clerici,
1012 3388 1109 3458 qui
1166 3387 1460 3444 ordinandi
1488 3394 1638 3457 sunt,
1695 3388 1755 3444 in
1784 3390 1976 3459 quinta
2007 3391 2142 3446 feria

493 3480 715 3537 veniant
741 3479 811 3535 ad
840 3478 1181 3550 episcopum.

493 3572 606 3627 XII.
644 3572 710 3626 Ut
755 3568 994 3625 monachi
1038 3568 1161 3637 vagi
1208 3566 1290 3622 vel
1326 3566 1552 3639 expulsi,
1600 3566 1841 3639 itemque
1863 3569 2143 3625 sanctimo-

607 3640 798 3710 niales,
838 3639 909 3696 ad
939 3640 1259 3695 monasteria
1285 3638 1596 3695 sua’redire
1624 3638 2021 3711 compellantur.

562 3733 717 3798 Item,
768 3728 1023 3786 monachi
1071 3732 1127 3783 et
1164 3727 1633 3796 sanctimoniales,
1665 3728 1761 3799 qui
1791 3728 2001 3785 relictis
2027 3729 2143 3785 suis

491 3819 744 3877 ecclesiis
770 3832 871 3888 per
908 3817 1099 3873 orbem
1144 3822 1432 3888 vagantur,
1481 3816 1574 3872 alii
1606 3830 1706 3886 pro
1737 3818 2001 3888 nequitiis
2027 3818 2142 3874 suis

492 3925 524 3963 a
570 3906 920 3963 monasteriis
967 3904 1231 3975 expulsi;
1290 3918 1431 3974 quos
1496 3905 1759 3975 pastorali
1814 3908 2141 3963 auctoritate

493 3999 717 4066 oportet
746 3993 1078 4065 compellere
1109 3999 1171 4049 ut
1196 3993 1266 4048 ad
1294 3994 1626 4049 monasteria
1654 4007 1753 4049 sua
1794 3994 2042 4051 redeant.
2075 3997 2141 4050 Et

492 4084 541 4141 si
571 4083 829 4155 expulsos
873 4082 1101 4138 abbates
1144 4081 1393 4151 recipere
1439 4080 1737 4149 noluerint,
1770 4083 1971 4138 victum
2000 4083 2141 4139 elee-

495 4174 737 4245 mosynie
766 4173 848 4229 eis
874 4172 1138 4238 tribuant,
1162 4184 1300 4240 quas
1329 4184 1586 4226 manuum
1616 4170 1807 4227 labore
1828 4172 2136 4242 acquirant,

493 4278 784 4335 quousque
812 4263 860 4319 si
888 4262 1052 4319 vitam
1082 4274 1235 4316 suam
1266 4258 1678 4316 emandaverint
1706 4260 2015 4318 videantur.

596 4355 735 4411 XIII.
765 4354 849 4410 Ne
885 4365 1024 4407 cura:
1053 4347 1347 4422 pastorales
1376 4349 1667 4405 vendantur
1693 4355 1741 4406 et
1771 4355 2028 4406 emantur.

558 4446 714 4512 Item,
745 4446 1000 4498 emuntur
1020 4445 1076 4495 et
1104 4437 1414 4496 vendantur
1442 4452 1589 4495 cura:
1620 4439 1943 4509 pastorales,
1983 4438 2131 4495 scili-
2150 4428 2201 4488 D

485 4540 575 4591 cet
603 4532 854 4590 ecclesia:
875 4527 1245 4601 parochianze,
1269 4533 1378 4583 tam
1406 4540 1438 4582 a
1467 4526 1623 4583 laicis
1652 4542 1812 4597 quam
1834 4542 1865 4583 a
1893 4527 2134 4596 clericis,

483 4624 710 4695 insuper
756 4621 919 4678 etiam
966 4633 997 4674 a
1044 4615 1378 4685 monachis;
1435 4616 1584 4686 quod
1632 4630 1701 4675 ne
1752 4617 1988 4689 amplius
2030 4618 2138 4691 ,tiat

484 4711 840 4769 interdictum
870 4712 977 4764 est.

520 4821 656 4875 XIV.
686 4820 762 4874 De
790 4819 897 4873 ritu
921 4815 1240 4887 nuptiarum,
1278 4826 1345 4868 ne
1365 4812 1423 4896 in
1451 4810 1650 4869 occulto
1676 4812 1826 4884 ﬂant,
1858 4810 1941 4867 vel
1966 4814 2103 4870 inter

1088 4898 1520 4954 consanguineos.

554 4998 712 5063 Item,
742 4993 949 5064 nuptiae
979 5006 1091 5049 non
1111 4992 1169 5048 in
1198 4990 1419 5067 occulto
1451 4989 1584 5045 fiant
1606 5002 1787 5059 neque
1818 4996 1945 5059 post
1975 5004 2137 5060 pran-

484 5087 633 5143 dium
657 5105 672 5152 ;
707 5083 805 5141 sed
830 5095 1070 5152 sponsus
1088 5088 1144 5136 et
1172 5094 1376 5151 sponsa
1390 5078 1568 5149 jejuni
1588 5094 1619 5133 a
1640 5078 1927 5135 sacerdote
1943 5080 2134 5150 jejuno

480 5176 537 5231 in
566 5173 903 5231 monasterio
925 5170 1326 5227 benedicantur
1350 5191 1365 5237 ;
1388 5175 1444 5224 et
1467 5174 1761 5237 antequam
1782 5169 2131 5238 copulentur,

478 5264 772 5336 progenies
824 5267 1185 5330 utrorumque
1252 5258 1551 5330 diligenter
1613 5257 1944 5326 inquiratur.
1996 5260 2133 5315 Etsi

474 5352 622 5414 infra
658 5351 947 5423 septimam
992 5349 1407 5421 generationem
1455 5346 1640 5417 aliqua
1687 5346 2135 5418 consanguinitas

476 5444 696 5499 inventa
760 5439 947 5509 fuerit,
997 5445 1053 5495 et
1098 5439 1146 5494 si
1189 5437 1393 5508 aliquis
1421 5451 1612 5495 eorum
1642 5435 1904 5493 dimissus
1943 5434 2128 5505 fuerit,

475 5545 589 5589 non
619 5532 1041 5602 conjungautur.
1092 5526 1364 5583 Sacerdos
1408 5527 1506 5597 qui
1551 5533 1745 5583 contra
1791 5524 1897 5583 hoc
1937 5524 2132 5585 fecerit

474 5621 805 5693 deponatur.

2296 499 2392 539 nec
2414 483 2616 553 fructus
2618 484 2931 609 fercipiant
2953 502 2971 551 ;
3002 488 3050 539 el
3103 481 3283 555 quales
3310 497 3423 539 esse
3452 481 3671 539 debeant
3708 483 3875 539 archi-

2300 555 2510 609 diaconi
2538 560 2587 609 et
2653 557 2823 609 ecani.

2300 555 2510 610 diaconi
2538 560 2587 610 et
2618 555 2823 610 decani.

2299 662 2375 718 De
2408 661 2809 729 sacerdotibus,
2862 667 2917 717 et
2973 660 3174 718 Levitis
3220 664 3275 717 et
3313 661 3745 718 subdiaconihus
3782 661 3875 731 qui

2230 749 2459 807 feminas
2516 751 2622 806 sibi
2698 757 3118 822 usurpaverunt,
3173 750 3466 807 concilium
3540 751 3876 806 Luxoviense

2230 841 2572 910 observetur,
2606 855 2673 897 ne
2697 841 2960 897 ecclesias
2990 856 3091 911 per
3110 854 3168 896 se
3198 848 3361 911 atque
3384 854 3484 909 per
3502 839 3876 910 sutl'raganeos

2230 936 2442 1002 regant,
2484 946 2586 987 nec
2616 931 2824 1003 aliquid
2856 933 2924 988 de
2955 931 3238 988 beneficiis
3284 930 3541 987 habeant.
3583 928 3877 985 Archidia—

2230 1020 2380 1088 coni,
2403 1020 2497 1091 qui
2518 1034 2614 1077 eos
2634 1035 2825 1092 regere
2846 1021 3069 1089 debent,
3093 1034 3202 1077 non
3233 1020 3620 1091 permittantur
3638 1018 3873 1088 aliquam

2230 1110 2433 1167 habere
2464 1125 2565 1167 nec
2613 1111 2997 1179 concubinam,
3040 1125 3143 1166 nec
3173 1109 3646 1167 subintroductam
3677 1107 3874 1164 mulie-

2230 1213 2365 1268 rem,
2398 1214 2502 1257 nec
2531 1200 2820 1271 pellicem;
2845 1201 2942 1257 sed
2972 1208 3121 1257 caste
3143 1205 3197 1256 et
3219 1200 3367 1271 juste
3397 1200 3596 1265 vivant,
3621 1204 3676 1254 et
3696 1212 3879 1253 exem-

2230 1289 2381 1360 plum
2430 1290 2698 1346 castitatis
2744 1297 2796 1347 et
2844 1290 3222 1347 sanctimonia:
3278 1288 3517 1346 subditis
3573 1288 3876 1358 prabeant.

2229 1382 2460 1449 Oportet
2498 1380 2661 1436 etiam
2712 1388 2770 1437 ut
2818 1381 2954 1437 tales
3002 1380 3196 1437 decani
3241 1379 3512 1452 eligantur
3560 1377 3655 1449 qui
3700 1378 3881 1433 sciant

2228 1468 2481 1526 subditos
2528 1470 2858 1542 redarguere
2908 1478 2963 1527 et
3011 1470 3326 1537 emendare,
3360 1484 3593 1540 quorum
3629 1467 3737 1524 vita
3768 1480 3878 1523 non

2227 1558 2300 1615 sit
2329 1558 2565 1628 infamis,
2597 1560 2696 1617 sed
2726 1560 2922 1617 merito
2952 1559 3278 1631 praeferatur
3306 1559 3562 1616 subditis.

2228 1688 2362 1743 XVI.
2404 1688 2470 1742 Ut
2522 1686 2694 1742 nullus
2735 1693 2941 1743 mortua
2987 1702 3157 1742 uxore
3202 1685 3350 1742 illam
3404 1685 3631 1757 accipiat
3677 1684 3743 1739 de
3775 1698 3883 1754 qua

2726 1765 2846 1815 ante
2872 1761 3047 1829 fuerat
3074 1760 3378 1829 infamatus.

2300 1883 2454 1949 Item,
2505 1882 2859 1939 interdictum
2908 1890 2992 1940 est
3039 1896 3108 1938 ne
3155 1883 3375 1953 aliquis,
3410 1881 3504 1953 qui
3533 1882 3751 1937 vivente
3779 1894 3879 1936 sua

2228 1985 2401 2027 uxore
2430 1971 2499 2027 de
2528 1970 2801 2029 adulterio
2851 1971 3214 2028 calumniatus
3250 1970 3449 2038 fuerat,
3490 1975 3617 2041 post
3645 1975 3881 2026 mortem

2228 2059 2376 2116 illius
2404 2073 2643 2130 unquam
2669 2060 2737 2115 de
2766 2073 2875 2130 qua
2903 2060 3265 2117 calumniatus
3293 2060 3397 2115 fuit
3423 2060 3679 2128 accipiat.
3714 2057 3881 2113 Multa

2229 2150 2374 2205 enim
2394 2150 2534 2205 mala
2563 2149 2691 2206 inde
2722 2158 3041 2206 evenerunt.
3074 2150 3205 2205 Nam
3237 2149 3459 2219 plurimi
3491 2149 3593 2204 hac
3614 2148 3681 2204 de
3713 2161 3880 2203 causa

2227 2253 2354 2295 suas
2383 2237 2798 2295 interfecerunt.

2296 2372 2454 2427 X‘.'iI.
2489 2368 2677 2428 Nullus
2718 2384 2885 2426 uxore
2929 2369 3101 2427 velata
3129 2371 3404 2443 superstite
3434 2369 3596 2427 aliam
3625 2370 3804 2427 ducat.

2294 2507 2452 2573 Item,
2481 2504 2686 2572 nullus,
2717 2506 2876 2575 cujus
2904 2518 3043 2561 uxor
3069 2505 3245 2562 velata
3282 2503 3470 2574 fuerit,
3506 2506 3625 2576 ipsa
3653 2506 3876 2562 vivente

2226 2609 2466 2666 unquam
2494 2594 2655 2650 aliam
2684 2594 2942 2665 accipiat.

2262 2731 2443 2785 XVIII.
2477 2731 2563 2786 Ne
2592 2728 2821 2784 absentis
2856 2728 2955 2784 viri
2983 2743 3122 2785 uxor
3150 2727 3305 2785 alteri
3332 2727 3511 2789 nubat.
3539 2728 3852 2800 priusquam

2567 2801 2631 2856 de
2659 2801 2761 2857 viri
2789 2806 2955 2857 morte
2983 2806 3297 2872 compertum
3326 2800 3537 2856 habeat.

2297 2910 2453 2976 Item,
2501 2909 2546 2964 si
2578 2922 2717 2965 uxor
2745 2908 2846 2964 viri
2886 2908 2981 2978 qui
3017 2922 3245 2979 peregre
3294 2913 3389 2964 aut
3434 2908 3569 2964 alias
3598 2905 3887 2978 profectus

2226 2997 2390 3054 fuerit
2418 2997 2511 3053 alii
2540 2998 2658 3054 viro
2690 2997 2959 3068 nupserit,
2981 3013 3271 3069 quousque
3303 2999 3506 3068 prioris
3536 2998 3733 3054 mortis
3761 3012 3886 3054 cer-

2166 3102 2208 3162 α
2230 3088 2521 3145 titudinem
2550 3087 2771 3157 habeat,
2823 3088 3327 3145 excommunicetur
3355 3102 3528 3158 usque
3556 3087 3625 3143 ad
3655 3086 3884 3159 dignam

2225 3175 2679 3235 satisfactionem.

2224 3303 2359 3358 XIX.
2390 3303 2474 3359 Ne
2508 3300 2686 3357 clerici
2712 3302 2775 3373 Ain
2806 3299 3066 3373 publicum
3094 3302 3288 3356 crimen
3308 3298 3445 3372 lapsi
3472 3302 3643 3357 sacris
3672 3300 3885 3358 ordini-

2703 3371 2820 3427 bus‘
2836 3372 2994 3443 facile
3035 3371 3396 3429 restituantur.
3778 3410 3797 3418 -

2295 3480 2451 3546 Item,
2482 3486 2745 3536 statutum
2774 3486 2859 3535 est
2887 3492 2957 3534 ne
2977 3479 3033 3534 hi
3065 3479 3159 3548 qui
3189 3479 3410 3548 publice
3441 3478 3578 3549 lapsi
3612 3479 3669 3534 in
3695 3480 3887 3536 crimi-

2224 3568 2442 3626 nalibus
2472 3569 2714 3640 peccatis
2753 3568 3109 3624 inveniuntur
3137 3568 3401 3624 citissime
3432 3569 3487 3623 in
3515 3569 3689 3624 sacris
3717 3570 3885 3626 ordi-

2224 3659 2388 3715 nibus
2439 3660 2819 3715 restituantur.
2869 3658 2925 3713 Si
2982 3658 3127 3713 enim
3185 3657 3373 3727 lapsis,
3434 3665 3495 3713 ut
3549 3658 3626 3713 ait
3683 3659 3887 3716 beatus

2222 3749 2537 3819 Gregorius,
2570 3747 2640 3804 ad
2678 3762 2835 3803 suum
2867 3746 3118 3805 ordinem
3148 3746 3462 3803 revertendi
3491 3747 3715 3803 licentia
3743 3762 3886 3805 con-

2223 3838 2471 3905 cedatur,
2493 3837 2649 3908 vigor
2677 3836 2961 3892 canonicae
2992 3834 3184 3905 procul
3215 3834 3385 3893 dubio
3415 3834 3686 3907 frangitur
3714 3837 3887 3894 disci-

2224 3926 2410 3996 plinae,
2433 3926 2559 3982 dum
2588 3939 2687 3996 per
2704 3924 3039 3981 reversionis
3064 3937 3218 3994 spem
3248 3938 3429 3994 pravae
3456 3924 3692 3980 actionis
3719 3924 3883 3983 desi-

2223 4015 2376 4071 deria
2430 4015 2663 4085 quisque
2720 4014 3015 4083 concipere
3077 4026 3188 4069 non
3245 4011 3522 4069 formidat.
3566 4013 3720 4070 Unde
3769 4015 3883 4072 hoc

2222 4111 2400 4159 ratum
2447 4117 2668 4160 manere
2707 4109 2929 4173 Oportet
2972 4109 3033 4157 ut
3062 4103 3119 4157 in
3149 4101 3377 4158 crimine
3410 4101 3878 4173 publicoiapsus,

2221 4198 2349 4247 ante
2378 4197 2654 4262 peractam
2685 4191 3064 4261 paenitentiam
3112 4190 3168 4245 in
3217 4190 3454 4260 pristino
3491 4191 3665 4260 gradu
3695 4192 3881 4248 nulla-

2222 4285 2383 4337 tenus
2422 4279 2760 4345 restituatur,
2792 4279 2899 4335 nisi
2946 4292 3157 4335 summa
3204 4279 3555 4346 necessitate,
3607 4287 3734 4349 post
3784 4280 3865 4337 di-

2221 4383 2381 4442 gnam
2403 4368 2625 4440 quidem
2654 4368 2834 4440 longae
2864 4368 3206 4438 pmnitentiaa
3235 4366 3686 4424 satisfactionem.

2220 4507 2330 4562 XX.
2367 4508 2431 4560 Ut
2460 4505 2750 4579 episcopus,
2782 4503 2869 4574 qui
2898 4501 2968 4579 ad
2998 4501 3136 4579 lapsi
3164 4501 3535 4579 depositione»:
3564 4504 3739 4561 venire
3768 4521 3876 4562 non

2692 4579 2884 4647 potest,
2915 4575 3169 4629 vicarium
3197 4574 3387 4629 mittat.

2289 4694 2444 4760 Item,
2476 4692 2524 4748 si
2553 4691 2753 4761 aliquis
2781 4690 2968 4761 lapsus
2995 4689 3195 4761 dignus
3232 4689 3584 4761 depositione
3614 4695 3875 4762 repertus

2217 4781 2405 4850 fuerit,
2437 4786 2493 4838 et
2522 4780 2590 4837 ad
2641 4793 2765 4836 eum
2795 4778 3184 4850 deponendum
3212 4783 3297 4836 tot
3325 4779 3691 4852 coepiscopos
3730 4788 3874 4852 quot

2216 4871 2516 4929 auctoritas
2572 4867 2834 4940 postulat,
2897 4868 3111 4924 scilicet
3152 4867 3209 4923 in
3274 4868 3580 4926 sacerdotis
3629 4883 3748 4937 sex,
3811 4870 3871 4926 in

2217 4961 2437 5018 diaconi
2466 4958 2813 5031 depositione
2836 4963 2947 5014 tres
2969 4974 2986 5023 ;
3009 4957 3387 5029 unusquisque
3410 4959 3503 5030 qui
3532 4959 3729 5016 adesse
3753 4973 3870 5018 non

2216 5052 2439 5122 poterit,
2470 5049 2733 5107 vicarium
2779 5061 2936 5105 suum
2994 5060 3118 5104 cum
3169 5061 3267 5104 sua
3305 5048 3636 5105 auctoritate
3688 5056 3873 5107 trans-

2214 5257 2350 5313 XXI.
2393 5256 2458 5311 Ut
2486 5257 2607 5309 ante
2632 5253 2817 5309 horam
2854 5252 3199 5380 vesgjgttinam
3225 5252 3281 5308 in
3310 5252 3731 5323 Quadragesima
3760 5270 3869 5312 non

2286 5444 2441 5507 Item,
2480 5444 2743 5496 statutum
2763 5445 2848 5496 est
2868 5446 2929 5496 ut
2956 5439 3143 5496 nullus
3160 5438 3217 5495 in
3246 5439 3671 5510 Quadragesima
3701 5455 3868 5512 pran-

2213 5530 2360 5598 deat,
2406 5536 2717 5601 antequam,
2766 5530 2904 5586 hora
2933 5542 3077 5586 nona
3107 5534 3348 5599 peracta,
3388 5530 3701 5599 vespertina
3729 5531 3868 5587 inci-

2213 5621 2345 5694 piat.
2376 5621 2497 5678 Non
2526 5620 2672 5678 enim
2696 5620 2909 5691 jejunat
2932 5618 3028 5690 qui
3057 5625 3185 5675 ante
3215 5618 3527 5676 manducat.
