4100 6166
429 231 538 287 275

1447 227 1729 282 ΑΡΡΕΝΙ).
1768 229 1858 283 AD
1894 229 2201 287 JOANNEM
2239 226 2796 284 BOTOMAGENSEM.

3698 226 3808 284 276

428 358 536 417 fuit
561 353 981 426 Rotomagensis
1017 351 1173 408 urbis
1218 351 1448 407 antistes
1494 351 1702 420 primus
1746 353 2032 412 ordinatus
2092 355 2336 425 Aprimo
2365 351 2630 409 Clotharii
2667 350 2813 422 regis
2841 351 3193 419 Francorum,
3224 350 3488 408 nobiliter
3515 352 3805 421 mdiﬁcata,

434 453 491 504 at
513 444 782 502 Mallonus
810 441 913 498 fuit
940 441 1151 512 primus
1179 440 1235 495 in
1273 439 1404 496 sede
1434 439 1665 495 locatus.

503 554 595 611 Sic
623 552 672 609 is
697 564 810 609 non
839 564 1031 607 versus
1056 549 1265 618 poterit
1292 547 1596 603 consistere
1624 561 1834 606 versus.

507 679 729 736 Exstitit
764 676 1019 748 egregius
1046 673 1313 730 Mallonus
1342 673 1398 728 in
1435 673 1631 730 ordine
1659 675 1890 745 primus,

505 769 750 826 Moribus
786 772 1033 833 ornatus,
1074 764 1219 819 clara
1247 775 1469 834 quoque
1495 764 1667 835 stirpe
1697 772 1935 825 creatus.

507 856 718 915 Enituit
745 855 948 922 verbis,
981 851 1251 924 praefulsit
1278 856 1333 909 et
1361 851 1579 909 actibus
1606 854 1764 910 almis
1789 876 1800 911 ε

508 947 744 1019 Dapsilis
770 945 830 1001 in
867 942 1104 1008 cunctis,
1134 941 1378 999 clemens
1405 946 1462 997 et
1489 941 1673 1014 largus
1702 946 1910 1015 egenis.

511 1036 783 1094 Mentibus
810 1032 1058 1091 inﬁrmos
1094 1031 1323 1088 curabat
1351 1030 1605 1103 dogmate
1633 1046 1792 1090 sacro
1813 1077 1830 1101 ,

510 1125 798 1184 Dmmonés
825 1127 1050 1179 vexatos
1087 1120 1355 1193 purgabat
1382 1120 1607 1177 numine
1635 1135 1814 1180 sacro.

514 1213 744 1286 Pervigil
775 1212 833 1268 in
862 1210 1070 1282 populo
1101 1214 1290 1281 pastor
1318 1210 1442 1279 pius
1469 1225 1534 1265 ac
1563 1212 1907 1282 speculator,

510 1307 616 1361 Pro
645 1302 752 1360 sibi
780 1299 1088 1358 commissis
1116 1312 1331 1354 murum
1359 1312 1419 1355 se
1448 1300 1685 1355 contulit
1711 1301 1879 1358 hosti.

509 1392 862 1464 Compatiens
899 1389 1083 1461 aegris,
1122 1387 1350 1444 collisos
1378 1388 1762 1446 consolidavit.

513 1484 782 1540 Mactabat
817 1480 1049 1537 Domino
1086 1492 1147 1534 se
1175 1491 1394 1548 semper
1421 1492 1575 1534 sacra
1604 1479 1814 1537 litando
1835 1526 1855 1550 ,

513 1574 838 1642 Perpetuam
876 1580 1068 1640 pacem
1099 1565 1407 1637 deposcens
1443 1572 1608 1637 atque
1636 1568 1890 1625 salutem.

514 1662 585 1717 Ut
605 1660 804 1717 charos
830 1655 1049 1726 fratres,
1081 1656 1333 1713 servabat
1361 1656 1599 1714 dulciter
1625 1657 1835 1715 hostes.

517 1749 619 1805 Hic
646 1746 889 1812 humilis,
928 1745 1168 1815 sobrius,
1199 1759 1417 1802 necnon
1448 1752 1504 1803 et
1541 1747 1709 1809 corde
1741 1748 1995 1818 pudicus.

517 1836 784 1893 Sordibus
818 1834 1095 1902 immunis,
1135 1834 1395 1890 virtutum
1434 1834 1683 1906 lampade
1711 1836 1883 1895 fulsit.

446 1926 595 1983 Obiit
623 1927 680 1982 in
718 1924 937 1982 Christo
973 1939 1008 1980 x
1046 1922 1319 1980 Kalendas
1354 1926 1698 1982 Novembris.

519 2053 685 2108 Beato
721 2063 852 2107 vero
891 2048 1127 2106 Mallono
1163 2049 1479 2106 Avidiamus
1524 2051 1815 2119 successit,
1854 2052 1952 2123 qui
1990 2052 2092 2109 sub

453 2143 615 2198 beato
654 2154 794 2212 papa
822 2138 1083 2195 Silvestro
1113 2143 1168 2195 et
1193 2138 1555 2195 ConStantino
1592 2139 1926 2211 imperatore
1956 2156 2097 2212 prae-

449 2230 613 2286 fatam
641 2230 783 2285 rexit
820 2228 1139 2284 Ecclesiam.
1180 2229 1233 2284 Is
1278 2242 1409 2284 vero
1448 2227 1693 2298 prudens
1736 2235 1794 2309 et
1839 2236 2099 2287 strenuus

451 2325 640 2393 pastor
668 2318 771 2375 fuit
800 2320 856 2375 in
888 2317 1116 2389 p0pulo,
1150 2318 1243 2388 qui
1273 2317 1579 2374 Arelatensi
1619 2319 1861 2376 concilio
1893 2321 2093 2390 primo,

451 2410 602 2481 quod
641 2408 837 2466 eodem
898 2413 1151 2478 tempore
1199 2420 1310 2476 quo
1348 2407 1570 2464 Nicaeus
1619 2409 1865 2479 synodus
1911 2409 2098 2468 habita

453 2505 558 2567 est,
598 2504 990 2570 congregatum
1040 2497 1097 2552 in
1137 2496 1442 2552 canonibus
1478 2496 1774 2566 invenitur,
1835 2514 1958 2556 cum
1997 2502 2104 2557 Ma-

456 2594 616 2646 terno
654 2587 971 2647 Coloniensi
1020 2586 1284 2657 episcopo
1349 2584 1620 2644 interfuit.
1679 2588 1805 2645 Fuit
1865 2604 2103 2662 namque

458 2677 551 2735 hic
599 2677 794 2737 beatus
830 2673 1079 2748 pontifex
1113 2674 1338 2746 ingenio
1386 2676 1616 2745 probus,
1667 2678 1933 2746 moribus,
1976 2679 2107 2735 insi-

458 2767 605 2839 gnis,
634 2766 982 2825 subditorum
1019 2765 1126 2821 sibi
1156 2764 1318 2820 saluti
1349 2765 1631 2836 providus.
1672 2768 1812 2824 Huic
1840 2768 2108 2826 successit

461 2860 715 2927 Severus,
753 2858 956 2915 Severo
983 2855 1273 2922 Eusebius,
1305 2856 1543 2913 Eusebio
1571 2856 1940 2927 Marcellinus,
1971 2860 2109 2916 Mar-

466 2947 668 3005 cellino
704 2946 921 3013 Petrus,
951 2945 1116 3001 Petro
1146 2943 1458 3001 Victricius.

2160 444 2217 499 in
2247 457 2354 514 qua
2393 456 2596 511 corpus
2634 440 2780 497 beati
2818 440 3068 500 Audoeni
3106 442 3446 498 successoris
3493 443 3580 499 sui
3626 444 3810 515 sepul-

2164 539 2302 589 turae
2330 532 2588 588 traditum
2612 535 2714 586 est.
2747 529 2849 585 Hic
2866 543 2997 586 vero
3026 530 3221 586 beatus
3248 530 3464 587 Flavius
3480 544 3626 590 anno
3651 533 3812 604 quin-

2165 621 2538 694 gentesimo...
2569 618 2869 676 Dominicae
2889 620 3287 676 Incarnationis
3306 620 3495 676 multis
3514 622 3812 679 virtutibus

2165 710 2453 782 praeditus,
2492 708 2662 764 divini
2701 709 2903 764 amoris
2940 709 3225 780 ﬂagrantia
3253 723 3540 779 accensus,
3581 711 3813 783 dapsilis

2166 799 2519 871 pauperibus,
2560 800 3018 869 Rotomagensem
3056 800 3200 854 rexit
3226 799 3551 858 Ecclesiam.

2238 888 2375 944 Huic
2411 887 2679 943 successit
2714 887 3097 953 Praetextatus,
3135 886 3221 942 vir
3256 901 3469 959 magnae
3504 889 3815 946 sanctitatis

2167 984 2223 1035 et
2251 977 2507 1034 omnibus
2543 977 2750 1047 iniquis
2787 976 3035 1032 odiosus.
3086 977 3189 1032 Hic
3226 991 3358 1034 vero
3404 977 3509 1034 fuit
3562 986 3813 1050 tempore

2167 1066 2464 1137 Chilperici
2501 1066 2649 1137 regis
2671 1107 2686 1132 ,
2739 1065 2835 1120 filii
2875 1064 3101 1122 Clotarii
3124 1108 3139 1133 ,
3206 1066 3302 1137 qui
3339 1067 3424 1122 vir
3459 1066 3643 1123 nimiae
3681 1082 3815 1125 cru-

2169 1156 2412 1213 delitatis
2464 1169 2589 1212 cum
2628 1154 2990 1225 Fredegunde
3046 1155 3213 1226 impia
3241 1170 3423 1231 ouxore
3462 1171 3561 1213 sua
3597 1158 3808 1229 ingenti

2170 1252 2363 1302 contra
2392 1244 2710 1315 pontiﬁcem
2748 1244 2878 1300 odio
2918 1244 3139 1301 exarsit.
3173 1247 3345 1301 Causa
3373 1260 3505 1303 vero
3535 1247 3648 1304 odii
3678 1247 3819 1303 nihil

2170 1335 2321 1391 aliud
2359 1333 2462 1390 fuit
2490 1334 2596 1389 nisi
2654 1334 2783 1404 quia
2839 1331 3063 1390 fratrem
3106 1350 3278 1391 suum
3343 1336 3676 1407 Sigibertum
3733 1352 3822 1393 re-

2172 1439 2316 1496 gem,
2349 1423 2451 1494 'qui
2491 1421 2682 1479 fraude
2738 1422 3036 1493 Chilperici
3076 1425 3295 1480 occisus
3323 1423 3445 1492 fuit,
3478 1424 3706 1480 multum
3737 1423 3823 1479 di-

2174 1515 2403 1579 lexerat,
2437 1516 2493 1568 et
2523 1513 2769 1568 eamdem
2800 1512 3154 1569 dilectionem
3174 1513 3531 1570 Childeberto
3561 1513 3672 1569 ﬁlio
3702 1514 3823 1583 ejus

2177 1610 2232 1660 et
2269 1602 2427 1658 matri
2486 1601 2826 1658 Brunichildi
2879 1603 3149 1659 servabat.
3192 1604 3305 1659 Hac
3343 1603 3412 1659 de
3450 1616 3613 1659 causa
3649 1603 3826 1658 iratus

2108 1691 2525 1762 BChilpericus
2561 1691 2667 1747 sibi
2718 1691 3043 1748 calumniam
3103 1693 3383 1762 imposuit,
3423 1692 3636 1749 scilicet
3672 1691 3824 1762 quod

2175 1794 2426 1853 magnam
2478 1785 2689 1851 partem
2746 1781 2990 1837 thesauri
3027 1780 3213 1837 fratris
3260 1781 3345 1837 sui
3382 1781 3639 1852 Sigiberti
3677 1780 3824 1851 apud

2174 1886 2234 1928 se
2264 1870 2606 1951 reconditam
2643 1871 2931 1938 habuerat,
2973 1885 3136 1941 quam
3184 1877 3474 1941 postquam
3504 1870 3817 1927 Childeber-

2176 1965 2268 2016 tus
2296 1974 2473 2031 nepos
2502 1961 2622 2030 ejus
2659 1959 2813 2016 litem
2843 1965 3037 2015 contra
3067 1973 3191 2015 eum
3230 1960 3451 2027 inierat,
3492 1960 3543 2016 ei
3573 1959 3829 2015 reddide-

2176 2056 2281 2106 rat.
2324 2049 2455 2106 Ideo
2492 2049 2553 2104 in
2589 2052 2798 2106 tantum
2846 2054 3170 2119 persecutus
3204 2053 3293 2106 est
3330 2064 3473 2115 eum,
3515 2049 3663 2119 quod
3702 2063 3826 2105 eum

2179 2140 2249 2195 ab
2279 2140 2603 2210 episcopatu
2663 2138 2985 2194 destitutum
3043 2139 3272 2209 expulit,
3331 2139 3480 2194 etin
3537 2138 3824 2210 quamdam

2180 2228 2417 2285 insulam
2445 2228 2505 2283 in
2532 2228 2982 2284 Constantinensi
3012 2241 3152 2300 pago
3190 2229 3247 2283 in
3277 2228 3413 2284 mari
3460 2227 3620 2283 sitam
3658 2242 3826 2283 exsu-

2182 2319 2331 2386 lavit,
2400 2322 2456 2374 et
2520 2319 2578 2373 in
2643 2317 2769 2374 loco
2834 2319 2954 2388 ejus
3006 2318 3318 2374 Melantium
3377 2318 3827 2375 archidiaconum

2183 2409 2503 2478 episcopum
2533 2406 2778 2463 ordinari
2807 2405 2959 2464 fecit.
2999 2406 3192 2464 Modus
3221 2406 3559 2479 expulsionis
3597 2422 3710 2464 suae
3749 2414 3831 2464 ta-

2184 2496 2254 2552 lis
2288 2494 2411 2554 fuit.
2441 2498 2559 2552 Rex
2587 2496 2882 2552 concilium
2920 2496 3214 2568 episcopos
3250 2511 3383 2553 suos
3418 2510 3722 2553 convocare
3752 2495 3832 2553 fe-

2186 2586 2281 2653 cit,
2307 2585 2395 2641 cui
2426 2585 2509 2639 vir
2528 2598 2739 2655 magnae
2768 2585 3113 2641 auctoritatis
3140 2592 3195 2641 et
3217 2586 3511 2656 probitatis
3535 2585 3835 2657 Gregorius

2187 2674 2640 2744 archiepiscOpus
2675 2675 3011 2730 Turonensis
3057 2673 3326 2731 interfuit.
3387 2674 3488 2730 Hic
3541 2688 3672 2731 vero
3729 2688 3834 2731 nec

2188 2762 2403 2819 callidae
2440 2761 2833 2818 machinationi
2856 2805 2871 2830 ,
2925 2776 3032 2833 qua
3079 2763 3377 2834 episcopus
3413 2762 3681 2834 deceptus
3718 2770 3833 2830 est,

2192 2867 2294 2909 nec
2323 2853 2541 2922 injustas
2570 2851 2916 2908 destitutioni
2961 2866 3242 2909 assensum
3272 2852 3529 2924 praebuit.
3561 2853 3679 2909 Rex
3704 2866 3837 2909 vero

2192 2943 2361 3012 impia
2398 2941 2697 2998 calliditate
2725 2942 3052 3013 quihusdam
3083 2943 3426 3014 episcopis...
3459 2942 3734 2999 mandavit
3761 2943 3836 3010 ei,

539 3036 665 3091 Fuit
698 3047 829 3091 vero
867 3032 959 3088 hic
996 3032 1053 3089 in
1099 3031 1271 3102 regali
1309 3033 1462 3089 curia
1498 3034 1739 3091 nutritus
1775 3050 1900 3093 cum
1946 3038 2109 3096 beato
2131 3050 2178 3113 α
2200 3031 2347 3102 quod
2368 3031 2560 3100 siquae
2580 3031 2687 3087 sibi
2706 3031 2989 3102 obiecerat
3016 3033 3071 3088 in
3103 3032 3360 3098 concilio,
3392 3038 3838 3104 recognosceret,

470 3123 793 3182 Innocentio
829 3134 1008 3193 papa,
1048 3125 1111 3177 ut
1148 3121 1205 3176 in
1259 3121 1505 3191 ejusdem
1562 3136 1719 3194 papae
1775 3126 2010 3195 epistola
2047 3127 2117 3184 de

471 3214 723 3271 castitate
761 3209 1137 3268 conservanda
1193 3218 1249 3266 et
1284 3209 1407 3266 aliis
1463 3210 1733 3270 institutis
1789 3214 2116 3274 Christiana:

473 3302 780 3375 religionis,
810 3299 989 3358 eidem
1017 3299 1280 3357 Victricio
1316 3300 1803 3369 missa,invenitur.
1842 3305 1933 3362 Ait
1966 3307 2113 3362 enim

473 3394 621 3451 inter
656 3398 895 3450 caetera:
960 3391 1238 3447 Praeterea
1271 3389 1593 3461 frequenter
1636 3393 1859 3463 quidam
1906 3409 1975 3451 ex
2012 3394 2120 3452 fra-

473 3484 653 3542 tribus
688 3482 895 3539 nostris
932 3480 1188 3549 curiales,
1219 3480 1303 3536 vel
1334 3480 1675 3551 quibuslibet
1704 3484 1944 3552 publicis
1990 3483 2118 3540 fun-

473 3572 753 3631 ctionibus
816 3574 1136 3641 occupatos,
1197 3569 1433 3626 clericos
1496 3569 1676 3628 facere
1733 3571 2116 3630 contendunt:

473 3663 676 3734 quibus
739 3667 931 3732 postea
985 3661 1160 3730 major
1214 3660 1441 3716 tristitia
1487 3674 1611 3716 cum
1677 3661 1747 3718 de
1793 3662 2122 3719 revocandis

478 3752 560 3808 eis
597 3749 808 3821 aliquid
875 3749 942 3805 ad
980 3749 1316 3820 imperatore
1356 3749 1707 3821 praecipitur,
1749 3766 1911 3821 quam
1947 3753 2127 3824 gratia

478 3840 744 3897 nascitur.
802 3837 884 3893 Sit
921 3842 1070 3893 certe
1101 3837 1158 3892 in
1196 3837 1504 3908 exemplum
1564 3837 1883 3896 sollicitudo
1923 3846 1979 3896 et
2016 3840 2122 3897 tri-

418 3968 423 3975 -
480 3929 633 3986 stitia
668 3925 925 3992 fratrum,
965 3939 1145 3996 quaem
1200 3939 1348 3997 saepe
1409 3927 1737 3997 pertulimus
1789 3928 2123 3999 imperatore

485 4020 788 4090 praesente,
829 4028 952 4071 cum
991 4028 1093 4085 pro
1158 4014 1295 4085 ipsis
1360 4015 1514 4086 prius
1577 4030 1917 4088 rogaremus,
1975 4018 2124 4089 quod

486 4106 605 4177 ipse
642 4103 927 4161 nobiscum
956 4102 1171 4175 positus
1200 4105 1527 4176 cognovisti.
1567 4106 1774 4173 Quibus
1803 4120 1915 4164 non
1947 4107 2127 4164 solum

484 4194 780 4254 inferiores
815 4193 1004 4251 clerici
1060 4208 1128 4251 ex
1171 4193 1492 4264 curialibus,
1531 4208 1719 4252 verum
1756 4197 1920 4253 etiam
1957 4198 2014 4253 in
2044 4211 2131 4254 sa-

488 4285 796 4343 cerdotium
835 4284 1141 4352 constituti,
1182 4284 1392 4355 ingenti
1431 4284 1682 4341 molestia
1720 4290 1781 4342 ut
1829 4286 2132 4343 redderen-

2201 3127 2255 3178 et
2285 3121 2412 3176 inde
2442 3134 2625 3176 coram
2655 3134 2785 3192 rege
2815 3125 3123 3192 prostratus
3152 3137 3211 3178 se
3248 3137 3402 3179 reum
3452 3123 3838 3193 proclamaret,

2198 3210 2423 3269 omnino
2454 3208 2505 3266 ei
2535 3209 2855 3268 dimitteret.
2896 3212 2999 3280 Qui
3036 3211 3260 3268 hortatu
3297 3213 3590 3284 impiorum
3628 3212 3845 3283 episco-

2200 3312 2394 3371 porum
2423 3297 2709 3370 deceptus,
2750 3298 3115 3358 fraudulentis
3143 3302 3288 3372 regis
3317 3301 3588 3358 mandatis
3623 3302 3844 3373 acquie-

2199 3391 2297 3445 vit.
2330 3390 2480 3445 Tunc
2510 3402 2609 3445 rex
2635 3389 2870 3446 clamare
2900 3391 3067 3462 erepit
3093 3411 3105 3447 :
3142 3409 3172 3443 ‹‹
3196 3392 3441 3448 Audistis
3469 3406 3591 3448 eum
3615 3391 3847 3448 crimine

2202 3478 2537 3546 convictum,
2577 3492 2723 3536 nunc
2772 3494 2939 3549 super
2966 3481 3075 3538 hoc
3114 3488 3320 3538 certam
3348 3483 3673 3538 sententiam
3705 3480 3848 3538 deﬁ-

2201 3570 2337 3626 nite.
2373 3590 2399 3619 »
2432 3570 2501 3624 Et
2529 3568 2604 3624 ita
2633 3567 3011 3639 deposuerunt
3040 3586 3184 3640 eum,
3212 3576 3269 3628 et
3296 3572 3354 3628 in
3386 3570 3670 3642 praefatum
3698 3572 3848 3629 exsi-

2200 3657 2334 3715 lium
2373 3672 2471 3714 rex
2506 3657 2795 3725 retrudere
2813 3659 2999 3730 jussit.
3030 3662 3245 3718 Mortuo
3272 3675 3403 3718 vero
3433 3676 3582 3733 rege,
3605 3662 3850 3718 omnium

2204 3748 2495 3819 primatum
2535 3752 2592 3804 et
2619 3749 3078 3819 coepiscoporum
3109 3749 3343 3808 consilio
3383 3756 3440 3807 et
3469 3750 3703 3822 judicio,
3755 3764 3851 3808 no-

2206 3837 2353 3894 lente
2382 3836 2743 3909 Fredegunde
2782 3840 2991 3912 regina,
3023 3839 3092 3896 ad
3133 3840 3411 3911 propriam
3440 3839 3730 3897 ecclesiam
3768 3844 3855 3895 est

2206 3929 2514 3995 revocatus,
2548 3933 2604 3983 et
2651 3927 2905 3998 deposito
2939 3929 3196 3986 Melantio
3245 3931 3302 3987 in
3350 3930 3627 4002 propriam
3663 3928 3855 3986 sedem

2207 4015 2625 4073 inthronizatus.
2664 4017 2955 4075 Melantius
2998 4033 3130 4077 vero
3168 4020 3226 4076 in
3258 4018 3625 4084 familiaritate
3656 4017 3858 4074 Frede-

2209 4104 2409 4175 gundis
2472 4106 2810 4176 impiissimae
2858 4108 3064 4179 reginae
3119 4109 3455 4178 permansit,
3512 4122 3636 4179 qum
3692 4108 3857 4165 beato

2212 4194 2541 4252 Praetextato
2580 4210 2800 4267 semper
2837 4198 3113 4255 inimicata
3142 4203 3199 4255 et
3234 4197 3491 4255 insidiata
3519 4203 3603 4255 est
3631 4197 3689 4254 in
3729 4203 3857 4254 tan-

2213 4295 2348 4357 tum,
2380 4291 2441 4343 ut
2479 4287 2658 4357 pretio
2688 4287 3049 4358 quorumdam
3079 4294 3291 4345 mentes
3327 4302 3449 4345 cum
3490 4287 3719 4357 prmfato
3752 4290 3862 4344 lle-

487 4382 581 4433 tur
607 4374 867 4432 instabat.
898 4375 1029 4430 Erat
1066 4374 1211 4430 enim
1243 4380 1434 4444 pastor
1461 4375 1892 4447 gloriosissimus
1918 4377 1976 4433 in
2007 4377 2390 4454 per-plautio
2448 4383 2863 4448 corrumperet:
2914 4378 2990 4434 ita
3027 4383 3107 4446 ut,
3148 4378 3293 4435 sicut
3337 4378 3531 4434 beatus
3566 4377 3863 4449 Gregorius

486 4464 787 4537 sequendis
840 4463 1030 4535 populi
1084 4463 1408 4521 criminibus
1464 4465 1693 4537 rigidus,
1742 4466 2028 4524 viduarum
2076 4474 2131 4524 et

490 4555 864 4627 orphanorum
893 4559 1052 4624 pater
1077 4553 1418 4623 mitissimus,
1441 4554 1756 4613 misericors
1776 4557 2132 4629 pauperibus,

491 4644 707 4702 cunctis
734 4643 1075 4716 compatiens
1101 4642 1334 4700 inﬁrmis
1372 4650 1427 4701 et
1456 4644 1793 4703 dolentibus.

562 4735 662 4793 Cui
689 4734 957 4792 successit
984 4733 1359 4802 Innocentius,
1390 4735 1718 4793 Innocentio
1749 4740 1971 4793 sanctus
1990 4737 2132 4793 Evo-

494 4824 598 4879 dus
622 4866 636 4890 ,
695 4824 880 4881 Evodo
918 4823 1197 4893 Silvester,
1238 4823 1500 4881 Silvestro
1539 4825 1833 4894 Malsonus,
1891 4826 2135 4883 Malsono

493 4915 825 4981 Germanus,
860 4916 1132 4971 Germano
1186 4913 1537 4971 Crescentius
1558 4958 1573 4985 ,
1631 4917 1951 4974 Crescentio
2006 4930 2136 4975 vero

491 5005 688 5062 beatus
712 5002 1023 5073 Gildardus,
1054 5003 1222 5062 frater
1249 5005 1397 5062 beati
1415 5005 1678 5074 Medardi,
1711 5020 1945 5078 quorum
1972 5008 2137 5063 vitam

494 5095 783 5170 magniﬁco
807 5093 952 5166 stylo
990 5094 1185 5151 beatus
1222 5097 1554 5153 Fortunatus
1581 5096 1823 5169 scripsit.
1856 5099 1974 5155 Una
1993 5097 2137 5156 enim

496 5186 585 5243 die
614 5184 728 5242 nati
758 5183 1002 5254 fuerunt,
1034 5197 1141 5241 una
1171 5184 1336 5241 etiam
1365 5185 1456 5243 die
1486 5185 1747 5255 ordinati,
1781 5200 1887 5244 una
1916 5200 2139 5259 quoque

497 5273 587 5329 die
624 5275 997 5346 migraverunt
1034 5274 1102 5330 ad
1141 5275 1437 5333 Christum.

567 5364 827 5421 Gildardo
866 5363 1133 5422 successit
1169 5365 1364 5422 beatus
1400 5366 1616 5423 Flavius
1639 5409 1654 5434 ,
1713 5367 1869 5437 cujus
1923 5366 2144 5437 pontiﬁ-

500 5460 656 5510 catus
678 5460 925 5527 tempore
956 5460 1274 5514 constructa
1304 5461 1387 5513 est
1406 5456 1639 5515 ecclesia
1670 5456 1724 5513 in
1756 5456 1967 5513 honore
1997 5456 2143 5513 beati

500 5544 648 5601 Petri
687 5545 923 5616 apostoli
955 5547 1010 5603 in
1051 5545 1317 5604 suburbio
1347 5548 1502 5604 urbis
1530 5547 1968 5621 Rotomagensis,
2000 5560 2145 5605 anno

2218 4466 2553 4525 Turonensis
2582 4467 2637 4522 in
2667 4466 2888 4537 scriptis
2925 4467 3040 4523 suis
3078 4473 3283 4535 narrat,
3324 4472 3487 4525 nocte
3537 4472 3729 4524 sancta
3764 4468 3866 4523 Pa—

2217 4557 2386 4624 schze,
2444 4556 2501 4613 in
2558 4555 2682 4614 loco
2738 4555 3060 4627 pontiﬁcali,
3127 4557 3223 4613 ubi
3261 4562 3406 4613 stare
3462 4564 3862 4621 consueverat,

2217 4646 2415 4718 gladiis
2436 4659 2557 4702 eum
2591 4650 2965 4716 percuterent,
2989 4650 3045 4703 et
3072 4645 3149 4702 ita
3177 4646 3573 4703 interﬁcerent.
3604 4646 3705 4714 Qui
3738 4659 3867 4702 mox

2218 4742 2279 4791 ut
2314 4735 2541 4791 vulnera
2579 4734 2772 4798 sensit,
2802 4734 2870 4791 ad
2893 4735 3064 4792 altare
3104 4736 3370 4801 cucurrit,
3402 4742 3461 4792 et
3493 4734 3629 4791 illud
3659 4734 3871 4806 ample—

2216 4829 2396 4891 xatus,
2426 4823 2627 4879 viatico
2665 4823 2937 4880 Dominici
2977 4826 3229 4895 corporis
3256 4831 3313 4881 et
3347 4824 3632 4896 sanguinis
3659 4839 3720 4881 se
3750 4839 3870 4882 mu~

2217 4914 2396 4982 niens,
2426 4913 2661 4968 animam
2690 4913 2800 4969 Deo
2831 4912 3092 4970 reddidit.
3132 4916 3345 4985 Corpus
3371 4927 3501 4972 vero
3531 4916 3652 4986 ejus
3678 4928 3874 4971 omnes

2221 5002 2500 5074 principes
2529 5001 2722 5072 patriae
2752 5016 2875 5059 cum
2913 5016 3112 5074 magno
3151 5003 3359 5074 ejulatu
3386 5010 3443 5061 et
3473 5002 3871 5061 lamentatione

2221 5090 2290 5148 de
2321 5091 2458 5147 tanti
2486 5091 2726 5162 pastoris
2753 5093 3049 5162 patrocinii
3088 5092 3432 5150 desolatione
3480 5092 3869 5159 condolentes,

2222 5180 2521 5251 sepulturae
2550 5180 2873 5239 honoriﬁca
2923 5183 3289 5241 tradiderunt.
3341 5185 3540 5241 Postea
3586 5197 3718 5240 vero
3765 5184 3876 5239 Me-

2225 5270 2448 5339 lantius,
2473 5270 2568 5342 qui
2599 5279 2846 5342 tempore
2876 5273 2961 5329 sui
2991 5273 3269 5330 cxsulatus
3297 5274 3674 5345 episcopatum
3703 5286 3873 5329 usur-

2226 5367 2468 5433 paverat,
2504 5361 2738 5419 consilio
2770 5369 2824 5419 et
2854 5363 3075 5434 ingenio
3096 5362 3340 5436 praefatae
3358 5364 3564 5436 reginae
3593 5363 3649 5420 in
3680 5362 3875 5420 eadem

2228 5450 2359 5508 sede
2390 5458 2474 5508 est
2504 5453 2809 5509 restitutus.

2302 5542 2439 5598 lluic
2488 5542 2755 5599 successit
2803 5542 3003 5613 praesul
3053 5510 3347 5609 Hildulfu‘s,
3398 5542 3481 5598 vir
3529 5540 3773 5613 prudens
3821 5548 3880 5597 et
