4100 6166
243 287 331 343 277

1388 283 1560 339 ACTA
1595 280 2010 338 ARCHIEPISC.
2050 284 2380 340 ROTOMAG.

3474 276 3583 338 278

245 413 491 468 honestus.
532 405 778 464 Hildulfo
817 407 1012 463 beatus
1050 409 1346 474 Romanus,
1388 407 1591 463 nobilis
1635 412 1762 462 ortu
1792 409 2143 476 etAcessit;
2193 409 2472 466 Mainardo
2525 407 2913 475 Guillebertus,
2964 408 3058 478 qui
3108 413 3356 479 tempore
3399 409 3582 468 Caroli

244 501 412 556 virtute
447 496 764 566 praeclarus.
806 498 973 554 Beato
1002 499 1248 554 Romano
1286 501 1508 553 sanctus
1534 496 1851 563 Audoenus,

241 588 378 646 claris
404 585 674 642 natalibus
711 590 898 654 ortus,
951 591 1006 642 et
1042 587 1304 642 virtutum
1351 586 1726 657 magnitudine
1765 601 1856 641 ex-

240 677 407 733 celsus.
448 677 614 732 Beato
652 675 918 732 Audoeno
958 678 1225 732 successit
1272 676 1511 746 inclytus
1550 676 1855 731 Ansbertus

239 764 534 822 venerabilis
572 764 814 834 prasul,
876 771 932 820 et
987 765 1192 821 sanctis
1249 766 1511 835 operibus
1556 764 1850 835 gloriosus.

239 858 416 912 Horum
445 867 574 910 vero
613 853 779 909 trium
809 868 873 909 ac
912 854 1059 909 beati
1087 854 1332 910 Gildardi
1370 855 1688 910 memoriam
1737 860 1854 908 tan-

235 951 332 1002 tum
358 944 650 1014 tetigimus,
684 943 812 1013 quia
837 957 1026 1000 eorum
1055 948 1209 1013 gesta
1239 959 1268 999 a
1302 945 1705 1014 probatissimis
1723 943 1856 999 viris

237 1032 516 1090 luculenter
544 1031 688 1102 apud
730 1044 832 1087 nos
869 1033 1182 1102 conscripta
1221 1032 1512 1088 habentur.

291 1123 548 1179 Ansberto
587 1121 855 1178 successit
918 1122 1248 1178 venerabilis
1302 1123 1527 1192 Grippo.
1588 1122 1856 1193 Gripponi

238 1211 570 1277 Ranilandus,
621 1212 703 1267 vir
745 1211 1076 1267 venerabilis
1119 1217 1175 1267 et
1214 1212 1498 1268 honestus.
1548 1213 1854 1270 Ranilando

236 1305 436 1357 sanctus
465 1303 645 1372 Hugo,
677 1301 771 1371 qui
809 1301 1137 1356 venerabilis
1173 1302 1299 1358 vita
1344 1307 1398 1357 et
1436 1315 1646 1371 magna
1684 1302 1856 1357 hone-

231 1391 368 1446 statis
394 1390 521 1460 iuit,
563 1395 624 1446 ut
660 1391 769 1446 vita
808 1391 927 1459 ejus
975 1396 1226 1446 testatur.
1278 1391 1492 1461 Hugoni
1537 1392 1852 1458 Ratbertus,

229 1481 299 1535 vir
332 1480 572 1550 prudens
610 1484 665 1536 et
702 1486 979 1536 strenuus.
1019 1481 1285 1536 Ratberto
1321 1481 1524 1536 Grimo.
1568 1481 1668 1536 Hic
1708 1495 1858 1536 nam-

232 1583 323 1639 que
349 1570 427 1624 vir
465 1583 680 1640 magna
719 1569 1025 1627 nobilitatis
1057 1576 1113 1626 et
1142 1571 1435 1640 probitatis
1481 1571 1708 1638 exstitit,
1751 1585 1857 1640 po-

233 1659 509 1728 pulumque
547 1659 655 1715 sibi
721 1659 992 1715 creditum
1058 1665 1169 1716 tam
1235 1661 1505 1716 bonorum
1544 1661 1808 1731 exemplis
1841 1704 1855 1728 ,

1938 498 2113 568 Magni
2153 498 2500 568 imperatoris
2537 497 2912 568 pontiﬁcatum
2952 496 3216 552 decenter
3261 505 3316 553 et
3360 499 3584 557 honori-

1937 585 2038 642 ﬁce
2065 588 2223 643 rexit.
2257 588 2593 644 Guilleberto
2627 587 3040 653 Rainowardus,
3065 585 3366 656 pontiﬁcali
3387 588 3583 645 ordine

1938 675 2155 745 dignus.
2190 677 2555 733 Rainowardo
2593 676 2928 742 Gunbaldus,
2977 676 3180 732 nobilis
3235 677 3490 746 prosapia
3528 684 3584 734 et

1936 765 2207 821 bonorum
2247 780 2475 836 operum
2514 767 2696 822 clarus
2722 767 3000 822 instantia.
3041 765 3328 822 Gunbaldo
3359 779 3580 822 succes-

1936 856 2008 910 sit
2055 855 2275 921 Paulus,
2329 856 2530 925 prasul
2578 856 2726 912 mitis
2782 860 2836 911 et
2893 855 3373 926 prudentissimus.
3415 856 3582 913 Paulo

1936 945 2203 1000 successit
2229 945 2466 1010 Wanilo,
2508 946 2738 1000 antistes
2767 947 2878 1001 Deo
2918 945 3183 1011 devotus,
3235 953 3289 1001 et
3333 945 3391 1000 in
3440 959 3580 1002 cun-

1937 1034 2041 1089 ctis
2087 1034 2580 1096 revemntissimus.
2622 1034 2897 1090 Waniloni
2945 1035 3212 1091 successit
3255 1033 3579 1102 Adalardus,

1937 1137 2111 1194 nepos
2139 1123 2409 1178 Gnnbaldi
2440 1123 2866 1194 archiepiscopi,
2900 1125 2995 1194 qui
3033 1124 3324 1196 religiosus
3353 1125 3410 1180 in
3440 1139 3584 1180 cun-

1938 1213 2044 1268 ctis
2091 1212 2356 1282 operibus
2401 1211 2523 1268 fuit.
2556 1213 2830 1269 Adalardo
2861 1213 3130 1281 Riculfus,
3163 1215 3246 1269 vir
3273 1214 3495 1281 nobilis,
3529 1222 3584 1270 et

1938 1302 2124 1358 multis
2155 1302 2306 1358 dives
2336 1302 2582 1372 pradiis,
2616 1303 2817 1372 quibus
2855 1303 3145 1359 ecclesiam
3179 1303 3284 1359 sibi
3325 1305 3584 1360 commis-

1939 1405 2050 1447 sam
2107 1391 2470 1447 hareditavit.
2526 1393 2650 1446 Fuit
2697 1398 2878 1447 autem
2926 1395 3174 1461 tempore
3222 1394 3402 1448 Caroli
3441 1393 3588 1463 regis

1941 1481 2112 1550 patris
2141 1481 2403 1536 Ludovici
2433 1481 2598 1551 regis,
2632 1482 2790 1550 cujus
2827 1480 2929 1536 fuit
2966 1480 3112 1536 ﬁlius
3150 1495 3245 1536 rex
3275 1483 3586 1548 Lotharius,

1941 1571 1996 1625 in
2017 1584 2126 1640 quo
2157 1571 2452 1641 progenies
2470 1570 2650 1625 Caroli
2672 1570 2848 1641 Magni
2869 1584 2901 1624 a
2929 1583 3100 1640 regno
3127 1568 3375 1625 funditus
3394 1571 3590 1626 exstir-

1941 1666 2121 1729 patur.
2152 1662 2309 1732 Hugo
2338 1661 2482 1715 enim
2514 1659 2644 1727 dux,
2667 1660 2761 1730 qui
2793 1659 3214 1730 cognominatus
3235 1664 3318 1715 est
3340 1661 3586 1731 Magnus,

232 1762 370 1818 quam
401 1749 896 1818 praedicationibus
925 1750 1130 1819 optime
1155 1749 1498 1820 gubernavit,
1541 1745 2176 1820 ecclesiam-Bregnum
2223 1751 2328 1805 sibi
2370 1750 2651 1820 usurpavit
2697 1756 2753 1805 et
2802 1763 2898 1804 rex
2944 1753 3300 1804 consecratus
3337 1754 3442 1804 est.
3489 1749 3590 1804 Cui

229 1851 321 1906 que
365 1841 572 1892 sancta
609 1837 707 1893 Dei
744 1837 1037 1893 Genitricis
1073 1838 1275 1904 Maria,
1310 1841 1468 1907 cujus
1504 1838 1623 1893 sedi
1663 1852 1866 1908 prase-

230 1925 384 1993 derat,
407 1927 650 1997 propriis
680 1928 906 1996 pradiis
925 1942 989 1983 ac
1020 1928 1274 1998 pluribus
1294 1927 1580 1983 beneﬁciis
1608 1943 1866 1998 augmen-

230 2013 360 2070 tavit.
393 2017 669 2072 Fontanas
708 2015 852 2072 enim
880 2031 1045 2086 super
1076 2017 1295 2072 ﬂuvium
1325 2019 1534 2072 ltonam
1559 2017 1694 2088 sitas
1739 2032 1863 2074 cum

230 2104 468 2160 omnibus
506 2107 622 2161 suis
658 2106 1002 2175 appendiciis
1059 2106 1232 2162 dedit.
1287 2107 1532 2164 Grimoni
1596 2107 1866 2163 successit

228 2192 562 2261 Rainfredus,
594 2195 678 2250 vir
705 2195 879 2251 nobili
921 2196 1184 2266 progenie
1233 2201 1407 2262 ortus,
1459 2202 1514 2251 et
1556 2195 1862 2252 litterarum

226 2282 408 2337 studiis
464 2282 728 2350 imbutus,
779 2284 874 2354 qui
936 2284 1226 2340 ecclesiam
1283 2284 1532 2354 propriis
1580 2285 1865 2341 beneﬁciis

224 2373 605 2440 augmentavit.
647 2373 808 2428 Dedit
846 2374 990 2429 enim
1039 2374 1088 2429 ei
1128 2374 1185 2428 in
1218 2375 1502 2430 territorio
1558 2374 1863 2430 Vilcassino

221 2459 388 2516 villam
411 2476 542 2530 qua
561 2461 765 2517 dicitur
780 2463 1189 2529 Cramisiacnm,
1207 2470 1262 2519 et
1281 2463 1680 2534 quamplurima
1701 2466 1865 2520 bene-

225 2547 330 2604 ﬁcia
353 2565 425 2605 ex
448 2550 880 2610 nobilibusviris
897 2553 967 2607 ad
988 2566 1130 2622 opus
1147 2567 1262 2608 sua
1282 2553 1532 2608 ecclesia
1553 2553 1863 2622 acquisivit.

285 2638 590 2694 Rainfredo
621 2641 888 2696 successit
916 2641 1093 2696 beata
1124 2641 1402 2696 memoria
1433 2642 1732 2711 Remigius.
1766 2643 1866 2696 llic

230 2726 317 2783 fuit
354 2728 505 2784 ﬁlius
542 2729 744 2796 Caroli,
787 2731 879 2800 qui
927 2731 1104 2799 major
1141 2730 1337 2786 domus
1366 2731 1532 2801 regia
1560 2731 1870 2801 appellatus

228 2823 316 2882 est,
356 2817 532 2873 frater
559 2818 928 2885 Carlomanni,
972 2819 1067 2888 qui
1110 2819 1300 2874 relicta
1331 2827 1486 2889 parte
1517 2822 1671 2890 regni
1704 2834 1867 2890 quam

1944 1840 2214 1895 successit
2241 1840 2541 1896 Rothertus
2579 1840 2635 1894 in
2675 1839 2965 1910 regimine,
2997 1838 3142 1893 illius
3169 1839 3307 1907 ejus,
3343 1851 3441 1893 rex
3477 1839 3590 1894 Deo

1947 1930 2196 1986 devotus.
2247 1929 2512 1986 Prafatus
2537 1943 2669 1985 vero
2699 1927 2946 1984 Riculfus
2975 1929 3194 1984 chartas
3223 1927 3473 1984 ecclesia
3503 1942 3592 1983 su-

1945 2019 2253 2090 pradictum
2282 2034 2466 2089 regem
2513 2018 2645 2074 fecit
2679 2018 2849 2089 regali
2887 2018 3172 2075 sanctione
3201 2018 3586 2074 corroborare.

1945 2108 2163 2164 Riculfo
2193 2108 2462 2164 successit
2487 2110 2746 2174 Joannes,
2778 2107 3010 2162 devotus
3055 2111 3111 2162 et
3157 2105 3450 2176 religiosus
3486 2119 3589 2160 an-

1945 2199 2124 2266 tistes,
2154 2198 2351 2254 Joanni
2381 2198 2574 2264 Witto,
2615 2197 2698 2253 vir
2715 2195 3078 2263 honorabilis,
3111 2201 3167 2250 et
3206 2194 3586 2251 reverentissi-

1945 2302 2065 2344 mus
2094 2294 2300 2358 pastor.

2018 2377 2250 2433 Wittoni
2280 2378 2512 2442 Franco,
2545 2374 2789 2445 prudens
2818 2372 3071 2444 pontifex
3098 2377 3155 2428 et
3187 2372 3366 2428 bonus
3404 2371 3596 2442 populi

1946 2467 2258 2523 auxiliator.
2309 2468 2484 2537 Hujus
2525 2466 2672 2522 enim
2711 2471 2960 2534 tempore
2990 2461 3151 2519 Rollo
3181 2462 3291 2518 dux
3321 2463 3596 2517 Danorum

1950 2557 2178 2625 patriam
2228 2557 2443 2623 invasit,
2493 2569 2618 2625 qua
2663 2559 2892 2610 vocatur
2947 2552 3212 2618 Francia,
3272 2565 3420 2607 nunc
3463 2563 3596 2607 vero

1947 2646 2279 2700 Normannia
2327 2657 2517 2701 eorum
2565 2645 2786 2699 nomine
2834 2642 3114 2713 insignita.
3174 2641 3343 2711 Cujus
3397 2641 3598 2696 mentis

1951 2734 2220 2790 feritatem
2268 2740 2374 2788 tam
2415 2733 2616 2788 divinis
2661 2732 2898 2801 eloquiis
2925 2745 3087 2801 quam
3118 2730 3332 2787 devotis
3359 2729 3599 2786 servitiis

1950 2825 2024 2880 ita
2071 2823 2328 2890 dilinivit,
2376 2829 2437 2878 ut
2481 2829 2684 2877 terram
2714 2821 2819 2876 sibi
2849 2821 3175 2891 acquisitam
3222 2833 3345 2875 cum
3377 2834 3511 2890 pace
3543 2825 3600 2874 et

224 2907 549 2975 possidebat,
584 2909 639 2963 in
680 2915 865 2964 monte
904 2909 1130 2964 Soracte
1171 2909 1474 2965 monachus
1503 2909 1730 2965 effectus
1758 2915 1862 2977 est,
1943 2914 2156 2984 justitia
2200 2917 2436 2983 regeret.
2473 2913 2669 2966 Postea
2708 2909 3104 2979 pradicatione
3133 2907 3347 2979 praefati
3377 2907 3598 2978 pontifi-

222 2996 300 3050 ubi
361 2998 657 3054 ecclesiam
696 2999 753 3053 in
793 2999 1006 3054 honore
1046 3000 1102 3052 S.
1153 2999 1399 3054 Silvestri
1439 3000 1766 3066 construxit,
1809 3007 1865 3055 et
1949 3005 2031 3060 cis
2047 3003 2223 3074 legem
2244 3001 2605 3058 Christianam
2627 3000 2956 3069 suscipiens,
2979 3000 3047 3054 ab
3074 2998 3268 3055 eodem
3290 2997 3598 3067 baptizatus

220 3084 332 3140 inde
360 3087 426 3142 ad
467 3089 862 3144 monasterium
903 3090 957 3143 S.
1017 3088 1298 3144 Benedicti
1337 3089 1394 3144 in
1433 3094 1620 3145 monte
1658 3091 1857 3146 Casino
1879 3105 1920 3166 α
1943 3097 2046 3159 est,
2079 3099 2135 3147 et
2163 3091 2219 3146 in
2253 3091 2358 3146 ﬁde
2388 3088 2660 3145 catholica
2689 3102 3048 3159 perseverans
3077 3087 3225 3144 bono
3256 3087 3363 3143 ﬁne
3394 3086 3596 3159 migra-

221 3176 435 3232 transiit.
480 3177 607 3232 Fuit
665 3178 826 3233 etiam
866 3177 1011 3232 idem
1069 3178 1350 3248 Remigius
1387 3177 1556 3234 frater
1592 3178 1810 3248 Pippini
1836 3223 1850 3248 ,

221 3275 360 3330 quem
388 3266 704 3336 Stephanus
752 3281 890 3337 papa
938 3281 1122 3336 regem
1161 3268 1525 3323 consecravit.
1573 3266 1674 3323 Hic
1721 3281 1852 3324 vero

221 3350 462 3423 Pippinus
501 3356 764 3426 precibus
800 3357 1147 3413 Carlomanni
1189 3357 1462 3424 monachi,
1513 3357 1700 3412 fratris
1743 3358 1850 3423 sui,

223 3444 471 3501 mandavit
510 3446 765 3516 Remigio
805 3445 1035 3516 prafato
1083 3447 1525 3517 archiepiscopo,
1567 3454 1628 3502 ut
1657 3448 1726 3502 ad
1766 3448 1855 3503 lo-

222 3546 324 3588 cum
361 3535 454 3605 qui
495 3537 706 3592 dicitur
753 3536 1034 3592 Floriacus
1088 3543 1363 3607 pergeret,
1406 3543 1462 3591 et
1499 3550 1701 3606 corpus
1756 3539 1856 3592 Be-

224 3622 405 3679 nedicti
436 3666 449 3690 ,
510 3625 612 3695 qui
668 3625 743 3680 ibi
801 3624 1219 3694 requiescebat,
1278 3625 1472 3696 legatis
1509 3625 1857 3681 Carlomanni

224 3711 477 3770 redderet.
511 3716 763 3784 Cumque
801 3715 869 3770 ad
901 3714 1082 3771 locum
1111 3715 1344 3780 veniret,
1377 3720 1433 3770 et
1471 3714 1721 3769 abbatem
1762 3714 1854 3784 qui

225 3807 338 3858 tunc
373 3806 644 3876 temporis
672 3806 1061 3862 monasterium
1103 3805 1347 3876 regebat,
1396 3811 1451 3860 et
1498 3805 1655 3860 Medo
1708 3804 1859 3860 dice-

228 3890 385 3961 batur,
414 3901 672 3962 vocaret,
701 3896 848 3966 regis
886 3895 1067 3951 edicta
1097 3895 1428 3960 edisserens,
1471 3909 1593 3950 cum
1642 3895 1855 3964 legatis,

227 3980 554 4041 Carlomanni
597 3984 883 4041 ecclesiam
935 3986 1214 4056 ingressus
1251 3990 1355 4040 est.
1397 3986 1640 4054 Cumque
1678 3984 1861 4054 sepul-

227 4083 357 4127 crum
385 4074 532 4131 beati
564 4075 668 4130 viri
695 4074 1255 4144 appropinquassent,
1290 4075 1577 4143 repentina
1607 4075 1858 4130 caecitate

229 4161 414 4219 multati
454 4171 610 4221 sunt.
643 4165 882 4220 Proinde
911 4171 1125 4220 terrore
1172 4163 1353 4220 valido
1402 4163 1680 4231 concussi,
1733 4169 1858 4219 ante

229 4251 488 4318 prafatum
552 4255 808 4310 abbatem
867 4253 1175 4324 fratresque
1226 4255 1330 4310 loci
1380 4254 1530 4310 illius
1574 4254 1861 4310 solotenus

230 4348 658 4411 prosternuntur,
699 4343 1133 4399 misericordiam
1173 4344 1556 4413 deprecantes,
1591 4350 1862 4413 quatenus

1934 3183 2010 3236 vit
2053 3181 2121 3236 ad
2171 3179 2466 3236 Christum.
2519 3176 2791 3234 Franconi
2829 3175 3098 3233 successit
3126 3176 3475 3244 Gunhardus,
3505 3177 3592 3232 vir

1935 3271 2156 3341 sapiens
2199 3275 2255 3324 et
2302 3268 2359 3323 in
2406 3267 2624 3323 cunctis
2670 3267 2954 3336 providus.
2994 3265 3290 3322 Gunhardo
3319 3265 3591 3322 successit

1936 3362 2113 3431 Hugo.
2161 3360 2261 3414 Hic
2309 3369 2439 3413 vero
2487 3355 2591 3412 fuit
2637 3357 2895 3426 prosapia
2944 3356 3146 3422 clarus,
3188 3355 3287 3411 sed
3327 3355 3590 3425 ignobilis

1937 3449 2152 3506 cunctis
2192 3447 2472 3517 operibus.
2507 3445 2806 3500 Monachus
2833 3445 2978 3499 enim
3009 3443 3155 3512 apud
3185 3448 3433 3498 sanctum
3463 3443 3591 3498 Dio-

1937 3539 2151 3610 nysium
2198 3541 2336 3601 erat,
2378 3534 2599 3604 quando
2628 3532 2938 3588 Willelmus
2985 3530 3129 3586 ﬁlius
3166 3531 3438 3598 Rollonis,
3480 3531 3590 3587 dux

1937 3630 2397 3688 Normannorum,
2430 3623 2480 3677 ei
2520 3621 2899 3691 episc0patum
2929 3619 3195 3687 tradidit;
3237 3619 3333 3676 sed
3365 3624 3594 3690 postpo-

1939 3715 2062 3771 sitis
2107 3718 2312 3769 sancta
2358 3709 2563 3782 regula
2610 3709 2896 3775 institutis,
2947 3707 3128 3764 carnis
3175 3707 3495 3779 petulantia
3532 3723 3592 3766 se

1940 3804 2166 3860 omnino
2195 3800 2450 3858 contulit.
2493 3799 2662 3855 Filios
2691 3798 2837 3854 enim
2865 3797 3220 3869 quamplures
3257 3801 3588 3869 procreavit,

1920 3893 2230 3970 ecclesiam
2259 3897 2313 3947 et
2343 3904 2432 3946 res
2463 3889 2714 3946 ecclesia
2745 3888 3036 3944 destruxit.
3065 3888 3422 3945 Todiniacum
3444 3889 3589 3945 enim

1939 3984 2036 4056 qui
2083 3984 2139 4039 in
2186 3981 2524 4038 dominicatu
2562 3978 2967 4048 archiepiscopi
2998 3985 3136 4045 erat,
3171 3992 3295 4035 cum
3333 3979 3593 4035 omnibus

1939 4070 2284 4143 appendiciis
2312 4070 2426 4125 suis
2455 4067 2609 4124 fratri
2631 4080 2732 4124 suo
2754 4066 3010 4136 Radulfo,
3036 4067 3421 4139 potentissimo
3449 4068 3589 4135 viro,

1941 4163 2052 4218 ﬁlio
2084 4160 2330 4232 Hugonis
2357 4159 2426 4214 de
2455 4157 2796 4228 Calvacamp,
2829 4157 3002 4224 dedit,
3047 4163 3102 4213 et
3147 4159 3221 4212 ita
3268 4171 3299 4212 a
3349 4158 3592 4215 domini-

1941 4257 2065 4308 catu
2095 4251 2603 4320 archiepiscopatus
2633 4261 2807 4317 usque
2836 4247 2894 4302 in
2923 4261 3169 4317 prasens
3199 4247 3476 4304 alienavit.

2013 4343 2151 4397 Huic
2189 4341 2457 4396 successit
2503 4338 2822 4402 Rotbertus,
2854 4336 2938 4391 vir
2983 4336 3359 4390 nobilissimus
3388 4342 3445 4391 et
3484 4349 3598 4406 po-

231 4441 316 4496 pro
345 4433 421 4488 eis
457 4435 752 4490 Dominum
784 4440 1075 4489 exorarent
1118 4439 1178 4488 ut
1208 4434 1290 4488 eis
1349 4433 1694 4503 indulgeret:
1739 4430 2309 4514 pro-Dtentissimus,
2370 4426 2630 4484 Richardi
2679 4424 2842 4495 primi
2889 4423 3051 4514 illius.
3107 4421 3338 4514 llicnvir
3384 4437 3594 4514 magna

232 4519 480 4592 mittitque
510 4525 712 4579 beatus
739 4523 1020 4592 Remigius
1039 4522 1187 4592 quod
1209 4535 1489 4591 nunquam
1515 4523 1690 4576 sancti
1741 4535 1863 4577 cor-

234 4620 319 4675 pus
352 4611 474 4669 inde
505 4613 745 4682 amplius
775 4611 1117 4668 transferret.
1159 4611 1298 4679 Quid
1333 4611 1521 4681 plura?
1549 4611 1704 4667 Illico
1735 4615 1864 4665 sunt

233 4701 471 4769 exauditi,
503 4709 561 4760 et
592 4704 787 4759 beatus
815 4702 1096 4772 Remigius
1127 4715 1248 4757 cum
1279 4702 1394 4757 suis
1422 4702 1704 4758 sodalibus
1727 4703 1864 4772 pris-

236 4785 381 4844 tinam
417 4795 710 4848 sanitatem
741 4791 961 4862 recipit.
986 4794 1248 4848 Precatus
1269 4796 1353 4847 est
1372 4799 1552 4847 autem
1576 4791 1863 4862 praefatum

236 4875 460 4936 abbatem
483 4889 544 4937 ut
568 4882 820 4952 corporis
839 4881 984 4937 beati
1006 4882 1106 4936 viri
1140 4881 1402 4951 reliquias
1423 4881 1534 4937 illis
1555 4881 1860 4950 exhiberet,

239 4977 295 5020 ne
323 4966 469 5025 locus
497 4973 555 5027 in
588 4985 698 5041 quo
719 4973 830 5026 Deo
853 4970 1047 5026 devote
1073 4971 1356 5035 servierat,
1381 4977 1533 5027 tanto
1558 4972 1864 5041 patrocinio

239 5066 561 5116 amaretur:
597 5062 692 5131 qui
717 5061 956 5116 libenter
983 5061 1275 5131 acquievit.
1309 5061 1508 5131 Sicque
1548 5061 1741 5131 legatis
1781 5075 1866 5117 re-

239 5149 524 5205 meantibus
548 5151 616 5206 ad
650 5151 894 5220 propria,
929 5151 1122 5223 beatus
1151 5151 1430 5221 Remigius
1462 5151 1627 5206 rediit
1655 5151 1723 5206 ad
1743 5165 1861 5215 sua,

240 5232 340 5300 ipse
377 5251 505 5294 vero
546 5239 870 5309 quamplura
919 5239 1183 5294 Ecclesia
1217 5253 1332 5295 sua
1361 5239 1654 5309 acquisivit
1703 5239 1866 5296 bene-

242 5319 364 5389 ﬁcia,
395 5333 448 5382 et
478 5328 547 5383 de
575 5328 690 5384 suis
721 5329 961 5398 propriis
980 5327 1210 5398 largitus
1232 5335 1314 5382 est
1335 5329 1523 5384 multa.
1548 5330 1724 5400 Super
1744 5343 1868 5400 gre-

241 5425 344 5479 gem
372 5416 475 5472 sibi
506 5420 853 5474 commissum
879 5419 961 5473 vir
982 5416 1355 5472 nobilissimus
1377 5419 1626 5489 pervigil,
1648 5432 1864 5476 necnon

243 5503 468 5560 moribus
497 5512 554 5562 et
585 5521 751 5578 Opere
773 5508 955 5563 clarus
973 5506 1201 5571 exstitit,
1225 5514 1280 5561 et
1308 5506 1469 5562 beato
1501 5508 1606 5562 ﬁne
1637 5509 1862 5579 quievit.

309 5591 465 5648 Beato
502 5596 750 5666 Remigio
780 5595 1089 5652 Mainardus
1116 5594 1443 5651 venerabilis
1474 5594 1716 5665 pontifex
1745 5611 1869 5652 suc-

1945 4521 2166 4592 pietatis
2203 4524 2260 4574 et
2300 4517 2607 4573 honestatis
2635 4514 2758 4582 fuit,
2790 4519 2846 4570 et
2889 4513 2945 4568 in
2991 4511 3362 4568 mundialibus
3389 4511 3596 4568 divitiis

1944 4610 2083 4665 adeo
2113 4607 2366 4663 laudatus
2399 4619 2429 4660 a
2458 4603 2818 4660 sacularibus
2845 4601 3014 4669 viris;
3052 4601 3148 4657 sed
3180 4600 3362 4656 carnis
3391 4598 3596 4671 fragili-

1947 4706 2056 4754 tate
2102 4700 2414 4768 superatus,
2457 4693 2810 4764 quamplures
2863 4690 3006 4746 ﬁlios
3055 4689 3384 4761 procreavit.
3433 4689 3594 4746 Plura

1945 4789 2108 4844 etiam
2155 4785 2407 4842 ecclesia
2453 4784 2598 4840 bona
2635 4782 2785 4839 fecit.
2838 4780 3138 4837 Ecclesiam
3169 4779 3313 4834 enim
3354 4790 3596 4850 prasen-

1946 4883 2055 4934 tem
2085 4877 2224 4932 miro
2255 4887 2424 4946 Opere
2455 4879 2510 4930 et
2539 4871 2912 4944 magnitudine
2943 4867 3216 4925 aediﬁcare
3245 4869 3432 4941 capit.
3455 4873 3594 4927 Ante

1948 4968 2158 5024 obitum
2206 4980 2386 5033 suum,
2427 4964 2602 5034 gratia
2648 4962 2746 5017 Dei
2803 4959 3194 5031 praveniente,
3235 4961 3400 5016 vitam
3440 4974 3593 5016 suam

1949 5055 2209 5114 correxit.
2258 5054 2536 5111 Feminam
2583 5053 2728 5108 cnim
2775 5048 3020 5119 reliquit,
3063 5056 3118 5106 et
3162 5050 3232 5106 de
3280 5051 3386 5106 hoc
3434 5055 3598 5105 cate.

1949 5147 2134 5216 risque
2183 5145 2364 5216 pravis
2407 5143 2622 5198 actibus
2658 5141 2773 5197 suis
2812 5139 3190 5209 panitentiam
3221 5139 3367 5211 egit;
3420 5145 3477 5194 et
3512 5139 3594 5195 sic

1948 5237 2096 5292 bono
2140 5237 2266 5301 ﬁne,
2300 5236 2356 5290 in
2396 5238 2660 5304 quantum
2698 5230 2934 5286 humana
2962 5228 3228 5301 fragilitas
3257 5243 3455 5300 capere
3486 5244 3594 5300 po-

1949 5331 2077 5393 test,
2111 5324 2336 5394 quievit.

2022 5415 2288 5470 Rotberto
2337 5411 2604 5467 successit
2650 5409 2940 5480 Malgerius
2986 5421 3160 5478 nepos
3216 5409 3335 5478 ejus
3376 5428 3389 5464 :
3450 5408 3594 5465 ﬁlius

1951 5501 2096 5558 enim
2129 5501 2386 5557 Richardi
2418 5497 2601 5554 fratris
2629 5498 2714 5553 sui
2740 5496 2860 5554 fuit.
2893 5497 2994 5566 Qui
3023 5496 3152 5567 quia
3179 5509 3290 5552 non
3323 5496 3591 5552 electione

1951 5591 2152 5657 meriti,
2201 5590 2297 5646 sed
2347 5589 2551 5645 carnali
2601 5592 2885 5660 parentum
2932 5600 3117 5643 amore
3157 5592 3213 5642 et
3249 5585 3590 5643 adulatorum
