4100 6166
452 214 560 270 279

1576 212 1856 269 APPEND.
1896 209 1983 264 AD
2016 206 2321 264 JOANNEM
2357 207 2689 263 ROTOMAG.

3713 208 3818 265 280

448 337 711 409 suffragio
741 337 798 392 in
829 335 1065 407 pueritia
1111 336 1297 392 sedem
1340 337 1571 407 adeptus
1606 341 1691 391 est
1727 332 2406 406 pontificalemAcoeteris
2453 336 2767 389 sanctorum
2812 332 3030 387 Patrum
3069 332 3513 389 institutionibus
3540 340 3818 405 pastorum

452 426 602 484 omni
633 426 932 482 destitutus
961 425 1151 491 tutela,
1181 426 1367 495 potius
1398 425 1672 495 acquievit
1701 424 1852 480 carui
1882 429 1938 479 et
1964 436 2096 479 san-

450 516 605 588 guini
651 528 814 585 quam
860 514 1059 570 divinis
1103 514 1390 570 mandatis.
1431 510 1777 584 Voluptatem
1815 513 1960 570 enim
1999 526 2100 582 per

455 605 640 663 omnia
668 617 926 674 sequens,
961 608 1280 659 ornamenta
1308 602 1558 659 ecclesia
1588 609 1898 673 cateraque
1928 602 2098 657 bene-

457 695 581 751 ficia
613 692 899 763 pueriliter
922 693 1184 763 erogavit.
1207 693 1273 747 Et
1299 691 1428 748 ideo
1455 698 1682 749 auctore
1724 706 1861 762 papa
1891 693 2096 757 Leone,

460 782 765 839 Willelmus
810 781 922 837 dux
970 783 1441 849 Normannorum,
1493 786 1685 851 postea
1723 781 1950 837 effectus
2004 793 2100 835 rex

459 871 776 944 Anglorum,
818 870 1105 925 assistente
1154 867 1369 939 prafati
1420 884 1577 941 papa
1621 870 1836 941 legato,
1887 869 2101 925 scilicet

461 957 841 1016 Hermenfrido
886 956 1191 1013 Sedunensi
1237 958 1499 1028 episcopo
1525 1002 1539 1025 ,
1588 959 1915 1028 caterisque
1954 971 2103 1014 com-

461 1047 887 1119 provincialibus
930 1046 1229 1117 episcopis,
1276 1046 1335 1102 in
1386 1047 1708 1104 Lexoviensi
1756 1047 1988 1103 ecclesia
2033 1047 2102 1102 ab

461 1138 779 1207 episcOpatu
808 1148 933 1191 eum
963 1135 1232 1203 destituit,
1265 1136 1527 1207 deditque
1573 1142 1764 1208 postea
1810 1136 1891 1192 illi
1921 1150 2107 1207 quam-

462 1227 586 1283 dam
612 1223 846 1281 insulam
877 1223 935 1280 in
962 1225 1430 1281 Constantiniensi
1461 1239 1600 1298 pago
1648 1226 1705 1282 in
1747 1227 1882 1281 mari
1921 1226 2101 1292 sitam,

457 1316 515 1372 in
563 1327 670 1386 qua
708 1312 963 1384 pluribus
989 1313 1168 1381 annis,
1200 1328 1311 1370 non
1340 1314 1560 1385 quidem
1593 1321 1651 1371 ut
1678 1315 1893 1383 decuit,
1932 1315 2103 1381 vixit;

460 1410 650 1477 postea
678 1417 833 1472 vero,
864 1417 975 1475 quo
1021 1412 1204 1461 autem
1234 1404 1420 1461 divino
1445 1405 1677 1476 judicio,
1713 1406 2015 1476 ignoratur,
2049 1405 2105 1459 in

460 1494 597 1551 mari
625 1493 944 1550 submersus
972 1500 1076 1549 est.

535 1583 793 1655 Malgerio
824 1582 1091 1639 destituto
1130 1582 1296 1655 elegit
1332 1584 1444 1641 dux
1472 1584 1780 1642 Willelmus
1817 1584 2105 1655 quemdam

2179 420 2392 478 incuria
2440 420 2784 492 negligenter
2826 419 3169 491 postpositis,
3203 420 3438 478 viriliter
3464 423 3821 482 restituendis

2180 511 2437 582 religiose
2485 510 2802 566 celebravit.
2851 511 3048 566 Postea
3095 508 3339 580 perfecta
3381 511 3634 581 ecclesia,
3667 514 3821 571 dedi-

2181 600 2325 656 cavit
2368 612 2528 667 eam,
2577 603 2789 655 astante
2836 598 3114 655 Willelmo
3159 601 3599 657 Normannorum
3656 603 3816 671 duce,

2182 702 2326 745 anno
2368 687 2502 743 1063
2547 687 2849 745 Dominica
2895 689 3314 757 lncarnationis,
3364 699 3630 761 regnante
3677 695 3822 750 Hen-

2182 779 2299 835 rico
2348 777 2693 851 nobilissimo
2741 792 2870 849 rege
2927 779 3282 846 Francorum,
3313 781 3620 838 astantibus
3658 784 3820 840 etiam

2184 867 2738 937 comprovincialibus
2785 867 3101 938 episc0pis,
3151 868 3366 925 scilicet
3416 871 3606 928 Odone
3657 874 3821 944 Bajo-

2186 957 2376 1023 censi,
2442 959 2652 1013 Joanne
2715 956 3082 1024 Abrincensi,
3160 960 3389 1030 Hugone
3461 962 3821 1032 Lexoviensi,

2184 1045 2469 1103 Guillelmo
2534 1046 2867 1102 Ebroacensi
2894 1088 2909 1114 ,
2977 1049 3141 1104 lvone
3206 1049 3490 1120 Sagiensi;
3566 1050 3826 1110 Gaufrido

2186 1135 2672 1203 Constantiniensi,
2696 1137 3026 1207 caterisque
3055 1138 3465 1195 venerabilibus
3492 1140 3824 1211 abbatibus;

2188 1224 2521 1295 prasidente
2569 1225 2733 1280 etiam
2778 1225 2898 1281 sedi
2945 1227 3266 1296 apostolica
3315 1242 3457 1298 papa
3492 1229 3712 1286 Victore
3758 1233 3827 1287 II.

2188 1312 2352 1368 Multa
2399 1312 2561 1367 etiam
2610 1313 2755 1369 bona
2800 1313 2869 1370 de
2917 1314 3240 1372 Christiana
3279 1315 3417 1388 legis
3471 1323 3539 1373 et.
3573 1319 3836 1375 ecclesia-

2188 1401 2341 1457 stica
2376 1400 2659 1471 religionis
2688 1402 3038 1459 restitutione
3076 1402 3226 1459 fecit.
3275 1404 3508 1474 Jejuniis
3545 1411 3601 1461 et
3629 1407 3836 1462 oratio-

2189 1490 2353 1546 nibus
2391 1496 2447 1547 et
2493 1490 2860 1562 eleemosynis
2888 1506 3076 1563 usque
3122 1494 3192 1548 ad
3239 1493 3490 1550 ultimum
3521 1494 3667 1550 diem
3692 1495 3836 1551 insi-

2192 1584 2364 1646 stens,
2391 1594 2428 1634 v
2456 1577 2584 1634 ldus
2610 1580 2840 1649 Augusti
2867 1581 3100 1636 animam
3130 1582 3243 1638 Deo
3273 1581 3535 1638 reddidit.

463 1673 812 1741 monachum,
862 1673 1083 1730 nomine
1129 1674 1454 1743 Maurilium,
1496 1676 1591 1745 qui
1634 1676 1807 1732 nobili
1854 1677 2178 1746 prosapia];
2264 1667 2533 1725 Defuncto
2579 1669 2880 1725 venerabili
2937 1669 3181 1726 antistite
3227 1671 3515 1739 Maurilio,
3575 1671 3841 1742 prafatus

466 1779 535 1821 ex
580 1761 839 1819 Remensi
885 1777 1025 1835 pago
1074 1769 1318 1833 exortus,
1369 1770 1426 1821 et
1470 1766 1529 1821 in
1575 1766 1819 1836 ejusdem
1871 1765 2108 1822 civitatis

466 1852 701 1909 ecclesia
739 1851 1022 1920 educatus,
1070 1852 1201 1908 inde
1238 1854 1295 1909 in
1333 1854 1659 1911 Leodicensi
1687 1855 1931 1912 Ecclesia
1961 1856 2111 1911 omni

465 1940 776 2002 liberalium
825 1943 1023 1999 artium
1072 1942 1271 2013 peritia
1317 1943 1598 2012 imbutus,
1657 1943 2114 2001 Halverstatensis

468 2031 721 2087 ecclesia
750 2030 1114 2087 scholasticus
1142 2030 1368 2087 effectus
1397 2036 1518 2101 est;
1551 2033 1645 2102 qui
1676 2032 1831 2089 locus
1860 2034 1916 2089 in
1946 2035 2114 2090 Saxo-

466 2121 556 2176 nia
594 2121 895 2178 ditissimus
940 2120 1194 2188 habetur,
1225 2121 1282 2176 in
1312 2135 1422 2192 quo
1453 2121 1703 2192 pluribus
1730 2123 1890 2177 annis
1930 2122 2112 2179 hono-

468 2209 621 2266 riﬁce
666 2210 820 2266 vixit.
870 2212 1066 2266 Postea
1112 2223 1244 2266 vero
1292 2224 1591 2266 succensus
1639 2224 1826 2267 amore
1874 2211 2116 2269 calestis

467 2298 680 2369 patria,
714 2303 912 2354 cuncta
941 2312 1065 2368 qua
1106 2297 1293 2355 mundi
1323 2304 1452 2355 sunt
1479 2298 1766 2356 fastidiens
1789 2342 1804 2367 ,
1853 2301 2117 2357 monasti-

468 2402 587 2444 cam
615 2388 780 2443 vitam
808 2388 1040 2458 appetiit
1081 2403 1095 2442 :
1145 2389 1336 2458 sicque
1383 2389 1766 2445 Fiscamnense
1804 2390 2116 2447 canobium

473 2475 685 2541 adiens,
744 2475 1047 2532 monachus
1102 2475 1180 2531 ibi
1238 2475 1467 2532 effectus
1513 2484 1616 2544 est,
1668 2478 1724 2533 in
1773 2491 1884 2549 quo
1929 2486 2118 2536 sancte

454 2556 648 2621 ’multo
677 2570 925 2635 tempore
945 2564 1099 2631 vixit,
1122 2564 1449 2635 caterisque
1479 2564 1783 2637 exemplum
1814 2567 2122 2625 sanctitatis

469 2654 740 2712 exhibuit.
766 2654 1012 2724 Denique
1036 2653 1161 2725 igne
1182 2654 1353 2710 divini
1372 2655 1576 2711 amoris
1599 2662 1927 2724 exastuans,
1948 2658 2121 2713 acrio-

418 2736 427 2743 ’
465 2760 582 2802 rem
610 2745 775 2801 vitam
823 2742 1051 2813 eligens,
1094 2743 1321 2800 licentia
1364 2744 1433 2800 ab
1479 2745 1677 2801 abbate
1724 2747 1818 2816 qui
1867 2747 2120 2804 ecclesia

467 2838 704 2906 praerat
726 2837 975 2902 accepta,
1006 2831 1216 2888 Italiam
1246 2832 1441 2903 petiit;
1475 2835 1755 2904 eremique
1784 2835 1966 2891 cultor
1991 2836 2119 2891 soli-

470 2924 661 2987 tariam
702 2923 867 2978 vitam
906 2921 1136 2987 ducens,
1169 2934 1338 2991 opere
1367 2936 1624 2979 manuum
1652 2923 1805 2980 vixit.
1849 2923 2117 2981 Defuncto

2196 1758 2502 1815 Willelmus
2521 1772 2618 1815 rex
2636 1758 2933 1830 Anglorum
2954 1757 3313 1817 Lanfrancum
3335 1763 3838 1820 reverentissimum

2192 1848 2446 1904 abbatem
2494 1847 2851 1905 Cadomensis
2889 1849 3179 1918 Ecclesia,
3225 1851 3481 1907 omnibus
3517 1852 3845 1911 liberalibus

2194 1938 2405 1994 artibus
2451 1937 2738 2007 imbutum,
2769 1940 2975 1995 sanctis
3012 1939 3258 1997 moribus
3294 1947 3349 1996 et
3378 1941 3641 2011 operibus
3668 1956 3844 1999 oma-

2195 2032 2330 2093 tum,
2365 2040 2529 2097 quem
2574 2032 2765 2097 postea
2794 2028 3181 2084 Cantuariensi
3227 2030 3488 2087 Ecclesia
3519 2033 3847 2102 metropoli-

2196 2123 2381 2173 tanum
2432 2116 2672 2173 instituit
2721 2117 3043 2187 episcopum
3087 2122 3143 2174 et
3190 2120 3476 2188 primatem
3519 2119 3845 2192 Anglorum,

2195 2207 2506 2263 Alexandro
2535 2219 2746 2263 summo
2777 2207 3023 2277 pontifici
3068 2214 3124 2264 et
3154 2208 3453 2265 venerabili
3483 2223 3638 2281 papa
3669 2211 3846 2278 misit,

2201 2294 2486 2365 postulans
2531 2297 2651 2365 ejus
2696 2294 2987 2352 clementia
3033 2301 3095 2353 ut
3143 2296 3194 2353 ei
3239 2311 3519 2355 assensum
3569 2301 3855 2370 praeberet

2201 2388 2472 2453 quatenus
2519 2384 2638 2452 ejus
2683 2384 3011 2441 auctoritate
3056 2386 3318 2443 Joannem
3345 2387 3716 2446 Abrincatina
3745 2392 3857 2446 Ec-

2201 2472 2387 2533 clesia
2416 2472 2736 2543 episcopum
2766 2474 3206 2543 metropolitana
3225 2475 3487 2533 Ecclesia
3514 2478 3851 2548 praficeret,

2203 2562 2365 2633 eique
2408 2576 2478 2618 ne
2508 2562 2691 2633 aliqua
2720 2564 3013 2621 occasione
3059 2566 3115 2620 in
3161 2565 3265 2621 hoc
3312 2567 3615 2629 resisteret,
3646 2567 3859 2625 litteris

2202 2652 2525 2723 apostolicis
2570 2652 2874 2708 mandaret.
2925 2655 3048 2723 Ipse
3076 2667 3207 2711 vero
3245 2656 3364 2725 ejus
3412 2656 3686 2726 petitioni,
3720 2660 3859 2729 quia

2203 2743 2454 2799 devotam
2483 2742 2639 2807 vidit,
2672 2742 2965 2812 acquievit.
2997 2743 3233 2800 Litteras
3261 2744 3389 2800 inde
3410 2745 3655 2814 pontifici
3677 2748 3856 2804 misit.

2207 2832 2379 2887 Verba
2408 2845 2532 2902 qua
2564 2830 2763 2887 littera
2793 2832 3101 2899 continent,
3135 2833 3254 2890 hac
3283 2842 3448 2890 sunt:

2276 2939 2303 2971 «
2370 2922 2692 2976 ALEXANDER
2756 2920 3064 2991 Episcopus
3129 2935 3322 2978 servus
3388 2937 3674 2980 servorum
3730 2926 3857 2992 Dei,

466 3014 652 3083 itaque
682 3011 881 3066 abbate
912 3010 1347 3066 Florentinensis
1366 3010 1636 3079 ecclesia,
1663 3026 1786 3080 qua
1816 3012 1871 3067 in
1902 3013 2114 3069 honore
2142 3019 2184 3077 α
2206 3012 2402 3066 JOANNI
2430 3008 2850 3065 Abrincensium
2880 3010 3180 3067 venerabili
3228 3011 3491 3083 episcopo
3533 3013 3768 3071 salutem
3804 3025 3862 3073 et

466 3101 645 3156 beata
683 3099 864 3154 Maria
902 3110 1122 3167 semper
1149 3098 1376 3169 virginis
1413 3106 1729 3155 constructa
1774 3107 1896 3165 est,
1945 3101 2113 3172 elegit

467 3204 592 3247 eum
622 3187 868 3245 marchio
900 3186 1229 3254 Bonifacius,
1254 3188 1336 3244 vir
1355 3187 1559 3245 nobilis
1582 3195 1638 3244 et
1667 3190 2112 3259 potentissimus;

469 3285 526 3337 et
559 3280 637 3335 ita
666 3279 798 3335 licet
834 3278 1058 3344 invitus,
1090 3277 1368 3334 bonorum
1400 3283 1580 3334 tamen
1601 3278 1842 3336 virorum
1873 3280 2121 3336 admoni-

471 3369 716 3426 tionibus
744 3372 1057 3438 superatus,
1079 3366 1250 3422 abbas
1271 3366 1516 3437 ejusdem
1545 3367 1652 3424 loci
1683 3368 1967 3424 ordinatus
1996 3375 2116 3425 est:

470 3458 565 3513 ubi
596 3457 771 3515 multo
809 3462 1058 3526 tempore
1087 3455 1342 3512 subditos
1376 3468 1476 3525 pro
1516 3470 1677 3526 posse
1707 3470 1807 3514 suo
1838 3464 2026 3527 sancte
2066 3464 2122 3514 et

469 3547 798 3620 regulariter
842 3546 1005 3602 rexit.
1053 3545 1161 3602 Sed
1209 3546 1336 3616 quia
1375 3545 1485 3602 vita
1525 3547 1797 3616 justorum
1829 3552 1913 3603 est
1942 3548 2120 3604 detri-

471 3644 718 3713 mentum
757 3627 1140 3706 pessimorum,
1172 3635 1450 3703 monachi,
1482 3636 1576 3706 qui
1620 3642 1868 3707 tempore
1901 3637 2109 3707 prade-

473 3727 712 3784 cesseris
775 3725 862 3782 sui
927 3725 1337 3795 indisciplinate
1379 3726 1689 3804 gvixerant,
1756 3728 2118 3783 constantiam

473 3816 680 3886 regula
722 3813 901 3869 Patris
947 3814 1251 3882 Benedicti,
1299 3828 1409 3883 qua
1457 3829 1553 3871 eos
1601 3815 1926 3885 regulariter
1953 3830 2122 3872 cons-

475 3903 762 3968 trinxerat,
796 3900 941 3956 ferre
989 3902 1263 3969 nolentes,
1295 3901 1391 3957 sed
1422 3902 1478 3957 in
1509 3903 1764 3959 omnibus
1790 3904 1954 3959 bonis
1982 3918 2123 3974 ope-

475 3989 629 4045 ribus
656 3989 764 4045 sibi
796 3988 1137 4057 resistentes,
1171 3990 1559 4046 detrimentum
1588 3992 1714 4047 vita
1744 3993 1794 4047 ei
1829 3992 2125 4048 machinati

474 4084 622 4136 sunt.
675 4081 741 4135 Et
788 4079 917 4148 quia
963 4078 1214 4149 pluribus
1244 4079 1404 4135 annis
1431 4080 1488 4135 in
1519 4080 1624 4136 hoc
1664 4081 1940 4150 laborans,
1971 4082 2124 4139 nullo

476 4168 640 4226 modo
670 4182 729 4224 se
756 4168 813 4223 in
845 4167 926 4224 eis
954 4167 1092 4224 vidit
1123 4168 1412 4238 proficere,
1443 4168 1606 4225 saluti
1638 4170 1877 4241 propria
1909 4170 2127 4241 prospi-

478 4259 651 4326 ciens,
682 4257 956 4314 abbatiam
983 4258 1248 4324 deseruit,
1282 4264 1338 4315 et
1362 4259 1430 4315 ad
1463 4259 1744 4329 proprium
1775 4260 1978 4328 locum,
2022 4260 2126 4316 sci-

2206 3097 2565 3167 apostolicam
2604 3097 3068 3155 benedictionem.

2278 3206 2305 3238 «
2345 3187 2612 3243 Destituta
2642 3188 3032 3259 Rotomagensi
3062 3189 3307 3246 Ecclesia
3337 3196 3578 3260 pastore,
3603 3199 3712 3249 etc.
3747 3211 3782 3245 ι)

2284 3276 2411 3331 Vide
2456 3276 2511 3330 in
2549 3274 2859 3333 Alexandro
2889 3279 2955 3333 II
2976 3266 3122 3351 papa
3151 3279 3221 3335 ad
3263 3294 3456 3335 annum
3487 3278 3627 3336 1073
3654 3283 3865 3339 Patro-

2205 3364 2377 3434 Iogiw,
2420 3370 2541 3421 (om.
2584 3366 2831 3422 CXLVI.

2274 3457 2512 3510 Joannes
2556 3469 2686 3511 vero
2737 3455 3034 3526 episcopus
3089 3457 3394 3528 apostolica
3440 3459 3716 3530 legatione
3760 3475 3862 3517 re-

2205 3549 2383 3615 cepta,
2432 3549 2488 3600 et
2533 3544 2776 3600 omnium
2833 3547 3376 3616 comprovincialium
3434 3550 3863 3620 episcoporum,

2205 3639 2639 3704 cunctorumque
2679 3635 2842 3691 etiam
2890 3635 3135 3705 ejusdem
3173 3637 3425 3695 ecclesia
3463 3640 3863 3697 eanonicorum

2206 3723 2479 3780 electione
2519 3725 2796 3780 communi
2845 3737 3119 3782 consensu
3167 3725 3328 3794 facta,
3379 3728 3867 3799 metropolitanam

2207 3813 2441 3882 adeptus
2487 3817 2571 3869 est
2618 3812 2828 3869 sedem.
2870 3816 2972 3871 Hic
3000 3829 3132 3872 vero
3180 3815 3283 3873 fuit
3330 3819 3594 3889 progenie
3633 3819 3865 3876 nobilis.

2208 3900 2532 3957 liberalibus
2580 3902 2826 3958 imbutus
2872 3903 3203 3974 disciplinis.
3253 3908 3305 3962 Is
3351 3906 3487 3963 alias
3531 3907 3665 3963 satis
3712 3912 3871 3965 stre-

2209 4005 2371 4059 nuus,
2423 3997 2531 4047 etc.
2582 3993 2738 4047 Hanc
2765 3993 2831 4048 de
2858 3995 3064 4050 Joanne
3087 3995 3322 4052 notitiam
3351 3996 3605 4067 integram
3632 4012 3705 4053 ea:
3732 3998 3873 4055 Gai-

2209 4079 2283 4134 lia
2314 4079 2615 4137 Christiana
2645 4081 2881 4137 dedimus
2909 4083 2964 4138 in
3001 4084 3252 4155 prooemio
3281 4085 3353 4141 ad
3389 4088 3663 4155 Joannem,
3701 4101 3872 4159 usque

2209 4169 2280 4224 ad
2310 4168 2470 4224 verba
2499 4168 2685 4240 quibus
2713 4169 2977 4228 clauditur
3015 4193 3031 4227 :
3077 4193 3102 4222 α
3134 4175 3205 4229 Et
3242 4173 3522 4246 honoriﬁce
3548 4175 3605 4229 in
3630 4175 3749 4247 ipsa
3780 4191 3870 4232 cc-

2209 4256 2372 4313 cleaia
2402 4256 2691 4314 tumulatur
2716 4275 2753 4313 v
2782 4260 2914 4317 Idus
2934 4262 3274 4332 Septembris.
3307 4283 3334 4314 ο
3367 4265 3594 4333 Pergunt
3620 4268 3755 4321 Acta
3776 4286 3797 4320 :

478 4349 609 4406 licet
638 4348 1003 4415 Fiscamnum,
1036 4348 1223 4415 rediit,
1256 4349 1312 4404 in
1343 4362 1454 4419 quo
1493 4355 1682 4405 sancte
1727 4363 2017 4421 usquequo
2066 4351 2193 4416 inD
2280 4347 2558 4404 Successit
2604 4348 2734 4404 huic
2784 4350 2893 4406 imo
2943 4351 3231 4420 praeessit
3278 4356 3421 4417 (nam
3471 4353 3691 4409 duobus
3737 4362 3872 4411 ante

480 4439 804 4509 episcopatu
831 4437 1236 4494 inthronizatus
1264 4442 1368 4504 est,
1400 4437 1555 4494 vixit.
1607 4437 1708 4494 Hic
1756 4438 2048 4495 ecclesiam
2098 4453 2129 4494 a

480 4528 749 4584 Rotberto
814 4526 1236 4599 archiepiscopo
1302 4526 1600 4597 incaptam
1665 4527 1999 4598 complevit.
2076 4533 2133 4585 et

480 4622 693 4673 astante
722 4615 997 4672 Willelmo
1021 4617 1461 4672 Normannorum
1492 4615 1654 4682 duce,
1703 4622 1895 4687 postea
1923 4616 2130 4688 Anglo-

484 4720 604 4761 rum
634 4719 785 4778 rege,
817 4719 939 4762 cum
970 4705 1228 4763 omnibus
1255 4704 1612 4778 sufi‘raganeis
1639 4707 1754 4763 suis
1777 4748 1793 4774 ,
1838 4706 2134 4764 concilium

484 4793 541 4849 in
568 4794 957 4865 Rotomagensi
986 4794 1225 4853 ecclesia
1251 4795 1321 4853 de
1367 4794 1620 4853 castitate
1663 4795 2040 4854 conservanda
2078 4801 2135 4852 et

2214 4436 2424 4493 obitum
2455 4437 2574 4507 ejus
2599 4438 2883 4495 mensibus
2912 4440 3274 4497 intronizatus
3310 4440 3415 4513 est)
3454 4443 3697 4499 Domnus
3717 4443 3876 4499 Guil-

2215 4524 2438 4594 lermus,
2472 4528 2713 4584 canobii
2762 4527 3124 4586 Cadomensis
3167 4530 3358 4599 abbas,
3400 4546 3522 4588 cum
3561 4532 3871 4603 apostolica

2216 4616 2565 4684 auctoritate,
2614 4625 2728 4674 tum
2777 4618 2931 4689 regio
2978 4633 3226 4688 munere,
3267 4627 3381 4677 tum
3429 4621 3669 4692 denique
3707 4636 3870 4679 com-

2217 4708 2366 4762 muni
2407 4706 2699 4775 electione,
2727 4708 2810 4764 vir
2836 4722 2968 4764 sane
3000 4714 3057 4766 et
3083 4710 3305 4781 generis
3333 4711 3620 4768 nobilitate
3649 4711 3869 4778 eluens,

2218 4802 2273 4852 et
2303 4809 2515 4854 morum
2545 4797 2907 4871 prarogativa
2939 4799 3294 4871 prapollens.
