4100 6166
325 312 425 367 281

1393 324 1658 379 NOTITIA
1695 294 2050 379 msromca
2084 321 2170 377 ET
2208 320 2628 378 LITTERARIA.

1709 518 1852 559 ANNO
1891 518 2083 559 DOMINI
2121 517 2321 559 MLIXIX

1576 618 2428 763 ARNULFUS

1172 818 1764 937 GLERICUS
1838 819 2845 934 MEDIOLANENSIS

1350 1036 1799 1122 NOTITIA
1870 1036 1984 1121 IN
2056 1035 2668 1120 ARNULFUM

505 1174 683 1245 [Apud
713 1176 907 1245 Psnrz,
939 1178 1271 1235 Monumenta
1291 1182 1588 1237 Germaniae
1615 1182 1885 1247 historica,
1919 1180 2120 1251 Script.
2164 1187 2296 1235 tom.
2331 1182 2468 1247 V111,

1096 1251 1600 1325 archiepiscoporum
1639 1251 2132 1320 Mcdiolanensium,
2166 1251 2364 1311 edente
2394 1253 2481 1307 W.

2510 1194 2633 1308 ἕξις.
2675 1181 2723 1247 1,
2756 1193 2988 1250 prooem.
3024 1181 3091 1237 ad
3122 1180 3330 1237 Arnulﬁ
3361 1181 3521 1237 Gesta

2582 1251 2923 1308 attcnbach.l

2582 1251 2923 1318 attcnbach.]

392 1395 652 1453 Arnulfus
678 1397 1100 1456 Mediolanensis
1126 1416 1307 1458 rerum
1340 1418 1461 1473 quae
1491 1404 1697 1460 saeculo
1722 1419 1776 1459 ιιι
1797 1404 1886 1460 ad.
1910 1417 1958 1458 a.
1981 1404 2037 1464 Α
2058 1416 2197 1457 mus.
2230 1405 2271 1458 Α
2309 1401 2443 1456 1077
2473 1401 2731 1473 legationi
2771 1416 2801 1458 a
2845 1401 3051 1473 populo
3099 1401 3583 1459 Mediolanensium
3631 1360 3700 1455 ad

319 1500 502 1555 usque
538 1484 674 1538 1077
704 1488 997 1544 Mediolani
1039 1491 1380 1560 acciderunt,
1412 1493 1635 1563 scripsit
1663 1494 1969 1558 historiam,

319 1575 577 1631 oculatus
624 1576 741 1645 ipse
802 1578 1000 1644 testis,
1060 1582 1341 1649 praemissa
1398 1582 1548 1638 brevi
1606 1596 1787 1638 rerum
1849 1587 1974 1651 post

316 1678 371 1718 a.
426 1663 534 1718 925
578 1671 853 1736 gestarum
912 1670 1252 1725 narratione.
1303 1671 1379 1727 De
1419 1671 1540 1742 ipso
1588 1671 1724 1727 nihil
1770 1676 1974 1741 praeter

318 1766 386 1808 ea
434 1767 558 1823 quae
613 1768 679 1809 ex
724 1754 831 1811 hoc
881 1769 1050 1826 opere
1100 1758 1433 1815 concludere
1481 1759 1649 1827 licet,
1709 1760 1973 1816 habemus

320 1847 687 1912 compertum.
742 1845 951 1900 Nomen
1007 1851 1062 1902 et
1117 1860 1291 1918 genus
1344 1865 1384 1915 ι,
1440 1849 1493 1915 8,
1544 1849 1826 1916 indicavit,
1878 1849 1972 1904 ubi

320 1931 394 1986 de
441 1931 668 1988 Arnulfo
716 1933 737 1987 1
785 1934 1205 2006 archiepiscopo
1254 1935 1541 2009 (970-974)
1584 1938 1819 2004 locutus,
1852 1938 1972 1994 haec

320 2020 480 2076 addit
519 2041 531 2076 :
582 2021 727 2092 cujus
774 2025 1066 2093 ιε(ιαὶυοοω
1112 2026 1281 2082 existo
1329 2031 1589 2096 gestorum
1624 2028 1849 2101 scriptor
1876 2042 1970 2098 ego

313 2111 670 2179 praesentium,
716 2111 904 2181 fratris
949 2128 1070 2169 vero
1108 2113 1249 2170 illius
1283 2130 1543 2188 pronepos
1578 2131 1749 2174 verus.
1782 2119 1971 2186 Itaque

318 2212 447 2253 cum
500 2198 985 2257 Mediolanensium
1043 2203 1270 2260 ordines
1325 2204 1399 2261 ita
1456 2206 1602 2262 inter
1654 2220 1714 2262 se
1780 2213 1965 2262 essent

316 2285 568 2344 distincti
626 2295 685 2344 ut
742 2291 1153 2360 capitaneorum
1219 2295 1509 2351 aestimatio
1566 2295 1736 2366 duplo
1792 2297 1967 2364 major

312 2382 467 2432 esset
504 2391 667 2447 quam
713 2392 1014 2447 vassorum,
1055 2394 1242 2438 vassos
1290 2384 1406 2453 pari
1444 2383 1734 2441 intervallo
1771 2398 1968 2455 seque-

309 2472 514 2521 rentur
559 2467 954 2536 negotiatores,
1007 2469 1208 2526 deinde
1266 2472 1477 2543 reliqua
1516 2473 1810 2529 multitudo
1853 2472 1966 2544 (1),

309 2552 606 2611 Arnulfum
655 2555 832 2625 primo
877 2557 1060 2614 ordini
1100 2561 1381 2616 accenseri
1411 2576 1510 2631 par
1540 2568 1643 2617 est.
1682 2563 1815 2617 Nam
1844 2576 1966 2617 cum

310 2643 750 2699 decumanorum
795 2646 1144 2715 primicerius
1172 2649 1241 2705 de
1273 2650 1478 2719 pOpulo
1506 2656 1668 2706 natus
1697 2656 1844 2706 esset
1873 2650 1968 2721 (2),

2054 1504 2246 1560 papam
2288 1491 2534 1557 directae,
2585 1505 2695 1560 quo
2746 1491 3008 1547 Ecclesiae
3062 1492 3321 1546 Romanae
3369 1489 3704 1546 reconcilia-

2054 1585 2266 1641 rentur,
2306 1594 2427 1635 sese
2476 1578 2791 1635 interfuisse
2839 1586 3026 1635 narrat
3081 1596 3136 1644 v,
3195 1579 3250 1634 9.
3310 1581 3499 1648 Neque
3556 1578 3701 1635 enim

2054 1669 2173 1738 ipse
2230 1683 2269 1725 ,a
2327 1684 2490 1725 causa
2548 1676 2875 1726 creterorum
2934 1669 3191 1725 immunis
3246 1667 3443 1735 fuerat,
3485 1667 3703 1722 clericis

2053 1755 2241 1814 favens
2289 1759 2619 1829 conjugatis,
2667 1759 2765 1815 sed
2805 1766 2935 1815 tunc
2984 1759 3052 1814 de
3093 1757 3430 1829 praeteritis,
3480 1756 3698 1826 inquit,

2054 1846 2421 1914 satisfaciens,
2480 1848 2536 1902 in
2584 1846 2768 1904 futuro
2816 1847 3070 1919 castigari
3122 1846 3393 1917 promisit.
3435 1845 3701 1900 Nimirum

2054 1936 2220 1993 homo
2268 1938 2612 1994 verecundus
2662 1945 2717 1994 et
2759 1952 2860 1995 suo
2919 1940 3038 2009 ipse
3080 1938 3292 2007 judicio
3339 1934 3572 2001 difﬁsus,
3612 1947 3703 1990 res

2054 2032 2232 2083 autem
2298 2040 2468 2105 novas
2532 2034 2588 2083 et
2653 2027 3025 2083 Herlembaldi
3081 2026 3325 2084 furorem
3379 2029 3699 2091 aversatus,

2053 2122 2214 2172 antea
2245 2131 2365 2173 cum
2400 2116 2651 2186 plurimis
2679 2117 2764 2173 sui
2782 2117 2996 2173 ordinis
3013 2116 3146 2173 viris
3162 2121 3432 2181 senserat,
3456 2113 3702 2185 quamvis

2054 2219 2166 2262 non
2196 2208 2380 2263 omnia
2409 2220 2597 2263 eorum
2629 2213 2783 2279 gesta
2810 2207 2914 2262 sibi
2969 2207 3195 2277 probari
3242 2204 3508 2261 fateretur
3553 2202 3698 2272 (11);

2055 2302 2335 2365 postremo
2375 2300 2558 2351 autem
2587 2294 2883 2351 arctiorem
2912 2295 3175 2352 Ecclesiae
3204 2294 3553 2364 disciplinam
3580 2292 3701 2362 ipse

2051 2384 2321 2454 probavit.
2354 2384 2461 2440 Sed
2501 2398 2622 2440 cum
2652 2385 2836 2455 magni
2874 2383 3137 2440 momenti
3175 2388 3231 2439 et
3268 2395 3432 2453 quam
3469 2381 3702 2436 maxime

2050 2474 2437 2531 memorabiles
2474 2475 2525 2531 ei
2564 2474 2741 2531 turba
2781 2474 2892 2530 illae
2930 2474 3271 2539 viderentur,
3312 2472 3515 2542 quibus
3552 2475 3703 2527 totus

2052 2560 2312 2621 Ecclesia:
2369 2563 2794 2621 Mediolanensis
2834 2569 3011 2620 status
3066 2564 3386 2620 immutatus
3423 2567 3535 2627 est,
3577 2563 3705 2631 post

2052 2652 2269 2708 Attonis
2326 2652 2652 2710 electionem
2693 2669 2744 2710 a.
2792 2653 2929 2707 1072
2964 2651 3161 2709 factam
3227 2651 3295 2707 ad
3353 2665 3447 2707 eas
3502 2649 3702 2705 litteris

314 2734 465 2789 inter
505 2732 820 2790 ordinarios
866 2749 1054 2807 regum
1103 2738 1413 2807 principum
1454 2745 1509 2795 et
1551 2740 2456 2812 capitaneorumBconsignandas
2522 2757 2581 2797 se
2646 2744 2918 2817 convertit
2945 2784 2961 2809 ,
3000 2756 3112 2798 non
3177 2740 3479 2811 cupiditate
3519 2738 3698 2803 iamaa,

318 2820 419 2876 filii
442 2825 597 2876 erant
615 2820 685 2887 (3)
705 2841 719 2888 ;
744 2822 1194 2896 archiepiscopos
1208 2841 1340 2884 vero
1361 2830 1454 2899 qui
1477 2829 1547 2884 de
1567 2828 1969 2885 ordinariorum

319 2923 551 2966 numero
580 2909 800 2981 legendi
832 2917 1016 2969 essent
1047 2913 1142 2983 (4),
1176 2928 1453 2985 nunquam
1485 2930 1585 2986 per
1611 2917 1733 2973 haec
1761 2918 1967 2983 secula,

320 3012 390 3054 ex
421 3012 531 3069 quo
560 2998 706 3055 inter
733 3000 905 3057 Italiae
940 3002 1025 3074 (5)
1062 3003 1342 3074 principes
1369 3005 1602 3075 primum
1626 3005 1803 3062 locum
1826 3007 1971 3062 obti-

322 3093 600 3155 nuerunt,
668 3103 735 3144 ex
785 3103 986 3162 genere
1044 3093 1347 3162 capitaneis
1400 3092 1664 3150 inferiore
1719 3102 1969 3166 sumptos

319 3191 463 3246 esse,
496 3181 553 3232 et
590 3190 689 3246 per
734 3191 794 3233 se
838 3179 1134 3236 verisimile
1173 3188 1276 3247 est,
1311 3186 1367 3237 et
1395 3182 1649 3238 Widonis
1699 3188 1968 3238 monstrat

317 3267 550 3332 electio,
610 3266 698 3322 cui
756 3267 811 3322 id
867 3269 1045 3339 ipsum
1103 3272 1251 3341 quod
1308 3271 1377 3329 de
1431 3285 1711 3329 vassorum
1770 3272 1966 3330 ordine

317 3361 465 3412 esset
496 3354 592 3425 (6),
625 3357 886 3413 maximas
916 3359 1174 3414 excitavit
1220 3359 1519 3418 molestias.
1558 3360 1786 3418 Accedit
1815 3362 1963 3431 quod

315 3446 436 3516 ipse
464 3446 725 3503 Amulius
754 3448 1098 3504 nobilitatem
1129 3450 1350 3520 generis
1391 3464 1503 3507 non
1548 3465 1658 3508 uno
1689 3453 1813 3509 loco
1844 3468 1964 3509 ma-

314 3534 519 3592 nifesto
542 3536 729 3606 prodit
750 3551 872 3592 cum
895 3542 951 3593 et
970 3552 1150 3595 causa:
1169 3539 1438 3595 nobilium
1461 3546 1650 3610 aperte
1674 3539 1850 3616 faveat
1870 3542 1961 3611 (7),

312 3633 366 3681 et
397 3625 681 3681 humiliter
707 3631 865 3682 natos
892 3627 1134 3698 appellet
1163 3641 1302 3698 quos
1330 3628 1423 3683 alii
1462 3634 1718 3700 tanquam
1748 3630 1966 3686 nobiles

311 3715 621 3784 praedicant
655 3713 766 3787 (8),
811 3716 1015 3772 milites
1061 3716 1184 3772 scil.
1234 3717 1495 3783 minores,
1546 3719 1615 3773 de
1664 3718 1966 3788 capitaneis

309 3810 495 3860 autem
526 3818 647 3859 cum
678 3804 1057 3861 moderatione
1089 3806 1345 3875 loquatur
1381 3804 1491 3877 (9),
1525 3819 1757 3876 quorum
1788 3808 1964 3863 subli-

310 3894 558 3949 mitatem
607 3900 675 3950 ex
719 3894 830 3950 imo
879 3894 1003 3950 loco
1052 3894 1412 3950 mirabundus
1450 3896 1680 3966 suspicit
1718 3896 1968 3954 Andreas

309 3982 635 4048 monachus,
667 3983 761 4053 qui
792 3983 999 4038 Arialdi
1030 3984 1204 4039 Vitam
1236 3983 1479 4054 scripsit.
1511 3984 1665 4051 Quod
1689 3985 1736 4040 si
1766 3986 1965 4042 obser-

2052 2829 2149 2883 sed
2216 2842 2284 2885 ne
2324 2844 2507 2884 rerum
2546 2830 2808 2886 memoria
2873 2831 3265 2896 intercideret,
3327 2844 3451 2899 quae
3490 2828 3703 2884 civibus

2051 2919 2168 2973 suis
2223 2922 2415 2988 postea
2469 2917 2614 2974 foret
2670 2921 2931 2988 pretiosa.
2992 2919 3072 2975 Ad
3131 2932 3376 2989 praesens
3414 2917 3558 2974 enim
3597 2918 3700 2973 sub

2051 3007 2237 3063 modio
2268 3007 2497 3064 recondi
2529 3021 2669 3077 opus
2697 3008 2891 3074 voluit,
2932 3022 3033 3065 suo
3075 3013 3265 3079 postea
3291 3015 3539 3078 tempore
3577 3022 3703 3077 pro-

2050 3096 2330 3163 mendum,
2363 3096 2460 3152 sed
2499 3097 2639 3152 fines
2678 3098 2831 3153 urbis
2859 3111 3139 3169 nunquam
3170 3112 3522 3155 excessurum
3555 3096 3694 3169 (l2).

2048 3187 2247 3241 Tamen
2286 3185 2395 3242 hoc
2431 3187 2614 3242 statim
2653 3192 2901 3257 tempore
2940 3188 3216 3260 vulgatum
3254 3186 3422 3244 fuisse
3460 3187 3697 3254 videtur,

2049 3288 2171 3329 cum
2210 3280 2324 3330 tres
2352 3275 2571 3345 priores
2608 3274 2756 3341 libri,
2809 3288 2950 3346 quos
2986 3276 3139 3333 solos
3185 3282 3317 3333 tunc
3364 3276 3697 3342 absolverat,

2047 3377 2148 3433 per
2184 3377 2242 3419 se
2282 3364 2549 3435 descripti
2588 3364 2719 3431 sint,
2761 3379 3073 3435 quanquam
3112 3365 3436 3422 Landulfum
3497 3364 3698 3419 nullam

2048 3453 2167 3521 ejus
2232 3452 2485 3508 notitiam
2551 3451 2809 3507 habuisse
2875 3457 3125 3523 apparet.
3191 3451 3453 3508 Arnultus
3516 3456 3696 3506 autem

2048 3546 2241 3610 postea
2279 3546 2333 3594 et
2371 3545 2627 3609 quartum
2666 3539 2869 3595 librum
2907 3540 3123 3596 addidit
3161 3546 3217 3595 et
3253 3541 3528 3610 quintum,
3571 3538 3701 3593 licet

2046 3642 2159 3684 non
2199 3641 2311 3683 uno
2349 3633 2598 3696 tempore
2642 3627 2902 3696 scriptos,
2952 3642 3077 3683 cum
3122 3643 3152 3682 a
3193 3629 3379 3698 priore
3426 3628 3699 3683 sententia

2047 3716 2251 3772 sensim
2281 3716 2589 3782 recederet,
2631 3715 2809 3773 donec
2838 3717 3079 3783 tandem,
3113 3724 3173 3773 ut
3200 3717 3458 3785 diximus,
3490 3719 3695 3773 Roma-

2047 3820 2134 3862 na:
2198 3804 2655 3863 reconciliaretur
2717 3805 3000 3863 Ecclesiae.
3059 3806 3230 3864 Simul
3295 3807 3455 3864 initio
3510 3805 3699 3877 cperis

2048 3894 2315 3966 praemisit
2352 3894 2826 3966 praefatlunculam
2864 3926 2933 3936 —
2970 3896 3018 3952 si
3065 3897 3232 3954 modo
3282 3896 3351 3953 ab
3390 3898 3511 3967 ipso
3548 3894 3699 3951 venit

2046 4015 2119 4024 —
2155 3998 2279 4040 cum
2320 3984 2649 4063 nominibus.
2690 3999 2878 4057 regum
2935 3991 2990 4042 et
3035 3985 3601 4058 archiepiscoporum,
3642 3991 3699 4041 et

307 4073 542 4137 vaveris,
574 4071 759 4128 multa:
789 4077 1119 4127 evanescent
1148 4071 1521 4139 difficultates,
1550 4088 1673 4130 cum
1717 4073 2105 4146 pugnareGin
2148 4073 2427 4144 prioribus
2473 4074 2658 4144 aliqua
2714 4075 2959 4143 mutavit,
3019 4090 3144 4147 quae
3201 4089 3312 4133 non
3351 4076 3532 4147 magni
3569 4080 3700 4132 sunt

310 4163 458 4217 inter
496 4174 556 4215 se
594 4159 884 4217 videantur
921 4160 1213 4232 aequalium
1242 4162 1575 4233 scriptorum
1603 4166 1959 4232 assertiones,

307 4251 403 4322 qui
433 4257 640 4315 tamen,
670 4250 853 4305 verbis
890 4251 974 4307 usi
1014 4251 1265 4318 diversis,
1297 4253 1353 4307 in
1394 4252 1561 4309 rebus
1590 4256 1958 4313 consentiant.

308 4368 379 4378 —
407 4338 728 4395 Clericusne
767 4353 836 4394 an
885 4339 1059 4395 laicus
1109 4339 1276 4397 fuerit
1304 4340 1584 4406 Arnulfus,
1616 4347 1770 4400 certo
1800 4346 1961 4401 testi-

307 4429 499 4485 monio
528 4442 639 4485 non
670 4434 887 4485 constat
930 4428 1078 4501 (10),
1110 4430 1206 4487 sed
1239 4436 1413 4488 totum
1444 4431 1724 4489 scribendi
1764 4448 1958 4505 genus,

304 4518 541 4574 scientia
580 4532 763 4573 rerum
812 4518 1307 4577 ecclesiasticarum
1357 4525 1413 4577 et
1454 4522 1667 4578 animus
1697 4523 1752 4578 in
1783 4525 1963 4581 causis

304 4606 640 4663 clericorum
677 4620 899 4677 semper
927 4614 1250 4678 occupatus,
1292 4623 1322 4664 a
1371 4609 1528 4665 laicis
1575 4615 1832 4681 tanquam
1892 4614 1961 4669 ab

305 4695 590 4751 extraneis
616 4708 859 4762 aversus,
900 4702 1087 4752 vetant
1117 4710 1185 4753 ne
1227 4711 1327 4768 pro
1367 4697 1509 4754 laico
1540 4699 1718 4768 ipsum
1752 4700 1959 4757 habea-

381 4782 456 4854 (1)
506 4783 640 4839 Vide
688 4798 878 4855 pacem
926 4786 1054 4842 anni
1108 4786 1271 4854 1067,
1322 4803 1414 4855 ιιι,
1461 4786 1560 4855 20,
1621 4801 1959 4849 commemo-

308 4863 505 4911 ratam.

377 4925 450 4996 (2)
492 4925 663 4982 Land.
695 4942 759 4991 ιι,
788 4926 880 4984 35.

380 4997 449 5069 (3)
486 4999 621 5053 Arn.
654 5013 693 5065 ι,
726 4997 780 5069 3.
812 4999 985 5056 Land.
1017 5015 1080 5069 ιι,
1110 4998 1200 5057 35.

378 5068 456 5138 (4)
496 5071 630 5124 Arn.
661 5085 702 5138 1,
731 5068 786 5123 3.

380 5139 548 5217 (5)1d
597 5147 683 5217 est
728 5142 884 5217 regni
933 5144 1439 5217 Langobardorum,
1489 5145 1637 5217 quod
1692 5147 1812 5216 ejus
1858 5147 1960 5203 aevi

304 5211 617 5289 scriptores
645 5211 816 5289 Italiae
836 5218 895 5289 et
922 5211 1079 5289 regni
1100 5215 1415 5289 nominibus
1425 5211 1710 5289 appellare
1720 5211 1963 5275 consue-

302 5288 527 5337 verunt.
578 5284 828 5357 Tusciam
866 5284 1067 5342 finibus
1104 5287 1224 5356 ejus
1274 5284 1539 5345 inclusam
1587 5289 1778 5357 fuisse,
1828 5291 1963 5347 Pro-

302 5365 446 5426 vana
475 5356 820 5426 monstravit,
847 5357 1006 5413 Stud.
1039 5358 1239 5422 critici,
1275 5373 1327 5426 p.
1360 5358 1484 5415 258.

383 5408 455 5494 (6)
494 5408 1005 5504 uigiagidi'5‘haﬁi
1019 5408 1593 5504 j'dééiiﬁxﬁ'eééé'non
1625 5446 1794 5504 nego;
1826 5433 1951 5490 vide
1972 5408 2026 5467 D

299 5499 443 5567 Arn.
474 5509 562 5562 In,
588 5495 661 5563 2;
697 5499 865 5555 Land.
900 5516 982 5567 ιιι,
1013 5500 1067 5557 3.

382 5566 652 5643 (7)__Quod
678 5571 789 5643 jam
820 5566 1007 5643 comes
1036 5572 1236 5629 Giulini
1265 5571 1668 5643 animadvertit,
1697 5575 1956 5632 Memorie

300 5639 365 5695 di
395 5638 618 5708 Milano,
651 5656 734 5707 ιιι,
763 5641 889 5698 363.

2047 4163 2332 4229 momenti,
2373 4164 2645 4235 ejusmodi
2686 4169 2866 4221 tamen
2908 4170 2969 4221 ut
3010 4166 3257 4222 auctoris
3303 4180 3522 4221 manum
3558 4179 3695 4234 pro-

2044 4251 2177 4308 dant
2217 4252 2356 4324 (13).
2398 4253 2654 4309 Substitit
2691 4254 2813 4323 ipso
2864 4254 2959 4310 illo
3016 4268 3068 4309 a.
3132 4254 3288 4320 1077,
3348 4268 3471 4310 cum
3530 4253 3695 4324 longo

2043 4341 2325 4397 schismati
2357 4341 2481 4397 ﬁnis
2518 4347 2666 4397 esset
2694 4342 3026 4413 impositus:
3058 4342 3385 4411 grandaavus
3412 4342 3531 4410 ipse
3573 4354 3695 4396 cum

2046 4445 2135 4487 res
2174 4435 2299 4500 post
2336 4445 2385 4487 a.
2433 4429 2570 4484 1018
2597 4437 2780 4503 gestas
2818 4428 3054 4485 videndo
3084 4443 3143 4485 se
3173 4430 3495 4499 cognovisse
3525 4428 3693 4483 dicat.

2117 4520 2280 4576 Fides
2316 4519 2524 4575 Arnulfi
2562 4520 2868 4577 editoribus
2926 4518 3186 4575 Palatinis
3231 4519 3367 4574 satis
3404 4516 3544 4573 mala
3583 4516 3696 4572 visa

2045 4614 2149 4677 est,
2181 4624 2304 4665 cum
2333 4608 2611 4665 hominem
2641 4610 2961 4667 haereticum
3004 4623 3104 4680 pro
3126 4608 3374 4665 mendaci
3403 4606 3693 4672 haberent,

2043 4699 2294 4772 neglecta
2324 4700 2675 4757 accuratione
2707 4700 3105 4771 inquisitione;
3148 4698 3244 4755 sed
3280 4698 3390 4768 jam
3422 4697 3477 4752 in
3510 4698 3697 4752 Mura-

2226 4786 2393 4917 ῧῗὲέ
2424 4786 2693 4917 ὶὲιιιίιιιΐο
2724 4867 2779 4917 et
2809 4857 3214 4925 llerlembaldo,
3248 4874 3333 4926 ιιι,
3370 4856 3455 4925 10,
3501 4856 3585 4913 16.

2115 4930 2221 5003 (10)
2260 4932 2375 4987 Nisi
2405 4929 2547 4987 forte
2577 4933 2763 4997 verba,
2799 4946 2839 5003 ι,
2876 4931 2897 4983 l
2930 4930 3074 5003 fidei,
3107 4934 3280 5003 tamen
3305 4945 3486 5003 smus
3514 4928 3695 5003 catho-

2041 4999 2177 5071 licus,
2208 4999 2304 5059 'ita
2353 5004 2708 5071 interpretari
2738 5001 2874 5060 velis
2912 5008 2972 5057 ut
3010 5000 3273 5058 clericum
3313 5002 3390 5058 ibi
3428 5015 3489 5056 se
3528 4999 3695 5071 profi-

2042 5070 2242 5130 teatur.
2286 5070 2587 5145 Amulpims
2633 5073 2983 5130 subdiaconus
3028 5072 3358 5145 subscripsit
3404 5070 3692 5145 sponsioni

2042 5145 2297 5227 Widonis
2341 5141 2746 5227 archiepiscopi
2789 5158 2819 5227 ει
2866 5145 3031 5227 Petro
3067 5141 3316 5227 Damia'lii
3348 5141 3582 5227 servata;
3605 5141 3689 5227 _(v.

2043 5216 2186 5273 infra
2233 5234 2315 5283 ιιι,
2372 5216 2451 5285 14)
2501 5214 2591 5287 ap.
2625 5214 2913 5274 Baronium
2962 5215 3031 5287 ad
3079 5231 3131 5271 a.
3180 5215 3393 5282 1059,§
3434 5214 3524 5270 55.
3556 5214 3691 5271 Aliae

2043 5288 2320 5345 editiones
2369 5288 2477 5344 hoc
2528 5286 2766 5356 nomen,
2816 5288 2964 5358 quod
3002 5286 3244 5359 fortasse
3300 5287 3368 5343 ab
3424 5287 3690 5344 historico

2043 5367 2236 5417 nostro
2274 5358 2644 5431 subscriptum
2683 5366 2787 5427 est,
2821 5358 3100 5416 omittunt.

2118 5430 2226 5503 (ιι)
2258 5432 2348 5498 ιιι,
2396 5430 2480 5486 14.

2120 5501 2219 5568 (ιε)
2254 5505 2296 5567 ι,
2346 5503 2392 5558 ι.

2263 5576 2321 5647 1,
2350 5573 2406 5641 3,
2447 5573 2503 5640 6,
2532 5572 2586 5640 9,
2634 5572 2717 5642 11,
2766 5574 2849 5643 16,
2888 5574 2998 5643 20;
3038 5590 3097 5641 It,
3130 5570 3185 5641 8,
3233 5571 3318 5641 l2,
3353 5571 3457 5643 l6;
3500 5574 3588 5640 III,
3629 5570 3685 5637 2,

2039 5646 2094 5714 s,
2123 5642 2226 5715 '14,
2256 5642 2345 5699 22.
