4100 6166
422 319 529 377 283

1521 326 1813 388 ARNULFI
1849 328 2384 390 MEDIOLANENSIS
2416 329 2684 386 CLERICI

3675 318 3785 375 284

421 447 550 504 torii
608 449 931 520 pratatione
987 452 1122 508 satis
1176 458 1429 511 accurate
1483 455 1770 525 scripsisse
1817 420 2213 525 dicitur,Atis
2250 461 2311 513 ut
2356 462 2488 512 tunc
2548 453 2790 525 putabat.
2848 450 3030 507 Finito
3082 450 3267 505 autem
3323 460 3493 518 opere
3546 446 3785 518 ingenue

420 535 570 607 quod
608 552 771 608 quam
800 554 987 596 verum
1018 546 1183 608 esset,
1215 543 1427 614 singula
1459 551 1831 614 perscrutatus
1858 546 2058 603 Giulini

421 632 682 697 expertus
719 634 821 685 est.
875 630 1062 699 Neque
1099 644 1228 687 vero
1268 631 1446 687 minus
1485 632 1755 701 judicium
1792 637 1913 705 ejus
1950 635 2075 692 lau-.

421 715 662 773 dandum
697 717 941 785 videtur,
986 733 1108 774 cum
1147 719 1380 789 simplici
1447 722 1611 778 modo
1666 737 1792 793 quae
1855 726 2063 782 audivit

423 804 600 873 primo
632 849 650 873 ,
711 805 913 863 deinde
951 807 1065 862 visa
1130 807 1380 863 retulerit
1446 809 1586 881 (l4),
1653 814 1855 882 spretis
1916 815 2064 887 vulgi

422 890 658 961 fabellis,
713 909 848 965 quas
904 895 1102 966 cupide
1140 895 1438 953 Landulfus
1475 902 1826 970 conquisivit.
1885 900 2063 961 Exor-

424 981 574 1038 dium
611 984 843 1053 sumpsit
879 998 909 1038 a
947 996 1117 1054 regno
1156 986 1403 1057 Hugonis
1439 987 1609 1045 Italia:
1647 991 1814 1061 regis,
1847 998 1903 1047 et
1940 1007 2064 1063 quae

424 1077 550 1142 post
576 1072 696 1128 haec
727 1073 793 1129 ad
825 1086 920 1128 sua
950 1087 1124 1143 usque
1162 1080 1410 1146 tempora
1440 1076 1496 1132 in
1528 1092 1697 1149 regno
1718 1081 2062 1149 acciderunt,

424 1159 846 1217 Mediolanensia
882 1166 1066 1218 tamen
1106 1163 1449 1233 potissimum
1489 1167 1812 1238 respiciens,
1855 1170 1997 1228 libro
2048 1187 2066 1227 1

422 1248 663 1304 breviter
687 1250 1029 1319 perstrinxit,
1070 1250 1229 1307 libris
1278 1253 1446 1309 nullis
1482 1254 1723 1326 adjutus,
1754 1259 1853 1315 sed
1882 1259 2069 1316 audita

423 1340 651 1403 tantum,
683 1343 743 1393 ut
762 1337 881 1408 ipse
911 1340 1009 1406 ait,
1042 1346 1340 1411 utcumque
1370 1342 1664 1401 exsufﬂans
1685 1346 1818 1419 (15).
1842 1349 2067 1405 Veniam

2142 548 2479 618 protestatur
2532 558 2592 599 se
2647 542 2767 598 solo
2822 539 3069 597 veritatis
3123 537 3306 595 studio
3363 536 3587 593 ductum
3641 537 3786 592 scri-

2143 635 2339 707 psisse,
2380 647 2560 705 neque
2598 646 2629 687 a
2668 629 2921 687 doctrina
2959 641 3148 684 eorum
3187 627 3282 696 qui
3310 625 3657 682 venalitatem
3696 638 3784 681 or-

2143 725 2332 781 dinum
2361 735 2641 779 sacrorum
2694 728 2749 776 et
2785 716 3239 774 incontinentiam
3295 715 3644 771 sacerdotum
3684 716 3787 770 im-

2142 816 2452 885 pugnarent
2490 811 2804 875 dissentire,
2856 807 2955 864 sed
3002 805 3221 862 modum
3270 818 3380 876 quo
3419 803 3602 861 omnia
3639 810 3787 876 gesta

2142 908 2330 959 essent
2380 901 2713 971 improbare.
2780 898 2847 953 Et
2901 910 3024 952 cum
3081 895 3189 951 hoc
3238 895 3349 964 jam
3406 898 3613 964 pugnet
3668 904 3787 948 eum

2145 991 2428 1049 nonnullis
2457 1005 2581 1059 quae
2610 994 2770 1044 antea
2809 986 3058 1057 protulit,
3100 985 3352 1055 sequenti
3384 984 3564 1054 capite
3608 981 3671 1036 l3
3700 982 3789 1037 di-

2147 1088 2293 1138 serte
2319 1079 2473 1136 addit
2499 1094 2560 1135 se
2597 1078 2759 1134 aliter
2795 1089 2943 1132 nunc
2972 1088 3132 1145 quam
3166 1076 3319 1144 prius
3347 1073 3573 1140 sentire,
3624 1078 3786 1142 atque

2148 1172 2475 1229 erubescere
2540 1183 2664 1226 cum
2730 1165 2953 1237 scriptis
3007 1163 3298 1220 scribenda
3356 1160 3641 1221 conferat:
3696 1176 3792 1215 nec

2148 1260 2504 1316 barbarismos
2556 1259 2611 1315 in
2663 1255 2833 1313 verbis
2883 1254 3068 1324 egisse,
3108 1253 3202 1309 sed
3256 1251 3479 1308 aliorum
3526 1252 3668 1307 dicta
3712 1248 3793 1304 vel

2147 1353 2292 1422 facta
2337 1354 2525 1405 temere
2569 1347 2840 1417 judicasse
2861 1385 2876 1409 ,
2925 1358 3039 1399 eum
3074 1341 3176 1397 soli
3210 1343 3312 1397 Deo
3351 1341 3584 1397 sordium
3635 1353 3787 1394 reve-

422 1424 590 1495 igitur
618 1425 856 1483 libenter
885 1428 1208 1499 tribuemus,
1249 1431 1295 1487 si
1344 1432 1400 1487 in
1440 1433 1525 1489 his
1562 1436 1893 1508 quandoque
1923 1452 2070 1494 erra-
2153 1441 2327 1497 lentur
2363 1437 2586 1494 occulta.
2627 1435 2730 1492 Ubi
2778 1433 3198 1501 animadvertas,
3249 1443 3460 1502 quaso,
3510 1443 3632 1486 eum
3680 1440 3791 1484 non

422 1512 520 1575 vit,
552 1527 676 1568 cum
705 1526 797 1571 res
830 1515 977 1571 scitu
1018 1517 1211 1588 dignas
1239 1519 1392 1576 solus
1420 1526 1719 1580 servaverit
1745 1533 1802 1582 et
1829 1526 2073 1583 scienter
2155 1530 2421 1587 factorum
2470 1539 2726 1598 perverse
2772 1528 3141 1589 narratorum,
3199 1520 3296 1579 sed
3348 1519 3547 1591 judicii
3584 1522 3796 1574 tantum

424 1615 456 1657 a
491 1615 623 1658 vero
653 1602 1016 1662 declinavisse
1045 1620 1312 1678 nusquam
1343 1611 1498 1682 argui
1537 1615 1731 1683 possit.
1773 1618 2068 1674 Auctorum
2158 1622 2372 1676 incaute
2437 1615 2637 1687 prolati
2694 1627 2844 1670 reum
2905 1626 2966 1667 se
3014 1609 3286 1667 conﬁteri.
3341 1607 3609 1665 Mendacii
3662 1619 3794 1664 vero

425 1695 607 1746 autem
652 1691 980 1750 idoneorum
1010 1697 1170 1766 copia
1198 1698 1314 1755 viro
1351 1706 1461 1757 tam
1502 1703 1673 1760 nobili
1711 1719 1912 1776 genere
1949 1710 2072 1764 orto
2156 1715 2340 1765 notam
2388 1707 2565 1778 primo
2605 1702 2731 1759 libri
2770 1718 2806 1756 v
2852 1701 3031 1771 capite
3070 1700 3266 1756 iterum
3306 1698 3535 1770 respuit.
3566 1727 3639 1737 —-
3667 1697 3799 1753 Post

426 1778 618 1835 deesse
638 1792 749 1837 non
772 1787 1009 1852 poterat.
1032 1787 1165 1842 Cum
1196 1788 1271 1843 ita
1289 1789 1430 1845 viam
1451 1780 1557 1848 sibi
1579 1793 1921 1862 munivisset,
1943 1789 2135 1866 postB
2155 1797 2277 1854 haec
2307 1809 2479 1866 pauca
2516 1792 2670 1850 addit
2707 1791 2775 1847 de
2813 1788 3079 1846 Thedaldi
3134 1787 3408 1845 electione
3438 1791 3493 1842 et
3521 1785 3590 1841 de
3624 1784 3796 1841 Hein-

427 1882 478 1924 a.
514 1866 650 1923 1018
679 1884 743 1926 ea
771 1885 895 1942 qua
922 1873 1042 1944 ipse
1074 1874 1311 1934 videndo
1341 1882 1617 1952 cognovit,
1650 1898 1718 1940 ex
1745 1884 2069 1954 abundanti,

426 1962 488 2014 ut
505 1959 600 2026 ait,
625 1960 874 2018 cruciare
895 1963 1126 2021 studuit.
1146 1965 1411 2026 Adhibuit
1430 1976 1611 2028 autem
1632 1973 1699 2029 ad
1719 1975 2070 2032 scribendum

426 2052 548 2104 acta
575 2050 769 2120 synodi
809 2053 1067 2111 Romana
1105 2069 1157 2112 a.
1203 2056 1341 2112 1027
1381 2059 1528 2133 (16),
1580 2065 2005 2122 constitutiones
2041 2081 2072 2122 a

426 2136 622 2209 legatis
659 2139 920 2198 Romanis
974 2140 1265 2203 Mediolani
1312 2140 1483 2206 factas
1518 2146 1659 2223 (17),
1701 2160 1756 2209 et
1811 2155 2073 2226 epistolas

424 2227 744 2296 pontificum
801 2229 902 2301 (18)
941 2253 955 2300 ;
997 2231 1211 2292 litteras
1249 2251 1381 2295 vero
1420 2239 1562 2310 parti
1618 2241 1861 2301 adversae
1899 2244 2073 2303 Roma

428 2313 666 2373 directas
704 2327 1093 2378 commemorat
1140 2322 1361 2395 quidem
1417 2343 1499 2397 ιιι,
1564 2329 1665 2399 17;
1727 2348 1802 2402 1v,
1859 2333 1915 2402 2,
1973 2333 2072 2391 sed

426 2402 730 2474 inspexisse
794 2421 907 2464 non
957 2411 1193 2468 videtur.
1250 2418 1440 2473 Omnia
1495 2432 1623 2476 vero
1681 2435 1805 2491 quae
1860 2434 1928 2479 ex
1987 2423 2074 2480 his

427 2500 641 2549 servata
677 2504 805 2551 sunt
844 2498 1004 2555 tidem
1063 2502 1182 2571 ejus
1230 2503 1574 2575 conﬁrmant,
1616 2514 1671 2564 et
1710 2523 1831 2566 cum
1870 2525 1902 2566 a
1939 2512 2073 2568 Lan-

428 2581 601 2671 dulfo,
643 2585 888 2654 ejusdem
929 2590 1100 2658 partis
1136 2593 1429 2664 scriptore,
1469 2597 1771 2668 saepissime
1827 2604 2071 2671 recedat,

429 2670 635 2742 ubique
670 2673 785 2731 fere
815 2676 872 2731 in
908 2691 1092 2735 rerum
1129 2687 1405 2750 gestarum
1454 2689 1767 2745 narratione
1797 2670 2076 2748 consentit

428 2775 552 2848 cum
580 2763 797 2821 Andrea
832 2765 1042 2824 Abbate
1071 2777 1262 2840 postea
1301 2772 1467 2831 Vallis
1514 2778 1818 2848 Umbrosae,
1866 2780 2074 2838 Arialdi

428 2844 702 2923 discipulo
767 2857 823 2911 et
868 2854 1081 2915 fautore
1143 2860 1509 2923 tervidissimo
1533 2910 1548 2934 ,
1613 2874 1668 2925 et
1724 2844 1847 2926 cum
1902 2873 2072 2928 Boni-

427 2955 563 2999 zone
618 2940 732 3014 (19)
786 2947 928 3016 parti
995 2950 1293 3018 pontiﬁciae
1358 2966 1586 3024 prorsus
1632 2958 1876 3016 addicto.
1912 2960 2073 3028 Quod

430 3029 679 3101 profecto
708 3048 975 3092 summum
1016 3043 1100 3094 est
1135 3039 1298 3096 bonae
1329 3044 1448 3112 ejus
1484 3043 1611 3101 ﬁdei
1661 3047 2070 3117 documentum,

2153 1887 2253 1943 rici
2292 1886 2358 1942 1V
2389 1898 2510 1939 cum
2548 1880 2810 1953 Gregorio
2859 1878 3223 1945 dissensione,
3268 1877 3378 1947 jam
3428 1878 3617 1946 aperte
3657 1886 3794 1944 pro-

2150 1974 2330 2032 fessus
2368 1975 2665 2029 Romanam
2704 1982 2983 2038 nunquam
3023 1967 3288 2023 erravisse
3326 1964 3624 2021 Ecclesiam
3664 1962 3795 2033 (2'7).

2153 2062 2332 2121 donec
2388 2065 2609 2133 peracta
2665 2056 3152 2115 Mediolanensium
3208 2068 3331 2111 cum
3372 2067 3512 2125 papa
3550 2050 3801 2109 reconci-

2153 2153 2381 2209 liatione
2411 2164 2550 2222 opus
2577 2147 2870 2205 clauditur.

2225 2238 2512 2298 Scribendi
2561 2251 2765 2311 genere
2804 2250 2936 2292 usus
2973 2241 3057 2291 est
3088 2232 3329 2304 simplici
3371 2237 3426 2289 et
3464 2231 3596 2289 satis
3632 2243 3798 2302 puro,

2154 2332 2259 2389 etsi
2297 2329 2516 2386 curules
2575 2325 2846 2398 quadrivii
2896 2329 3045 2381 rotas
3100 2336 3377 2393 nunquam
3416 2335 3477 2378 se
3524 2334 3804 2378 conscen-

2155 2421 2302 2478 disse
2332 2419 2552 2476 fatetur.
2584 2414 2899 2489 Sallustium
2936 2420 3119 2469 tamen
3156 2412 3355 2484 legisse
3393 2411 3613 2468 videtur
3651 2409 3799 2483 (28).

2153 2510 2403 2568 Orosium
2470 2523 2554 2574 ιιι,
2613 2507 2667 2572 2,
2737 2505 2888 2571 citat,
2929 2519 3004 2570 1v,
3053 2503 3137 2570 11,
3169 2510 3374 2558 tomum
3428 2498 3803 2572 Etymologia-

2155 2614 2295 2657 rum.
2336 2596 2593 2670 IEquales
2628 2594 2921 2651 verborum
2960 2605 3128 2648 sonos
3166 2592 3219 2647 in
3257 2591 3365 2646 ﬁne
3403 2590 3801 2647 sententiarum

2155 2688 2443 2760 repetitos,
2475 2684 2625 2757 quod
2654 2684 2921 2754 temporis
2970 2681 3118 2737 illius
3155 2679 3471 2737 hominibus
3508 2678 3801 2750 pulchrum

2156 2793 2277 2836 esse
2306 2776 2615 2841 videbatur,
2648 2787 2796 2843 saepe
2835 2771 2981 2842 apud
3029 2785 3154 2828 eum
3196 2770 3521 2825 invenimus.
3563 2770 3623 2824 in
3662 2773 3806 2829 teme.

2156 2880 2349 2939 porum
2379 2863 2753 2934 descriptione
2783 2874 2973 2932 parum
3012 2875 3158 2916 cura:
3196 2858 3398 2930 posuit.
3430 2854 3688 2915 Brevitati
3726 2856 3807 2912 ita

2155 2957 2386 3022 studuit,
2447 2960 2506 3009 ut
2564 2950 2797 3024 plurima
2851 2964 2976 3021 qua:
3024 2950 3166 3005 scire
3213 2947 3445 3005 velimus
3491 2945 3805 3013 reticuerit,

2157 3059 2280 3102 cum
2336 3042 2665 3115 prolixiores
2720 3039 2967 3096 Landulii
3034 3040 3381 3094 narrationes
3438 3042 3494 3093 et
3551 3037 3809 3093 obscurae

431 3134 553 3176 cum
582 3134 851 3191 nusquam
882 3125 1307 3185 dissimulaverit
1343 3131 1449 3187 sibi
1491 3134 1700 3191 Arialdi
1749 3143 1804 3193 et
1841 3138 2080 3209 reliquo—
2100 3137 2142 3197 C
2163 3136 2275 3191 sint
2304 3140 2360 3190 et
2396 3130 2503 3188 ﬁde
2532 3144 2723 3202 parum
2755 3130 2956 3201 dignae.
2997 3129 3186 3198 Itaque
3216 3126 3418 3184 factum
3449 3131 3533 3184 est
3557 3133 3617 3181 ut
3645 3126 3684 3182 ii
3709 3123 3812 3196 qui

433 3218 553 3264 rum
582 3216 764 3267 motus
790 3213 1145 3273 vehementer
1179 3217 1510 3290 displicere;
1562 3223 1638 3279 ita
1666 3229 1848 3281 tamen
1888 3235 2081 3284 cautus

432 3302 490 3354 et
527 3299 865 3370 moderatus,
923 3308 985 3360 ut
1039 3304 1123 3362 vel
1165 3307 1233 3363 de
1292 3309 1560 3368 Landulfo
1610 3313 1878 3383 judicium
1935 3314 2079 3374 ferre

436 3394 719 3447 recusaret
753 3391 867 3464 (20)
921 3397 976 3450 et
1013 3395 1249 3454 clericos
1304 3412 1370 3455 ex
1408 3406 1563 3470 parte
1600 3402 1658 3457 in
1715 3404 1877 3474 culpa
1914 3404 2081 3463 fuisse

432 3478 768 3536 concederet
797 3478 928 3554 (21).
960 3485 1149 3555 Neque
1179 3487 1325 3542 enim
1363 3489 1578 3545 meliori
1609 3489 1743 3547 cieri
1774 3492 2082 3564 disciplinae

431 3569 793 3639 repugnabat,
834 3585 903 3628 ne
934 3564 1181 3632 Romano
1221 3576 1442 3647 quidem
1484 3580 1731 3649 pontifici
1768 3596 1829 3638 se
1865 3583 2085 3641 volebat

431 3670 737 3727 opponere,
778 3661 875 3717 sed
933 3677 1024 3720 res
1062 3665 1376 3723 tumultarie
1430 3675 1651 3740 gestas,
1710 3669 1975 3729 laicorum
2015 3674 2084 3731 de

431 3744 652 3803 clericis
691 3746 922 3819 judicia,
964 3756 1019 3807 et
1049 3753 1489 3826 subjugationem
1529 3756 1790 3816 Ecclesiae
1820 3761 2084 3818 Mediola-

432 3835 623 3892 nensis
668 3834 1017 3896 abominatur
1058 3841 1194 3913 (22).
1252 3844 1449 3901 Pacem
1497 3853 1675 3903 autem
1727 3862 1829 3919 per
1874 3851 2085 3923 legatos

433 3925 712 3982 Romanos
749 3942 799 3984 a.
850 3922 1005 3996 1067,
1047 3934 1406 4002 compositam
1464 3930 1651 3992 laudat
1688 3952 1773 4005 ιιι,
1823 3936 1913 3995 21.
1940 3922 2085 3997 Haec

433 4014 603 4084 igitur
630 4014 1004 4085 scripsitcum
1034 4017 1214 4076 adhuc
1265 4021 1444 4079 turbae
1491 4022 1602 4081 illae
1646 4025 1911 4084 durarent
1959 4028 2085 4099 (23;,

434 4102 650 4160 vivente
713 4104 1101 4164 Herlembaido
1167 4108 1273 4173 (24)
1341 4117 1397 4167 et
1461 4112 1772 4172 Alexandro
1828 4118 1875 4172 11
1935 4117 2084 4188 (25),

436 4192 677 4250 nondum
733 4204 1057 4254 consecrato
1095 4198 1392 4257 Gotofredo
1433 4201 1563 4273 (26),
1605 4202 1662 4259 id
1708 4210 1793 4260 est
1830 4211 1955 4261 ante
1995 4218 2090 4263 ver

434 4283 565 4340 anni
609 4280 762 4341 1073.
813 4287 1086 4358 Deinceps
1134 4286 1414 4346 silentium
1471 4304 1689 4349 servare
1727 4294 1834 4350 sibi
1875 4309 2086 4367 propo-

434 4379 639 4440 suerat,
671 4373 768 4431 sed
809 4388 931 4432 cum
971 4375 1149 4435 turbae
1186 4377 1407 4435 modum
1446 4379 1767 4439 viderentur
1795 4383 2084 4454 excedere,

2162 3230 2355 3297 postea
2410 3222 2479 3278 de
2518 3219 2685 3277 rebus
2740 3217 3226 3275 Mediolanensium
3273 3218 3635 3287 scripserunt,
3676 3216 3812 3271 dum

2163 3314 2448 3387 penuriam
2506 3324 2688 3366 rerum
2737 3308 2898 3365 nobis
2944 3308 3267 3364 traditarum
3326 3305 3585 3377 supplere
3642 3316 3818 3375 cupe-

2164 3408 2308 3473 rent,
2368 3419 2399 3460 a
2457 3399 2724 3458 Landulfo
2780 3406 2836 3456 et
2874 3398 3185 3455 Guaivaneo
3216 3398 3285 3454 de
3324 3397 3375 3453 la
3412 3398 3668 3464 Flamma,
3708 3395 3818 3451 ho-

2165 3496 2312 3552 mine
2360 3493 2602 3551 omnium
2655 3488 3096 3556 mendacissimo,
3145 3488 3203 3543 in
3251 3501 3470 3544 errores
3513 3484 3713 3542 abduci
3749 3498 3818 3541 se

2166 3587 2508 3656 paterentur,
2567 3579 2719 3652 quod
2775 3578 2860 3634 vel
2917 3575 3104 3633 comiti
3158 3575 3362 3632 Giulini
3417 3587 3817 3644 nonnunquam

2166 3673 2389 3740 accidit,
2449 3670 2544 3742 qui
2601 3668 2834 3740 plurima
2881 3665 3100 3739 egregie
3145 3664 3456 3721 illustravit.
3498 3665 3628 3721 Post
3664 3663 3821 3720 hunc

2164 3764 2249 3819 vir
2286 3761 2639 3820 doctissimus
2690 3756 2986 3828 Fumagalli
3025 3756 3208 3826 aliqua
3246 3755 3557 3811 accuratius
3612 3758 3822 3809 tracta-

2168 3854 2279 3919 vit;
2322 3851 2390 3907 de
2438 3850 2508 3905 iis
2555 3862 2686 3904 vero
2736 3861 2860 3918 quae
2906 3845 2976 3901 ad
3022 3843 3343 3916 reipublicae
3390 3842 3822 3900 Mediolanensis

2167 3946 2367 3997 statum
2399 3939 2700 4010 pertinent,
2750 3935 3048 3991 novissime
3087 3934 3256 3990 multa
3293 3932 3570 4004 disputata
3616 3937 3744 3988 sunt
3785 3945 3821 3987 a

2167 4030 2300 4098 viris
2338 4028 2430 4084 cll.
2472 4029 2539 4084 Η.
2572 4028 2683 4082 Leo
2714 4024 2819 4098 (29)
2851 4025 2945 4095 qui
2974 4035 3085 4079 non
3125 4036 3249 4078 raro
3288 4027 3343 4079 et
3380 4022 3634 4095 Flamma:
3663 4034 3824 4077 com-

2169 4095 2370 4176 mentis
2406 4126 2462 4175 et
2498 4118 2613 4173 suis
2651 4095 2825 4186 ipsius
2882 4113 3236 4185 opinionibus
3273 4112 3499 4169 nimium
3552 4112 3822 4170 tribuisse

2168 4209 2404 4273 videtur,
2438 4211 2494 4262 et
2523 4210 2584 4261 Α.
2628 4204 2696 4260 de
2738 4201 3313 4274 Bethmaun-Hollweg
3353 4198 3458 4274 (30)
3492 4202 3587 4273 qui
3615 4202 3823 4259 Amul-

2167 4298 2279 4355 fum
2310 4296 2591 4369 praecipue
2619 4299 2841 4349 secutus
2878 4292 3092 4348 cautius
3130 4292 3261 4363 egit.

2243 4389 2319 4443 De
2357 4384 2645 4443 codicibus
2698 4382 3088 4453 manuscriptis
3132 4381 3254 4438 haec
3302 4380 3467 4438 nobis
3511 4380 3825 4438 transmisit

434 4470 617 4520 tamen
646 4463 913 4522 calamum
952 4467 1267 4538 resumpsit,
1306 4482 1376 4525 ne
1414 4472 1677 4529 memoria
1715 4486 1897 4530 rerum
1935 4472 2231 4545 peri-DC.
2265 4478 2324 4532 L.
2358 4473 2680 4539 Bethmann,
2713 4473 2808 4544 qui
2847 4472 2901 4527 in
2934 4470 3133 4528 itinere
3171 4468 3362 4527 Italico
3410 4484 3507 4527 eos
3552 4469 3609 4526 in
3656 4484 3821 4527 usum

352 4586 357 4591 ς
434 4556 540 4610 ret.
581 4552 809 4611 Addidit
848 4554 1016 4627 igitur
1049 4550 1251 4613 librum
1298 4570 1377 4626 ιν,
1436 4574 1546 4630 quo
1603 4565 1974 4621 narrationem
2012 4563 2082 4620 ad

436 4641 809 4701 Herlembaldi
837 4649 1069 4703 mortem
1100 4646 1279 4719 (1075)
1312 4646 1561 4718 deduxit,
1611 4651 1774 4708 tinem
1813 4652 2085 4709 schisma-

511 4747 629 4829 (14)
669 4751 807 4829 ipse
831 4766 871 4819 1,
910 4750 959 4821 1,
1005 4751 1302 4824 pollicetur
1348 4755 1515 4829 verbis
1552 4755 1820 4829 prolatam
1866 4775 2085 4816 commu-

436 4821 589 4878 nibus
632 4822 916 4902 sintpiieem
989 4821 1253 4895 gestorum
1297 4821 1663 4902 servationem
1681 4874 1699 4899 ,
1753 4844 1868 4902 qua:
1923 4833 2090 4889 nostri

438 4907 588 4973 reges
611 4894 1112 4973 _nosiriqve_gessere
1157 4898 1461 4973 pontiﬁces,
1500 4894 1912 4973 nostri'qtioque
1956 4918 2087 4958 eon-

439 4965 575 5044 cives
594 4963 659 5044 _irt
693 4963 821 5020 urbe
864 4963 1175 5044 Mediolano
1216 4963 1528 5044 vel'extra,
1555 4963 1922 5044 icomphlrioiw
1965 4989 2088 5031 vero

439 5036 606 5117 nostri
634 5036 871 5117 inrepit!)
900 5034 1111 5117 Italico,
1163 5050 1277 5117 quis
1302 5042 1434 5117 _ipse
1480 5034 1715 5117 vitiive!
1759 5045 2090 5117 quemadmo-

406 5138 415 5143 -
443 5109 626 5183 dum}:
652 5102 943 5183 videntibus
974 5109 1055 5183 vei
1070 5102 1232 5183 patilo
1259 5102 1478 5170 ultérius
1507 5113 1705 5171 audivi.

514 5176 725 5323 ((1156))1h,
772 5178 823 5306 15,
872 5176 1139 5252 Semel'r,
1194 5182 1251 5253 3,
1312 5185 1598 5258 privilegia
1634 5182 1896 5244 Ecclesiae
1934 5186 2088 5247 citat.

514 5321 630 5390 (l7)
662 5324 753 5389 111,
790 5322 876 5389 14,
905 5322 996 5381 21.

520 5392 762 5465 (18)]11,
810 5394 895 5463 12,
925 5395 1017 5465 2o,
1057 5396 1149 5453 22.
1450 5456 1459 5457 ί

524 5463 647 5542 (19)
696 5465 862 5542 Libro
892 5468 975 5542 _ad
1003 5463 1270 5536 amicum,
1311 5485 1473 5542 quem
1510 5470 1699 5530 OEfele
1737 5466 1912 5530 edidit
1944 5472 2095 5530 inter

451 5535 546 5593 ss.
576 5535 776 5594 Rerum
808 5539 1117 5609 Boicarum,
1159 5546 1201 5598 ι.
1241 5543 1309 5599 ιι.

524 5606 627 5680 (eo)
672 5609 762 5674 ιιι,
800 5610 885 5668 le.

2171 4564 2434 4624 editionis
2462 4577 2619 4620 novae
2650 4560 2940 4619 convertit.

2246 4656 2289 4727 l)
2314 4652 2797 4719 Schonbornianus,
2817 4646 3261 4707 Pommersfelda:
3281 4654 3547 4716 servatus,
3572 4660 3628 4704 ιι.
3648 4645 3818 4716 2802,

2168 4746 2309 4804 mbr.
2345 4758 2464 4816 qu.,
2494 4756 2626 4799 saec.
2655 4756 2754 4798 x111
2784 4740 2841 4795 in
2868 4736 3024 4796 italia
3051 4739 3312 4810 scriptus,
3345 4738 3593 4796 continet
3618 4736 3824 4796 Arnul-

2246 4832 2367 4906 (21)
2410 4833 2523 4906 III,_
2538 4830 2622 4906 14.

2244 4899 2355 4973 (22)
2379 4907 2470 4970 ιιι,
2508 4902 2593 4971 12,
2631 4900 2715 4970 13,
2752 4899 2838 4969 16,
2875 4900 2959 4957 17.

2264 4974 2351 5043 23)
2383 4978 2473 5043 Ill,
2513 4974 2567 5030 8.

2263 5043 2348 5116 24)
2387 5048 2448 5104 c.
2487 5044 2571 5112 16,
2608 5043 2692 5097 17.

2263 5118 2443 5183 25)(1.
2483 5116 2566 5171 17.

2244 5185 2351 5256 (26)
2390 5190 2482 5255 11],
2502 5185 2597 5242 lin.

2247 5260 2355 5331 (27)
2386 5260 2449 5316 v.
2479 5256 2536 5314 7.

2250 5329 2374 5384 (28)
2416 5330 2478 5384 v.
2510 5328 2536 5382 ρ

2340 5261 2355 5325 l

2245 5328 2753 5474 ((2203)Eg‘1’tv3ckluug
2780 5399 2881 5458 der
2900 5397 3227 5471 Verfassuhg
3256 5399 3356 5456 der
3374 5396 3566 5457 Lomb.
3588 5395 3821 5459 St‘aedte.

2176 5473 2374 5676 ἓξὲξ)ὶῇ
2391 5470 2692 5672 11153631132};
2719 5544 2821 5603 der
2855 5540 3317 5603 Lombardischen
3365 5542 3821 5602 Stadteiieiheit.
