4104 6172
323 290 429 347 285

1290 290 1500 348 GESTA
1537 288 1953 347 ARCHIEPISC.
1994 289 2358 349 MEBIOLAN.
2400 322 2472 334 -
2513 292 2639 350 LIB.
2680 296 2723 350 Ι.

3590 296 3697 355 286

323 419 431 475 tum
459 429 618 473 manu
649 415 913 472 continua
934 419 1244 485 exaratum,
1264 421 1378 473 tum
1401 416 1506 472 alia
1525 429 1688 471 manu
1707 415 1961 472 Ottonem
1980 416 2211 476 Abinis.
2255 418 2514 476 Continet
2542 417 2864 477 Landult’um
2905 425 2962 477 et
3000 424 3126 492 post
3180 421 3327 480 hunc
3364 423 3688 494 Amulium;

325 509 614 565 lorenam.
673 507 864 576 Neque
930 505 1057 561 libri
1098 518 1281 577 neque
1318 506 1498 577 capita
1526 506 1960 577 distinguuntur,

324 611 498 667 neque
538 595 781 666 cap-itum
821 594 1036 651 indices
1065 595 1355 666 leguntur;
1398 601 1453 651 at
1490 596 1585 651 ubi
1632 596 1687 651 in
1735 594 1965 665 reliquis

325 687 501 757 capita
539 685 833 755 incipiunt,
875 684 966 741 hic
994 685 1169 741 codex
1207 684 1530 756 plerumque
1556 684 1751 755 majori
1780 684 1963 739 littera

325 777 502 848 posita
530 788 723 831 novam
763 773 961 830 lineam
991 774 1206 845 incipit.
1246 776 1450 831 Textus
1496 774 1769 846 egregius,
1800 787 1963 844 quem

323 866 501 924 ubivis
523 865 638 922 fere
670 866 845 921 secuti
875 879 1081 921 sumus.

389 955 440 1025 2)
499 954 773 1021 Estenst's,
837 968 869 1010 a
934 954 1005 1010 cl.
1063 955 1362 1011 Muratorio
1400 954 1457 1010 in
1506 966 1661 1011 usum
1714 958 1961 1022 vocatus,

316 1044 526 1101 saeculo
564 1059 684 1112 x111,
744 1049 895 1099 certe
948 1055 1061 1100 non
1100 1043 1412 1114 antiquior,
1471 1045 1631 1115 cujus
1685 1042 1965 1114 specimen

316 1134 476 1191 dedit
504 1134 640 1189 Mur.
673 1133 765 1189 SS.
796 1134 885 1200 IV,
917 1148 973 1204 p.
1002 1133 1058 1189 5.
1100 1133 1495 1204 Inscriptiones
1541 1133 1782 1203 capitum
1831 1146 1967 1202 quas

314 1239 389 1281 ex
425 1223 531 1279 hoc
560 1222 754 1279 codice
786 1223 922 1279 Mur.
952 1223 1183 1294 recepit,
1217 1237 1339 1279 cum
1379 1224 1436 1278 in
1485 1222 1714 1292 reliquis
1761 1222 1965 1279 codici-

318 1315 427 1369 bus
454 1312 640 1368 desint
674 1315 731 1368 et
768 1326 800 1368 a
828 1311 1056 1369 librario
1085 1312 1288 1369 additae
1318 1326 1439 1368 esse
1471 1311 1783 1380 videantur,
1825 1327 1969 1383 qua-

313 1402 403 1458 les
439 1401 688 1457 etiamin
716 1400 843 1457 cod.
882 1402 905 1455 1
950 1401 1152 1472 passim
1180 1401 1238 1456 in
1278 1400 1522 1473 margine
1569 1402 1825 1470 ascripta
1874 1416 1966 1457 re-

314 1490 614 1562 periuntur
644 1532 659 1557 ,
724 1489 886 1547 initio
951 1489 1173 1561 quidem
1246 1489 1394 1546 inter
1466 1490 1644 1545 varias
1700 1489 1968 1549 lectiones

312 1579 738 1647 adnotavimus,
797 1584 991 1650 postea
1046 1593 1275 1651 prorsus
1329 1579 1649 1650 abiecimus.
1709 1581 1966 1638 Codicem

314 1683 433 1740 quo
463 1668 793 1726 Muratorius
838 1668 896 1723 in
940 1667 1186 1724 editione
1223 1683 1323 1725 sua
1369 1668 1689 1726 adornanda
1745 1671 1969 1739 potissi-

2044 506 2214 563 assuti
2252 514 2379 563 sunt
2418 509 2812 579 quaterniones
2847 508 2882 562 4
2912 523 3105 566 manus
3144 510 3305 581 plane
3354 511 3515 582 allus,
3554 515 3694 572 Lan-

2046 595 2253 653 dulfum
2288 598 2565 667 juniorem
2607 604 2662 654 et
2701 599 3012 669 passionem
3063 600 3117 655 S.
3158 600 3366 658 Arialdi
3405 604 3695 661 continen-

2046 692 2149 742 tes.
2190 688 2291 744 Hic
2320 693 2404 743 est
2440 687 2534 744 ille
2566 702 2729 759 quem
2767 689 2911 744 Socii
2960 689 3193 745 Palatini
3231 691 3301 745 Μ.
3341 697 3560 757 vocant,
3594 693 3692 749 sed

2046 787 2237 845 parum
2303 783 2557 833 accurate
2615 777 2988 835 contulerunt.
3050 778 3362 837 Membrana
3420 795 3487 837 ex
3541 790 3696 853 parte

2048 864 2316 935 rescripta
2354 869 2475 933 est;
2526 880 2649 937 quae
2680 864 2862 923 deleta
2890 872 3040 935 sunt,
3081 867 3454 924 characterem
3511 870 3695 940 diplo-

2047 961 2248 1009 matum
2280 969 2325 1010 s.
2357 969 2453 1010 xm
2481 954 2739 1012 exhibent
2777 956 2997 1023 omnia;
3053 969 3120 1012 ex
3177 958 3378 1028 quibus
3406 957 3698 1030 legendum

2048 1046 2169 1098 est:
2202 1043 2402 1098 Datum
2429 1047 2484 1099 ut
2510 1058 2691 1115 supra.
2734 1044 2930 1100 Libros
2968 1044 3137 1100 habet
3172 1051 3307 1111 tres,
3348 1047 3518 1104 rubro
3558 1061 3700 1118 prae-

2048 1131 2325 1202 scriptos;
2356 1132 2596 1203 capitum
2626 1130 2910 1190 distinctio
2940 1130 3110 1201 nulla,
3152 1134 3248 1191 sed
3298 1136 3455 1207 signa
3502 1151 3692 1194 eorum

2049 1221 2217 1277 rubra
2253 1222 2559 1292 saepissime
2597 1221 2770 1278 textui
2820 1223 3084 1279 continuo
3124 1221 3457 1294 interposuit
3493 1227 3697 1296 scriba,

2051 1315 2216 1381 prout
2244 1310 2349 1380 ipsi
2380 1310 2606 1383 placuit.
2640 1311 2825 1369 Codex
2862 1326 3025 1384 quem
3057 1311 3393 1383 descripsit,
3448 1315 3538 1371 hic
3585 1316 3701 1374 illic

2050 1406 2336 1456 correctus
2382 1406 2519 1468 erat,
2552 1402 2627 1456 ita
2665 1406 2725 1457 ut
2772 1401 2969 1459 melior
3005 1415 3111 1459 vox
3159 1409 3305 1459 esset
3352 1406 3701 1475 superposita

2050 1502 2173 1545 cum
2211 1489 2381 1547 verbo
2430 1490 2529 1558 vel,
2571 1491 2720 1561 quod
2765 1504 2876 1547 non
2919 1490 3237 1563 intelligens
3282 1493 3464 1549 scriba
3508 1506 3698 1551 vocem

2050 1584 2337 1650 utramque
2384 1578 2441 1634 in
2488 1585 2698 1636 textum
2748 1581 2978 1651 recepit.
3038 1582 3241 1637 Textus
3286 1581 3461 1638 multo
3519 1582 3700 1639 minus

2050 1669 2231 1726 bonus
2259 1683 2419 1739 quam
2458 1668 2823 1740 reliquorum.
2855 1670 2935 1725 Ad
2968 1670 3264 1742 marginem
3305 1684 3498 1727 manus
3526 1686 3573 1727 s.
3605 1687 3697 1728 xv1

314 1772 467 1816 mum
499 1773 631 1815 usus
656 1762 763 1825 est,
785 1759 985 1815 iterum
1014 1757 1267 1815 conferre
1297 1759 1632 1829 superﬂuum
1650 1759 1960 1816 videbatur.
1982 1750 2031 1811 B
2052 1758 2256 1830 saepius
2285 1759 2535 1829 quaedam
2564 1759 2866 1828 adnotavit,
2899 1760 3292 1833 chronologica
3322 1759 3575 1817 maxime.

392 1848 470 1915 [3]
512 1849 839 1915 Sitonianus,
889 1850 1046 1919 cujus
1082 1847 1456 1919 apograpbum
1494 1848 1765 1905 beneﬁcio
1811 1851 1970 1906 Joan-

314 1939 410 1994 nis
442 1937 513 1994 de
549 1937 760 1995 Sitonis
787 1937 1094 1993 Leibnitius
1122 1942 1317 1995 nactus
1345 1945 1468 2007 est;
1500 1937 1649 1995 aliud
1688 1940 1970 2011 exemplar

310 2042 382 2084 ex
416 2028 613 2083 eodem
643 2027 837 2083 codice
865 2029 1196 2084 Muratorius
1224 2043 1275 2085 a.
1315 2029 1451 2082 1699
1487 2030 1634 2100 apud
1680 2030 1967 2088 Camillum

309 2118 591 2185 Sitonum,
622 2118 849 2174 Joannis
878 2122 1109 2189 patrem,
1161 2120 1527 2190 transcripsit,
1579 2121 1728 2191 quod
1778 2127 1969 2192 postea

309 2222 425 2278 ope
455 2207 584 2264 cod.
616 2206 862 2263 Estensis
891 2206 1220 2264 emendavit.
1252 2209 1468 2265 Tertius
1496 2215 1552 2265 et
1575 2216 1804 2280 quartus
1828 2210 1971 2267 liber

308 2298 391 2353 ibi
447 2297 505 2351 in
562 2309 730 2351 unum
769 2295 1038 2351 contracti
1081 2302 1250 2366 sunt;
1291 2299 1530 2368 capitum
1578 2299 1971 2370 inscriptiones

309 2385 509 2443 nullae.
551 2387 662 2441 Nos
698 2399 823 2455 qua:
871 2385 1016 2455 apud
1064 2384 1397 2442 Leibnitium
1444 2388 1651 2458 pariter
1696 2402 1760 2444 ac
1800 2390 1973 2445 Mura-

308 2476 525 2532 torium
554 2474 810 2546 leguntur
836 2473 872 2528 3
891 2474 1244 2545 signavimus,
1285 2492 1409 2547 quas
1439 2478 1499 2532 L.
1522 2477 1674 2534 solus
1703 2478 1869 2534 habet
1889 2479 1968 2534 3a.

389 2564 465 2634 [4]
507 2563 819 2619 Archinteus
848 2578 917 2619 ex
954 2578 1063 2635 quo
1103 2564 1244 2621 duos
1269 2565 1493 2622 ultimos
1529 2566 1703 2622 libros
1731 2567 1976 2638 descrip—

312 2660 517 2710 serunt
551 2652 637 2709 5*.
669 2651 795 2708 82*.
827 2651 899 2708 cf.
932 2653 1000 2709 ad
1031 2670 1093 2709 111
1124 2654 1216 2709 ﬁn.
1251 2654 1477 2722 Eodem,
1528 2655 1820 2712 deﬁciente
1868 2659 1972 2712 Pa-

315 2742 526 2812 piensi,
555 2743 605 2797 J.
637 2742 698 2797 P.
732 2742 1040 2798 Puricellus
1067 2757 1201 2799 usus
1230 2749 1313 2799 est
1348 2741 1496 2816 (31).
1536 2746 1781 2812 Quatuor
1818 2744 1978 2801 libris

314 2830 621 2886 distinctus
648 2828 817 2886 fuisse
836 2830 1072 2900 videtur,
1102 2832 1176 2887 ita
1196 2837 1258 2888 ut
1279 2848 1341 2887 111
1363 2839 1418 2888 et
1439 2848 1494 2887 1v
1514 2847 1681 2889 unum
1712 2832 1972 2902 efﬁciant,

316 2936 348 2971 ι’
383 2924 620 2989 quartus
671 2926 917 2976 vocetur.
965 2922 1218 2977 Proxime
1265 2922 1481 2979 accedit
1518 2922 1585 2978 ad
1626 2928 1831 2979 textum
1871 2925 1978 2980 Mu-

318 3008 687 3074 ratorianum,
720 3009 905 3080 itaque
935 3010 1002 3065 ad
1034 3010 1089 3066 2.
1121 3009 1175 3064 3.
1207 3012 1457 3081 Capitum
1489 3011 1772 3068 distinctio
1803 3012 1972 3069 nulla.

2118 1850 2159 1905 Β
2195 1847 2279 1921 1“)
2311 1848 2555 1906 Ambros.
2588 1862 2647 1905 n.
2688 1848 2808 1917 128,
2842 1850 3019 1906 cbart.
3052 1864 3171 1921 qu.,
3208 1864 3254 1906 s.
3286 1865 3399 1906 xvn
3428 1865 3540 1919 ex.,
3564 1850 3703 1908 Lau-

2049 1935 2258 1994 dulfum
2290 1938 2541 1993 continet
2589 1943 2645 1993 et
2691 1939 3009 2009 postshunc
3055 1937 3361 2006 Arnulfum,
3395 1953 3558 2009 quem
3601 1954 3701 1996 ex-

2049 2026 2271 2098 scripsit
2300 2041 2367 2084 ex
2395 2029 2441 2082 B
2467 2026 2485 2079 1
2520 2046 2535 2094 ;
2585 2027 2792 2083 nullius
2820 2041 2955 2099 ergo
2985 2028 3271 2084 momenti.

2124 2118 2186 2181 [Β
2222 2115 2302 2183 2.]
2351 2116 2643 2188 Papiensis,
2686 2131 2754 2172 ex
2800 2131 2911 2187 quo
2955 2120 3005 2173 Ι.
3056 2119 3115 2173 Ρ.
3166 2116 3473 2174 Puricellus
3519 2117 3704 2188 aliqua

2046 2204 2283 2276 protulit
2312 2206 2368 2261 in
2407 2206 2551 2261 Men.
2586 2204 2751 2261 Basil.
2781 2205 3155 2263 Ambrosianm
3192 2206 3327 2277 (34),
3358 2200 3519 2277 plura
3549 2207 3608 2261 in
3636 2205 3705 2263 li-

2051 2293 2153 2350 bro
2184 2294 2252 2350 de
2281 2295 2372 2350 SS.
2404 2294 2627 2351 Arialdo
2654 2299 2710 2350 et
2738 2294 3150 2369 Herlembaldo.
3180 2296 3260 2350 Ex
3288 2295 3396 2352 hoc
3427 2295 3602 2350 ﬂuxit.

2122 2384 2164 2438 B
2191 2381 2267 2454 2')
2298 2382 2675 2438 Ambrosianus
2721 2383 2838 2449 157,
2870 2384 2960 2438 ch.
3002 2382 3123 2450 fol.,
3165 2388 3348 2439 antea.
3389 2382 3524 2437 1675
3553 2381 3701 2439 Petri

2044 2473 2209 2528 Pauli
2232 2473 2459 2529 Boscbae
2490 2487 2653 2529 manu
2685 2473 2995 2543 exscriptus
3013 2487 3080 2529 ex
3109 2487 3210 2529 ms.
3234 2472 3472 2544 quodam
3507 2492 3532 2521 α
3555 2472 3705 2542 quod

2053 2562 2245 2631 accepi
2300 2577 2331 2617 a
2384 2562 2441 2617 d.
2498 2563 2714 2619 Matheo
2770 2563 2988 2619 Valerio
3054 2563 3358 2619 Cartbusiae
3420 2561 3705 2632 Papiensis

2058 2650 2262 2721 priore.
2304 2651 2410 2707 Sed
2442 2651 2580 2708 illud
2612 2657 2821 2708 tantum
2852 2658 2965 2708 tres
3000 2652 3217 2723 priores
3256 2652 3429 2709 libros
3456 2651 3707 2708 contine-

2055 2741 2215 2795 bat...
2239 2748 2495 2810 quartum
2536 2741 2736 2797 librum
2782 2746 2975 2798 nactus
3003 2755 3124 2798 sum
3167 2742 3225 2797 in
3260 2740 3374 2798 alio
3406 2740 3705 2811 exemplari

2058 2828 2276 2899 quod...
2335 2829 2709 2900 suppeditavit
2764 2843 2951 2886 comes
2995 2829 3250 2886 Octavius
3301 2830 3620 2887 Archintus.
3674 2847 3703 2880 »

2056 2918 2137 2974 Ad
2186 2917 2422 2973 litteram
2470 2916 2584 2975 fere
2631 2932 2756 2975 cum
2803 2919 2903 2974 Bt
2956 2920 3237 2985 convenit,
3276 2918 3373 2975 sed
3412 2916 3710 2988 aliquoties

2058 3006 2226 3062 habet
2255 3022 2377 3077 quae
2409 3007 2490 3063 illi
2522 3008 2743 3075 desunt,
2769 3008 2843 3063 ita
2873 3012 2932 3064 ut
2962 3022 3028 3063 ex
3055 3009 3178 3078 ipso
3200 3009 3244 3063 B
3270 3009 3291 3062 1
3323 3014 3562 3079 nequeat
3586 3019 3709 3063 esse

394 3097 477 3163 [5]
509 3097 928 3170 Metropolitum
974 3098 1100 3154 eccl.
1148 3080 1575 3168 Mediolanensis,
1626 3101 1971 3170 Landult‘um,
1995 3080 2388 3167 Cdescriptus.
2438 3097 2630 3168 Capita
2676 3096 2733 3154 in
2782 3096 3036 3168 Papiensi
3084 3110 3196 3154 non
3234 3097 3494 3155 distincta
3541 3095 3710 3154 fuisse

318 3186 611 3244 Arnulfum
637 3231 651 3255 ,
721 3188 1029 3261 catalogum
1066 3190 1650 3260 archiepiscoporum,
1692 3205 1723 3246 a
1778 3193 1971 3248 Μαι-ιιι.

319 3279 412 3342 1V,
455 3275 575 3344 141,
608 3276 837 3345 editum,
870 3279 1162 3335 continens
1202 3277 1351 3351 (32),
1383 3278 1576 3337 habuit
1613 3284 1823 3336 tantum
1863 3287 1978 3336 tres

320 3366 548 3436 priores
576 3365 771 3433 libros,
810 3368 908 3424 sed
939 3374 1169 3439 pr0pter
1204 3368 1496 3425 verborum
1536 3383 1659 3426 cum
1698 3369 1979 3440 prioribus

320 3455 745 3513 similitudinem
776 3456 864 3513 bis
892 3461 977 3513 est
1013 3457 1478 3523 adnumerandus,
1518 3464 1573 3515 et
1615 3458 1775 3516 initio
1814 3459 1981 3515 habet

324 3544 622 3615 prologum
665 3553 721 3602 et
748 3547 1050 3618 catalogos.
1100 3548 1200 3604 Hic
1238 3562 1269 3604 a
1307 3548 1483 3605 Sociis
1520 3547 1782 3605 Palatinis
1825 3547 1981 3604 adbi-

331 3636 487 3692 bitus
518 3640 623 3705 est,
656 3637 753 3693 sed
784 3650 930 3694 nunc
976 3636 1177 3695 frustra
1225 3653 1257 3694 a
1303 3639 1642 3695 Betbmanno
1691 3637 1977 3708 quaesitus.

398 3724 494 3797 5")
557 3726 685 3783 Cod.
744 3727 988 3783 sereniss.
1040 3727 1186 3785 ducis
1241 3729 1393 3786 Lith
1453 3727 1887 3796 Mediolauensis,
1926 3741 1981 3785 a.

335 3813 477 3868 1703
506 3823 780 3884 exaratus,
823 3817 997 3873 cbart.
1030 3816 1185 3887 folio,
1228 3832 1391 3875 manu
1421 3819 1701 3886 continua,
1733 3818 1985 3875 continet

224 3918 230 3926 '
327 3903 659 3974 Amulium,
700 3906 1027 3964 Landult‘um
1092 3908 1367 3965 seniorem
1424 3915 1479 3965 et
1531 3909 1828 3980 juniorem,
1869 3913 1984 3964 tum

326 3992 442 4048 alia
470 3994 721 4064 quaedam
751 4010 912 4051 manu
942 3995 1048 4053 alia
1086 3997 1325 4070 alligata.
1363 3998 1631 4069 Arnulphi
1680 4002 1794 4054 trcs
1841 3996 1989 4069 prio-

328 4097 425 4138 res
454 4082 629 4140 libros
658 4098 724 4141 ex
750 4084 786 4139 5
815 4084 1128 4157 descripsit,
1160 4102 1218 4143 1v
1247 4092 1302 4143 et
1330 4103 1365 4141 v
1393 4101 1461 4143 ex
1488 4086 1544 4142 4.

405 4172 473 4226 ili
503 4172 674 4242 igitur
699 4173 945 4244 codices,
977 4180 1210 4246 excepto
1247 4174 1302 4244 5,
1336 4180 1509 4233 totum
1559 4188 1700 4246 opus
1749 4174 1989 4246 comple-

332 4266 581 4328 ctuntur,
605 4269 660 4318 et
678 4263 839 4320 initio
861 4265 1202 4335 praemittunt
1223 4265 1509 4337 prologum
1530 4280 1653 4322 cum
1673 4264 1990 4323 nominibus

333 4363 526 4420 regum
557 4357 613 4407 et
641 4352 1221 4425 archiepiscoporum;
1274 4369 1398 4425 quae
1447 4354 1646 4411 desunt
1694 4353 1986 4410 codicibus

2058 3185 2267 3242 Boscha
2297 3184 2453 3243 dicit.

2129 3272 2336 3330 Arnulﬁ
2384 3288 2525 3344 opus
2567 3274 2661 3331 diu
2686 3275 2747 3331 in
2792 3274 3147 3332 bibliothecis
3175 3273 3417 3345 delituit,
3450 3276 3709 3334 Mediola-

2060 3362 2327 3419 nensibus
2372 3368 2583 3419 tantum
2630 3364 2998 3434 scriptoribus
3041 3371 3254 3431 notum,
3294 3370 3356 3420 ut
3399 3364 3708 3422 Gualvaueo

2062 3451 2131 3508 de
2163 3450 2213 3507 la
2243 3451 2481 3508 Flamma
2510 3454 2606 3523 qui
2645 3468 2691 3508 s.
2723 3468 2815 3509 xrv
2854 3467 2922 3508 ex
2948 3451 3178 3509 Arnult‘o
3219 3471 3248 3505 α
3277 3453 3425 3523 apud
3453 3454 3510 3509 S.
3542 3455 3713 3511 Naza-

2061 3542 2203 3598 rium
2227 3563 2252 3592 »
2286 3543 2342 3597 in
2372 3542 2708 3613 Manipulum
2748 3542 2968 3599 Florum
2998 3572 3070 3583 ——
3106 3556 3231 3598 nam
3260 3543 3367 3599 alia
3394 3545 3516 3614 ejus
3544 3558 3713 3615 opera

2064 3628 2273 3686 inedita
2301 3638 2589 3687 servantur
2616 3661 2687 3672 ——
2723 3631 2988 3689 nonnulla
3026 3632 3393 3704 transcripsit,
3422 3633 3521 3689 sed
3563 3639 3712 3690 tanta

2065 3736 2198 3777 usus
2227 3720 2471 3789 licentia,
2506 3724 2566 3776 ut
2603 3720 2669 3777 ad
2700 3720 2875 3778 verba
2910 3721 3118 3778 Arnulﬁ
3158 3723 3544 3794 cognoscenda
3581 3723 3713 3780 nul-

2066 3810 2174 3866 lius
2220 3810 2292 3866 sit
2337 3810 2625 3881 utilitatis;
2673 3826 2721 3867 s.
2752 3826 2824 3867 xv
2854 3826 2940 3867 ex.
2989 3810 3276 3869 Tristanus
3321 3813 3551 3871 Calchas
3586 3827 3713 3871 cum

2066 3900 2215 3956 inter
2250 3905 2506 3957 auctores
2543 3914 2675 3958 suos
2711 3902 3179 3970 commemoravit,
3210 3902 3310 3959 sed
3358 3908 3541 3960 tamen
3588 3916 3713 3961 cum

2067 3990 2299 4061 reliquis
2339 3990 2632 4047 Flammam
2679 3992 2837 4062 sequi
2880 3992 3090 4048 maluit.
3124 3994 3371 4050 Innotuit
3417 3994 3580 4050 etiam
3622 4008 3720 4052 au-

2069 4080 2211 4136 ctori
2231 4079 2368 4135 Vitae
2398 4080 2673 4135 Mathildis
2701 4081 2795 4151 qui
2826 4079 2903 4152 (in
2928 4080 3188 4137 Leibnitli
3217 4082 3327 4140 SS.
3356 4083 3466 4138 RR.
3489 4083 3715 4138 Bmusv.

2070 4171 2120 4236 Ι,
2151 4166 2273 4233 694)
2304 4183 2355 4224 c.
2386 4167 2443 4237 5,
2464 4167 2521 4236 4,
2553 4169 2844 4240 exscripsit
2866 4183 2933 4225 ex
2954 4170 3098 4227 libro
3130 4188 3162 4222 «
3192 4171 3288 4241 qui
3318 4170 3523 4227 dicitur
3551 4169 3717 4242 Copia

2070 4256 2367 4330 Lauda-Iphi
2413 4258 2477 4314 de
2505 4259 2567 4316 S.
2601 4257 2789 4324 Paulo,
2824 4280 2849 4309 ι
2883 4274 3007 4315 cum
3053 4272 3164 4329 quo
3208 4260 3417 4316 Arnulﬁ
3475 4258 3717 4316 Historia

2072 4347 2276 4417 saepius
2305 4346 2583 4417 descripta
2614 4361 2733 4403 esse
2762 4346 2999 4403 videtur.
3033 4349 3230 4403 Postea
3256 4347 3303 4402 J.
3329 4349 3388 4403 P.
3413 4347 3718 4403 Puricellus

334 4454 480 4510 quos
507 4442 568 4497 Β.
599 4455 879 4512 vocamus,
902 4449 1016 4500 tres
1034 4449 1244 4501 tantum
1265 4443 1440 4501 libros
1461 4444 1677 4515 priores
1696 4444 1984 4502 continen-
2003 4433 2053 4492 D
2074 4450 2121 4492 8.
2162 4451 2295 4491 XVII-
2344 4436 2570 4493 Amulio
2618 4435 2844 4492 multum
2892 4450 3025 4492 usus
3070 4441 3154 4492 est
3186 4434 3334 4507 (35).
3365 4436 3463 4493 Sed
3503 4436 3717 4507 ίοιθειτί

335 4530 508 4599 tibus,
540 4532 836 4604 verbisque
864 4533 940 4589 ita
971 4548 1365 4605 nonnunquam
1396 4548 1428 4589 a
1457 4534 1676 4590 caeteris
1717 4533 1987 4591 receden-

338 4619 506 4689 tibus,
541 4627 602 4678 ut
638 4622 881 4694 priorem
921 4625 1107 4694 operis
1144 4624 1445 4683 editionem
1493 4623 1652 4681 facile
1700 4638 1987 4696 agnoscas.

410 4709 502 4780 Bl)
546 4710 675 4767 Cod.
726 4712 996 4768 Francisci
1045 4711 1258 4770 Castalii
1285 4728 1331 4770 s.
1371 4711 1591 4772 Mediol.
1623 4711 1856 4770 ecclesia
1896 4728 1990 4771 or-

340 4799 540 4855 dinarii
579 4800 735 4868 1574,
777 4799 979 4858 deinde
1024 4802 1095 4859 Α.
1145 4805 1215 4859 D.
1262 4802 1717 4876 archipresbytero
1764 4802 1989 4863 Mediol.

341 4889 632 4945 Octaviano
662 4890 932 4959 Forrerio,
974 4897 1099 4962 post
1129 4892 1358 4964 capituli
1383 4892 1807 4950 Mediolauensis
1829 4936 1846 4964 ,
1896 4894 1994 4950 de-

342 4978 512 5051 nique
540 4992 594 5034 a.
633 4978 788 5048 1822,
821 4980 1030 5038 relatus
1056 4982 1203 5039 inter
1230 4982 1606 5039 Ambrosianus
1636 4998 1692 5040 n.
1723 4983 1815 5053 89,
1846 4984 1988 5042 mbr.

343 5084 464 5140 qu.,
504 5085 550 5126 s.
584 5085 675 5127 11v
705 5084 867 5127 manu
907 5072 1169 5129 continua
1221 5079 1492 5141 exaratus,
1548 5072 1671 5146 (33)
1723 5073 1996 5133 columnis

415 5249 529 5327 (311
562 5253 707 5327 lion.
747 5254 909 5310 Basil.
944 5256 1155 5321 Ambr.,
1190 5271 1245 5327 p.
1277 5258 1404 5315 461.

418 5321 542 5403 £32)
578 5326 784 5403 Eodem
833 5330 1017 5385 omnia
1062 5321 1382 5389 charactere
1434 5330 1660 5403 scripta,
1712 5332 1900 5402 itaque
1936 5347 1989 5388 a.

354 5393 486 5450 1176
515 5393 831 5475 posterior;
866 5417 920 5459 v.
955 5403 1147 5475 Murat.
1177 5404 1457 5462 Anecdota
1486 5393 1692 5469 1.237.
1745 5393 1995 5475 Scriptu-

348 5481 458 5548 ram
495 5476 552 5527 et
606 5472 986 5532 cbaractcrum
1020 5474 1267 5548 formam
1315 5477 1478 5548 hujus
1524 5476 1647 5548 cod.
1682 5483 1737 5532 et
1764 5472 1891 5533 cod'.
1932 5478 1992 5534 B.

356 5536 400 5593 1.
425 5555 593 5623 unam
635 5558 776 5623 pene
798 5547 1124 5623 et_e_amdcm
1156 5562 1297 5616 esse,
1332 5536 1543 5623 p.'238.
1569 5547 1723 5604 dicit.
1756 5551 1886 5616 Quae
1910 5564 1996 5605 rc-

354 5615 483 5678 petit
515 5615 607 5669 SS.
650 5617 739 5682 ιν,
772 5632 826 5686 p.
860 5618 951 5672 51.
1332 5615 1346 5619 ’
1434 5620 1455 5635 ‘

2073 4526 2193 4596 ejus
2231 4526 2472 4582 Historia
2520 4526 2756 4597 primum
2786 4524 2995 4597 prodiit
3022 4539 3074 4583 a.
3113 4524 3242 4580 1711
3277 4525 3425 4582 inter
3460 4524 3718 4583 Leibnitii

2072 4614 2382 4686 Scriptores
2418 4617 2621 4673 Rerum
2659 4616 3158 4682 Brunsvicensium,
3191 4620 3341 4672 tomo
3366 4616 3459 4683 111,
3486 4630 3559 4673 ex
3584 4627 3720 4685 apo-

2072 4704 2284 4776 grapho
2314 4705 2597 4763 Sitoniano
2628 4706 2755 4778 (36).
2786 4706 3045 4778 Ejusdem
3074 4703 3200 4763 cod.
3233 4705 3512 4776 exemplar
3532 4718 3721 4761 emen-

2074 4793 2261 4851 datum
2290 4810 2358 4852 ex
2402 4795 2619 4853 Estensi
2667 4796 2996 4871 Muratorius
3032 4794 3336 4851 transmisit
3366 4795 3541 4852 sociis
3568 4794 3723 4852 Pala-

2075 4884 2225 4952 tinis,
2276 4886 2392 4956 qui,
2442 4885 2646 4943 additis
2701 4884 3032 4955 lectionibus
3087 4883 3414 4956 quibusdam
3462 4884 3720 4944 codicum

2076 4974 2412 5047 metrOpolit.
2435 4973 2471 5029 5
2499 4980 2555 5031 et
2583 4977 2629 5031 Β
2660 4973 2709 5042 1,
2734 4980 2790 5031 et
2818 4973 3211 5051 commentario
3240 4987 3351 5031 non
3381 4974 3720 5045 spernendo,

2075 5066 2180 5124 etsi
2211 5079 2358 5122 nunc
2389 5078 2500 5122 non
2529 5064 2698 5121 multa
2726 5063 2856 5119 inde
2896 5068 3148 5134 repetere
3186 5064 3550 5134 potuerimus,
3581 5062 3721 5122 illud

2077 5156 2372 5215 ediderunt
2399 5155 2457 5211 in
2488 5154 2616 5211 coll.
2647 5153 2988 5225 Scriptorum
3017 5153 3131 5210 RR.
3159 5152 3281 5209 Ital.
3306 5158 3349 5209 t.
3371 5153 3459 5219 1V,
3481 5166 3532 5208 a.
3563 5151 3718 5212 1723.

2148 5245 2332 5301 Tertia
2370 5246 2481 5315 jam
2529 5248 2717 5301 nostra
2765 5242 2953 5313 prodit
2986 5241 3185 5311 editio,
3215 5242 3285 5299 ad
3331 5241 3492 5298 ﬁdem
3528 5242 3654 5299 cod.
3693 5242 3715 5297 1

2310 5331 2391 5390 Cf.
2424 5332 2620 5406 mura}.
2653 5333 2744 5389 SS.
2774 5333 2866 5388 ιν.

2171 5404 2261 5469 34)
2300 5407 2363 5461 V.
2438 5404 2606 5460 .303.

2152 5405 2255 5549 $35)
2294 5418 2467 5532 Corﬁl.
2499 5475 2626 5549 4,13
2661 5475 2677 5528 1
2721 5474 2979 5549 (Milon.
3009 5472 3195 5531 Ambr.
3234 5488 3293 5545 ιι.
3325 5473 3450 5530 417.
3502 5472 3577 5530 De
3624 5476 3714 5531 SS.

2080 5546 2409 5620 martyribus
2437 5562 2492 5620 p.
2531 5546 2608 5620 10)
2640 5554 2696 5602 et
2725 5548 2765 5602 Β
2792 5547 2846 5603 2.

2156 5616 2257 5689 (36)
2299 5616 2547 5688 Repetita
2579 5618 2635 5674 in
2667 5625 2706 5674 t.
2738 5620 2804 5675 ιν
2833 5618 2994 5674 Thes.
3029 5617 3414 5673 Burmanniani
3454 5616 3611 5671 1772.
