4100 6166
274 5504 280 5511 ’
368 5504 459 5569 B.’
588 5504 1067 5583 "simulant.

357 235 464 291 287

1461 236 1730 297 ARNULF
1734 236 1754 292 Ι
1794 231 2327 296 MEDIOLANENSIS
2362 241 2627 297 CLERlCl

3619 234 3727 291 288

359 366 611 421 correcta
650 360 770 434 (37)
822 376 925 434 per
949 365 1014 420 V.
1046 366 1110 420 Ι).
1150 365 1567 432 Bethmannum,
1600 363 1695 434 qui
1725 359 1850 418 cod.
1890 361 1938 414 Β
1971 357 2064 418 1A
2083 360 2226 419 libro
2244 366 2294 420 J.
2316 367 2377 421 Ρ.
2400 364 2659 423 Puricelli
2680 364 2750 422 de
2780 366 2873 423 SS.
2904 363 3237 435 martyribus
3265 362 3488 419 Arialdo
3515 360 3728 419 Alciato

357 451 535 508 varias
572 450 843 508 lectiones
870 451 1085 510 addidit
1114 467 1326 522 omnes,
1365 454 1485 511 sola
1513 450 1792 509 scribendi
1822 448 2003 504 diver-

358 542 522 597 sitate
552 540 945 611 praetermissa,
974 543 1101 599 cod.
1128 542 1193 597 5*
1221 558 1313 599 eas
1341 557 1466 613 quae
1490 542 1723 611 alicujus
1750 538 2002 595 videren-

360 636 451 685 tur
479 643 599 685 esse
630 632 913 687 momenti.
942 632 1229 689 Librorum
1259 639 1438 688 tamen
1460 630 1815 687 distinctione
1836 641 1997 699 quam

359 725 555 775 auctor
599 718 720 789 ipse
767 719 997 788 indicat,
1038 728 1270 788 retenta,
1304 722 1484 792 capita
1513 734 1636 791 quae
1673 719 1732 774 in
1766 717 1788 771 l
1831 718 2002 787 majo-

361 808 515 864 ribus
543 807 745 864 litteris
773 808 1032 865 distincta
1059 816 1207 875 sunt,
1241 811 1484 867 numeris
1512 809 1817 880 insignivit,
1848 806 1943 878 qui
1973 821 2003 861 a

361 896 606 966 priorum
645 897 918 953 editorum
948 898 1309 955 divisionibus
1351 912 1465 956 non
1499 899 1575 954 ita
1622 896 1911 963 recedunt,
1943 901 2004 950 ut

360 984 564 1041 diversi
613 987 824 1042 numeri
869 986 1108 1043 addendi
1166 986 1390 1043 fuerint.
1449 988 1580 1055 Quae
1636 984 2003 1056 explicatione

360 1076 615 1147 egebant,
656 1075 924 1132 consultis
960 1076 1251 1133 doctorum
1288 1076 1531 1133 virorum
1569 1075 1728 1131 libris
1764 1074 2006 1130 breviter

360 1164 600 1221 enodare
647 1170 877 1222 conatus
921 1179 1063 1234 sum,
1104 1166 1384 1235 praecipue
1432 1178 1562 1222 vero
1611 1163 1904 1220 Bonizonis
1950 1169 2005 1219 et

359 1254 590 1309 Andreae
620 1254 1059 1311 Vallumbrosani
1106 1254 1264 1311 locos
1291 1254 1357 1310 ad
1407 1255 1583 1310 nostri
1630 1255 2005 1310 narrationem

358 1342 736 1399 illustrandam
768 1349 823 1399 et
852 1343 1013 1399 ﬁdem
1045 1346 1164 1414 ejus
1192 1344 1621 1400 conﬁrmandam
1660 1344 1892 1400 idoneos
1921 1345 2005 1399 in-

358 1432 556 1499 dicavi,
590 1439 645 1488 et
675 1448 800 1503 qua:
829 1432 911 1488 illi
940 1433 1101 1490 aliter
1138 1440 1363 1490 narrant
1399 1434 1603 1489 notavi.
1642 1433 1875 1489 Andreae
1911 1447 2007 1489 au-

360 1526 468 1575 tem
502 1520 620 1576 Vita
648 1519 855 1576 Arialdi
885 1535 1008 1577 cum
1036 1522 1113 1577 ita
1141 1522 1199 1577 in
1238 1522 1405 1578 rebus
1442 1521 1706 1578 Ecclesiae
1746 1521 2006 1578 Mediola-

360 1609 548 1665 nensis
593 1617 649 1664 et
696 1609 872 1679 ipsius
916 1610 1125 1666 Arialdi
1165 1612 1337 1682 gestis
1383 1615 1651 1679 versetur,
1682 1618 1743 1667 ut
1780 1611 1837 1666 in
1867 1610 2008 1667 hanc

360 1697 746 1754 collectionem
783 1699 956 1769 recipi
994 1712 1106 1755 non
1135 1700 1353 1769 debeat,
1386 1700 1515 1757 inde
1554 1714 1900 1771 quaecunque
1930 1700 1999 1756 ad
2022 1702 2070 1760 B

362 1799 547 1841 rerum
598 1786 968 1856 cognitionem
1016 1787 1172 1844 utilia
1222 1788 1570 1855 videbantur,
1629 1790 1895 1859 exscripsi
1942 1804 2012 1846 ex

2084 460 2140 508 et
2183 454 2576 512 Herlembaldo
2624 457 2784 512 Cotta
2828 452 3350 510 Mediolanensibus.
3391 450 3532 507 Med.
3572 449 3727 517 1657,

2084 541 2179 598 fol.
2214 544 2332 598 Vita
2359 544 2565 600 Arialdi
2607 544 2736 600 inde
2774 543 3062 612 desumpta
3108 542 3308 598 iterum
3346 541 3495 597 edita
3541 547 3627 595 est
3672 540 3730 595 in

2084 631 2235 688 Actis
2262 634 2354 689 SS.
2385 634 2531 689 Junii
2555 635 2616 700 V,
2642 648 2696 703 p.
2728 629 2986 687 281-303.
3010 633 3085 688 Ea
3114 644 3276 701 quam
3305 628 3613 686 Puricellus
3640 628 3731 683 ad-

2086 720 2227 776 didit
2264 723 2446 791 passio
2476 724 2537 777 B.
2568 720 2775 777 Arialdi
2814 720 3088 791 martyris,
3122 733 3221 789 per
3241 731 3569 789 anonymum
3605 716 3728 788 (38)

2087 812 2419 880 conscripta,
2445 825 2511 867 ex
2532 811 2752 867 Andrea
2780 816 2835 865 et
2864 807 3131 865 Landulfo
3162 812 3278 864 tota
3306 814 3391 865 est
3420 808 3725 877 desumpta,

2087 904 2142 955 et
2189 906 2436 969 tempore
2481 899 2712 955 multum
2760 898 3068 969 posteriore
3099 896 3306 967 scripta
3335 910 3456 953 esse
3492 895 3727 953 videtur.

2226 990 2420 1045 Datum
2448 988 2689 1046 Berolini
2717 1003 2774 1043 vr
2803 988 2884 1045 ld.
2914 989 3041 1043 Jun.
3081 986 3234 1041 1846.

3032 1111 3118 1166 W.
3151 1110 3551 1165 Wu'rerzmcn.

2161 1288 2264 1359 (37)
2293 1290 2461 1359 Cujus
2488 1288 2767 1346 scribendi
2798 1289 3065 1345 rationem
3097 1301 3198 1357 per
3220 1284 3400 1342 omnia
3431 1285 3733 1359 sequimur,

2087 1356 2189 1417 etsi
2236 1356 2493 1417 Italorum
2523 1377 2568 1416 s.
2600 1377 2699 1417 X111
2728 1374 2937 1416 morem
2965 1356 3216 1429 sequitur
3252 1378 3264 1412 :
3313 1370 3443 1429 nam,
3466 1356 3734 1412 Arnulfus

2089 1432 2367 1503 quomodo
2414 1433 2579 1489 verba
2634 1432 2921 1502 scripserit
2976 1428 3274 1503 nescimus.
3330 1428 3738 1499 Diphthongum

2092 1500 2269 1559 tamen
2301 1517 2401 1573 pro
2432 1504 2680 1574 simplice
2712 1500 2944 1574 vocalis
2982 1500 3343 1574 restituimus.

2227 1568 2628 1652 8itidemque
2669 1572 2938 1652 Landulfo
2987 1574 3118 1652 a_S.
3152 1571 3321 1652 Paulo
3351 1568 3739 1652 habuitnl’uri-o

2091 1639 2477 1723 cellus',_nullis
2501 1639 2724 1723 idoneis
2743 1646 3094 1723 argumentis
3123 1644 3296 1708 nisus,
3319 1648 3381 1698 ut
3403 1643 3514 1711 jam
3537 1639 3740 1723 Cimini

2091 1710 2474 1774 animadvertit
2501 1719 2587 1784 1V,
2627 1717 2710 1771 18.
2742 1710 3132 1774 Recentiorum
3163 1723 3346 1771 tamen
3374 1710 3627 1770 nonnulli
3657 1712 3740 1767 in-

2093 1795 2250 1846 caute
2275 1789 2429 1845 illum
2459 1796 2588 1845 sunt
2616 1788 2812 1845 secuti.

613 2156 999 2273 GESTA
1058 1959 2455 2276 ΑΒΟΗΙΕΡΙέἓὲἓὲΒΞΙΜ
2470 2155 3521 2283 EDIOLANENSIUM

1162 2314 1550 2371 EDIDERUNT
1587 2316 1649 2371 L.
1689 2316 1751 2373 C.
1791 2316 2155 2372 ΒΕΤΗΜΑΝΝ
2194 2317 2277 2372 ΕΤ
2314 2317 2402 2373 W.
2434 2306 2928 2373 WATTENBACH.

1856 2498 2251 2586 INCIPIT

558 2652 859 2744 LIBER
917 2654 1451 2746 GESTORUM
1508 2653 2094 2753 REGENTIUM
2152 2654 2284 2745 AB
2339 2655 2811 2748 ARNULFO
2854 2649 2874 2689 ¹
2936 2652 3554 2746 GOMPOSITUS

439 2832 500 2887 In
530 2832 637 2889 hoc
668 2831 811 2889 libro
851 2833 1208 2891 continentur
1243 2838 1395 2906 gesta
1433 2835 1795 2906 quorumdam
1823 2832 2015 2891 Ytaliae
2036 2834 2079 2894 Ο
2101 2834 2413 2904 Walpertus
2441 2835 2586 2891 sedit
2614 2848 2789 2892 annos
2823 2835 2906 2895 18.
3268 2844 3281 2851 ’

367 2933 556 2992 regum
611 2935 676 2976 ac
729 2921 1216 2979 Mediolanensium
1273 2924 1576 2981 antistitum
1604 2967 1618 2992 ,
1675 2939 1706 2978 τι
1762 2928 2011 2993 tempore

370 3011 575 3080 Ugonis
620 3011 767 3081 regis
795 3016 849 3066 et
882 3011 1131 3067 Arderiei
1178 3012 1431 3082 praesulis
1468 3028 1642 3083 usque
1680 3013 1750 3069 ad
1798 3018 2014 3082 tempus

369 3098 678 3168 scriptoris,
704 3104 759 3153 et
786 3100 832 3155 si
861 3114 968 3169 qua
996 3105 1124 3155 sunt
1153 3108 1357 3170 praeter
1385 3101 1505 3158 haec
1533 3102 1639 3157 alia
1666 3102 1779 3158 illis
1807 3103 2012 3159 inserta

369 3187 731 3257 temporibus,
773 3193 940 3258 prout
987 3197 1349 3246 occurrerunt
1394 3192 1674 3248 memoriae
1722 3192 2014 3262 scriptoris

370 3276 636 3361 ejusdem.
668 3278 799 3344 Qum
829 3278 923 3348 qui
953 3278 1097 3334 scire
1127 3278 1426 3348 desiderat,
1462 3280 1606 3352 legat
1635 3295 1735 3352 per
1759 3281 2008 3353 singula;

370 3364 565 3436 procul
614 3364 817 3422 dubio'
863 3365 1125 3433 inveniet,
1170 3367 1315 3423 unde
1364 3374 1552 3438 pascat
1595 3370 1855 3438 animum,
1900 3382 2013 3426 non

372 3454 513 3511 cibis
548 3454 878 3512 lautioribus
907 3460 963 3511 et
995 3457 1257 3527 copiosis,
1289 3457 1387 3514 sed
1417 3458 1566 3516 sanis
1595 3473 1659 3515 ac
1688 3458 2015 3531 digestibili-

371 3544 493 3602 bus.
541 3546 749 3617 Regum
778 3559 910 3602 vero
940 3559 1003 3602 ac
1045 3546 1363 3617 pontiﬁcum
1394 3549 1616 3606 nomina
1652 3550 1857 3621 scripta
1886 3554 2016 3606 sunt

360 3642 487 3692 ante
518 3635 714 3692 oculos
742 3636 1051 3706 subjacenti
1082 3636 1139 3692 in
1169 3637 1368 3709 pagina
1383 3636 1422 3695 ³.

360 3727 478 3797 Ugo
509 3740 607 3781 rex
636 3725 973 3796 Burgundio.

360 3815 616 3871 Lotarius
646 3812 792 3869 ﬁlius
821 3816 960 3884 ejus.

360 3900 726 3971 Berengarius
754 3902 1173 3973 Longobardus.

361 3992 490 4045 Otto
522 3989 733 4059 primus
761 3991 1115 4047 Teutonicus.

363 4080 492 4135 Otto
522 4078 799 4136 secundus
828 4079 990 4150 primi
1020 4081 1184 4136 ﬁlins.

363 4170 491 4226 Otto
524 4169 730 4226 tercius
752 4170 982 4226 secundi
1013 4169 1176 4226 ﬁlius.

362 4257 641 4315 Ardoinus
677 4259 1089 4334 Langobardus.

364 4346 659 4404 Heinricus
687 4347 1040 4405 Teutonicus.
1084 4382 1087 4383 ν
1147 4343 1153 4355 ³

365 4436 635 4494 ΗΠΟΠΟῙΙ⁸
663 4436 935 4493 similiter.

365 4526 658 4583 Heinricus
688 4525 832 4582 ﬁlius
861 4530 921 4582 ut
951 4530 1127 4597 pater.

364 4615 657 4672 Heinricus
688 4617 808 4687 ejus
836 4614 1001 4672 ﬁlius.

363 4705 661 4761 Ardericus
684 4705 829 4761 sedit
858 4718 1033 4761 annos
1060 4703 1151 4771 22,
1186 4717 1401 4761 menses
1429 4706 1483 4762 2.

363 4794 647 4853 Manasses
675 4799 729 4850 et
747 4793 1120 4851 Adelmannus
1148 4790 1308 4851 simul
1339 4793 1375 4847 5
1402 4793 1625 4851 fuerunt
1651 4793 1878 4866 annos“,
1899 4809 2011 4853 non

438 4882 495 4938 in
525 4882 808 4950 cathedra,
837 4884 936 4940 sed
964 4885 1022 4941 in
1051 4898 1183 4941 arcu
1213 4890 1269 4941 et
1296 4882 1518 4941 faretra.

2093 2921 2351 2979 Arnulfus
2378 2923 2523 2979 sed-it
2550 2937 2724 2980 annos
2753 2924 2807 2992 3,
2838 2936 3054 2980 menses
3082 2922 3136 2977 4.

2093 3009 2423 3067 Gotofredus
2451 3012 2594 3068 sedit
2623 3027 2798 3068 annos
2825 3014 2879 3080 5,
2912 3026 3129 3068 menses
3161 3009 3209 3076 1,
3245 3010 3365 3066 dies
3391 3008 3483 3064 24.

2094 3100 2392 3156 Landulfus
2420 3101 2566 3156 sedit
2595 3115 2771 3157 annos
2805 3100 2889 3169 18,
2923 3114 3140 3156 menses
3168 3099 3221 3153 3.

2092 3187 2351 3244 Arnulfus
2375 3189 2518 3245 sedit
2548 3203 2722 3246 annos
2757 3189 2839 3257 19,
2875 3203 3093 3246 menses
3121 3189 3174 3256 9,
3209 3187 3328 3243 dies
3355 3186 3410 3240 6.

2092 3278 2414 3333 Aeribertus
2444 3278 2587 3333 sedit
2618 3291 2793 3335 annos
2821 3277 2910 3346 26,
2945 3292 3161 3334 menses
3188 3276 3243 3346 8,
3277 3276 3399 3333 dies
3434 3275 3516 3330 l9.

2094 3367 2235 3423 Vido
2263 3367 2408 3424 sedit
2437 3380 2612 3423 annos
2640 3367 2760 3422 27°.

2174 3456 2219 3513 l.
2268 3456 2559 3512 Multorum
2598 3456 2780 3512 varios
2826 3455 3074 3526 aﬁ’ectus,
3124 3454 3402 3525 multaque
3431 3453 3618 3509 varia"
3650 3452 3748 3509 de-

2096 3544 2302 3602 lectant
2329 3545 2532 3611 studia,
2561 3558 2664 3600 nec
2694 3544 2950 3601 omnibus
2979 3544 3183 3613 omnia,
3208 3558 3310 3600 nec
3340 3541 3573 3613 singulis
3601 3554 3749 3597 sem-

2097 3649 2197 3707 per
2243 3634 2458 3706 singula
2513 3633 2873 3690 satisfaciunt.
2924 3634 3191 3689 Nimirum
3239 3632 3488 3704 dispares
3536 3644 3742 3698 mores,

2095 3738 2160 3779 ac
2189 3737 2300 3779 non
2349 3723 2491 3779 idem
2527 3721 2809 3779 omnium“
2848 3723 3063 3778 animus
3091 3722 3159 3778 ad
3202 3736 3313 3779 non
3360 3721 3549 3777 eadem
3593 3733 3745 3791 saepe

2097 3810 2477 3879 distrahitur”,
2509 3816 2721 3867 natura
2752 3811 2915 3866 unius
2943 3810 3234 3882 multiplici
3265 3809 3641 3877 condictione,
3672 3809 3743 3866 de

2095 3902 2298 3973 quibus
2345 3902 2401 3956 in
2448 3915 2736 3957 commune
2784 3901 3079 3969 disserere,
3118 3901 3203 3957 vel
3234 3899 3745 3973 singillatim‘°dis—

2096 4004 2346 4058 cernere,
2378 4004 2489 4047 non
2528 3996 2613 4047 est
2650 3990 2941 4061 praesentis
2969 3991 3198 4062 negotii,
3229 3990 3325 4047 sed
3360 4005 3461 4047 nec
3490 3989 3745 4045 humana:

2098 4081 2386 4150 potentiae.
2417 4080 2574 4137 Valet
2619 4081 2712 4137 ille
2750 4080 2922 4148 solus,
2955 4081 3048 4151 qui
3082 4078 3298 4136 diversa
3336 4079 3564 4151 largitur
3591 4078 3743 4134 cari-

2040 4167 2274 4228 Dsmata
2304 4169 2500 4225 bonus.
2533 4169 2689 4226 Unde
2718 4170 2799 4226 sic
2828 4171 2906 4226 ait
2930 4169 3227 4241 Apostolus
3255 4189 3268 4225 :
3301 4169 3590 4224 Divisiones
3618 4182 3747 4237 gra-

2098 4259 2290 4314 liarum
2326 4263 2465 4325 sunt,
2496 4259 2634 4314 idem
2672 4266 2844 4315 autem
2870 4260 3031 4327 Deus,
3065 4261 3155 4330 qui
3193 4254 3442 4332 operatur
3477 4258 3653 4313 omnia
3689 4257 3745 4311 in

2097 4346 2350 4416 omnibus,
2400 4347 2633 4404 dividens
2678 4346 2898 4418 singulis
2943 4353 3098 4420 prout
3135 4346 3241 4403 uult
3285 4347 3343 4419 (Ι
3371 4348 3491 4404 Cor.
3524 4361 3622 4413 x11,
3653 4344 3741 4417 6).

2096 4439 2230 4494 Item
2251 4436 2382 4493 alibi
2408 4457 2420 4493 :
2452 4438 2808 4510 Unusquisque
2833 4438 3104 4510 proprium
3132 4437 3284 4493 habet
3306 4436 3495 4492 donum
3519 4451 3590 4491 ea:
3610 4437 3743 4503 Deo,

2095 4526 2233 4584 alius
2282 4527 2485 4599 quidem
2529 4528 2626 4596 sic,
2667 4526 2803 4583 alius
2840 4542 2961 4582 vero
2990 4528 3069 4582 sic
3111 4526 3276 4599 (Ibid.
3309 4542 3412 4594 v11,
3441 4524 3529 4597 7).
3579 4525 3746 4581 Verbi

2094 4616 2269 4689 gratia
2317 4616 2572 4672 litteralis
2617 4615 2866 4673 scientia:
2912 4629 3110 4672 munus
3147 4614 3336 4671 multis
3373 4614 3554 4671 modis
3581 4614 3748 4670 datur

2093 4706 2207 4762 Deo
2268 4705 2633 4762 distribuente
2681 4705 3087 4762 mortalibus".
3148 4704 3436 4775 Spiritales
3494 4704 3744 4760 misteria

2093 4793 2557 4866 interpretantur,
2617 4794 2956 4866 spiritalibus
3010 4793 3279 4865 spiritalia
3335 4799 3743 4864 comparantes.

2093 4886 2161 4941 Et
2196 4885 2265 4941 ad
2304 4884 2425 4941 haec
2463 4885 2589 4956 quis
2626 4884 2920 4957 ydoneus?
2964 4884 3165 4955 Utique
3205 4897 3316 4942 non
3347 4897 3471 4956 ego,
3504 4883 3601 4954 qui
3632 4897 3747 4941 non

1726 4984 1948 5038 VARIIE
1994 4984 2277 5040 LECTION
2282 4984 2379 5041 ES.

437 5079 767 5150 'Arnulpho
838 5078 887 5136 1.
954 5081 1155 5151 Incipit
1216 5080 1360 5137 liber
1424 5080 1737 5137 istoriarum
1802 5079 2009 5136 Arnulﬁ
2075 5079 2144 5136 de

2209 5082 2379 5152 gestis
2446 5081 2599 5137 urbis
2664 5080 2956 5139 Mediolani
3024 5080 3297 5152 incipiens
3362 5093 3508 5136 anno
3575 5082 3744 5137 Cristi

364 5152 1123 5238 pCQQCX‘Xl‘lI.I}l..Incipit
1150 5152 1293 5238 liber
1320 5152 1858 5238 qui'd’i‘c’it‘u‘r‘c'cpia‘
1885 5151 2247 5238 histc‘riarum.
2285 5152 2599 5238 Arnulphia
2639 5153 2844 5238 incipit
2910 5153 2979 5208 de
3036 5151 3417 5238 gestis1urbis
3464 5151 3744 5238 ,Mediola-

366 5223 553 5279 nensis
579 5230 635 5279 et
668 5224 950 5295 Papiensis
984 5237 1129 5281 anno
1158 5222 1362 5281 Christi
1389 5225 1784 5295 DCCCCXXlll.
1820 5225 1859 5279 Β
1893 5222 1969 5280 1*.
2001 5223 2285 5295 Sequenda
2312 5238 2483 5295 usque
2530 5224 2599 5279 ad
2637 5222 2929 5282 Multorum
2957 5222 3159 5293 varios,
3190 5229 3240 5281 et
3270 5229 3386 5279 cazt.
3444 5223 3631 5295 desunt
3682 5226 3744 5280 Β.

440 5295 460 5325 ⁸
490 5301 546 5350 et
577 5308 631 5364 p.
664 5293 717 5351 3.
750 5295 805 5348 5.
953 5295 974 5327 ³
1004 5296 1229 5352 nomina
1274 5301 1404 5353 sunt
1448 5296 1553 5352 hec
1581 5294 1839 5352 videlicet
1865 5294 1949 5350 5*.

368 5365 530 5437 infra.
583 5366 826 5423 Manasse
874 5374 930 5423 et
971 5368 1313 5424 Aldelmanui
1352 5383 1399 5424 s.
1432 5382 1490 5438 q.
1529 5366 1569 5423 f.
1601 5367 1730 5423 anni
1775 5367 1822 5420 l.
1854 5367 1922 5422 M.
1956 5379 2007 5422 e.
2038 5366 2101 5420 A.
2134 5380 2180 5422 s.
2214 5380 2303 5421 an.
2338 5368 2400 5422 V.
2433 5365 2488 5422 in
2519 5382 2651 5424 arcu
2681 5380 2792 5423 non
2840 5367 2986 5423 cath.
3036 5367 3120 5422 5*.

369 5450 522 5508 rege,
555 5439 742 5509 Attoa
774 5452 935 5509 papa,
965 5438 1277 5497 Thebaldus
1305 5452 1336 5495 a
1367 5454 1495 5509 rege
1529 5438 1677 5496 addit
1704 5438 1787 5493 5*.
1936 5436 1957 5467 ⁷
1987 5436 2153 5493 multa
2183 5438 2441 5509 variaque
2470 5440 2531 5495 B.
2678 5438 2700 5469 ⁸
2729 5440 2972 5496 omnium
3001 5438 3120 5495 iden

369 5450 522 5508 rege,
555 5439 756 5522 Attoa
774 5452 935 5522 papa,
965 5438 1277 5497 Thebaldus
1305 5452 1336 5495 a
1367 5454 1495 5511 rege
1529 5438 1677 5496 addit
1704 5438 1787 5493 5*.

369 5510 431 5568 Β.
588 5508 626 5540 ¹⁹
655 5509 913 5568 statlaum
943 5512 984 5568 Β
1018 5509 1067 5568 l.
1216 5511 1250 5544 “
1301 5510 1444 5568 deest
1489 5512 1550 5568 B.

2096 5293 2119 5325 ⁴
2144 5294 2221 5350 ita
2250 5293 2403 5351 codd.
2436 5297 2725 5351 nronuncia
2757 5314 2774 5351 :
2805 5296 3092 5351 Chuonou.
3265 5295 3286 5327 ⁵
3308 5295 3469 5350 annis
3496 5294 3557 5348 3a
3585 5294 3671 5350 hic
3698 5305 3749 5351 et

3267 5366 3288 5397 ⁸
3314 5364 3687 5424 Gothofredus
3714 5381 3747 5422 a

3383 5437 3404 5468 ’
3432 5436 3749 5494 detrahitur

2431 5297 2725 5379 pronuncia
2757 5314 2774 5351 :
2805 5296 3092 5379 Chuonou:

2678 5438 2700 5469 ⁸
2729 5440 2972 5496 omnium
3001 5438 3147 5495 idem
3178 5440 3237 5495 Β.
