4104 6172
321 313 422 367 $9

1284 310 1494 365 essm
1532 305 1951 364 ARCHIEPISC.
1995 301 2356 363 MEDIOLAN.
2397 337 2469 348 —
2504 310 2632 368 LlB.
2677 314 2716 368 1.

3583 327 3691 382 290

327 440 481 495 aliter
509 451 671 508 quam
701 434 1016 492 venerando
1047 435 1276 491 credere
1315 436 1427 490 iota
1455 448 1643 500 unum,
1675 439 1768 488 aut
1799 443 1964 523 unum
1985 430 2037 488 A
2049 433 2362 523 praesentia,
2394 435 2463 490 ab
2492 436 2604 493 illis
2633 438 2701 494 ad
2733 453 2796 495 ea
2826 455 2950 510 quae
2982 451 3111 499 sunt
3141 446 3196 500 in
3221 449 3488 517 manibus,
3507 460 3692 523 gesto-

328 543 389 584 ex
417 528 524 583 hiis
553 526 764 596 apicem
795 538 1070 594 praesumo
1101 526 1394 580 discutere.
1427 523 1703 578 Animales
1731 535 1861 576 vero
1891 518 1968 575 f0-

326 617 500 672 rensia
521 618 557 647 ¹²
588 614 880 670 multifarie
911 620 1348 682 perscrutantur,
1387 611 1700 667 carnalibus
1730 607 1968 665 carnalia

326 704 688 762 conferentes.
724 705 873 757 Inter
903 715 1042 771 quos
1071 701 1220 756 velut
1250 701 1448 756 densas
1476 715 1540 755 ac
1570 699 1862 754 frondosas
1890 704 1964 751 te-

328 795 544 850 nebrosi
567 791 808 849 nemoris
829 791 1058 846 arbores
1077 791 1542 846 verecundissime
1574 789 1814 853 latitans,
1841 784 1968 840 ﬁdei

326 892 500 939 tamen
531 896 720 938 servus
749 880 1060 946 catholicae,
1084 880 1256 935 videri
1288 879 1588 945 erubesco;
1621 876 1853 932 scientia
1883 882 1970 929 ut-

325 980 451 1043 pote
483 973 680 1038 nﬁdus,
715 971 906 1040 paucis
946 969 1238 1024 admodum
1283 968 1553 1034 litteris”,
1588 967 1734 1022 velut
1765 965 1971 1020 tenuis-

321 1063 476 1116 simis
503 1074 717 1116 araneat
747 1059 854 1114 ﬁlis
883 1058 1078 1113 leviter
1103 1058 1517 1128 superiudutus.
1542 1059 1815 1112 Praeterea
1845 1067 1967 1109 cum

313 1152 424 1220 jam
475 1151 529 1206 in
573 1150 609 1180 ⁸⁵
639 1149 790 1204 dicto
839 1148 1128 1218 praesentis
1173 1147 1273 1202 tevi
1322 1160 1547 1203 nemore
1597 1152 1705 1200 tam
1747 1145 1964 1199 diversa

321 1254 585 1295 novarum
615 1237 820 1294 cotidie
851 1251 1032 1292 rerum
1081 1242 1370 1305 erumpant
1409 1233 1558 1300 folia,
1592 1235 1763 1290 miror
1793 1238 1876 1288 tot
1904 1247 1968 1288 ac

320 1339 429 1384 tam
463 1329 702 1384 disertos
729 1327 813 1382 vel
847 1327 937 1382 uni
969 1340 1159 1381 eorum
1188 1339 1300 1382 non
1330 1324 1611 1381 insufﬁare
1641 1324 1964 1392 scriptores.

317 1420 498 1474 Nullis
527 1420 672 1474 enim
704 1424 851 1472 retro
883 1415 1224 1484 temporibus
1255 1414 1294 1444 ¹³
1345 1415 1473 1470 talis
1521 1429 1585 1468 ac
1637 1421 1784 1468 tanta
1824 1411 1970 1467 scri-

318 1510 492 1566 bendi
532 1509 633 1565 fuit
662 1507 881 1564 occasio
912 1507 1094 1562 doctis
1142 1507 1348 1576 pariter
1386 1512 1440 1560 et
1481 1506 1519 1536 ¹⁶
1547 1504 1806 1559 indoctis.
1841 1504 1970 1558 Haec

318 1601 507 1656 animo
555 1598 861 1664 revolvens,
913 1609 1022 1651 non
1071 1593 1472 1663 michimetipse
1521 1592 1760 1656 conﬁdo,
1807 1605 1968 1660 quem

319 1689 485 1746 exilis
532 1687 737 1758 ingenii
785 1686 922 1742 adeo
976 1689 1270 1755 paupertas
1318 1689 1591 1754 angustat,
1625 1689 1685 1737 ut
1732 1680 1974 1736 difficilis

2050 534 2168 574 rum
2199 521 2458 579 decurrat
2507 527 2685 584 oratio
2712 549 2726 595 ;
2777 530 2852 585 ita
2884 537 3083 597 tamen,
3118 542 3177 589 ut
3206 537 3396 592 relicta
3423 521 3690 598 vetustate

2051 623 2117 663 ex
2147 613 2354 667 recenti
2386 617 2647 672 memoria
2677 628 2926 674 sumatur
2955 623 3264 678 exordium.

2119 697 2172 752 3.
2209 701 2248 730 “
2276 703 2433 759 Anno
2464 719 2495 759 a
2527 707 2810 762 nativitate
2853 709 3054 764 Christi
3084 710 3189 764 925
3219 716 3464 784 regnavit
3493 717 3549 772 in
3579 720 3690 774 Ita-

2051 785 2123 840 lia
2154 802 2221 843 ex
2251 791 2736 861 Burgundionibus
2767 799 2902 866 Ugo,
2935 799 3029 866 qui
3063 806 3120 854 ut
3140 802 3320 857 tucius
3349 804 3391 834 ’³
3420 813 3608 874 ageret
3637 809 3693 863 in

2050 890 2242 947 regno,
2276 882 2586 952 eggregiam
2635 885 2780 940 inter
2827 894 3057 942 caeteras
3103 889 3292 946 urbem
3324 893 3693 952 Mediolanum

2049 966 2154 1020 sibi
2203 970 2493 1026 vendicare
2547 974 2819 1041 pravidit.
2879 976 3119 1032 Priscam
3177 992 3414 1050 namque
3464 992 3691 1042 noverat

2049 1053 2158 1110 loci
2183 1060 2659 1128 consuetudinem,
2694 1070 2752 1118 ut
2781 1063 3084 1120 decedente
3116 1071 3543 1138 metropolitano
3573 1075 3695 1141 qui-

2048 1142 2183 1200 libet
2231 1161 2372 1202 unus
2419 1163 2485 1204 ex
2524 1151 2747 1220 majoris
2776 1153 3025 1210 ecclesiae
3056 1158 3354 1225 praecipuis
3384 1161 3686 1218 cardinali-

2048 1232 2172 1301 bus,
2211 1251 2352 1304 quos
2401 1245 2600 1294 vocant
2635 1240 2947 1296 ordinarios
2987 1242 3048 1309 ⁵³³,
3107 1247 3406 1302 succedere
3454 1249 3688 1317 debeat;

2050 1323 2198 1392 quod
2245 1339 2276 1379 a
2323 1327 2584 1383 Romanis
2621 1330 2968 1398 praesulibus,
3001 1332 3069 1387 ab
3106 1334 3242 1402 ipsis
3270 1349 3490 1406 quoque
3522 1338 3695 1408 impe-

2051 1414 2327 1470 ratoribus
2373 1429 2716 1484 concessum,
2747 1419 2850 1474 sub
2898 1422 3224 1478 auctoritate
3255 1425 3476 1493 quidem
3521 1442 3692 1486 cano-

2051 1516 2200 1568 num,
2235 1509 2504 1561 testantur
2553 1507 2762 1563 cedulae
2802 1509 2860 1584 in
2898 1512 3197 1567 secretario
3229 1515 3534 1572 reconditae
3565 1518 3690 1586 (40).

2051 1594 2224 1664 Hujus
2241 1593 2281 1623 ²³
2312 1595 2391 1650 rei
2421 1597 2595 1666 gratia
2635 1598 2910 1666 juniorem
2959 1599 3127 1655 ﬁlium
3168 1602 3268 1670 (41)
3299 1603 3354 1658 in
3387 1594 3575 1662 eadem
3605 1623 3696 1664 ec-

2053 1682 2218 1738 clesia
2248 1685 2524 1739 tonsurari
2555 1685 2798 1741 decrevit
2843 1686 2959 1756 (an.
3008 1687 3155 1759 936).
3201 1693 3294 1746 Set
3321 1694 3450 1761 quia
3482 1697 3535 1750 in
3567 1711 3695 1765 pue-

318 1779 492 1835 michi
521 1777 773 1833 videatur
801 1774 1135 1831 Aristotelici
1166 1773 1461 1828 laberinthi
1490 1774 1790 1842 ingressus,
1824 1766 2138 1827 labo—Brili
2188 1780 2347 1827 aetate
2395 1773 2462 1828 ad
2511 1775 2943 1844 episcopandum
2985 1779 3207 1833 minime
3239 1781 3526 1838 videbatur
3555 1785 3695 1854 ydo-

317 1869 507 1924 riosus
536 1865 692 1922 valde
713 1865 925 1921 Tuliani
957 1862 1154 1932 palacii
1183 1877 1458 1918 accessus.
1485 1863 1682 1916 Fateor
1705 1873 1788 1914 me
1821 1872 1971 1913 num-

319 1971 489 2028 quam
520 1954 910 2012 conscendisse
941 1952 1162 2008 curules
1193 1951 1466 2021 quadrivii
1513 1957 1681 2006 rotas.
1732 1947 1909 2003 Nichil
1941 1961 1971 2001 a

319 2061 412 2102 me
443 2046 632 2116 igitur,
673 2041 952 2099 carissime
1005 2041 1255 2111 quisquis
1286 2055 1366 2107 es,
1399 2045 1602 2110 praeter
1629 2037 1778 2107 quod
1809 2035 1974 2107 polli-

318 2149 458 2191 ceor
487 2135 693 2204 exigas,
744 2131 1001 2188 videlicet
1046 2131 1228 2186 verbis
1279 2129 1542 2200 prolatam
1591 2126 1973 2184 communibus

317 2223 634 2292 simplicem
681 2225 959 2292 gestorum
991 2220 1383 2285 narrationem,
1433 2233 1557 2288 qua:
1604 2216 1783 2273 nostri
1815 2229 1973 2285 reges

318 2313 617 2381 nostrique
658 2325 878 2382 gessere
919 2309 1229 2380 pontiﬁces,
1262 2308 1436 2364 nostri
1467 2321 1689 2377 quoque
1719 2305 1975 2362 concives

319 2405 382 2459 in
417 2402 554 2458 urbe
582 2399 892 2456 Mediolano
921 2399 1004 2454 vel
1045 2407 1218 2465 extra,
1260 2397 1638 2467 compatriotze
1669 2409 1798 2452 vero
1838 2407 1976 2459 nos-

319 2492 398 2547 tri
417 2492 472 2546 in
496 2504 667 2561 regno
691 2489 906 2554 Italico,
922 2502 1045 2558 quae
1067 2488 1186 2556 ipse
1215 2485 1326 2541 vidi
1348 2486 1431 2541 vel
1454 2484 1912 2555 quemadmodum
1944 2496 1975 2537 a

318 2580 645 2636 videntibus
689 2585 782 2634 aut
813 2577 976 2647 paulo
1008 2574 1239 2631 ulterius
1277 2574 1480 2641 audivi,
1515 2580 1679 2644 prout
1709 2573 1876 2628 etiam
1906 2571 1975 2627 de

321 2669 611 2725 thesauris
639 2668 917 2738 prodeunt
956 2665 1258 2730 memoriae,
1291 2677 1415 2718 cum
1446 2662 1616 2718 nichil
1645 2662 1737 2729 sit,
1768 2660 1916 2731 quod
1945 2674 1976 2714 a

323 2776 418 2816 me
448 2761 592 2814 ultra
640 2772 864 2828 sperare
912 2757 1135 2812 debeas.
1193 2754 1247 2810 Si
1287 2752 1427 2809 forte
1476 2751 1762 2807 recitantis
1816 2751 1977 2821 culpa

323 2850 612 2906 claudicat
639 2850 854 2904 animus
883 2846 939 2901 in
965 2845 1188 2910 auditis,
1220 2842 1380 2898 saliet
1409 2841 1659 2912 profecto
1690 2840 1978 2896 conﬁden-

321 2941 452 2996 cius
480 2941 538 2995 in
586 2939 737 3005 visis,
770 2937 974 2992 nullius
1004 2935 1261 3005 indigens
1289 2932 1626 2988 testimonio.
1660 2931 1815 2999 Quod
1845 2931 1891 2985 si
1924 2932 1978 2985 iu

323 3029 752 3101 praesentiarum
781 3026 1020 3082 scientes
1042 3023 1210 3080 taedet
1238 3022 1494 3078 lectionis
1522 3021 1749 3090 hujusce
1783 3021 1840 3086 ¹⁷,
1869 3033 1978 3075 non

2051 1875 2207 1926 neus,
2238 1862 2559 1919 Ardericum
2609 1864 2648 1894 ²⁶
2694 1865 3043 1935 grandaevum
3080 1882 3266 1924 senem
3315 1870 3534 1928 interim
3573 1875 3698 1930 sub-

2052 1951 2262 2021 rogavit
2311 1952 2609 2008 antistitem
2649 1953 2710 2019 ’7,
2759 1968 2988 2023 sperans
3035 1971 3158 2011 eum
3197 1959 3382 2016 subito
3421 1976 3693 2020 casurum.

2052 2041 2315 2107 Quoniam
2355 2055 2484 2096 vero
2522 2055 2903 2110 smpenumero
2943 2047 3276 2115 cogitantem
3315 2048 3455 2105 fallit
3484 2053 3695 2120 opinio,

2055 2128 2322 2198 prolixius
2369 2129 2502 2184 vixit
2548 2131 2810 2187 sacerdos
2856 2134 3016 2187 annis
3061 2134 3133 2188 22
3169 2136 3274 2206 (42)
3317 2146 3372 2193 et
3419 2141 3700 2196 mensibus

2052 2218 2087 2270 2
2128 2219 2177 2248 ’⁸
2219 2219 2273 2273 in
2304 2219 2528 2274 saeculo.
2562 2220 2716 2286 Quod
2748 2221 2841 2276 ubi
2874 2224 3164 2289 persensit,
3191 2240 3380 2283 necem
3423 2229 3553 2286 ilico
3593 2245 3699 2286 me-

2055 2307 2262 2363 ditatur
2289 2307 2546 2363 ocultam.
2587 2311 2802 2365 Statuto
2841 2318 3022 2366 autem
3050 2315 3292 2382 generali
3323 2319 3502 2386 Papiae
3529 2317 3703 2376 collo-

2055 2398 2186 2466 quio
2225 2405 2550 2453 cunctorum
2598 2399 2752 2468 regni
2802 2400 3130 2469 principum,
3183 2404 3408 2472 palatini
3455 2408 3581 2463 lixae
3614 2412 3702 2477 ju-

2057 2487 2222 2542 bente
2279 2501 2347 2542 ex
2412 2487 2682 2543 industria
2747 2502 2951 2544 caesare
3017 2504 3138 2546 cum
3204 2494 3703 2555 Mediolanensibus

2057 2575 2363 2647 litigabant,
2405 2583 2464 2632 ut
2509 2582 2736 2646 accepta
2785 2579 3074 2635 occasione
3121 2583 3492 2641 trucidaretur
3533 2601 3702 2644 senex

2031 2679 2038 2683 λ’
2058 2665 2172 2720 ille.
2203 2665 2410 2732 Quibus
2437 2667 2744 2722 rixantibus
2772 2669 2952 2738 gravis
2981 2683 3161 2741 pugna
3191 2673 3570 2741 committitur,
3595 2691 3700 2746 qua

2058 2753 2311 2810 feruntur
2339 2755 2614 2811 interfecti
2644 2757 3081 2815 Mediolanenses
3123 2765 3417 2833 nonaginta
3447 2767 3548 2820 viri
3579 2782 3704 2836 pru-

2060 2845 2275 2900 dentes.
2325 2844 2430 2900 Sed
2482 2845 2728 2914 propicia
2767 2845 3051 2903 divinitate
3090 2849 3354 2906 liberatus
3392 2856 3562 2910 evasit
3607 2869 3705 2912 an-

2060 2935 2238 2988 tistes.
2255 2934 2497 3001 Cumque
2519 2933 2726 2989 diutius
2749 2948 2859 2990 non
2882 2946 3068 3004 posset
3087 2937 3257 2995 latere
3277 2940 3438 2997 dolus
3457 2942 3517 3010 ’9,
3540 2945 3706 3001 vehe-

2064 3029 2278 3077 menter
2321 3021 2542 3077 erubuit
2588 3022 2835 3078 criminis
2882 3024 3019 3079 tanti
3071 3041 3236 3093 reus,
3285 3029 3494 3086 veritus
3539 3033 3702 3088 etiam

321 3119 615 3176 invideant
644 3117 835 3173 saltem
857 3115 1094 3185 posteris
1122 3127 1186 3168 ac
1214 3112 1358 3168 scire
1378 3109 1608 3167 fortasse
1637 3109 1970 3177 volentibus,
1991 3103 2039 3168 G
2059 3109 2276 3165 beatum
2305 3110 2671 3177 Ambrosium,
2703 3114 2860 3181 cujus
2879 3111 3058 3169 fuerat
3085 3114 3177 3170 ille
3198 3115 3452 3175 vicarius.

326 3208 681 3279 praesertium
722 3219 844 3261 cum
895 3203 1029 3260 solis
1084 3202 1194 3258 illis
1254 3201 1358 3256 ista
1389 3201 1428 3232 ¹⁸
1458 3199 1811 3270 providerim.
1861 3200 1977 3271 Nisi

325 3301 479 3356 enim
515 3298 696 3368 prisca
715 3301 958 3351 veterum
979 3301 1132 3364 gesta
1148 3291 1308 3348 stilus
1337 3290 1743 3347 commendaret
1768 3296 1978 3345 utcum-

325 3403 463 3459 que,
496 3386 649 3442 nulla
697 3398 924 3455 prorsus
962 3381 1371 3453 prmteritorum
1403 3379 1564 3436 nobis
1597 3377 1634 3408 ¹⁹
1664 3384 1979 3448 superesset

325 3473 1005 3533 memorianﬁecondatur
1033 3472 1074 3501 ⁹⁰
1104 3485 1235 3541 ergo
1265 3468 1486 3524 interim
1517 3468 1618 3523 sub
1639 3467 1824 3524 modio
1856 3481 1980 3524 nos-

326 3578 478 3622 trum
509 3565 619 3622 hoc
650 3563 1048 3634 qualecumque
1086 3559 1388 3630 negotium,
1423 3566 1669 3627 tempore
1700 3556 1981 3627 proferen-

327 3657 464 3712 dum
503 3668 628 3711 suo.
668 3654 835 3722 Cujus
863 3650 1130 3721 privatum
1160 3662 1224 3704 ac
1267 3647 1543 3718 singulare
1581 3645 1834 3702 volumen
1864 3661 1978 3701 sua:

327 3745 520 3799 limina
582 3742 821 3798 civitatis
877 3753 1012 3809 rogo
1071 3737 1385 3793 nullatenus
1442 3735 1709 3800 excedat;
1751 3734 1900 3805 quod
1931 3734 1978 3789 si

327 3833 554 3888 videtur
598 3831 706 3886 hoc
773 3843 985 3900 parum,
1047 3826 1374 3882 extendatur
1435 3824 1503 3880 ad
1560 3837 1748 3879 arcum
1805 3837 1978 3892 usque

329 3924 641 3979 Romanum
667 3921 704 3951 ²¹
739 3917 869 3986 (39).

2131 3198 2185 3253 4.
2218 3199 2260 3230 ³ο
2290 3200 2512 3255 Factum
2543 3205 2626 3256 est
2655 3206 2856 3268 autem,
2892 3209 2952 3258 ut
2989 3206 3355 3262 conventione
3392 3208 3574 3279 dignae
3611 3225 3703 3267 sa-

2060 3285 2389 3344 tisfactionis
2418 3290 2753 3345 concederet
2790 3291 3040 3346 ecclesiae
3072 3307 3172 3361 pro
3203 3298 3500 3368 nonaginta
3527 3299 3704 3356 inter-

2059 3374 2220 3431 fectis
2248 3377 2522 3432 abbatiam
2544 3377 2582 3408 ³¹
2613 3379 2940 3435 Nonantulae
2972 3379 3120 3451 (43),
3145 3397 3268 3452 quae
3291 3393 3520 3454 propter
3540 3401 3707 3443 nona-

2059 3467 2211 3537 ginta
2258 3467 2344 3522 sui
2388 3468 2529 3536 juris
2579 3474 2767 3524 curtes
2822 3469 2904 3524 sic
2951 3478 3141 3525 vocata
3198 3473 3519 3540 perhibetur
3565 3475 3701 3547 (44).

2061 3558 2292 3625 Insuper
2336 3561 2392 3611 et
2437 3556 2702 3625 capellam
2754 3570 2975 3613 auream
3004 3573 3128 3614 cum
3157 3574 3340 3626 cruce,
3383 3577 3506 3632 quae
3539 3579 3707 3636 super

2061 3645 2231 3700 altare
2262 3645 2318 3699 in
2348 3644 2612 3714 hyemalis
2640 3644 2893 3700 ecclesia
2934 3647 3044 3714 (45)
3089 3653 3216 3704 sunt
3263 3651 3531 3708 collocata
3551 3653 3592 3684 ³²
3620 3661 3705 3710 tu-

2060 3734 2218 3806 gurio
2261 3731 2390 3804 (46).
2444 3735 2514 3788 De
2562 3733 2778 3804 reliquo
2808 3749 2931 3790 cum
2971 3737 3134 3793 nimis
3163 3739 3467 3797 insolenter
3493 3751 3702 3814 ageret,

2060 3825 2321 3894 ignorans
2365 3822 2471 3878 sibi
2519 3823 2727 3879 dictum
2772 3844 2785 3878 :
2832 3825 3124 3898 Principem
3169 3833 3218 3883 te
3271 3830 3538 3899 fecerunt;
3597 3833 3706 3890 noli

2060 3910 2264 3980 extolli,
2313 3915 2390 3967 set
2429 3917 2538 3966 esto
2586 3913 2641 3966 in
2686 3911 2794 3968 illis
2841 3916 2992 3984 quasi
3037 3931 3169 3972 unus
3216 3933 3286 3973 ex
3328 3921 3458 3990 ipsis
3509 3921 3704 3993 (Eccti.

399 4011 461 4065 2.
502 4009 802 4081 Legitimus
849 4006 1182 4062 narrationis
1229 4003 1368 4060 ordo
1405 4017 1436 4058 a
1482 4001 1864 4072 superioribus
1909 4003 1977 4057 ad
2061 4017 2228 4066 xxxu,
2289 3999 2370 4072 1),
2430 4001 2797 4057 intolerabilis
2849 4001 3025 4059 factus
3073 4013 3158 4061 est
3215 4009 3507 4066 universis.
3566 4013 3709 4068 Prte-

330 4100 600 4157 lnferiora
629 4096 954 4163 descendit;
1006 4103 1089 4150 set
1127 4093 1256 4164 quia
1311 4107 1378 4148 ex
1408 4089 1707 4161 praeteritis
1736 4089 1979 4158 pendent
2061 4090 2238 4145 electo
2268 4090 2452 4160 itaque
2495 4089 2609 4145 ﬁlio
2658 4091 2778 4160 ejus
2822 4091 2890 4147 ab
2939 4095 3195 4152 omnibus
3225 4097 3483 4156 Lothario
3520 4100 3709 4158 admo-

1701 4189 1926 4243 VARIAS
1963 4188 2348 4244 LECTIONES.

407 4297 448 4327 ¹²
487 4293 728 4350 forensic
763 4295 802 4346 B
837 4292 883 4364 1.
928 4363 942 4364 ί
1036 4288 1141 4364 ‘jl.
1178 4301 1228 4343 a.
1261 4289 1310 4364 lt
1336 4287 1382 4364 l_.
1477 4285 1577 4364 ξι
1605 4285 1661 4341 in
1687 4286 1923 4364 jam‘B.‘
1981 4287 2080 4364 __“
2109 4286 2474 4364 scriptoribus
2510 4287 2679 4364 ΜιινΖΔ
2803 4285 2844 4318 ¹⁶
2872 4301 2936 4342 ac
2973 4289 3116 4364 Mur.
3210 4362 3217 4364 _
3264 4292 3302 4323 ¹⁷
3330 4293 3710 4364 hujuscemodi

331 4369 372 4423 Β
409 4368 461 4420 1.
494 4363 879 4435 hujuscemodi
925 4363 984 4416 Β.
1024 4361 1120 4435 _2*.
1162 4433 1189 4435 _
1237 4358 1312 4435 _‘3
1343 4359 1483 4435 deest
1512 4358 1572 4412 B.
1619 4429 1630 4435 Δ
1678 4433 1683 4435 Α
1721 4356 1757 4387 ¹⁹
1786 4355 2336 4435 ita_13.5*.__vobis_l.
2369 4357 2527 4435 B_l._
2639 4356 2680 4387 ²⁰
2703 4371 2827 4427 sup.
2880 4361 3107 4435 materia
3138 4362 3220 4435 vel
3261 4355 3544 4421 memoria.
3597 4369 3709 4422 Re-

331 4427 641 4496 cordentur
679 4438 739 4490 B.
813 4431 1129 4506 μἰνροδζιιωσ
1161 4428 1285 4506 B_l.
1329 4427 1485 4506 rubro
1523 4429 1771 4506 scriptum
1805 4427 1960 4506 habet
1992 4429 2354 4506 :_~Narratio_:
2414 4429 2602 4506 Incipe
2659 4442 2805 4506 nunc
2855 4430 3090 4506 primum
3150 4431 3327 4489 lector
3373 4449 3708 4506 cognoscere

331 4511 559 4566 librum.
614 4507 760 4563 Idem
792 4498 931 4578 dedit
961 4503 1387 4578 Muralortusex
1428 4498 1482 4555 2.
1527 4501 1604 4578 _7”
1632 4498 1927 4578 Μιληιιτοήο
1951 4498 2195 4578 primum,
2229 4515 2298 4554 ea:
2315 4498 2380 4578 2._
2402 4499 2489 4578 ubi
2529 4498 2612 4578 hic
2649 4499 2826 4578 titulus
2853 4498 3173 4578 prie/igitur:
3208 4506 3263 4559 ln
3288 4498 3483 4578 primis
3516 4515 3710 4578 regnat

333 4585 492 4651 Hugo
524 4594 593 4635 ex
635 4575 1183 4651 Burgundionib_us._
1213 4573 1254 4651 ’f
1300 4571 1566 4651 Regnavit
1613 4572 1847 4651 condam
1884 4573 1943 4626 in
1995 4571 2166 4651 {talia
2195 4586 2317 4651 cum
2345 4570 2618 4651 Lothario
2649 4571 2762 4628 ﬁlio
2793 4570 3019 4651 natione
3048 4570 3361 4651 Burgundio
3392 4580 3528 4649 Ugo.
3563 4570 3619 4648 (ἱ.
3649 4586 3710 4635 ut

333 4642 518 4710 tocius
547 4652 607 4706 B.
712 4642 772 4678 ’δ’
785 4646 1124 4702 cardinarios
1150 4645 1190 4698 Β
1221 4644 1266 4696 l.
1372 4643 1412 4672 ²³
1443 4643 1599 4711 cujus
1629 4644 1688 4698 Β.
1718 4642 1821 4713 Hic
1848 4642 2128 4697 secundum
2156 4649 2309 4713 caput
2337 4642 2497 4713 incip.
2538 4643 2680 4699 Mur.
2720 4659 2790 4698 ex
2817 4645 2872 4698 2.
2905 4645 2990 4700 ubi
3019 4642 3210 4702 (multis
3233 4669 3248 4701 :
3273 4649 3372 4703 Hic
3403 4642 3709 4706 tonsuravit

332 4726 593 4789 ﬁlium,et
621 4719 876 4776 occidere
908 4717 1136 4789 tentavit
1165 4715 1662 4789 archiepiscopum.
1739 4712 2085 4789 "‘“Adderum
2122 4714 2152 4789 1Δ
2177 4712 2376 4789 ὅθι-,³⁷
2415 4712 2669 4789 antistem
2694 4716 2780 4772 vel
2815 4717 3116 4789 antistitem
3141 4720 3186 4789 Β
3217 4720 3266 4772 1.
3298 4720 3382 4772 2*.
3414 4720 3455 4752 ³⁸
3486 4736 3536 4776 a.
3571 4723 3710 4778 XXII

334 4805 391 4851 et
422 4783 546 4851 mil
579 4792 760 4847 desunt
790 4793 848 4846 B.
903 4788 966 4864 f9
988 4788 1148 4864 idolis
1177 4789 1215 4842 B
1249 4787 1295 4842 1.
1328 4783 1383 4864 at
1411 4785 1691 4864 {muli}:
1769 4783 1819 4864 3°_
1841 4787 2016 4864 Caput
2033 4786 2236 4864 tertium
2257 4785 2484 4864 Alumna
2512 4785 2713 4864 2.03m:
2749 4787 2897 4864 (italo
2931 4809 2943 4844 :
2985 4787 3294 4864 Satisfactio
3334 4792 3473 4861 ejus,
3507 4799 3562 4849 et
3599 4794 3712 4864 pri-

333 4868 480 4924 vatio
509 4865 667 4936 regni
695 4864 872 4920 electo
901 4859 1180 4916 Lothario.
1327 4857 1363 4889 ³¹
1397 4857 1538 4912 deest
1566 4858 1607 4912 Β
1648 4855 1697 4909 1.
1726 4856 1820 4912 sed
1848 4871 1952 4912 non
1981 4857 2021 4911 B
2048 4856 2112 4910 2*
2256 4857 2298 4888 ³²
2328 4857 2584 4914 collocati
2613 4860 2654 4914 B
2681 4860 2727 4914 l.
2760 4860 3046 4916 collocatae
3077 4861 3118 4914 B
3145 4860 3229 4918 2*.

1921 4955 2135 5010 ΝΟΤίΕ.

419 5053 544 5125 (39)
570 5053 646 5106 De
662 5050 932 5125 bogarcu,
956 5060 1118 5125 ςιμθιη
1131 5044 1436 5125 Ββίξενξουε
1465 5042 1982 5125 θρςψειιξάεξρτίρ-
2002 5043 2052 5102 D

337 5113 708 5191 sit,‘dislseruit
728 5113 1047 5189 Fumagal‘li,
1070 5118 1286 5173 Antich.
1315 5118 1485 5191 Long.
1514 5115 1672 5191 Milan
1711 5113 1884 5191 l,200_
1896 5130 1984 5185 sq.

413 5187 508 5266 (4οξ
553 5193 841 5250 Schedulae
872 5187 991 5266 ista:
1031 5191 1084 5244 in
1124 5201 1370 5266 praesens
1418 5187 1820 5243 desiderantur.
1854 5188 1983 5245 PAL.

338 5257 465 5325 Sed.
499 5261 570 5324 cr.
603 5266 830 5321 Joannis
857 5265 968 5317 Vlll
1001 5277 1086 5330 ep.
1121 5257 1245 5313 221.
1449 5328 1462 5330 4
2141 5257 2244 5324 (45)
2293 5260 2347 5313 8.
2397 5257 2724 5330 Μετίεεηυὺὶ
2766 5263 2889 5329 post
2927 5261 3153 5330 primam
3185 5261 3440 5320 Octobris
3466 5265 3711 5323 Domini-

419 5340 516 5408 ζ41)
557 5336 915 5408 Tedbaldum,
951 5335 1008 5387 γ.
1037 5328 1265 5408 Liudpr.
1301 5345 1370 5394 ιγ,
1411 5328 1492 5408 l_3.
1792 5399 1806 5408 _
1873 5401 1883 5408 .
1923 5401 1953 5408 __
2069 5329 2532 5408 cam__ordin_arii_
2562 5328 2778 5408 ofﬁciis
2809 5328 3218 5408 iungebantur,
3278 5336 3559 5392 Dominica
3617 5353 3710 5408 pa-

418 5399 522 5480 (42)
563 5402 679 5464 lino
705 5399 1417 5480 12;sedeu_mdemerrorem
1432 5402 1722 5480 ja_msupra
1741 5399 1980 5456 admisit.
2065 5399 2238 5480 schali
2276 5401 2442 5480 _i_n__$_.
2492 5401 2668 5480 Tecla:
2708 5399 2997 5480 ecclesiam
3036 5406 3371 5476 migrantes;
3413 5423 3464 5464 v.
3506 5399 3708 5466 Giulini

416 5451 522 5548 ὲιίὲἔ
547 5451 1722 5554 ἑιὶὶὶῖοέῐἷιῖεῖιὲιῖἱῖ.“ιῖὂὶι”ἁῐιὶἰὲἰῖιῖἰὶζιῖἑήιξ
1741 5451 1982 5599 ἷιῖόῖὲξζ
2067 5451 2237 5526 uehi?
2258 5451 2665 5540 d-i—Milano'ill",
2701 5451 2997 5530 ciéélmm
3036 5451 3371 5476 '""""‘“""

416 5553 632 5599 ηίηρηςί
687 5551 810 5599 data
859 5554 961 5599 est.
1012 5549 1074 5599 ν.
1123 5546 1348 5599 Liudnr.
1397 5545 1460 5599 V.
1516 5544 1615 5599 17;
1665 5545 1923 5599 Ttrabosc
1966 5542 1984 5599 i
2143 5540 2264 5599 (46)
2294 5544 2524 5599 Fornice
2571 5559 2737 5599 sunra
2791 5545 2948 5599 altari
3006 5554 3214 5599 erecto-
3275 5563 3324 5599 v-

345 5540 636 5679 ἒξὲηξέῑδὲ
687 5540 961 5679 (ἐθῐὲἓθεῐί
1012 5549 1074 5602 V'.
1123 5546 1348 5614 Liudpr.
1397 5545 1460 5609 V,
1516 5544 1615 5611 17;
1665 5540 1984 5600 Tiraboschi
2066 5540 2264 5668 21846)
2294 5544 2524 5601 Fornice
2571 5559 2737 5616 supra
2791 5545 2948 5602 altari
3006 5554 3214 5616 erecto,
3275 5563 3324 5604 v.
3381 5550 3582 5607 Giulini
3639 5553 3707 5620 II,

469 5639 496 5679 a
569 5667 582 5679 .
643 5665 657 5679 .
735 5665 748 5677 .
857 5664 869 5676 .
2179 5655 2191 5668 .

397 5631 582 5681 ouant.
617 5631 657 5692 Ι,
690 5636 748 5692 p.
779 5631 869 5676 92.
2066 5631 2191 5668 ztu.

2151 5042 2257 5122 (44)
2306 5043 2603 5122 Yidesis_i_n
2632 5044 2832 5114 Manip.
2881 5043 3100 5122 Florum
3133 5061 3182 5104 c.
3218 5047 3336 5116 130,
3377 5063 3507 5122 quo,
3549 5055 3710 5122 pacto

2071 5114 2257 5195 Gualv.
2308 5115 2482 5195 denla‘
2519 5117 2757 5172 Flamma
2804 5119 3118 5174 tractaverit
3161 5135 3284 5190 quae
3312 5114 3563 5179 Arnulfo'
3591 5125 3710 5195 ipse

2069 5194 2293 5256 accepta
2323 5185 2510 5241 refert.
