4100 6166
388 263 486 315 291

1491 259 1781 315 ARNULFI
1824 257 2352 314 MEDIOLANENSIS
2388 260 2650 316 CLERPCI

3659 259 3766 312 292

389 388 519 445 dum
575 387 808 456 leuiore,
863 389 1143 445 communi
1176 388 1221 421 ³·
1274 398 1548 445 consensu
1595 383 1750 455 regni
1788 383 1960 439 totius
1988 382 2206 445 “Aret
2254 384 2507 441 universa
2553 384 2805 454 Litulfus,
2846 385 3067 456 quidam
3117 384 3414 441 familiares
3450 385 3765 456 Berengarii

393 477 710 547 compulsus
738 484 825 533 est
853 478 970 549 ipse
1002 492 1246 535 remeare
1275 474 1641 547 Burgundiam
1664 475 1773 543 (an.
1795 471 1943 543 946),
1967 472 2036 527 de

392 572 596 623 cmtero
626 568 847 623 minime
879 573 1221 638 regnaturus.

466 654 522 710 5.
542 655 584 688 ⁸⁵
616 658 718 712 Per
738 656 879 712 idem
902 663 1116 726 tempus
1139 656 1252 726 (an.
1272 653 1411 725 948)
1430 653 1625 709 oborta
1646 658 1731 709 est
1749 650 2039 709 Mediolani

394 746 706 817 perniciosa
735 745 955 802 seditio.
994 745 1259 801 Arderico
1303 748 1484 799 autem
1521 742 1943 813 archiepiscopo
1971 741 2041 797 ad

393 849 637 905 superna
677 841 893 902 vocato,
942 838 1244 904 eruperunt
1291 832 1402 889 duo
1441 832 1760 900 adversarii,
1802 833 2042 889 Ambro-

397 926 568 981 sianae
611 924 895 996 dignitatis
938 923 1238 979 ambitione
1278 922 1554 990 succensi,
1591 924 1864 978 Manasses
1891 922 2044 978 vide—

396 1014 529 1070 licet
547 1013 879 1069 Arelatensis
899 1013 1214 1083 episcopus,
1244 1018 1298 1068 et
1318 1012 1692 1069 Adeimannus
1709 1010 1752 1043 “
1772 1010 2043 1082 presbiter

398 1102 819 1159 Mediolanensls
862 1102 924 1169 ",
976 1116 1167 1158 revera
1207 1102 1556 1158 immemores
1592 1099 1884 1171 apostolici
1921 1113 2047 1156 ora-

398 1192 507 1248 culi
550 1212 563 1247 :
612 1194 735 1248 Non
782 1191 1074 1263 efﬁciamur
1117 1191 1292 1247 inanis
1339 1191 1521 1261 gloriw
1576 1191 1772 1262 cupidi,
1830 1191 2044 1245 invicem

392 1284 759 1353 provocantes,
807 1280 1028 1337 invicem
1062 1280 1350 1336 invidentes
1389 1278 1529 1350 (Gal.
1571 1294 1623 1348 v,
1659 1278 1767 1350 26).
1802 1281 2046 1350 Cumque

397 1370 495 1426 diu
522 1370 943 1438 contenderent,
975 1370 1069 1426 ille
1099 1384 1169 1426 ex
1197 1370 1420 1426 datione
1459 1369 1626 1441 regis,
1666 1369 1880 1426 scilicet
1917 1371 2049 1425 Bur-

396 1458 638 1531 gundiae,
669 1459 762 1514 hic
795 1473 863 1515 ex
905 1457 1144 1516 factione
1194 1459 1372 1530 plebis
1418 1467 1475 1515 et
1521 1459 1589 1515 de
1635 1458 1963 1516 Mediolanio
1983 1457 2044 1526 ³⁸,

396 1549 776 1619 quinquennio
805 1553 997 1605 contra
1035 1560 1094 1604 se
1133 1549 1369 1606 invicem
1406 1549 1766 1620 pertinaciter
1799 1548 2052 1606 altercati

395 1644 547 1706 sunt,
578 1637 741 1694 factis
770 1639 1019 1709 partibus
1045 1653 1112 1695 ex
1153 1639 1439 1696 alterutro.
1482 1640 1726 1707 Quorum
1754 1639 2053 1697 execrabili

2125 473 2346 541 milites,
2396 474 2557 530 ﬁdem
2604 475 2844 532 debitam
2882 475 3221 543 simulantes,
3253 475 3522 545 promissa
3560 475 3769 530 securi-

2126 568 2257 630 tate,
2306 561 2455 620 foras
2500 564 2756 620 eductum
2804 565 3043 622 hostium
3091 564 3342 620 manibus
3397 562 3763 619 tradiderunt.

2122 652 2332 709 Revera
2378 653 2586 709 inimici
2632 653 2871 709 hominis
2916 653 3204 709 domestici
3259 654 3378 724 ejus
3425 652 3630 723 (Matth.
3691 669 3761 719 x,

2121 740 2244 812 36).
2295 743 2530 799 intuitus
2576 748 2756 799 autem
2805 756 2928 799 eum
2955 737 3208 799 'Litulfus
3254 743 3365 798 ait:
3408 740 3632 799 Consule
3670 741 3764 797 tibi

2121 846 2241 900 rex,
2272 835 2325 887 et
2350 831 2623 889 humiliore
2650 848 2836 902 magno
2868 833 3046 890 Ottoni
3091 837 3332 902 augusto.
3381 832 3448 889 Si
3482 847 3586 887 non
3633 832 3765 903 fece-

2122 922 2231 991 ris,
2276 923 2445 995 ipsum
2490 928 2540 978 te
2585 921 2752 979 tendis.
2786 925 3030 995 Cumque
3061 922 3343 979 humiliter
3379 921 3760 992 responderet,

2124 1027 2316 1068 rursus
2343 1012 2503 1069 inﬁt:
2532 1011 2685 1069 Absit
2722 1029 2754 1069 a
2790 1013 2895 1085 ﬁde
2916 1028 3052 1083 mea,
3084 1019 3140 1069 ut
3178 1013 3380 1069 vincam
3403 1011 3647 1084 perﬁdia,
3679 1011 3765 1082 qui

2124 1103 2321 1159 viribus
2347 1118 2600 1176 superare
2639 1104 2912 1160 contendo.
2953 1106 3091 1161 Cave
3134 1118 3235 1160 rea:
3262 1102 3449 1159 amodo
3489 1101 3556 1158 ab
3593 1102 3769 1172 hujus-

2128 1193 2268 1248 modi
2298 1192 2768 1266 pseudomilitibus.
2816 1193 2906 1250 Sic
2947 1193 3091 1251 fatus
3136 1192 3371 1250 absolvit
3416 1206 3568 1259 eum,
3620 1191 3773 1247 dein-

2128 1297 2260 1353 ceps
2304 1289 2527 1340 strenue
2566 1288 2764 1341 cuncta
2811 1283 3145 1341 ministrans.
3195 1266 3240 1340 0
3286 1284 3377 1353 pia
3413 1282 3687 1338 hostilitas
3716 1288 3772 1337 et

2128 1372 2348 1430 hostilis
2378 1375 2553 1443 pietas
2596 1380 2609 1430 !
2651 1376 2850 1431 Postea
2874 1389 3005 1431 vero
3036 1375 3161 1446 pius
3188 1373 3280 1429 ille
3299 1371 3342 1403 ⁸⁸
3371 1370 3601 1442 perﬁdia
3632 1372 3773 1426 Lon-

2130 1464 2499 1536 gobardorum
2527 1463 2703 1520 fertur
2729 1478 2942 1522 veneno
2972 1470 3200 1521 necatus
3227 1461 3341 1536 (an.
3362 1461 3489 1530 957,
3517 1462 3665 1533 Sept.
3689 1459 3769 1530 6).

2202 1551 2258 1606 7.
2302 1554 2428 1609 Otto
2472 1560 2652 1609 autem
2691 1553 2823 1610 licet
2862 1554 3105 1624 privatus
3141 1552 3275 1621 ﬁlio,
3309 1551 3561 1624 conjugis
3590 1556 3771 1605 tamen

2134 1647 2378 1714 augustae
2423 1641 2702 1701 Adeleidaa
2746 1642 2920 1700 fretus
2960 1643 3216 1711 consilio,
3248 1639 3773 1714 Walperti‘quoque

391 1727 578 1799 jurgio
602 1729 873 1797 jacturam
902 1728 1283 1800 praegrandem
1310 1729 1572 1786 sustinuit
1607 1729 1860 1797 ecclesia,
1893 1721 2108 1801 prie-l3
2130 1732 2473 1804 aliorumque
2502 1733 2656 1806 regni
2696 1733 3025 1804 principum,
3076 1733 3133 1788 in
3180 1745 3341 1788 manu
3390 1729 3518 1788 forti
3556 1737 3612 1786 et
3649 1731 3776 1787 bra-

396 1815 558 1886 cipue
607 1817 665 1872 in
711 1816 986 1872 thesauris
1029 1821 1084 1873 et
1126 1818 1363 1890 cymiliis
1411 1819 1684 1887 omnibus,
1717 1820 1918 1890 quibus
1955 1819 2045 1875 in-

398 1904 847 1975 comparabiliter
892 1904 1170 1962 aflluebat.
1222 1908 1377 1964 Inter
1418 1908 1523 1965 hos
1569 1908 1769 1965 ﬂuctus
1823 1909 2048 1965 natabat

397 1999 556 2050 caute
584 1993 917 2064 Walpertus,
950 1996 1284 2052 contrahens
1328 2011 1430 2053 suo
1476 1997 1636 2053 lateri
1677 1997 1833 2069 quasi
1872 1999 2047 2055 undas

396 2083 635 2150 consilii,
678 2097 854 2155 usque
901 2083 1042 2142 adeo
1089 2091 1150 2141 ut
1196 2086 1446 2157 utrisque
1474 2091 1671 2157 sponte
1699 2087 1785 2143 vel
1814 2088 1985 2145 invito
2005 2086 2048 2119 '°

397 2172 742 2241 cedentibus,
792 2173 979 2230 sedem
1027 2179 1243 2231 teneret
1279 2175 1398 2246 ipse
1430 2175 1582 2232 solus
1616 2175 1745 2247 (47).
1776 2177 1985 2235 Deinde
2005 2177 2048 2211 "°

396 2268 616 2319 mortuo
661 2264 881 2319 Lotario
932 2260 1043 2334 (an.
1082 2262 1211 2330 950,
1248 2266 1385 2324 Nov.
1428 2264 1525 2336 22)
1569 2266 1815 2336 regnavit
1842 2269 2048 2324 Beren-

354 2386 369 2393 -
395 2352 583 2423 garius
621 2351 1014 2423 Langobardus
1052 2354 1171 2424 ipse
1196 2396 1210 2422 ,
1259 2368 1424 2424 quem
1450 2355 1766 2426 Walpertus
1793 2362 1926 2414 tunc
1955 2372 2048 2413 ar-

396 2441 788 2511 chiepisc0pus
834 2448 1153 2511 suspectum
1190 2443 1449 2512 habebat,
1485 2446 1743 2502 conscius
1769 2446 1887 2517 ipse
1917 2448 2046 2505 sibi.

395 2532 564 2601 Cujus
605 2532 740 2586 iram
783 2545 1121 2601 praecavens,
1162 2546 1231 2590 ne
1278 2535 1446 2606 regiis
1484 2537 1882 2606 praeveniretur
1908 2538 2051 2595 insi-

396 2619 505 2677 diis
530 2650 603 2661 —
643 2619 853 2691 legerat
881 2622 1028 2678 enim
1061 2641 1076 2677 :
1124 2622 1427 2693 Indignatio
1455 2626 1596 2695 regis
1622 2627 1841 2682 nuncius
1868 2628 2050 2685 mortis

398 2708 570 2781 (Prov.
621 2725 734 2777 xvi,
791 2709 870 2781 14)
899 2740 970 2750 -
1016 2709 1195 2782 fugam
1245 2713 1476 2784 paravit.
1528 2716 1784 2772 Ottonem
1840 2718 2048 2774 Teuto-

395 2799 646 2855 nicorum
676 2798 714 2831 “
763 2799 901 2856 adiit
948 2815 1133 2872 regem
1183 2800 1299 2873 (an.
1348 2803 1505 2877 960),
1553 2803 1868 2879 suﬁ'ragium
1921 2806 2043 2880 (48)

396 2887 715 2959 postulans,
758 2902 995 2960 moxque
1025 2890 1107 2946 illi
1137 2905 1367 2962 regnum
1397 2907 1455 2949 se
1486 2894 1723 2951 instante
1755 2896 2051 2965 pollicetur

392 2976 663 3032 Italicum.
697 2979 813 3045 Qua
851 2984 1070 3034 erectus
1115 2994 1214 3035 rex
1258 2983 1385 3037 Otto
1434 2982 1654 3052 ﬁducia,
1695 2984 1905 3041 adscita
1943 2986 2057 3043 sibi

2125 1822 2253 1879 chio
2299 1828 2521 1879 extento
2569 1825 2718 1880 venit
2754 1823 2961 1879 Italiam
2991 1821 3033 1854 ι’
3085 1822 3201 1896 (an.
3251 1820 3409 1893 961),
3452 1821 3660 1892 primus
3707 1836 3775 1875 ex

2126 1912 2463 1968 Teutonibus
2493 1912 2793 1984 imperator
2820 1912 3002 1969 dictus
3029 1911 3290 1981 Italicus;
3341 1924 3576 1981 cumque
3624 1908 3704 1964 illi
3734 1908 3774 1939 ⁸⁸

2127 2001 2375 2072 subjecta
2430 2002 2625 2058 ﬁerent
2685 2002 2907 2070 omnia,
2970 2002 3357 2074 Berengarium
3410 2001 3587 2070 ipsum
3643 2013 3770 2054 arce

2128 2092 2362 2165 quadam
2408 2092 2633 2149 robusta
2663 2091 2766 2163 (50)
2804 2092 3072 2149 munitum
3102 2091 3363 2147 diuturna
3388 2089 3596 2146 vallans
3623 2089 3773 2146 obsi-

2129 2183 2295 2240 dione
2324 2182 2541 2254 subegit
2591 2181 2705 2254 (an.
2754 2181 2902 2255 964),
2952 2182 3079 2238 ﬁliis
3116 2182 3542 2252 circumquaque
3563 2178 3775 2250 disper-

2128 2273 2206 2329 sis
2252 2272 2486 2329 Widone
2532 2271 2829 2328 Adelberto
2873 2278 2929 2327 et
2973 2273 3219 2328 Conone.
3268 2271 3424 2327 Illum
3471 2283 3601 2326 vero
3650 2282 3772 2325 cum

2129 2362 2346 2419 ﬁliabus
2387 2369 2443 2419 et
2490 2363 2723 2433 conjuge
2771 2367 2990 2432 captum
3038 2376 3225 2418 secum
3272 2360 3490 2417 devexit
3537 2360 3593 2414 in
3640 2360 3775 2415 Sue-

2129 2452 2270 2509 viam
2290 2449 2418 2523 (51),
2440 2452 2535 2508 ubi
2565 2465 2675 2507 non
2707 2451 2880 2508 multo
2911 2457 3035 2522 post
3055 2451 3112 2506 in
3136 2449 3499 2507 amaritudine
3517 2448 3560 2481 ⁴⁷
3579 2449 3774 2505 animae

2132 2541 2279 2598 diem
2309 2541 2506 2597 clausit
2535 2548 2836 2597 extremum
2866 2539 2982 2612 (an.
3010 2539 3169 2613 966).

2200 2631 2255 2684 8.
2302 2631 2507 2687 Eodem
2558 2634 2802 2700 tempore
2841 2629 3080 2686 obeunte
3117 2628 3420 2699 Walperto,
3460 2627 3775 2684 cathedram

2130 2722 2375 2791 suscepit
2403 2718 2662 2776 Arnulfus
2713 2719 2828 2791 (an.
2860 2718 2986 2788 970,
3017 2721 3155 2777 Nov.
3188 2717 3265 2790 6),
3316 2732 3443 2775 vere
3493 2718 3778 2774 declinans

2131 2824 2162 2865 a
2211 2809 2353 2865 malo
2403 2816 2459 2865 et
2495 2807 2704 2865 faciens
2740 2808 2985 2877 bonum;
3033 2810 3191 2878 cujus
3234 2809 3551 2878 mquivocus
3598 2807 3775 2863 existo

2130 2903 2411 2970 gestorum
2431 2899 2672 2969 scriptor
2709 2912 2812 2969 ego
2844 2898 3218 2969 praesentium,
3251 2896 3436 2953 fratris
3464 2910 3595 2953 vero
3626 2895 3775 2951 illius

2132 3001 2411 3059 pronepos
2456 3002 2618 3044 verus
2661 2986 2722 3043 ⁸⁸.
2785 2989 2957 3058 Hujus
3010 2988 3068 3043 in
3124 2987 3446 3057 episcopatu
3501 2988 3610 3042 vita
3673 2984 3776 3040 fuit

397 3067 632 3136 conjuge
664 3066 927 3121 Adeleida
955 3067 1126 3124 Italiae
1157 3071 1434 3138 quondam
1466 3072 1673 3142 regina,
1697 3088 1868 3131 uxore
1895 3075 2046 3132 vide-
2067 3063 2382 3146 C‘triennis,
2432 3076 2573 3133 facta
2610 3075 2652 3108 ⁸³
2700 3090 2845 3133 nunc
2894 3091 2996 3148 pro
3044 3083 3197 3134 certo
3245 3076 3459 3133 meliori
3507 3076 3772 3147 dignitate

396 3152 530 3209 licet
577 3153 862 3223 Lotharii,
921 3154 1071 3211 illico
1134 3157 1432 3214 meditatur
1482 3172 1711 3231 regnum
1759 3163 2047 3236 subripere

397 3243 752 3315 Berengario.

464 3332 519 3389 6.
573 3333 880 3390 Praemissls
923 3335 1094 3406 igitur
1139 3349 1240 3406 pro
1287 3337 1570 3409 Walperto
1618 3339 1813 3412 legatis
1859 3357 2050 3413 pacem

398 3421 678 3492 implorat.
718 3424 889 3491 Quam
938 3438 1061 3481 cum
1109 3438 1225 3482 non
1270 3426 1609 3497 impetraret,
1642 3429 1844 3487 direxit
1872 3433 2049 3491 Litul-

393 3509 507 3569 tum
554 3527 679 3569 cum
725 3513 972 3570 exercitu
1025 3512 1153 3587 (49),
1199 3528 1355 3571 suum
1409 3531 1478 3573 ex
1525 3520 1759 3591 conjuge
1797 3520 1970 3578 altera
2008 3522 2049 3556 "

395 3600 589 3658 ﬁlium.
641 3602 883 3659 Oderant
931 3609 1111 3660 autem
1151 3605 1531 3677 compatriotae
1568 3622 1755 3679 regem
1781 3612 2049 3684 Berenga-

392 3690 534 3746 rium
582 3698 812 3762 propter
861 3692 1089 3749 nimiam
1133 3696 1324 3750 uxoris
1372 3697 1665 3765 tenaciam,
1717 3714 1841 3769 quae
1885 3702 2050 3759 Willa

393 3780 702 3850 dicebatur,
734 3788 790 3837 et
814 3796 968 3838 suam
1000 3797 1065 3838 ex
1096 3788 1252 3853 parte
1280 3785 1576 3842 smviciam.
1608 3787 1849 3859 Ideoque
1879 3790 2050 3848 desti-

394 3874 546 3925 tutus
592 3883 623 3924 a
671 3869 816 3937 suis,
866 3872 1189 3940 properanti
1230 3872 1381 3929 hosti
1430 3874 1654 3932 minime
1699 3876 1869 3933 valuit
1915 3893 2049 3937 con-

393 3957 590 4027 gredi;
638 3958 737 4013 sed
779 3959 1061 4030 ingressus
1089 3961 1240 4030 quod
1270 3961 1475 4020 dicitur
1502 3964 1684 4021 Insula
1711 3968 1887 4023 sancti
1916 3970 2073 4032 Julii,

393 4045 752 4117 municipium
789 4046 853 4115 ⁸³,
893 4047 1102 4104 resedit
1136 4049 1428 4108 invalidus.
1456 4054 1603 4109 Cum
1633 4068 1764 4112 vero
1795 4056 2047 4127 explora-

2130 3167 2429 3238 perhennis
2454 3166 2568 3237 (an.
2599 3166 2726 3235 974,
2756 3175 2889 3240 Apr.
2925 3166 3042 3239 l6).
3085 3167 3182 3224 Cui
3220 3166 3486 3222 successit
3519 3163 3778 3222 Gotefre-

2132 3255 2256 3321 dus,
2288 3256 2465 3326 primo
2495 3256 2716 3326 quidem
2747 3270 2778 3312 a
2815 3256 2965 3313 clero
3004 3256 3333 3329 reprobatus
3360 3260 3415 3311 et
3443 3254 3671 3326 populo,
3705 3268 3771 3310 eo

2131 3344 2281 3415 quod
2311 3345 2706 3402 sacerdotalem
2733 3345 2820 3402 vel
2867 3345 3144 3401 leviticum
3175 3345 3418 3402 nondum
3447 3344 3774 3401 ascenderat

2131 3432 2398 3504 gradum,
2449 3434 2821 3491 subdiaconus
2876 3438 3121 3503 tantum;
3171 3418 3588 3490 extrema‘vero
3636 3446 3772 3503 pace

2130 3529 2387 3594 receptus
2414 3525 2580 3597 regite
2611 3523 2891 3580 ﬁdel’itatis
2918 3525 3111 3595 gratia,
3145 3530 3337 3581 contra
3378 3522 3522 3579 ﬁlios
3568 3523 3775 3579 Beren-

2129 3613 2266 3684 garii
2323 3613 2620 3670 dimicavit.
2687 3615 2928 3682 Quorum
2973 3613 3208 3669 Widone
3260 3611 3551 3669 interfecto
3604 3611 3769 3683 (52),

2128 3702 2352 3759 Conone
2382 3704 2637 3773 pactione
2666 3704 2854 3774 quieto
2896 3701 3026 3770 (53),
3056 3702 3386 3758 Adelbertus
3415 3702 3632 3759 caeteris
3661 3700 3774 3757 aui-

2128 3794 2337 3849 mosior
2374 3792 2570 3849 diebus
2598 3793 2724 3850 vitae
2764 3793 3021 3850 omnibus
3055 3792 3098 3824 ⁸ο
3143 3791 3319 3850 factus
3356 3798 3443 3849 est
3468 3794 3525 3848 in
3556 3792 3771 3849 diversa

2128 3880 2411 3953 profugus.

2198 3971 2254 4029 9.
2286 3970 2492 4027 Deinde
2520 3972 2719 4027 Ottone
2749 3975 2966 4028 mortuo
3020 3986 3110 4026 an.
3141 3969 3287 4038 973),
3310 3971 3556 4042 regnavit
3576 3985 3678 4041 pro
3698 3984 3766 4027 eo

2126 4061 2246 4131 ejus
2274 4060 2311 4093 ⁶¹
2363 4060 2609 4132 ejusdem
2656 4061 2896 4117 nominis
2932 4060 3099 4130 ﬁlius,
3130 4075 3259 4119 acer
3295 4061 3352 4117 in
3381 4061 3565 4130 armis,
3599 4076 3768 4133 sagax

1780 4182 2004 4240 VARLE
2040 4185 2324 4243 LECTION
2329 4187 2428 4244 ES.

462 4295 506 4331 ³³
533 4297 679 4354 deest
703 4298 766 4355 B.
911 4297 955 4331 ³⁸
983 4298 1198 4356 tociens
1226 4301 1269 4356 B
1300 4299 1348 4356 1.
1382 4307 1445 4358 at
1464 4317 1569 4358 non
1597 4304 1638 4359 B
1660 4303 1744 4362 2*.

392 4370 596 4439 manui,
631 4383 699 4452 ac
737 4370 1065 4455 prmsulatus
1091 4372 1377 4442 Walperti.
1509 4373 1552 4407 ³⁸
1580 4375 1913 4458 ᾼΙάθωειηιιε
1941 4382 2003 4436 Β.

392 4440 544 4498 detur
574 4439 706 4497 alia.
817 4440 860 4473 ³⁸
887 4441 1199 4499 Mediolano
1228 4442 1308 4499 3⁸.
1341 4445 1401 4500 Β.
1514 4443 1558 4477 ³⁸
1586 4448 1754 4505 invite
1782 4450 1843 4505 B.
1956 4451 1999 4483 ⁸ο

391 4440 544 4498 detur
574 4439 706 4497 alia.
739 4439 751 4440 “
817 4440 860 4473 ³⁸
887 4441 1199 4499 Mediolano
1213 4439 1308 4499 '3“.
1341 4445 1401 4500 Β.
1514 4443 1558 4477 ³⁸
1586 4447 1754 4505 invite
1782 4450 1843 4506 B.

389 4519 603 4598 regnat,
635 4513 1035 4598 etulyalpertus
1066 4512 1220 4598 fugit.
1244 4516 1313 4571 ad
1358 4518 1619 4598 Ottonem
1646 4533 1850 4598 regem.

386 4584 813 4668 inexpugnabile
850 4598 924 4640 m.
966 4586 1027 4640 Β.
1052 4584 1160 4668 ubi
1187 4586 1369 4642 desunt
1488 4588 1543 4644 ei.
1578 4589 1616 4645 i.
1655 4584 1782 4648 s.'l.

389 4656 616 4691 Vhllnm
647 4671 679 4691 ν
731 4657 770 4691 n
903 4655 945 4688 ιο
975 4670 1062 4691 nan
1096 4671 1217 4691 ηιιπι
1250 4659 1290 4691 ι)
1443 4659 1463 4690 7
1492 4662 1780 4691 ηωηυῖθιιιιῖ

389 4655 618 4712 Ytaiiam
647 4671 698 4712 ν.
730 4657 790 4713 Β.
903 4655 945 4688 ⁸⁸
975 4656 1063 4712 cui
1096 4671 1219 4713 cum
1250 4659 1309 4714 B.
1417 4655 1463 4691 *7

1962 4523 2002 4555 “
2035 4523 2403 4583 tetonicorum
2441 4527 2487 4582 1.

1966 4595 2010 4626 “
2045 4597 2277 4655 Litulfus
2307 4599 2508 4655 addunt
2543 4599 2605 4654 B.
2630 4600 2773 4655 Mur.

1491 4662 1911 4745 amaritudinem
1942 4668 1982 4722 B
2018 4666 2066 4745 ξ.
2099 4672 2374 4745 at‘nonB.
2406 4670 2473 4724 2*
2500 4740 2514 4745 _
2542 4668 2711 4745 _“_in
2755 4662 3062 4745 margine}!
3086 4670 3144 4745 ‘1_.
3175 4670 3470 4745 ruﬁricator
3517 4674 3765 4745 scripsit:

1891 4307 2127 4383 "icaput
2149 4316 2389 4383 quartum
2416 4313 2557 4369 Mur.
2594 4311 2652 4379 2,
2687 4310 2834 4369 titulo
2861 4333 2873 4368 :
2906 4313 3200 4370 Contentio
3243 4313 3487 4370 Manasse
3518 4314 3768 4372 et'Adel-

2113 4382 2235 4455 "’e.
2268 4397 2318 4440 e.
2350 4387 2503 4456 A.p.
2535 4385 2605 4439 M.
2635 4384 2691 4440 in
2722 4386 2957 4456 margine
3009 4383 3057 4438 1.
3105 4384 3379 4456 supplevit,
3430 4401 3588 4441 manu
3614 4392 3673 4442 at
3697 4389 3772 4443 vi-

1956 4451 1999 4529 ‘f‘f
2027 4448 2211 4529 novum
2239 4460 2394 4527 caput
2420 4448 2670 4529 incipiunt
2697 4448 2860 4529 Mur;
2888 4455 2944 4529 2,
2993 4457 3075 4529 cui
3122 4448 3299 4529 titulus
3323 4477 3336 4512 :
3364 4448 3375 4453 ⁷
3408 4457 3770 4529 Berengarius

2599 4526 2642 4558 δ’
2671 4542 2722 4582 a.
2755 4542 2805 4583 c.
2827 4525 2916 4600 3(Δ
2994 4526 3038 4559 ⁸³
3066 4528 3163 4600 sed
3183 4529 3487 4600 ingressus
3527 4525 3768 4600 quodam

2883 4597 2928 4629 ⁸³
2956 4611 3012 4668 p.
3062 4597 3192 4655 forti
3242 4597 3315 4654 m.
3355 4605 3410 4655 et
3448 4601 3503 4656 b.
3537 4597 3767 4659 extenso

386 4727 705 4813 gntagquod
721 4728 830 4813 iste
851 4732 1391 4813 _autor“vocatus_est
1417 4731 1675 4813 Amulius
1705 4749 1983 4808 pronepos
2013 4737 2198 4798 fratris
2225 4741 2376 4798 illius
2403 4740 2807 4813 archiepiscopi
2833 4727 3059 4799 Arnulﬁ.
3082 4741 3125 4773 ‘9
3232 4727 3490 4800 factus’3.
3524 4727 3584 4801 Β.

391 4796 435 4828 ⁸ο
469 4796 679 4854 Hoibus
706 4802 770 4854 A.
807 4804 863 4856 at
890 4814 997 4856 non
1023 4801 1067 4856 Β
1092 4800 1176 4859 2*.
1287 4800 1328 4833 "
1355 4815 1488 4859 suus
1515 4805 1574 4860 Β.
1600 4796 1743 4862 Mur.

1963 4899 2182 4955 ΝΟΤᾸΕ.

456 5000 571 5076 (47)
608 5000 856 5076 Rosini
904 5002 960 5058 in
1004 5003 1145 5076 Hist.
1173 5003 1409 5076 Mediol.
1450 5007 1494 5075 Ι,
1525 5006 1615 5076 87,
1648 5008 2108 5075 documentumD

2185 5015 2286 5088 (49)
2315 5017 2503 5074 Varias
2547 5018 2931 5088 expeditiones
2967 5026 3159 5078 noster
3195 5022 3359 5079 etiam
3396 5021 3490 5079 hic
3518 5022 3759 5081 confun-

386 5073 569 5161 ἓξὲξ(
597 5072 1369 5161 quoLprobaresibividetur,
1403 5072 1686 5161 Manassen
1714 5095 1765 5138 a.
1797 5082 1930 5161 959,
1954 5099 2027 5142 m.
2057 5072 2093 5075 ﬁ
2113 5072 2216 5161 dit,
2240 5072 2514 5161 inquiti:
2545 5072 3589 5161 statumina;naéiti'inéiéifvﬁﬁnii

385 5144 598 5222 Martio,
630 5144 811 5222 adhuc
841 5159 948 5222 pro
972 5146 1398 5222 archiepiscopo
1428 5164 1487 5205 se
1517 5151 1775 5222 gessisse.
1826 5144 1931 5210 Sed
1964 5170 2031 5212 ex

385 5160 598 5213 manto,
630 5160 942 5272 aGDUCJH‘O
977 5160 1398 5218 arcmepiscopo
1428 5164 1487 5205 se
1517 5160 1775 5222 gessisse.
1826 5160 1931 5210 Sed
1964 5170 2030 5212 ex

384 5215 568 5297 verbis
596 5229 720 5285 quae
750 5216 819 5297 de
861 5217 904 5272 it
932 5216 1230 5297 idﬁta‘ntum
1258 5222 1859 5297 appa_ret,_Erebertum
1898 5240 2030 5297 pre-

383 5285 675 5368 sbyterum
714 5295 855 5368 ante
889 5302 939 5344 a.
982 5288 1100 5368 959
1143 5285 1441 5368 aliquando
1473 5285 2029 5368 Manassesgmis'sum

383 5355 572 5431 fuisse,
605 5356 686 5431 Cf.
719 5359 946 5429 Liudpr.
981 5360 1119 5431 Hist.
1152 5355 1263 5431 Ott',
1295 5364 1336 5418 Ι.
1368 5364 1569 5421 Giulini
1598 5367 1666 5430 ll,
1694 5366 1818 5424 292.

456 5426 580 5499 (48)
623 5429 683 5485 Id
726 5437 812 5486 est
839 5426 1117 5487 duxitium.
1150 5426 1267 5489 Hoc
1294 5440 1477 5492 autem
1505 5426 1708 5494 accidit
1735 5445 1864 5495 ante
1890 5438 2026 5496 alte-

381 5500 1220 5587 rgmgqttonisexpeditionemi
1258 5506 1415 5587 prior
1441 5506 1583 5566 facta
1612 5514 1697 5565 est
1730 5515 2023 5582 antequam

376 5571 692 5643 Walpertus
717 5571 1169 5645 archiepiscopus
1194 5571 1317 5631 fuit.
1381 5632 1389 5643 ,

2217 5159 2312 5300 50)
2347 5162 2529 5216 Monte
2561 5159 2869 5219 SfLeonis.

2217 5230 2275 5282 51
2346 5233 2459 5287 Imo
2486 5233 2869 5300 Babenbergan

2215 5230 2311 5306 5})
2335 5233 2459 5306 _lmo
2486 5233 2914 5306 Babenbergam.

2181 5300 2300 5442 (52)
2325 5304 2443 5385 lam
2471 5317 2524 5358 a.
2554 5304 2680 5360 965.
2711 5300 2852 5363 Ann.
2884 5307 3115 5364 Einsidl.

2183 5371 2272 5441 (53
2333 5375 2434 5431 HIC
2472 5377 2765 5433 marchiam
2808 5379 3046 5442 Epored.
3079 5395 3115 5436 rt

2183 5371 2296 5449 (53)
2333 5375 2434 5449 ilic
2472 5377 2765 5449 marchiam
2808 5379 3046 5449 Epored.
3079 5378 3373 5437 retinuisse
3403 5378 3621 5437 videtur
3648 5380 3760 5436 ibi-

2107 5444 2312 5526 911.9%
2333 5444 2584 5526 Βίὶδθιξιτ
2616 5447 2722 5526 96.7
2750 5444 3075 5526 inamatus.
3111 5451 3319 5526 praedia
3349 5451 3600 5526 qume
3630 5465 3761 5526 con-

2105 5515 2233 5598 tulit
2279 5515 2624 5598 S_._E_usébio
2654 5521 2895 5598 _Vet_'cel_l_.
2941 5515 3069 5578 cum
3111 5515 3761 5598 'Xchilda'_conjuge‘_ﬁ-

2102 5586 2175 5642 lia
2201 5586 2430 5646 Ardoini
2458 5591 2812 5649 marchionis.
2845 5594 3110 5663 Provana,
3140 5594 3298 5651 Studi
3325 5586 3526 5661 critici;
3561 5586 3756 5664 5.331.
