4100 6166
328 301 422 356 293

1278 296 1486 350 GES’I‘A
1523 294 1937 350 ARCHIEPISC.
1980 294 2334 350 MEDIOLAN.
2375 326 2448 335 —
2485 299 2609 352 LIB.
2652 301 2692 353 l.

3568 305 3675 362 294

327 424 570 497 ingenio;
612 423 709 493 qui
735 423 938 478 Graeca:
968 420 1214 477 mulieris
1244 420 1475 490 adeptus
1504 419 2015 488 contubernium,A
2036 421 2284 490 partibus
2328 423 2561 494 agmine,
2613 424 2858 482 conﬂixit
2915 427 3121 484 eisdem
3179 445 3303 488 cum
3359 435 3572 492 civibus
3622 436 3680 492 in

324 513 580 572 industria
628 512 894 581 sapientis
933 510 1212 567 Adeleidat
1261 511 1450 565 matris
1497 511 1802 565 Romanum
1833 507 1955 565 feli-

325 608 454 662 citer
495 601 752 658 solidavit
798 602 1106 671 imperium.
1157 601 1356 656 Exiens
1397 613 1525 655 vero
1583 615 1614 654 a
1669 600 1955 654 Germania

325 696 377 762 δ’,
421 695 605 748 Romae
655 691 936 761 praesedit,
968 690 1216 760 Apuliam
1264 690 1678 758 Calabriamque
1698 688 1740 718 ⁵³
1771 701 1957 756 posse-

323 785 415 850 dit,
447 782 724 850 multaque
754 781 926 852 gessit
953 780 1186 850 insignia
1207 823 1221 845 ,
1273 778 1623 848 imperatoria
1671 780 1952 846 majestate

322 873 605 943 condigna.
677 871 852 940 Hujus
906 876 1153 939 tempore
1219 868 1634 924 transfretantes
1697 865 1952 921 Saraceni

320 975 458 1017 mare
489 959 674 1016 conati
703 965 831 1013 sunt
859 957 1116 1013 Calabres
1145 957 1284 1012 fines
1312 958 1606 1024 invadere;
1657 955 1858 1025 quibus
1887 969 1954 1009 ex

319 1052 542 1107 adverso
571 1062 899 1119 congressus
929 1053 1011 1102 est
1048 1048 1349 1116 imperator
1395 1053 1450 1101 et
1496 1046 1613 1116 ipse
1659 1044 1763 1115 (an.
1794 1042 1951 1114 982),

317 1153 477 1211 parvo
509 1138 639 1194 licet
657 1137 700 1167 ⁵³
719 1151 941 1193 suorum
972 1135 1225 1192 suffultus
1254 1134 1509 1206 collegio.
1540 1135 1804 1202 Quoniam
1823 1147 1954 1189 vero

318 1242 606 1298 paucorum
630 1227 699 1282 ad
729 1227 914 1296 plures
942 1227 1118 1295 impar
1146 1225 1289 1294 solet
1317 1239 1436 1280 esse
1467 1225 1954 1295 congressio,‘cum

314 1325 606 1388 pugnasset
645 1317 872 1372 multum
902 1315 1146 1372 deficit“
1183 1315 1250 1370 ad
1283 1315 1552 1370 ultimum.
1586 1314 1723 1380 Quid
1756 1313 1955 1382 plura?

315 1407 606 1478 pugnando
653 1412 846 1476 captus
892 1404 936 1435 ⁸⁸
988 1405 1055 1460 ad
1105 1405 1310 1460 classes
1355 1419 1528 1474 usque
1572 1403 1951 1474 protrahitur;

313 1503 716 1566 occupaverant
757 1496 903 1551 enim
951 1495 1140 1550 hostes
1167 1493 1345 1549 vicina
1377 1494 1541 1549 maris
1569 1491 1777 1548 littora.
1827 1493 1958 1547 Sen-

313 1587 451 1641 tiens
483 1599 618 1641 vero
649 1600 707 1640 se
736 1585 902 1640 vellet
931 1584 1103 1640 nollet
1133 1584 1174 1614 ³⁷
1222 1583 1680 1638 transvehendum
1701 1581 1763 1648 ⁵⁸,
1794 1581 1958 1636 δίωιιρ

312 1675 432 1730 latis
462 1674 726 1745 precibus
757 1673 1090 1744 postulabat,
1124 1677 1184 1728 ut
1221 1673 1413 1728 saltem
1445 1672 1659 1727 unicam
1689 1669 1796 1726 sibi
1825 1684 1960 1727 con-

2035 525 2228 581 rampo
2258 513 2589 569 Carbouaria
2632 513 2772 586 (56);
2814 515 2908 571 ubi
2941 515 3082 573 facta
3113 525 3197 574 est
3229 520 3460 589 plurima
3499 525 3683 580 caedes

2035 601 2294 670 utrinque
2320 623 2334 667 ;
2385 617 2415 657 a
2445 618 2556 673 quo
2596 603 2742 660 bello
2773 620 2917 676 aegre
2948 607 3172 663 divertit
3211 609 3312 664 hac
3343 612 3505 666 etiam
3535 615 3674 670 vice.

2036 691 2095 743 ln
2127 691 2347 745 civitate
2368 698 2551 748 autem
2581 694 2802 763 quidam
2823 695 2864 725 ⁸⁸
2890 697 3114 752 vernula
3143 698 3329 753 audita
3360 699 3570 756 domini
3597 703 3683 757 sui

2036 791 2171 833 nece
2192 793 2512 849 accurrens,
2539 788 2744 851 patrem
2769 785 3024 854 praesulis
3045 785 3189 843 lecto
3206 789 3480 857 jacentem
3502 790 3682 846 cultro

2035 866 2324 922 transfixit.
2351 870 2479 924 Post
2500 871 2620 927 haec
2651 879 2706 928 et
2727 872 2833 928 alia
2856 875 3043 942 multa,
3068 876 3372 946 inspirante
3391 879 3504 934 Deo
3526 885 3582 934 et
3602 879 3686 934 in-

2035 957 2374 1012 terveniente
2405 960 2660 1016 consultu
2679 962 2988 1031 sapientum
3013 966 3184 1032 partis
3206 967 3516 1037 utriusque,
3541 980 3684 1024 nova

2037 1060 2139 1116 pax
2159 1055 2343 1101 vetera
2374 1047 2624 1104 dissolvit
2644 1051 2790 1106 odia.
2814 1053 3278 1125 Archiepiscopus
3306 1057 3451 1112 enim
3476 1071 3687 1114 memor

2036 1135 2328 1205 pastoralis
2349 1135 2672 1207 diligentia},
2698 1143 2935 1210 populus
2956 1157 3085 1199 vero
3115 1145 3437 1202 recordatus
3467 1146 3684 1202 ovilis"

2037 1224 2389 1293 obedientiaa,
2433 1226 2703 1283 donantes
2732 1232 3031 1300 praeterita,
3075 1233 3326 1290 foederati
3375 1241 3502 1290 sunt
3547 1250 3684 1305 pace

2039 1321 2323 1384 perpetua.
2354 1317 2628 1372 Praeterea
2648 1319 2895 1375 sentiens
2915 1335 2974 1376 se
2996 1324 3196 1391 praesul
3221 1324 3487 1395 dispersis
3514 1323 3686 1380 iacul-

2037 1404 2242 1460 tatibus
2261 1404 2556 1462 offcndisse
2577 1407 2886 1475 ecclesiam,
2911 1415 2970 1465 ut
2998 1411 3204 1466 clerum
3227 1413 3427 1469 leniret
3447 1429 3511 1471 ac
3531 1413 3575 1446 ⁸⁸
3595 1428 3689 1484 po-

2038 1494 2247 1564 pulum,
2288 1496 2465 1551 sancti
2495 1498 2752 1568 martyris
2787 1499 2930 1554 Celsi
2977 1499 3226 1556 fundavit
3275 1505 3690 1570 monasterium,

2040 1584 2336 1655 multisque
2366 1585 2558 1642 ditavit
2579 1587 2797 1657 opibus.
2831 1589 2932 1646 Ubi
2956 1591 3234 1660 completo
3254 1592 3467 1648 dierum
3489 1607 3687 1650 nume-

2043 1688 2126 1741 ro,
2162 1675 2406 1731 moriens
2433 1689 2533 1732 suo
2555 1677 2761 1746 quievit
2781 1677 2837 1732 in
2861 1678 3070 1735 tumulo
3095 1681 3201 1747 (an.
3223 1679 3351 1747 998,
3373 1685 3540 1738 Mart.
3562 1681 3682 1752 23).

305 1766 486 1834 jugem
528 1777 651 1819 cum
701 1764 898 1833 exiguo
947 1761 1269 1818 famularum
1317 1761 1584 1831 obsequio
1633 1759 1793 1816 simul
1837 1763 2148 1821 cntCui
2177 1763 2318 1820 alter
2338 1765 2605 1821 successit
2624 1765 2915 1835 Arnulfus;
2940 1767 3008 1822 de
3025 1781 3134 1838 quo
3157 1767 3375 1824 dicetur
3393 1770 3690 1838 posterius.

310 1866 373 1908 eo
397 1853 624 1908 exulare
644 1851 687 1882 ‘9
717 1853 1117 1922 permitterent,
1151 1850 1450 1906 delaturam
1480 1864 1664 1906 secum
1696 1850 1958 1905 immensa

309 1944 424 1998 auri
473 1950 533 1998 et
580 1943 792 2013 argenti
844 1941 1089 2011 pondera
1133 1941 1478 2010 promittens.
1528 1941 1772 2009 Cumque
1815 1937 1958 1995 foret

310 2032 638 2101 permissum
677 2031 719 2062 ⁶⁰
762 2032 910 2087 viros
962 2029 1343 2087 adolescentes
1401 2029 1745 2086 muliebriter
1797 2043 1959 2099 supe-

307 2121 584 2188 rindutos,
622 2121 816 2178 subtus
862 2125 1043 2177 autem
1093 2121 1374 2176 accinctos
1410 2119 1791 2183 mucronibus,
1831 2133 1958 2174 cau-

307 2211 520 2267 tissime
550 2211 739 2266 venire
777 2211 1071 2266 mandavit.
1122 2211 1226 2266 Ubi
1266 2223 1398 2267 vero
1444 2209 1679 2281 ingressi
1708 2214 1836 2264 sunt
1864 2221 1957 2263 na-

304 2315 448 2368 vem,
499 2301 650 2356 illico
700 2301 975 2356 irruentes
1020 2301 1078 2355 in
1124 2300 1336 2369 hostes,
1387 2299 1686 2371 evaginatis
1732 2298 1957 2355 ensibus

304 2390 692 2446 indiﬂ‘crenter
715 2404 966 2461 quosque
995 2389 1292 2446 trucidant.
1326 2392 1548 2446 Interim
1568 2390 1710 2446 saltu
1742 2389 1954 2460 percito

301 2480 612 2550 prosiliens
657 2480 956 2550 imperator
1003 2481 1059 2535 in
1103 2479 1346 2550 pelagus,
1388 2481 1628 2535 natando
1677 2479 1847 2535 evasit
1887 2477 1956 2534 ad

297 2567 468 2623 littus
518 2568 660 2624 liber
714 2575 769 2624 et
819 2568 998 2624 laetus.
1057 2568 1212 2623 Unde
1278 2567 1557 2623 terrefacti
1621 2569 1959 2624 transierunt

297 2655 504 2712 hostes
531 2657 600 2712 ad
632 2657 856 2727 prepria
888 2657 948 2711 δι.
999 2657 1075 2711 De
1113 2661 1317 2712 caetero
1345 2655 1646 2725 disponens
1674 2669 1960 2726 aequoreas

300 2746 486 2802 undas
519 2747 845 2817 potestative
875 2760 999 2803 cum
1029 2746 1178 2802 omni
1208 2751 1545 2802 transmeare
1573 2745 1615 2776 ⁸³
1653 2745 1826 2812 Italia,
1861 2760 1960 2816 per

299 2834 624 2892 universum
673 2849 900 2906 regnum
943 2835 1133 2891 dilatat
1165 2834 1434 2890 militandi
1463 2839 1819 2905 praeceptum.
1851 2835 1957 2890 Sed

299 2925 411 2982 Deo
444 2925 613 2982 aliter
642 2926 1002 2996 providente,
1055 2925 1221 2980 rebus
1267 2924 1502 2980 excessit
1546 2924 1800 2979 humanis
1846 2925 1951 2985 (an.

2117 1853 2200 1906 ll.
2226 1855 2449 1910 Interim
2482 1860 2744 1925 regnante
2765 1857 2964 1912 Ottone
2995 1858 3086 1923 lli,
3119 1871 3243 1913 cum
3273 1863 3444 1912 matre
3474 1859 3684 1924 Graeca,

2039 1941 2260 2012 quidam
2287 1946 2510 1999 Graecus
2529 1943 2670 2015 (57),
2702 1946 2906 2002 Graeca:
2936 1945 3173 2002 domina;
3194 1947 3534 2017 capellanus,
3566 1946 3684 2003 fac-

2041 2038 2128 2088 tus
2158 2039 2242 2088 est
2262 2033 2614 2089 Placentinus
2633 2034 2948 2104 episcopus.
2972 2037 3046 2091 De
3067 2050 3178 2106 quo
3199 2036 3406 2093 dictum
3437 2043 3518 2093 est
3539 2038 3688 2108 quod

2039 2123 2270 2178 Romani
2317 2123 2487 2180 decus
2526 2123 2746 2193 imperii
2795 2130 2974 2180 astute
3021 2126 3078 2181 in
3127 2128 3349 2182 Graecos
3389 2125 3686 2183 transferre

2040 2219 2381 2283 temptasset.
2415 2213 2697 2283 Siquidem
2728 2215 2985 2270 consultu
3017 2220 3074 2271 et
3094 2229 3200 2285 ope
3221 2216 3583 2286 quorumdam
3605 2216 3690 2272 ci-

2039 2303 2184 2359 vium
2207 2304 2598 2369 Romanorum,
2625 2304 2904 2374 praecipue
2925 2305 3229 2360 Crescentii
3249 2305 3532 2375 cujusdam
3554 2320 3692 2376 prae-

2041 2392 2245 2460 divitis,
2279 2391 2642 2464 apostolicam
2691 2393 2879 2448 sedem
2923 2394 3033 2463 jam
3080 2393 3352 2450 violenter
3397 2395 3690 2462 invaserat,

2042 2483 2260 2553 dejecto
2289 2497 2358 2539 eo
2387 2483 2482 2553 qui
2523 2489 2656 2538 tunc
2687 2482 2968 2539 insederat
2995 2483 3296 2539 venerabili
3325 2497 3468 2554 papa
3486 2482 3528 2514 ⁶⁹
3559 2483 3692 2555 (58).

2040 2575 2156 2640 Quo
2186 2573 2376 2628 audito
2407 2572 2606 2642 palam,
2640 2572 2835 2629 relicta
2873 2573 3069 2629 Suevia
3110 2573 3260 2629 venit
3305 2575 3432 2630 Otto
3463 2571 3694 2628 festinus

2040 2663 2250 2717 Italiam
2290 2660 2399 2731 (an.
2423 2661 2545 2729 997)
2559 2701 2572 2715 .

2117 2749 2201 2804 l2.
2234 2751 2346 2806 Nec
2371 2763 2544 2817 mora,
2578 2750 2811 2806 consilio
2841 2751 3030 2807 habito
3060 2765 3182 2806 cum
3213 2751 3570 2821 optimatibus
3597 2766 3695 2808 re-

2041 2839 2154 2911 gni,
2178 2841 2481 2895 Romanum
2503 2839 2738 2908 arripuit
2766 2841 2872 2895 iter
2893 2854 3015 2895 cum
3038 2839 3350 2910 legionibus
3367 2841 3689 2896 Latinorum

2037 2943 2102 2984 ac
2122 2928 2568 2992 Teutonicorum,
2604 2926 2961 2984 terrefaciens
2981 2935 3179 2984 cuncta
3203 2929 3258 2984 in
3285 2929 3520 2986 circuitu
3541 2928 3685 2986 loca.

296 3013 423 3079 983,
455 3015 588 3070 Dec.
627 3016 706 3084 7),
732 3013 1043 3085 juxtaillud
1086 3033 1100 3070 :
1151 3016 1254 3070 Cor
1298 3013 1518 3068 hominis
1563 3014 1791 3085 disponit
1815 3014 1952 3068 viam
2036 3017 2117 3073 Ad
2147 3018 2306 3086 cujus
2353 3017 2639 3072 introitum
2679 3016 2790 3088 (an.
2839 3017 2972 3088 998)
3006 3019 3176 3074 Roma
3219 3019 3536 3074 concutitur
3565 3019 3689 3074 uni-

295 3119 488 3170 suam;
540 3105 749 3161 Domini
795 3111 966 3162 autem
1013 3109 1088 3160 est
1125 3103 1350 3174 dirigere
1379 3118 1586 3173 gressus
1623 3104 1734 3172 ejus
1768 3097 2013 3174 (Praua
2036 3120 2211 3162 versa.
2245 3108 2466 3161 Graecus
2483 3105 2603 3175 ipse
2624 3105 3061 3161 misericordiam
3081 3105 3307 3173 clamat;
3332 3108 3684 3164 Crescentius

297 3207 409 3261 xvr,
452 3193 538 3264 9).
609 3194 708 3250 Cui
756 3196 811 3250 in
858 3193 1154 3250 Alemaniaa
1203 3193 1452 3262 partibus
1497 3192 1765 3263 superfuit
1815 3205 1952 3262 puer

295 3284 380 3338 sui
409 3285 665 3341 nominis
692 3284 854 3352 filius,
887 3298 982 3339 rex
1012 3288 1229 3339 mortuo
1261 3282 1369 3353 (54)
1398 3287 1552 3352 patre
1582 3287 1819 3338 creatus.

377 3373 458 3430 ιο.
511 3377 639 3430 Jam
687 3375 831 3430 enim
878 3379 1220 3430 successerat
1260 3371 1554 3430 Gotefredo
1603 3372 1957 3443 Landulphus

297 3465 784 3535 archiepiscopus,
834 3463 928 3534 qui
976 3470 1203 3533 propter
1247 3463 1470 3518 nimiam
1520 3463 1692 3532 patris
1739 3476 1801 3518 ac
1840 3461 1955 3519 fra-

298 3561 441 3610 trum
471 3553 858 3620 insolentiam,
898 3567 1117 3624 gravem
1160 3551 1349 3621 populi
1382 3566 1676 3622 perpessus
1704 3557 1789 3607 est
1818 3552 1956 3606 invi-

299 3643 580 3700 dentiam.
611 3643 891 3699 lnstabant
917 3642 1062 3697 enim
1082 3641 1125 3672 ⁶³
1155 3655 1268 3711 prie
1307 3641 1494 3708 solito,
1528 3641 1766 3695 civitatis
1805 3641 1958 3695 abuti

297 3732 583 3790 dominio.
625 3732 779 3788 Unde
817 3731 963 3787 cives
1000 3729 1290 3800 indignati,
1323 3743 1430 3784 una
1470 3743 1592 3785 sese
1622 3730 1894 3798 conjurati
1919 3727 1962 3760 “

299 3823 675 3878 strinxerunt.
716 3820 848 3876 Inde
896 3819 1072 3874 civilis
1118 3817 1318 3874 seditio
1346 3831 1410 3872 ac
1449 3817 1683 3887 partium
1709 3823 1793 3873 est
1821 3817 1963 3874 facta

300 3911 523 3968 divisio.
585 3910 793 3978 Quibus
830 3908 1047 3964 assidue
1097 3907 1423 3974 rixantibus,
1463 3907 1670 3978 grande
1709 3909 1964 3964 commis-

299 4015 417 4056 sum
469 4006 570 4058 est
614 4001 672 4056 in
719 4000 856 4056 urbe
898 4003 1195 4055 certamen.
1237 3997 1442 4053 Videns
1485 4003 1664 4052 autem
1714 4011 1773 4054 se
1821 4013 1964 4068 prae-

299 4092 518 4160 gravari
578 4089 820 4159 undique
869 4088 1090 4159 praesul,
1121 4101 1224 4142 nec
1264 4099 1424 4156 posse
1452 4084 1724 4155 sufﬁcere,
1757 4087 1964 4144 disces-

303 4182 375 4236 sit
421 4183 494 4238 ab
539 4181 682 4237 urbe
729 4193 851 4235 cum
899 4177 1180 4246 fratribus,
1229 4176 1424 4233 relicto
1473 4183 1626 4246 patre
1679 4177 1827 4250 (55),
1864 4179 1961 4250 qui

305 4267 487 4327 fuerat
512 4273 632 4341 jam
661 4283 822 4325 senes
852 4273 907 4324 et
934 4266 1144 4323 viribus
1170 4265 1461 4321 imbecillis
1487 4265 1548 4322 ⁸³.
1597 4268 1961 4334 Quamobrem

308 4361 569 4417 ecclesiae
634 4357 920 4414 facultates
976 4363 1031 4413 et
1086 4355 1256 4412 multa
1309 4355 1637 4412 clericorum
1680 4357 1963 4414 distribuit

2037 3210 2169 3252 vero
2199 3195 2555 3251 rebellionem
2587 3200 2762 3264 parat,
2798 3195 3055 3252 Tiberina
3082 3197 3259 3252 sancti
3279 3197 3471 3268 Angeli
3515 3199 3691 3253 muni-

2040 3294 2128 3343 tus
2157 3286 2214 3341 in
2235 3299 2362 3341 arce
2382 3284 2443 3337 7°.
2476 3285 2632 3340 Hunc
2651 3285 2952 3354 imperator
2980 3285 3226 3356 undique
3261 3286 3552 3345 obsidione
3583 3280 3688 3342 cir-

2039 3374 2280 3441 cumdat,
2320 3372 2578 3430 omnibus
2616 3373 2747 3428 belli
2769 3373 3039 3428 machinis
3078 3374 3308 3430 cottidie
3339 3388 3684 3444 oppugnans,

2040 3465 2218 3520 donec
2250 3469 2412 3532 pacto
2459 3469 2757 3530 utcumque
2797 3463 3126 3530 composito,
3168 3462 3318 3516 illius
3354 3476 3412 3516 se
3461 3462 3690 3518 tradidit

2041 3553 2321 3624 potestati.
2367 3550 2468 3617 Qui
2512 3550 2694 3604 statim
2733 3549 2790 3604 in
2831 3556 2988 3618 prato
3035 3551 3350 3605 Neroniano
3384 3551 3572 3619 jussus
3610 3557 3696 3606 est

2043 3640 2306 3697 decolari.
2341 3637 2638 3706 Stephania
2667 3643 2847 3691 autem
2869 3650 3009 3692 uxor
3037 3637 3157 3704 ejus
3194 3636 3434 3691 traditur
3477 3637 3691 3693 adulte-

2044 3728 2214 3785 randa
2262 3725 2620 3781 Teutonibus.
2661 3725 3016 3795 Pseudopapa
3062 3738 3192 3780 vero
3225 3726 3450 3781 Graecus
3475 3724 3691 3782 effossis

2045 3817 2242 3883 oculis,
2277 3814 2514 3871 abscisis
2533 3826 2666 3869 naso
2688 3819 2744 3870 et
2764 3813 3008 3882 auribus,
3033 3813 3201 3870 dorso
3222 3814 3392 3870 asinae
3420 3820 3695 3872 retrover-

2045 3921 2140 3964 sus
2172 3918 2334 3962 manu
2371 3909 2566 3959 tenens
2611 3903 2858 3969 caudam,
2886 3908 3055 3958 totam
3079 3902 3406 3959 distrahitur
3427 3919 3526 3975 per
3556 3904 3696 3961 hur-

2045 3999 2190 4054 bem.
2222 3996 2311 4051 Sic
2341 3996 2514 4050 Roma
2541 3998 2667 4049 ante
2696 3992 2968 4049 mobilis“
2993 3993 3140 4064 regis
3174 3993 3384 4064 quievit
3403 3994 3459 4050 in
3489 3995 3696 4057 oculis.

2121 4087 2206 4142 13.
2258 4088 2526 4159 Tempore
2585 4083 2898 4154 pratterito‘j
2926 4084 2966 4114 ⁷³
3013 4083 3334 4141 decreverat
3396 4085 3700 4156 imperator

2045 4186 2306 4236 maternae
2353 4175 2535 4246 gentis
2583 4173 2786 4230 sociari
2815 4173 3095 4244 conjugio.
3129 4175 3304 4243 Hujus
3331 4187 3496 4232 causa
3537 4189 3700 4231 cons-

2046 4270 2159 4327 cilii
2217 4265 2480 4338 praefatus
2532 4263 2793 4320 Amulius
2837 4263 3169 4319 venerabilis
3222 4263 3696 4334 archiepiscopus,

2052 4361 2201 4430 regia
2236 4354 2486 4427 iussione
2517 4351 2899 4424 praemonitus,
2924 4365 3071 4406 mare
3093 4352 3369 4405 transiens
3388 4352 3700 4406 Constanti-

307 4449 587 4506 militibus
616 4447 902 4504 beneficia.
932 4447 1135 4502 lterum
1163 4449 1344 4502 autem
1373 4444 1607 4502 collecto
1637 4460 1705 4503 ex
1733 4446 1964 4506 diversis
1986 4441 2295 4518 Dnopolim
2329 4443 2717 4514 proﬁciscitur.
2757 4441 2858 4508 Qui
2891 4440 2958 4495 ab
2991 4440 3111 4509 ipso
3141 4437 3449 4494 admirabili
3480 4450 3664 4492 monar
3683 4467 3703 4478 -

1680 4565 1904 4620 νΑΒΙλΕ
1943 4563 2226 4623 LECTION
2233 4562 2330 4617 ES.

377 4665 421 4696 ⁸³
461 4667 529 4722 Ε.
574 4680 629 4722 v.
669 4678 701 4721 a
729 4666 792 4731 G,
823 4663 1005 4719 desunt
1034 4662 1094 4716 Β.
1206 4659 1248 4690 ⁵³
1276 4658 1579 4714 Calabriam
1609 4658 1663 4715 3.
1775 4661 1818 4692 ⁵³
1866 4664 1907 4719 Ι.

309 4749 554 4807 prosper
574 4737 707 4793 belli
744 4734 1011 4807 successit
1031 4737 1275 4807 eventus.
1299 4733 1360 4798 Q.
1396 4746 1451 4807 p.
1493 4732 1670 4807 victus
1689 4737 1744 4787 et
1781 4748 1830 4788 c.
1874 4735 1936 4790 B.

309 4803 349 4838 Co
378 4803 500 4876 (ὶάο
545 4821 816 4865 concesso
846 4809 886 4861 Β
920 4805 986 4876 1.
1080 4803 1117 4834 ⁶¹
1151 4805 1214 4858 U.
1246 4810 1293 4876 t.
1320 4809 1361 4857 t.
1393 4803 1429 4857 h
1459 4818 1510 4856 a.
1543 4817 1595 4876 ι).
1629 4803 1817 4859 desunt
1850 4806 1907 4860 B.

309 4880 365 4933 Β.
399 4873 530 4936 ubi:
568 4895 627 4950 p,
659 4880 844 4935 solito.
956 4873 1406 4950 6{conjuratione
1438 4876 1497 4928 B.
1529 4875 1672 4950 Mur.

308 4951 378 5005 ad
413 4953 463 5008 l.

310 5023 516 5080 natalis
546 5017 766 5081 Domini
796 5021 944 5078 addit
975 5021 1034 5076 B.
1173 5018 1214 5048 ⁷⁰
1243 5032 1298 5088 ρ.
1343 5031 1414 5073 m.
1448 5017 1506 5073 in
1539 5018 1599 5073 T.
1631 5032 1678 5073 s.
1708 5021 1771 5074 Α.
1807 5033 1858 5076 a.
1892 5021 1953 5076 B.

1961 4679 2017 4734 p.
2059 4679 2106 4719 s.
2139 4661 2306 4734 fultus
2336 4659 2395 4712 Β.

2022 4807 2064 4837 ⁶²
2113 4802 2347 4860 transire
2378 4802 2455 4872 Β.
2473 4804 2670 4872 puncta
2699 4799 2810 4870 ejus
2823 4797 2957 4872 loco
2989 4797 3164 4872 posuit
3199 4793 3375 4872 B._A2'_‘.

1785 4875 1826 4906 65
1859 4877 2063 4906 ςνηιιηιιε

577 4895 627 4949 p,
659 4880 844 4935 solito.
956 4877 998 4907 ⁸⁵
1026 4877 1406 4944 conjuratione
1438 4877 1497 4928 B.
1529 4877 1672 4928 Mur.
1785 4877 1826 4906 ⁵⁵
1857 4877 2114 4933 imbellis.
2228 4877 2270 4905 ⁸⁸
2300 4877 2551 4942 quaedam
2582 4877 2728 4928 Mur.
2817 4877 2856 4899 ’³⁷
2911 4877 3087 4923 civuis
3117 4877 3175 4922 Β.
3253 4877 3295 4896 °°
3331 4877 3407 4922 ita
3434 4877 3491 4920 δ.
3520 4877 3606 4919 5'.
3639 4877 3698 4920 Β.

577 4951 620 4981 ⁶⁹
649 4965 789 5021 papa
831 4947 1151 5014 Benedicto,
1174 4947 1294 5021 _qui
1325 4951 1518 5021 captus
1539 4960 1585 5021 _a
1624 4945 1773 5002 dicto
1820 4948 2142 5021 Crescentio
2191 4946 2262 5021 in_
2292 4949 2477 5021 castro
2523 4938 2934 5021 sancti_Angeli
2970 4937 3366 5021 strangullatus
3403 4943 3487 4994 est
3535 4941 3700 4994 nocte

2983 4654 3025 4684 ⁸⁸
3073 4641 3418 4723 congressio,
3459 4663 3572 4723 non
3611 4648 3698 4723 illi

3330 4720 3374 4753 "
3413 4721 3621 4778 exulari
3649 4720 3696 4777 1.

3330 4794 3375 4848 *.
3487 4792 3530 4824 “
3558 4793 3702 4848 deest

3595 4808 3680 4848 €68

2505 4655 2548 4687 ⁵³
2587 4654 2788 4712 defecit
2816 4653 2870 4721 3,

2047 4734 2089 4765 ⁸⁷
2117 4749 2169 4789 v.
2202 4731 2248 4787 si
2289 4743 2343 4785 η.
2368 4743 2419 4783 v.
2453 4728 2493 4783 B
2523 4728 2570 4782 l.
2681 4725 3132 4783 l"‘transvendum
3167 4723 3215 4780 1.

2228 4874 2270 4905 ⁸⁸
2300 4863 2551 4942 quaedam
2582 4863 2737 4928 Mur:
2817 4869 2858 4899 ⁸⁷
2897 4863 3087 4942 civilis
3116 4868 3175 4922 B.
3202 4864 3295 4942 __°8
3331 4865 3407 4922 ita
3434 4863 3491 4920 3.
3520 4864 3606 4919 5*.
3638 4867 3698 4942 Β.

2066 5020 2130 5090 ,j‘
2174 5015 2396 5083 nobilis,
2439 5015 2499 5070 Β.
2616 5014 2657 5045 ⁷²
2689 5013 2749 5069 Τ.
2793 5017 2981 5068 autem.
3007 5024 3063 5080 p.
3093 5011 3156 5066 B.

1910 5137 2126 5193 ΝΟΤΔΕ.

383 5243 496 5309 (54}
544 5240 792 5305 Vivente,
825 5252 898 5293 m.
929 5235 1116 5309 Junio.

543 5287 1169 5380 ohé'rﬁiia'addiiﬁg'n,
1220 5302 1303 5383 1_7,
1344 5305 1965 5383 Βοηὶᾳοιιθξιι-εψρθιιειιἓ

313 5375 591 5454 πόῠίὸῇ
618 5383 736 5452 ipse
784 5383 1214 5454 initestamento
1243 5375 1588 5454 Ambrosium
1617 5375 1752 5454 scil:
1779 5375 1890 5454 hoc
1918 5378 1970 5433 ei

314 5446 532 5512 nomeii
570 5446 698 5519 fuit,
741 5453 876 5508 illud
917 5446 1440 5520 cognomenaquod
1471 5449 1735 5520 exemplis
1773 5449 1974 5520 proba-

315 5528 394 5582 m
419 5526 636 5584 Giulini
659 5514 818 5582 Mem.
849 5524 906 5580 di
936 5514 1047 5579 Mil.
1080 5519 1147 5587 ιι,
1173 5515 1300 5571 384.
1331 5514 1410 5572 Cf.
1445 5532 1499 5587 p.
1522 5514 1648 5585 443;
1682 5525 1737 5576 et
1764 5514 1855 5584 in,
1879 5519 1974 5574 76.

314 5598 651 5666 Domi-niam,
683 5598 771 5669 qui
798 5600 847 5652 et
891 5593 1110 5659 Bonizo,
1152 5604 1206 5659 p.
1252 5587 1344 5642 77.
1384 5589 1600 5645 Nazaro
1639 5589 1776 5647 detto
1815 5591 1978 5647 Boni-

2051 5248 2199 5300 zone,
2234 5247 2287 5302 p.
2326 5228 2445 5283 166.
2479 5227 2692 5283 Andrea
2719 5242 2748 5282 ο
2776 5225 3060 5302 Boniaoue.

2103 5294 2573 5387 .(58).Carrbronate
2603 5312 2776 5370 prope
2795 5299 3069 5368 Seprium,
3101 5309 3215 5352 sec.
3243 5294 3574 5353 Puricellum
3601 5316 3616 5368 ;
3647 5310 3699 5353 v.

2055 5370 2259 5432 Giulini
2281 5375 2348 5440 ll,
2369 5370 2496 5424 393.

2130 5445 2235 5514 (57)
2265 5446 2505 5500 Joannes
2533 5439 2928 5514 Philagathus,
3233 5509 3267 5514 _
3399 5507 3422 5514 _.

2129 5507 2239 5583 (58)
2267 5513 2529 5586 Gregorio
2561 5514 2622 5581 V,
2654 5507 2815 5586 quem
2848 5511 3024 5586 primo
3063 5507 3443 5586 cum-Bened.
3487 5511 3573 5577 Vl,
3606 5523 3708 5580 per

2057 5578 2434 5645 Cresc'entiuin
2463 5578 2723 5655 majorem
2753 5578 3067 5649 interfecto,
3089 5578 3359 5637 confudit.
