4100 6166
407 276 515 331 295

1508 271 1643 326 ARN
1650 271 1688 326 U
1698 269 1797 324 LF]
1836 264 2366 323 MEDIOLANENSIS
2401 266 2665 322 CLERICI

3668 273 3785 329 296

408 402 511 459 cha
540 413 733 471 magna
764 401 1057 469 susceptus
1084 396 1526 463 honoriﬁcentia,
1563 395 1698 451 satis
1726 392 2052 465 episcopali-
2072 395 2125 454 Α
2148 390 2305 463 1015)
2329 392 2515 449 labore
2536 390 2822 449 confectus
2839 398 2895 450 et
2916 394 3130 463 morbo,
3157 395 3403 466 privatus
3440 412 3633 471 regno,
3664 400 3787 457 solo

409 498 495 547 ter
522 494 879 546 conversatus
900 494 985 544 est
1005 488 1061 543 in
1082 488 1219 543 urbe
1242 487 1412 557 regia,
1438 487 1511 540 ita
1534 498 1693 540 carus
1712 489 1772 539 ut
1792 483 2058 554 quicquid

413 585 742 650 poposcerat
776 578 818 609 ⁷³
863 576 1024 633 facile
1068 578 1406 646 impetraret.
1457 574 1774 643 Composito
1821 573 2059 629 tamdem

412 674 641 738 propter
660 667 807 737 quod
838 671 1061 722 venerat
1104 666 1348 735 negotio,
1389 663 1457 718 ab
1497 662 1690 718 eodem
1721 662 1932 717 Basileo
1963 661 2058 716 dc-

412 763 603 813 center
629 756 915 812 absolutus
943 756 1312 811 reversionem
1341 751 1634 807 accelerat.

487 845 570 901 14.
632 848 845 901 Interea
895 846 1194 913 imperator
1250 841 1426 911 primo
1467 839 1770 909 juventutis
1815 839 1872 894 in
1922 839 2055 895 ﬂore

409 935 725 1006 defungitur
755 936 881 991 Otto
931 938 1037 999 (an.
1096 932 1251 998 1002,
1303 933 1427 987 Jan.
1479 929 1591 1001 23,,
1638 930 1694 986 in
1733 943 1843 1000 quo
1874 931 2055 988 omnis

407 1025 450 1057 ⁷⁸
495 1032 579 1082 est
614 1022 933 1081 Ottonum"
988 1027 1313 1091 consumpta
1363 1034 1628 1091 propago.
1669 1022 1820 1075 Tunc
1860 1020 2055 1076 Ardoi-

408 1115 568 1171 nus16
616 1113 839 1184 quidam
886 1112 1090 1168 nobilis
1141 1110 1468 1181 Ypporegia
1506 1109 1751 1166 marchio
1782 1124 1811 1165 a
1852 1111 2052 1181 Lango«

408 1203 595 1259 bardis
646 1203 827 1271 Papia
873 1201 1097 1272 eligitur
1154 1198 1317 1271 (Feb.)
1371 1204 1427 1254 et
1472 1204 1699 1255 vocatus
1756 1212 1929 1254 casar
1983 1199 2051 1253 ab

408 1292 659 1349 omnibus
706 1304 933 1361 regnum
975 1288 1319 1360 perambulat
1367 1289 1701 1355 universum,
1750 1288 1902 1359 regio
1925 1288 2050 1358 jure

406 1388 604 1437 cuncta
635 1386 998 1451 pertractans.
1030 1378 1264 1449 Cognito
1295 1381 1476 1434 autem
1500 1378 1611 1447 jam
1636 1376 1769 1433 dicti
1799 1376 2052 1447 prasulis

406 1469 609 1535 reditu,
645 1469 860 1525 occurit
881 1469 933 1523 ei
962 1468 1020 1524 in
1048 1467 1248 1523 itinere
1280 1467 1493 1533 obvius,
1524 1465 1819 1522 securitate
1849 1471 2053 1536 quanta

406 1557 574 1614 valuit
601 1558 707 1614 sibi
738 1558 892 1614 illum
911 1557 1190 1627 applicare
1211 1569 1537 1627 procurans.

482 1646 565 1702 15.
616 1646 823 1703 Eodem
871 1652 1121 1716 tempore
1154 1646 1446 1702 Heinricus
1488 1645 1528 1676 ⁷⁷
1568 1650 1788 1702 creatus
1834 1648 1918 1700 est
1957 1659 2052 1700 rex

2139 487 2434 538 contentus
2473 480 2617 537 est“
2665 484 3000 539 monasterio
3046 484 3269 541 nomine
3307 487 3589 544 Fructeria
3642 488 3785 559 (62;;

2140 571 2329 641 ibique
2376 570 2645 641 depositis
2691 572 2969 643 regalibus
3005 587 3173 644 super
3219 573 3412 643 altare,
3454 583 3786 649 sumptoque

2142 660 2330 716 habitu
2363 675 2604 731 paupere
2624 659 2688 727 ⁸³,
2711 674 2813 716 suo
2843 662 3099 717 dormivit
3129 663 3182 718 in
3215 669 3463 734 tempore
3492 665 3624 738 (63).

2218 751 2298 805 l7.
2332 750 2445 805 Illis
2495 750 2550 804 in
2582 749 2779 805 diebus
2826 752 3037 821 primus
3075 753 3131 807 in
3168 754 3417 823 Apuliam
3446 757 3781 812 Normanno-

2137 854 2256 895 rum
2305 839 2406 895 fuit
2452 846 2680 895 eventus
2698 838 2759 907 ⁸⁵,
2793 840 3102 911 principum
3134 849 3295 898 terra
3335 844 3591 900 consultu
3627 859 3784 901 voca-

2136 934 2245 996 tus,
2274 943 2396 985 cum
2416 930 2592 985 Graci
2622 944 2737 984 eam
2763 929 3066 986 innumeris
3085 938 3379 1003 gravarent
3409 934 3781 1005 oppressioni-

2134 1018 2258 1074 bus.
2291 1018 2500 1086 Quibus
2528 1018 2770 1074 subactis
2790 1025 2845 1075 et
2873 1034 3099 1090 aquore
3127 1021 3339 1078 sulcato
3359 1021 3576 1094 fugatis,
3605 1023 3783 1079 consi-

2134 1106 2393 1163 derantes
2449 1108 2747 1162 Normanni
2813 1109 3113 1178 Apulorum
3188 1111 3479 1179 inertiam,
3540 1112 3784 1183 regionis

2133 1209 2355 1266 quoque
2386 1196 2440 1250 in
2472 1196 2727 1251 omnibus
2775 1196 3134 1266 opulentiam,
3167 1199 3271 1254 etsi
3304 1200 3484 1269 pauci,
3520 1200 3784 1256 invadunt

2133 1300 2200 1342 ex
2222 1290 2376 1355 parte
2406 1284 2763 1354 provinciam.
2785 1286 3050 1341 Remissis
3070 1287 3239 1358 igitur
3258 1287 3451 1359 legatis
3472 1290 3527 1344 in
3551 1291 3781 1359 patriam

2133 1373 2199 1429 ad
2234 1374 2340 1429 hoc
2369 1374 2681 1430 ortantibus
2712 1379 2946 1430 cateros
2964 1374 3026 1441 ⁸⁵,
3067 1383 3351 1433 crescente
3385 1377 3641 1448 paulatim
3683 1394 3782 1434 nu-

2133 1477 2309 1531 mero,
2340 1468 2508 1519 totam
2534 1463 2885 1533 repleverunt
2911 1464 3181 1534 Apuliam,
3213 1468 3336 1536 jure
3367 1468 3522 1537 quasi
3550 1470 3780 1538 proprio

2132 1552 2333 1609 deinde
2376 1552 2746 1623 possidentes,
2797 1554 3102 1609 atrociores
3130 1554 3257 1610 facti
3286 1556 3512 1622 Cracis,
3560 1558 3782 1613 Sarace-

2132 1642 2237 1706 nis,
2270 1640 2608 1709 ferociores;
2643 1642 2753 1698 imo
2796 1640 3027 1712 dejectis
3074 1643 3372 1714 prioribus,
3422 1653 3780 1701 surrexerunt

403 1736 736 1793 Alamannia
790 1734 938 1807 (Jun.
981 1734 1092 1801 29),
1136 1735 1281 1790 inter
1303 1734 1404 1790 hos
1424 1734 1493 1789 de
1513 1741 1734 1804 sceptro
1757 1733 1946 1789 Italico
1967 1732 2049 1788 in-
2075 1743 2120 1801 Β
2136 1730 2417 1801 principes
2445 1732 2573 1801 ipsi.

403 1839 541 1897 gens
572 1824 750 1881 oritur
778 1825 1082 1881 contentio.
1118 1826 1178 1880 1n
1207 1824 1388 1880 medio
1422 1824 1701 1893 principes
1731 1824 1885 1894 regni
1909 1822 2049 1879 frau-

403 1914 659 1971 dolenter
728 1914 1090 1981 incedentes,
1167 1913 1410 1969 Ardoino
1470 1913 1645 1983 palam
1705 1912 2047 1980 militabant,

404 2002 664 2059 Heinrico
718 2002 957 2059 latenter
1002 2001 1273 2067 favebant,
1325 2002 1578 2057 avaricia
1630 2001 1780 2056 lucra
1840 2008 2053 2056 sectan-

404 2098 508 2161 tes,
548 2092 693 2149 sicut
713 2090 754 2123 ⁷⁸
774 2092 981 2148 dictum
1011 2098 1097 2148 est
1124 2092 1193 2148 ad
1221 2091 1523 2147 Jerusalem
1556 2104 1656 2161 per
1684 2090 2006 2160 prophetam
2034 2111 2047 2146 :

402 2182 672 2254 Principes
720 2182 796 2237 tui
841 2180 1094 2253 inﬁdeles,
1153 2181 1282 2236 socii
1336 2182 1529 2252 larum,
1589 2194 1765 2234 carnes
1830 2178 2050 2249 diligunt

402 2284 638 2337 munera,
688 2276 932 2327 secuntur
977 2269 1345 2326 retributiones
1392 2272 1521 2339 (Isa.
1574 2284 1613 2337 1,
1664 2267 1778 2340 23).
1809 2270 2049 2337 Quorum

404 2360 671 2417 conscilio
702 2360 994 2417 Heinricus
1024 2360 1227 2415 direxit
1255 2360 1311 2416 in
1332 2359 1537 2415 Italiam
1565 2373 1717 2415 suam
1750 2372 1873 2414 cum
1898 2372 2050 2414 exer-

401 2450 515 2507 citu
561 2450 757 2506 ducem
817 2448 947 2520 (59).
1006 2450 1105 2505 Cui
1155 2462 1456 2505 occurrens
1483 2447 1717 2503 viriliter
1751 2447 2045 2514 Ardoiuus,

400 2538 543 2596 facta
571 2538 965 2609 congressione
995 2538 1053 2593 in
1097 2551 1292 2608 campo
1324 2537 1565 2593 Fabrica
1598 2535 1731 2608 (60),
1764 2535 2051 2607 quamplu-

403 2643 495 2685 res
522 2627 734 2694 stravit,
767 2632 985 2683 ceteros
1014 2632 1166 2682 extra
1197 2625 1334 2681 ﬁnes
1364 2625 1517 2696 regni
1548 2623 1769 2696 fugavit.

480 2717 563 2773 16.
586 2718 855 2786 Tempore
883 2728 992 2771 non
1016 2715 1183 2786 longo
1214 2721 1341 2785 post
1369 2718 1477 2781 (an.
1508 2712 1667 2785 1004)
1711 2727 1833 2769 cum
1871 2712 2048 2768 valida

400 2805 827 2862 Teutonicorum
852 2804 1045 2860 militia
1075 2803 1386 2874 proveravit
1423 2802 1716 2858 Heinricus
1760 2816 1791 2856 a
1833 2803 2050 2857 Germa-

400 2897 513 2965 nia,
544 2897 667 2967 ipso
715 2896 885 2951 Italia
929 2899 1347 2951 castrametatus
1391 2894 1447 2950 in
1497 2893 1687 2948 limine
1740 2891 1928 2964 (Apr).
1970 2892 2048 2946 Ex

397 2985 629 3042 adverso
674 2985 953 3041 Ardoinus
999 2983 1176 3039 ﬁdens
1229 2983 1440 3039 viribus
1499 2996 1603 3038 nec
1654 2982 1834 3037 minus
1882 2980 2049 3035 armis

2212 1821 2295 1878 18.
2332 1821 2451 1891 (An.
2492 1820 2667 1891 1022).
2701 1821 2993 1878 Heinricus
3020 1837 3151 1880 vero
3173 1823 3305 1893 quid
3328 1823 3396 1879 de
3428 1823 3641 1895 reliquo
3661 1840 3782 1897 ges-

2132 1913 2289 1980 serit,
2324 1912 2603 1983 quomodo
2626 1914 2840 1982 Trojam
2874 1914 3113 1970 nobilem
3144 1914 3356 1985 Apulia
3383 1915 3657 1972 civitatem
3685 1917 3781 1973 οὓς

2132 2003 2362 2071 sederit,
2387 2003 2628 2073 qualiter
2648 2003 2995 2059 marchiones
3026 2003 3194 2059 Italia
3223 2009 3481 2074 quatuor,
3516 2007 3780 2076 Ugonem,

2131 2095 2389 2158 Azonem,
2412 2091 2769 2147 Adelbertum
2801 2098 2855 2147 et
2881 2091 3200 2159 Obizonem,
3236 2093 3491 2162 captione
3523 2106 3627 2148 una
3649 2108 3784 2149 con-

2132 2182 2417 2237 strinxerit
2450 2180 2585 2252 (64),
2622 2182 2858 2236 recitare
2890 2194 2998 2238 non
3033 2181 3275 2251 expedit,
3309 2180 3437 2237 dum
3468 2181 3522 2236 in
3552 2180 3781 2238 fortitu-

2130 2272 2261 2328 dine
2283 2273 2402 2342 ejus
2421 2272 2602 2327 omnis
2632 2276 2778 2326 terra
2800 2270 3153 2338 contremuit,
3177 2285 3352 2340 usque
3371 2270 3512 2327 adeo
3532 2277 3594 2327 ut
3613 2272 3662 2327 si
3683 2272 3784 2342 qui

2131 2362 2376 2432 repperti
2406 2360 2609 2416 fuerint
2645 2360 2873 2418 Ardoini
2895 2359 3089 2415 favisse
3114 2361 3381 2430 partibus,
3411 2366 3506 2415 aut
3524 2359 3787 2432 fugerent

2128 2457 2223 2508 aut
2243 2450 2581 2507 deditionem
2601 2448 2867 2506 facerent.
2895 2452 2939 2505 E
2983 2450 3184 2519 quibus
3225 2450 3441 2505 Astensi
3483 2451 3779 2521 episcopus

2135 2540 2247 2613 (65)
2278 2540 2501 2611 pr0pria
2530 2539 2724 2595 relicta
2752 2540 2885 2595 sede
2912 2538 3203 2594 Mediolani
3249 2553 3425 2608 usque
3463 2539 3533 2595 ad
3563 2540 3772 2596 obitum

2129 2628 2309 2686 latuit.
2332 2629 2725 2685 Dedoaratenim
2743 2629 3062 2699 imperator,
3076 2627 3289 2684 vivente
3311 2630 3432 2699 ipso
3455 2634 3510 2683 et
3531 2629 3769 2699 abjecto,

2130 2718 2508 2789 episcopatum
2555 2717 2772 2773 cuidam
2820 2716 3076 2773 Olderico
3138 2716 3248 2789 (66)
3298 2716 3451 2772 fratri
3489 2717 3774 2774 Mainfredi

2129 2807 2466 2864 marchionis
2489 2806 2695 2863 eximii.
2721 2806 2878 2875 Quod
2904 2805 3106 2862 factum
3127 2806 3486 2877 archiprasul
3517 2806 3778 2863 Arnulfus

2127 2896 2482 2953 vehementer
2503 2910 2810 2963 exorrens,,
2833 2896 3307 2952 consecrationem
3336 2911 3462 2967 qua
3491 2896 3597 2952 sibi
3627 2911 3779 2953 com-

2131 2986 2372 3055 petebat,
2395 2984 2712 3041 omnimodo
2744 2985 2936 3041 vetuit.
2962 2983 3311 3042 Oldericus“
3345 2991 3525 3041 autem
3557 2984 3650 3040 ille
3678 2998 3778 3042 sua

397 3074 722 3140 instructus,
779 3087 890 3129 non
947 3079 1158 3129 tantum
1213 3070 1510 3128 defendere
1565 3076 1828 3141 quantum
1875 3084 2041 3141 super
2063 3068 2107 3130 C
2132 3073 2306 3132 fretus
2325 3089 2390 3131 ac
2405 3073 2591 3132 fratris
2610 3075 2875 3145 potentia,
2898 3076 3124 3131 Romam
3146 3075 3523 3145 proﬁciscens,
3547 3076 3780 3147 subrep-

399 3177 525 3220 eum
554 3168 777 3234 paratus
804 3163 1111 3233 insurgere,
1169 3161 1414 3218 occurrit
1457 3160 1539 3216 illi
1568 3162 1799 3216 Verona
1828 3158 1888 3213 ⁷⁸.
1939 3159 2043 3215 Sed

398 3253 666 3324 deceptus
717 3251 947 3324 perﬁdia
994 3250 1327 3322 principum,
1376 3250 1571 3320 majori
1609 3248 1841 3307 militum
1890 3254 2045 3319 parte

398 3343 738 3400 destituitur.
778 3344 1024 3413 Cumque
1062 3340 1321 3398 cessisset
1348 3339 1573 3406 invitus,
1605 3351 1830 3410 regnum
1880 3337 2046 3393 Hein-

396 3433 545 3490 ricus
574 3431 904 3505 ingreditur,
936 3445 1032 3487 rex
1050 3426 1246 3487 statim
1275 3428 1488 3486 electus
1518 3429 1677 3498 (Mai.
1715 3426 2043 3498 l5),suoque

396 3529 522 3592 post
549 3529 799 3593 tempore
854 3520 975 3593 (61)
1027 3521 1305 3576 Romanus
1333 3519 1633 3589 imperator
1670 3514 1914 3572 effectus.
1948 3517 2039 3571 Ve-

395 3612 555 3669 niens
582 3626 712 3668 vero
754 3610 995 3682 Papiam,
1026 3623 1148 3666 cum
1196 3622 1307 3666 non
1355 3607 1424 3663 ad
1462 3612 1647 3665 votum
1695 3605 1802 3661 sibi
1831 3605 2044 3661 obtem-

391 3709 659 3774 perasset,
711 3715 821 3757 uno
879 3704 1049 3757 totam
1106 3698 1477 3755 concremavit
1540 3696 1819 3753 incendio.
1886 3694 2041 3751 Unde

392 3792 573 3849 omnis
600 3788 879 3847 inhorruit
916 3788 1092 3855 Italia,
1131 3786 1309 3843 simile
1341 3786 1758 3856 pertimescens.
1791 3784 1871 3840 Ab
1911 3784 2041 3839 hinc

391 3879 541 3935 illius
571 3878 850 3934 exinanita
896 3876 1253 3942 conﬁdentia,
1307 3874 1471 3944 hujus
1518 3873 1805 3944 pravaluit
1834 3872 2040 3943 ubique

385 3968 659 4039 potentia.
692 3967 1079 4021 Verumtamen
1119 3963 1419 4033 resumptis
1458 3961 1500 3993 ⁸ο
1554 3962 1777 4019 interim
1815 3960 1853 3992 ⁸¹
1904 3962 2037 4017 viri-

390 4056 495 4112 bus
521 4055 799 4111 Ardoinus
835 4055 988 4123 juxta
1037 4066 1199 4122 posse
1239 4051 1505 4107 ultionem
1542 4056 1764 4108 exercet
1791 4051 1847 4107 in
1877 4051 2040 4121 perﬁ-

390 4144 514 4201 dos.
570 4142 853 4214 Siquidem
903 4147 1093 4213 postea
1139 4140 1570 4197 Vercellensium
1627 4140 1818 4196 urbem
1868 4140 2036 4210 cepit,

387 4234 676 4290 Novariam
705 4230 946 4299 obsedit,
977 4232 1173 4288 Cumas
1223 4230 1442 4297 invasit,
1483 4229 1763 4300 multaque
1801 4229 1908 4285 alia
1946 4229 2039 4285 de-

386 4322 611 4380 molitus
666 4328 750 4379 est
806 4320 929 4378 loca
972 4320 1079 4377 sibi
1125 4320 1424 4376 contraria.
1470 4319 1552 4377 Ad
1609 4319 1863 4376 ultimum
1920 4320 2029 4391 (an.

2127 3164 2279 3220 tione
2310 3164 2542 3234 quadam
2564 3164 2875 3220 consecrari
2898 3177 2957 3219 se
2976 3162 3018 3193 ⁸⁷
3048 3161 3179 3220 fecit
3199 3180 3229 3219 a
3250 3165 3496 3220 Romano
3518 3164 3777 3235 pontifice

2130 3252 2244 3322 (67)
2277 3252 2383 3324 [απ.
2421 3251 2597 3323 1008].
2620 3252 2776 3320 Quod
2807 3253 2901 3309 ubi
2923 3252 3165 3309 innotuit
3190 3251 3434 3320 Arnulfo,
3469 3254 3618 3322 justa
3644 3254 3780 3309 satis

2126 3341 2451 3399 accenditur
2491 3341 2800 3409 iracundia,
2832 3356 2944 3400 non
2975 3347 3186 3398 tantum
3229 3343 3377 3413 regia
3407 3343 3783 3413 institutione,

2092 3470 2096 3474 ι
2126 3437 2391 3504 quantum
2419 3433 2684 3500 Romana,
2717 3432 2865 3503 quod
2894 3431 3141 3488 deterius
3168 3431 3478 3501 videbatur,
3513 3432 3774 3505 indigna-

2125 3527 2215 3579 tus
2242 3520 2681 3578 consecratione.

2201 3609 2284 3665 19.
2321 3610 2556 3666 Veniens
2574 3607 2804 3681 igitur”
2833 3608 2889 3664 in
2919 3614 3193 3666 conventu
3228 3609 3653 3668 Mediolanensis
3680 3626 3769 3669 ec-

2124 3698 2330 3767 clesia,
2362 3698 2726 3754 anathematis
2764 3697 2951 3766 jaculo
2981 3698 3290 3754 consecrati
3316 3700 3588 3756 transﬁxit
3601 3701 3770 3758 auda-

2127 3788 2287 3844 ciam.
2329 3787 2537 3843 Deinde
2567 3786 2803 3843 collecto
2833 3786 3077 3857 undique
3108 3788 3353 3843 exercitu
3377 3790 3626 3859 copioso,
3648 3805 3771 3847 cum

2121 3875 2479 3947 suffraganeis
2507 3874 2668 3931 simul
2699 3874 2979 3945 episcopis
3023 3874 3300 3931 civitatem
3329 3890 3621 3948 aggressus
3664 3881 3773 3934 As-

2123 3969 2360 4032 tensem,
2384 3964 2587 4020 clausis
2607 3963 2664 4019 in
2685 3963 2821 4019 urbe
2842 3962 3158 4019 marchione
3180 3978 3302 4020 cum
3324 3966 3607 4039 episcopo,
3641 3967 3771 4023 den-

2121 4052 2335 4109 sissima
2364 4052 2655 4109 obsidione
2675 4052 2891 4108 valavit.
2923 4054 3036 4108 Nec
3065 4066 3095 4108 a
3133 4053 3490 4123 populatione
3510 4054 3771 4126 belloque

2120 4142 2354 4207 destitit,
2397 4142 2575 4198 donec
2610 4156 2745 4212 pace
2793 4142 3097 4212 composita
3129 4142 3278 4198 illius
3317 4142 3657 4200 satisfactum
3686 4150 3773 4201 est

2121 4230 2412 4288 voluntati.
2438 4231 2570 4286 Hac
2587 4237 2769 4287 autem
2792 4228 2895 4287 fuit
2914 4230 3067 4301 pacis
3087 4230 3357 4300 conditio,
3379 4233 3530 4303 quod
3546 4233 3777 4290 venien-

2119 4324 2204 4376 tes
2226 4318 2615 4387 Mediolanum,
2647 4319 2814 4376 tertio
2866 4319 2935 4375 ab
2979 4319 3115 4376 urbe
3154 4319 3391 4377 miliario
3420 4320 3585 4378 nudis
3622 4322 3771 4379 ince-

1734 4437 1960 4492 VARIJE
1997 4436 2381 4493 LECTIONES.

456 4539 497 4572 ⁷³
527 4542 783 4609 posceret
829 4538 871 4593 Β
932 4535 989 4590 2.
1048 4550 1136 4637 af.
1188 4533 1446 4619 .Puricell.
1507 4537 1655 4618 Μρη.
1708 4535 1889 4591 Ambr.

456 4611 781 4637 ιιηη-εηηοι)
837 4612 979 4637 anno!
1097 4606 1298 4637 εριησὶ
1370 4605 1498 4637 ,79η
1562 4622 1577 4637 ι
1642 4607 1683 4637 ν
1742 4607 1889 4637 Ληοοη

381 4611 423 4642 ⁷⁷
453 4611 714 4667 henricus
742 4611 803 4665 Β.
834 4612 999 4665 const.

381 4689 537 4784 parte
582 4682 899 4745 destitutus,
949 4684 1006 4736 et
1051 4678 1133 4735 sic
1180 4677 1412 4734 cedente
1460 4691 1549 4743 eo,
1581 4693 1627 4733 r.
1661 4679 1728 4733 11.
1761 4679 1801 4733 i.
1878 4676 1920 4707 ⁸ο
1950 4675 2307 4761 reassumptis
2344 4677 2397 4733 3.
2476 4678 2515 4708 δ’
2546 4676 2826 4759 interdum
2864 4677 2910 4732 1.
2986 4675 3029 4707 ⁸¹
3059 4675 3201 4733 deest
3223 4679 3282 4735 Β.

405 4753 707 4784 ιηιιιωηοιιρ
738 4751 801 4784 At
854 4752 970 4784 llam
1086 4749 1129 4781 8t!
1160 4749 1223 4784 συὶ
1257 4750 1290 4784 In
1347 4763 1380 4784 Α
1435 4764 1464 4784 η
1519 4749 1703 4784 dno-1n!
1734 4750 1773 4784 n
1869 4748 1913 4781 86
1961 4749 2248 4784 nﬂolrulnc
2288 4748 2302 4784 I
2374 4748 2661 4784 nllnlmmm
2692 4749 2730 4784 Ω
2827 4747 2869 4778 B7
2901 4760 2959 4784 ca
2991 4764 3019 4784 ιι
3078 4747 3112 4784 ρ
3208 4748 3251 4780 88

1159 4749 1227 4806 ad
1257 4750 1313 4806 h.
1347 4763 1397 4807 o.
1435 4764 1486 4805 c.
1519 4749 1703 4805 desunt
1733 4750 1793 4805 B.
1869 4748 1913 4781 ⁸⁸
1961 4747 2251 4806 Odelricus
2288 4748 2335 4804 l.
2374 4748 2663 4805 Odelricus
2691 4749 2750 4804 Β.
2827 4747 2869 4778 ⁸⁷
2900 4760 2959 4805 se
2990 4764 3038 4805 c.
3077 4747 3131 4804 3.
3208 4748 3251 4780 ⁸⁸
3289 4763 3420 4819 ergo

405 4753 426 4785 ⁸
443 4754 710 4809 adventus
736 4751 820 4806 5*.
842 4752 989 4812 Mur.

1917 4549 1978 4606 p.
2019 4533 2144 4590 305.

2252 4534 2295 4566 ⁷⁵
2319 4534 2561 4591 omnium
2594 4535 2654 4590 Β.
2706 4532 2747 4564 ⁷⁸
2786 4535 2849 4590 0.
2883 4548 2933 4589 e.
2977 4532 3014 4588 3
3114 4533 3157 4565 ⁷⁸
3202 4534 3469 4591 arduinus
3498 4537 3557 4593 B.
3598 4542 3765 4594 coast.

1097 4606 1119 4637 ⁸
1146 4607 1237 4662 Sic
1263 4607 1318 4662 3.
1368 4605 1437 4643 ν⁷⁹
1466 4620 1519 4662 o.
1562 4607 1602 4662 i.
1642 4607 1705 4661 V.
1740 4605 1933 4662 desunt
1954 4608 2011 4661 Β.
2044 4606 2134 4660 ubi
2169 4608 2437 4677 sequentia
2474 4607 2590 4661 ita:
2640 4605 2745 4661 Sed
2790 4605 3029 4662 instante
3094 4620 3133 4661 1.
3184 4621 3239 4676 p.
3299 4620 3382 4663 ma
3425 4621 3492 4663 na
3540 4622 3764 4665 suorum

1103 4693 1131 4709 η
1181 4677 1412 4709 ηηιΙΛηΩΔ
1462 4691 1526 4709 ΔΛ
1582 4693 1608 4709 ιι
1665 4679 1703 4709 ΙΙ
1764 4679 1776 4709 ἲ
1878 4676 1920 4707 80
1950 4679 2304 4709 ..οηοαηηυιρῖο
2344 4677 2377 4709 Q
2476 4678 2515 4708 81
2548 4676 2824 4709 {ninnium
2865 4677 2878 4709 1
2986 4675 3029 4707 8!
3061 4620 3262 4709 .LaolD
3383 4622 3428 4709 ἑ
3461 4693 3667 4709 nnnnnn
3702 4682 3741 4709 D

3407 4679 3428 4709 ³
3449 4693 3667 4804 gauper
3701 4682 3762 4736 B.

3407 4765 3420 4805 1
3491 4790 3503 4803 .
3551 4752 3634 4807 5*.

1953 4839 2172 4905 NOTIE.

457 4946 559 5019 (59)
588 4949 842 5004 Ottonem
879 4946 935 5003 d.
976 4948 1428 5019 Carentanorum.
1475 5017 1486 5019 _
1606 5018 1609 5019 ν
1657 5017 1669 5019 Α
1716 5015 1749 5019 __
2038 4948 2089 5006 D

1594 5015 1784 5073 idalta
1822 5019 2023 5074 Brenta
2109 5017 2382 5087 siquidem
2413 5031 2521 5087 eos
2539 5029 2649 5071 non
2690 5015 2939 5087 diversos
2976 5029 3097 5071 esse
3136 5016 3331 5073 volunt
3370 5017 3439 5071 ab
3470 5016 3581 5072 illis

449 5017 567 5093 (60)
599 5019 774 5093 Esiste
799 5018 1049 5093 sui_Cotli
1075 5019 1315 5093 Euganei
1340 5034 1457 5093 non
1469 5017 1591 5093 [ang

2181 4944 2283 5016 (64)
2321 4945 2650 5015 Temporum
2696 4943 2947 5016 ordinem
2993 4945 3056 5000 A.
3106 4943 3164 5000 in
3209 4943 3297 5001 his
3343 4958 3457 5002 non
3503 4946 3762 5014 servavit,

3621 5032 3766 5088 quos

379 5086 487 5147 una
540 5086 691 5158 cilia,
731 5088 1067 5147 attuatmente
1099 5086 1361 5145 chiamata
1408 5086 1693 5157 Fabbrica,
1737 5090 2022 5160 posseduta
2106 5086 2339 5160 Thietm.
2372 5086 2709 5160 v11,“1,_v111,
2750 5086 2797 5160 1,
2830 5095 3240 5160 commemorat,
3289 5088 3432 5143 ﬁlios
3460 5086 3653 5160 Oberti
3693 5092 3761 5157 ll,

380 5162 529 5235 datin
571 5157 809 5235 famigtia
849 5162 1111 5235 de_’_cont_i
1158 5162 1346 5235 ρειήηὶ
1394 5161 1449 5217 di
1493 5157 2017 5235 Μειαηοςριιρνρυρ,
2106 5159 2313 5235 march.
2374 5157 2830 5235 Mediolanensis,
2868 5159 3180 5235 Astensium

819 5275 831 5288 .
862 5231 960 5286 211
993 5254 1007 5301 ;
1041 5232 1112 5289 cf.
1154 5233 1386 5289 Thietm.
1419 5247 1472 5289 v.
1520 5232 1601 5287 l6.
1634 5231 1923 5288 Adalboldi
1958 5233 2018 5286 V.
2105 5232 2457 5294 Terrancum,
2507 5230 2770 5284 Contessa
2808 5229 3070 5286 Adelaide
3107 5232 3174 5293 Il.

819 5309 850 5360 et
896 5303 966 5360 de
1003 5309 1189 5361 monte
1222 5304 1492 5367 Ungarico
1529 5306 1772 5361 Provana
1804 5317 1859 5367 p.
1891 5301 2019 5357 208.
2104 5302 2218 5357 Est.
2251 5303 2291 5367 I,
2326 5315 2379 5367 p.
2423 5298 2538 5353 137.
2572 5300 2813 5356 Scheidii
2835 5302 2984 5367 Orig.
3015 5300 3174 5358 Guelf

379 5233 536 5289 Studi
566 5233 746 5289 eritici
778 5247 811 5303 p

379 5306 548 5376 Henr.
586 5301 850 5376 15_-l7,'et
896 5303 966 5376 de
1003 5309 1189 5376 monte
1222 5304 1492 5376 Ungarico
1529 5306 1772 5361 Provana
1804 5317 1859 5373 p.
1891 5301 2019 5357 208.

453 5375 554 5447 (61)
604 5374 759 5442 1014,
794 5376 924 5432 Feb.
955 5375 1038 5431 14.

452 5446 575 5589 €62)
608 5447 663 5502 S.
694 5448 938 5518 Benigno
968 5447 1024 5503 di
1055 5447 1384 5504 Fruttuaria.

479 5515 570 5583 63)
623 5517 688 5571 14
735 5519 862 5589 Dec.
913 5518 1217 5576 secundum
1274 5520 1384 5576 Nec

479 5515 570 5583 63)
623 5517 688 5571 14
735 5515 862 5574 Dec'.
913 5518 1217 5576 secundum
1274 5518 1495 5576 Nocrol.
1546 5517 1894 5586 Divionense,
1954 5517 2017 5574 V.

377 5588 644 5657 Provana,
676 5603 733 5660 p.
764 5588 889 5645 305.

3278 5159 3617 5232 rogenitoris
3641 5182 3655 5227 ;
3707 5176 3760 5217 v.

2326 5243 2457 5294 ium,
2507 5230 2770 5284 Contessa
2808 5229 3070 5286 Adelaide
3107 5232 3174 5293 Il.
3223 5229 3574 5298 62;,‘Murat.
3626 5236 3760 5288 Ant.

2326 5315 2379 5370 p.
2423 5298 2538 5353 137.
2572 5300 2813 5372 Scheidii
2835 5302 2984 5371 Orig.
3015 5300 3190 5358 Guelf.
3224 5303 3266 5367 Ι,
3309 5317 3365 5372 p.
3397 5302 3519 5359 179.

2204 5370 2275 5425 65
2332 5373 2565 5439 Petrus;
2598 5370 2668 5427 cf.
2702 5370 2975 5428 Terraneo
3005 5373 3047 5427 1.
3086 5371 3159 5441 1.,
3193 5370 3325 5444 cap.‘
3347 5375 3405 5430 5.

2178 5372 2301 5515 (66;
2334 5443 2560 5515 Rectius
2586 5442 2870 5515 Adelrico.‘

2205 5442 2301 5499 66)
2334 5443 2560 5498 Rectius
2586 5442 2853 5499 Adelrico.

2176 5512 2500 5587 (67')_Quo_d
2547 5529 2598 5569 a.
2662 5514 2800 5587 1008
2846 5512 3047 5571 factum
3093 5528 3214 5572 esse
3267 5515 3754 5587 probavit'Giulini

2101 5585 2258 5644 Mem.
2294 5585 2349 5641 (ll
2381 5585 2489 5642 Mil.
2524 5587 2613 5653 III,
2647 5585 2737 5641 62.
