4100 6166
267 287 360 342 297

1198 289 1406 346 GESTA
1442 288 1857 346 ARCHIEPISC.
1897 287 2257 348 MEDIOLAN.
2297 322 2369 334 —
2405 294 2533 350 LIB.
2576 296 2643 351 Il.

3502 305 3609 362 298

270 411 426 505 dendo
452 408 715 481 vestigiis,
736 410 1041 505 episcopus
1075 412 1348 505 codicem,
1395 412 1663 505 marchio
1684 413 1939 473 canemA
2026 413 2115 471 20.
2140 417 2215 473 De
2244 417 2458 491 reliquo
2477 420 2735 478 Arnulfus
2753 423 3171 481 sacerdotaliter
3189 426 3232 459 ⁹⁰
3260 443 3411 486 suam
3445 446 3608 505 rege-

270 499 509 569 hajulans,
559 504 684 554 ante
730 498 879 556 fores
926 500 1176 558 ecclesiae
1206 502 1351 559 beati
1392 503 1665 559 Ambrosii
1695 507 1881 557 reatus

269 588 498 660 proprios
509 587 1267 647 devotissimesuntconfessi.
1291 592 1564 648 Praeterea
1586 591 1881 661 episcopus

264 679 444 750 virgam
466 683 520 734 et
548 677 809 735 annulum
830 681 1071 751 suscepti
1111 681 1462 751 pontiﬁcatus
1500 695 1665 752 supra
1704 678 1880 735 sancti

264 764 575 823 confessoris
593 768 763 823 altare
786 768 1063 840 deposuit,
1086 785 1211 840 quae
1237 778 1427 841 postea
1448 771 1715 842 largiente
1738 768 1882 839 epis-

261 868 385 926 c0po
419 853 461 885 ⁸⁹
507 856 597 926 pic
625 857 940 927 resumpsit.
974 860 1164 915 Frater
1209 873 1341 917 vero
1371 859 1520 916 illius
1548 857 1882 915 Mainfredus

260 944 482 1001 marchio
513 945 737 1002 donavit
766 946 1016 1003 ecclesiae
1054 948 1174 1003 auri
1215 949 1418 1005 talenta
1440 948 1878 1020 quamplurima;

258 1034 387 1090 unde
414 1033 683 1104 producta
713 1038 796 1090 est
834 1050 971 1091 crux
1005 1035 1098 1091 illa
1128 1037 1519 1106 pulcherrima,
1552 1052 1677 1107 qua:
1706 1048 1881 1105 usque

257 1124 404 1181 hodie
425 1124 724 1194 praecipuis
753 1130 962 1180 tantum
992 1126 1205 1196 geritur
1232 1127 1288 1181 in
1310 1126 1525 1183 diebus.
1554 1125 1762 1183 Deinde
1785 1138 1884 1181 nu-

254 1213 329 1269 dis
347 1214 486 1269 sicut
504 1219 768 1269 venerant
789 1213 1024 1284 pedibus
1045 1228 1144 1284 per
1161 1215 1399 1271 medium
1430 1215 1668 1271 civitatis
1705 1214 1772 1270 ad
1798 1227 1885 1269 ec-

253 1302 452 1357 clesiam
468 1303 733 1373 majorem
748 1307 952 1359 sanctae
964 1303 1274 1360 Theotocos
1284 1319 1457 1374 usque
1479 1304 1798 1369 deveniunt,
1814 1302 1883 1358 ab

250 1389 655 1462 archiepiscopo
666 1396 721 1448 et
732 1390 881 1448 clero
892 1398 1205 1463 cunctoque
1217 1394 1427 1463 recepti
1439 1395 1494 1449 in
1508 1407 1640 1464 pace
1653 1392 1883 1464 p0pulo.

1963 507 2053 562 bat
2085 508 2395 578 ecclesiam,
2446 510 2651 567 clerum
2692 513 2881 569 fovens
2926 529 2989 569 ac
3038 516 3322 585 populum,
3377 521 3604 591 suisqué

1963 595 2123 664 plane
2143 611 2341 653 vacans
2361 600 2616 670 negotiis.
2641 602 2813 671 Hujus
2832 603 3224 661 beatitudinem
3248 605 3402 677 plura
3426 609 3607 665 eccle-

1963 685 2061 741 siis
2105 685 2303 741 tradita
2341 690 2726 746 commendant
2754 691 3038 749 beneﬁcia.
3090 694 3242 750 Illius
3292 697 3601 766 tempore"

1963 775 2138 830 sancti
2169 774 2505 833 confessoris
2550 781 2724 835 Monte
2772 781 3025 838 revelata:
3065 789 3192 838 sunt
3234 784 3503 854 reliquiae,
3545 787 3604 842 in

1963 862 2195 918 ecclesia
2217 867 2391 920 sancti
2416 867 2604 922 Vitalis
2635 869 2782 937 justa
2818 872 3073 926 Sanctum
3103 874 3373 929 Naborem
3406 874 3468 930 θ’.
3503 875 3605 931 Hic

1964 952 2127 1006 etiam
2154 950 2400 1009 fundavit
2438 957 2748 1012 coenobium
2796 960 2971 1015 sancti
2994 961 3230 1018 Victoris
3265 965 3518 1035 martyris
3546 965 3603 1021 in

1963 1054 2161 1112 magno
2219 1042 2428 1099 honore
2485 1048 2736 1115 et‘copia
2766 1046 3002 1119 frugum,
3053 1050 3109 1105 in
3154 1066 3264 1121 quo
3294 1055 3603 1123 requiescit

1963 1130 2020 1185 in
2068 1145 2202 1200 pace
2238 1132 2506 1201 sepultus.
2538 1135 2599 1188 In
2640 1136 2796 1205 cujus
2835 1136 2994 1195 laude
3025 1140 3306 1197 reddenda
3350 1143 3609 1212 quoniam

1965 1220 2084 1276 dies
2112 1234 2221 1277 non
2251 1221 2453 1278 sufﬁcit
2481 1222 2769 1291 hodierna,
2801 1239 3048 1295 praesens
3075 1229 3363 1287 claudatur
3383 1234 3606 1304 pagina,

1966 1323 2090 1366 cum
2119 1309 2191 1365 sit
2210 1310 2379 1367 altera
2409 1310 2673 1382 deinceps
2705 1313 3023 1382 aperienda.

1143 1515 1542 1600 INCIPIT
1607 1512 1932 1598 LIBER
1992 1504 2553 1593 SECUNDUS
2608 1501 2661 1541 ⁹³

315 1649 358 1704 1.
401 1650 685 1720 Superiori
737 1650 1023 1707 volumine
1080 1650 1266 1707 audita
1323 1657 1531 1707 tantum
1587 1644 2157 1721 utcumqueBculmen
2184 1642 2401 1713 imperii
2431 1641 2732 1712 apostolica
2780 1641 2922 1699 foret
2960 1648 3382 1703 consecratione
3415 1651 3595 1706 subli-

247 1740 518 1797 exsuﬂlare
557 1741 985 1811 temptavimus:
1036 1754 1183 1798 nunc
1229 1746 1411 1797 autem
1468 1756 1531 1798 ea
1589 1755 1713 1813 quae
1770 1740 1877 1810 ipsi

246 1829 465 1886 videndo
527 1830 902 1902 cognovimus,
973 1844 1039 1886 ex
1075 1830 1416 1886 habundanti
1473 1836 1723 1887 eructare
1765 1836 1878 1885 stu-

242 1918 467 1974 deamus.
505 1919 733 1975 C(elitus
768 1920 936 1990 igitur
963 1925 1157 1976 vocato
1216 1919 1356 1975 divae
1391 1920 1613 1977 emoriae
1642 1917 1881 1975 Arnuui-

242 2005 288 2060 fo
334 2006 436 2077 (an.
496 2005 651 2075 1018,
683 2007 839 2063 Febr.
888 2007 995 2079 25),
1030 2007 1287 2063 consultu
1336 2010 1600 2079 majorum
1635 2007 1880 2064 civitatis

240 2105 296 2147 ac
330 2092 476 2151 dono
531 2095 898 2165 imperatoriae
946 2098 1235 2167 potestatis
1288 2096 1652 2154 intronizatur
1716 2098 1877 2153 Heri-

241 2180 417 2238 bertus
448 2183 579 2253 (68).
608 2184 710 2252 Qui
750 2199 817 2241 ex
854 2199 964 2256 quo
995 2186 1256 2256 praelatus
1284 2191 1388 2253 est,
1421 2186 1537 2241 suis
1556 2190 1612 2241 et
1641 2185 1874 2243 aliorum

240 2271 436 2327 vacavit
466 2274 724 2344 negotiis,
750 2274 999 2343 pluribus
1026 2274 1290 2340 intentus,
1324 2275 1553 2345 grandia
1591 2281 1873 2344 expertus,

237 2373 350 2427 quae
393 2361 621 2431 quidem
667 2362 959 2429 narranda,
1010 2376 1121 2419 non
1164 2363 1461 2433 judicanda
1508 2364 1879 2433 suscepimus.

233 2447 390 2518 Cujus
450 2450 511 2504 in
566 2449 762 2505 diebus
826 2450 1067 2506 Heinrici
1125 2456 1534 2508 consummatur
1580 2453 1870 2521 imperium

234 2548 328 2595 (an.
386 2535 565 2607 1024),
607 2537 764 2608 prole
811 2537 961 2593 nulla
1008 2540 1324 2608 superstite.
1370 2541 1522 2594 Tunc
1579 2539 1873 2609 Papienses

233 2623 281 2679 in
306 2624 581 2681 ultionem
624 2627 868 2684 incensae
897 2627 1052 2682 urbis
1080 2628 1291 2698 regium
1340 2626 1488 2697 quod
1530 2627 1676 2698 apud
1720 2628 1873 2697 ipsos

233 2719 338 2769 erat
367 2713 698 2771 destruxere
728 2716 1010 2785 palatium.
1030 2717 1253 2772 Factum
1285 2722 1368 2772 est
1396 2720 1599 2783 autem,
1622 2722 1684 2771 ut
1711 2716 1871 2772 simul

233 2804 617 2860 convenientes
672 2804 730 2859 in
786 2818 1097 2872 commune,
1157 2810 1458 2861 tractarent
1514 2804 1584 2860 de
1650 2806 1869 2861 consti-

233 2892 424 2948 tuendo
475 2907 606 2964 rege
664 2894 943 2963 primates.
1002 2893 1243 2949 Diversis
1297 2894 1483 2964 itaque
1542 2893 1597 2948 in
1646 2892 1861 2949 diversa

228 2978 584 3045 trahentibus,
618 2992 729 3034 non
759 2979 1000 3035 omnium
1038 2979 1184 3035 idem
1215 2978 1391 3034 fuerat
1418 2979 1653 3035 animus.

291 3066 339 3121 2.
379 3069 642 3139 Interque
691 3068 819 3124 talia
866 3069 1163 3124 fluctuante
1208 3068 1385 3134 Italia,
1427 3081 1651 3124 suorum
1703 3080 1860 3123 com-

229 3168 403 3222 parum
419 3156 465 3187 ⁸⁸
485 3156 775 3213 declinans
803 3157 1128 3213 Heribertus
1157 3157 1519 3223 consortium,
1543 3157 1731 3212 invitis
1750 3156 1862 3212 illis

226 3256 280 3298 ac
303 3246 740 3317 repugnantibus
785 3245 920 3301 adiit
947 3246 1287 3301 Germaniam
1327 3245 1481 3302 solus
1524 3246 1642 3315 ipse
1674 3260 1858 3316 regem

225 3331 486 3390 electurus
506 3334 931 3391 Theutonicum.
954 3336 1202 3407 Cumque,
1219 3337 1492 3391 Teutones
1513 3334 1619 3390 sibi
1641 3335 1860 3391 Chuon-

226 3421 396 3477 radum
418 3422 461 3454 "
482 3424 776 3494 eligerent,
809 3422 1059 3478 eumdem
1091 3423 1268 3493 ipsum
1299 3422 1539 3477 laudavit
1571 3420 1718 3493 (69),
1742 3435 1858 3477 om-

225 3512 465 3584 niumque
497 3515 559 3571 in
605 3513 817 3571 occulis
862 3512 1146 3569 coronavit
1189 3510 1299 3581 (an.
1348 3510 1526 3581 1025),
1576 3511 1857 3581 accipiens

223 3599 282 3654 ab
304 3614 365 3658 eo
394 3609 607 3673 praeter
634 3601 778 3658 dona
815 3600 1212 3672 quamplurima
1254 3600 1592 3655 Laudensem
1631 3600 1855 3669 episco-

224 3698 409 3760 patum,
461 3699 524 3748 ut
575 3692 720 3747 sicut
765 3694 1205 3756 consecraverat,
1260 3688 1515 3744 similiter
1570 3688 1856 3743 invostiret

223 3779 546 3851 episcopum.
590 3780 832 3837 Rediens
859 3793 990 3836 vero
1029 3791 1257 3835 securus
1286 3778 1341 3833 in
1373 3776 1649 3845 omnibus,
1684 3782 1853 3832 totam

219 3866 319 3922 suis
361 3868 740 3940 legationibus
787 3866 983 3924 evertit
1028 3865 1258 3934 Italiam,
1289 3864 1430 3921 alios
1475 3878 1536 3920 re
1587 3863 1725 3919 alios
1754 3878 1851 3933 spe

222 3950 487 4014 benivolos
527 3956 758 4022 faciens,
792 3957 971 4013 donec
1015 3968 1173 4011 suum
1222 3953 1458 4010 electum
1505 3951 1622 4008 fere
1660 3966 1852 4008 omnes

222 4039 492 4103 laudavere
524 4045 962 4115 suscipiendum.
995 4043 1109 4099 Tali
1156 4041 1327 4099 fultus
1364 4041 1594 4113 remigio
1624 4041 1852 4096 veniens

221 4130 566 4193 Chuonradus
604 4135 814 4190 Italiam
864 4139 973 4200 (an.
1022 4130 1199 4199 1026),
1230 4133 1299 4187 ab
1347 4145 1413 4187 eo
1461 4135 1522 4186 ut
1558 4130 1729 4186 moris
1767 4134 1851 4185 est

221 4231 499 4281 coronatur
529 4227 591 4281 in
621 4237 829 4295 regno;
863 4219 1064 4278 deinde
1102 4222 1328 4277 Romam
1359 4220 1499 4276 duce
1529 4219 1852 4289 commigrat

1962 1733 2211 1799 mandus,
2241 1732 2565 1788 Heribertus
2606 1733 2890 1787 Ravennas
2934 1733 3387 1806 archiepiscopus
3433 1743 3604 1794 teme-

1962 1823 2105 1878 rarie
2151 1822 2431 1878 dexteram
2480 1821 2626 1892 regis
2662 1821 2858 1876 invasit
2886 1836 2950 1877 ac
2980 1824 3175 1889 tenuit,
3209 1823 3417 1881 faciens
3448 1826 3597 1897 quod

1960 1912 2136 1968 Medio
2148 1911 2489 1981 lanensijure
2501 1910 3091 1980 competebatantistiti
3104 1910 3165 1968 ⁰⁷.
3182 1914 3339 1980 Quod
3352 1928 3474 1970 cum
3492 1929 3607 1971 om-

1960 2002 2110 2058 nium
2140 2001 2459 2071 displiceret
2493 2000 2549 2054 in
2579 2001 2809 2065 occulis,
2842 2002 3267 2058 commonebant
3297 2017 3419 2059 eum
3453 2018 3604 2075 prae-

1959 2090 2107 2146 sules
2135 2090 2326 2156 ceteri,
2355 2094 2626 2159 quatenus
2653 2103 2683 2144 a
2713 2102 2823 2144 non
2872 2102 2973 2144 suo
3012 2089 3323 2147 desisteret.
3356 2093 3603 2150 Nichilo-

1957 2179 2139 2235 minus
2186 2178 2278 2234 ille
2324 2177 2680 2248 pertinaciter
2724 2178 2967 2233 tenebat.
3027 2178 3352 2235 Heribertus
3388 2180 3431 2212 ’⁸
3470 2197 3604 2240 vero

1957 2267 2378 2324 Mediolanensis
2407 2266 2658 2331 antistes,
2691 2278 2760 2321 ne
2790 2265 2845 2320 in
2869 2266 2958 2321 die
2988 2265 3130 2322 festo
3154 2268 3418 2324 tumultus
3440 2270 3603 2326 ﬁeret

1958 2358 2013 2413 in
2063 2357 2291 2428 populo,
2329 2356 2610 2426 sapienter
2646 2354 2874 2410 multum
2916 2354 3238 2424 p0pularem
3298 2356 3600 2414 declinavit

1953 2446 2266 2511 tumultum,
2307 2450 2538 2501 cunctos
2570 2457 2702 2499 suos
2730 2443 3006 2499 adversari
3052 2442 3303 2499 volentes
3340 2445 3409 2501 ab
3452 2447 3602 2502 omni

1955 2534 2393 2591 contradictione
2422 2533 2749 2589 cohercens.

2023 2624 2076 2677 4.
2120 2625 2234 2678 Rex
2280 2622 2448 2692 igitur
2503 2621 2950 2678 tumultuantium
3006 2624 3244 2693 strepitu
3302 2626 3597 2692 attonitus,

1954 2709 2172 2780 cognita
2221 2708 2439 2763 tandem
2488 2709 2567 2762 rei
2618 2707 2867 2773 veritate,
2919 2708 3147 2778 gradum
3192 2708 3364 2780 ﬁgens
3413 2710 3603 2766 taliter

1952 2804 2035 2853 est
2083 2797 2480 2852 contionatus:
2519 2817 2544 2845 α
2609 2796 2827 2850 Certum
2884 2802 2968 2851 est
3023 2796 3267 2865 quidem,
3300 2796 3598 2853 reverendi

1952 2892 2156 2955 patres,
2189 2885 2317 2954 quia
2363 2885 2507 2940 sicut
2553 2884 2897 2954 privilegium
2946 2889 3030 2939 est
3076 2884 3397 2955 apostolicae
3445 2884 3599 2940 sedis

1951 2973 2295 3029 consecratio
2334 2972 2652 3042 imperialis,
2694 2973 2769 3028 ita
2817 2973 3188 3029 Ambrosianus
3226 2973 3377 3029 sedis
3424 2976 3597 3044 privi-

1943 3061 2144 3133 legium
2185 3067 2268 3117 est
2298 3061 2496 3117 electio
2517 3067 2573 3117 et
2602 3062 2948 3117 consecratio
2979 3061 3199 3132 regalis.
3226 3062 3381 3119 Unde
3412 3070 3588 3120 ratum

1942 3152 2179 3218 videtur,
2204 3156 2263 3206 ut
2292 3164 2485 3206 manus
2529 3164 2653 3221 quae
2701 3150 2983 3206 benedicit
3028 3156 3083 3206 et
3130 3152 3285 3222 prius
3324 3166 3588 3209 coronam

1942 3240 2177 3310 imponit
2204 3239 2379 3310 regni,
2402 3240 2446 3295 si
2478 3253 2724 3309 praesens
2752 3239 2989 3306 affuerit,
3014 3247 3381 3310 reprwsentet
3404 3256 3586 3312 regem

1939 3330 2007 3385 ad
2037 3330 2327 3399 imperium
2349 3327 2777 3398 promovendum
2817 3334 3008 3384 sancto
3041 3329 3202 3384 Petro
3223 3336 3278 3384 et
3299 3331 3419 3398 ejus
3446 3332 3589 3385 vica-

1940 3418 2024 3474 rio
2049 3439 2062 3485 ;
2095 3424 2367 3488 quatenus
2393 3416 2753 3471 Ambrosiano
2783 3415 3101 3477 testimonio
3126 3417 3249 3483 jure
3273 3416 3449 3484 possit
3476 3417 3576 3472 1m-

1938 3519 2155 3575 perare,
2186 3505 2281 3575 qui
2309 3503 2666 3559 Ambrosiana
2709 3502 3125 3557 consecratione
3164 3502 3300 3557 dicit
3332 3510 3386 3557 et
3416 3505 3585 3573 coepit

1939 3607 2191 3664 regnare.
2232 3611 2261 3643 »
2302 3592 2544 3660 Cumque
2574 3590 2695 3645 haec
2719 3590 2865 3660 regis
2893 3589 3150 3644 omnibus
3183 3589 3430 3658 placeret
3461 3605 3584 3647 sen-

1937 3683 2128 3749 tentia,
2169 3680 2449 3736 dexteram
2499 3678 2797 3733 Ravennati
2837 3677 3112 3744 auferens,
3164 3679 3579 3736 Ambrosianum

1929 3770 2089 3841 jubet
2132 3768 2390 3825 accersiri
2439 3766 2774 3838 pontificem.
2806 3766 2906 3834 Qui
2958 3766 3225 3837 praedicta
3253 3768 3464 3824 vitandi
3495 3773 3583 3824 tu-

1934 3859 2138 3915 multus
2165 3871 2350 3924 causa,
2381 3857 2569 3913 venire
2601 3854 2837 3912 distulit.

2005 3948 2059 4004 5.
2098 3949 2271 4019 Igitur
2302 3946 2624 4003 consulente
2654 3945 2856 4002 domno
2886 3946 3196 4016 apostolico
3218 3954 3275 4005 et
3303 3947 3578 4005 universis

1933 4037 2230 4106 episcopis,
2263 4035 2542 4091 dexteram
2581 4033 2735 4089 dedit
2780 4034 3044 4091 Arderico
3096 4036 3431 4092 Vercellensi
3463 4036 3578 4107 epi-
3674 4056 3679 4057 ί

1932 4139 2103 4197 sc0po
2149 4124 2299 4181 illius
2346 4123 2711 4195 sutfraganeo,
2743 4130 2804 4178 ut
2853 4130 3009 4193 pater
3057 4126 3109 4180 in
3144 4125 3279 4191 ﬁlio,
3316 4126 3578 4196 magister

1931 4216 2210 4271 videretur
2246 4214 2303 4269 in
2351 4212 2644 4282 discipulo.
2675 4213 2777 4278 Qui
2811 4212 2866 4266 in
2896 4211 2938 4241 ”
2966 4213 3236 4282 imperiali
3278 4228 3576 4270 consecra-

220 4310 413 4368 eodem.
434 4315 496 4369 In
528 4314 690 4383 cujus
714 4312 950 4368 adventu
970 4314 1076 4382 (an.
1105 4309 1256 4377 1027)
1276 4308 1453 4365 factus
1473 4312 1558 4363 est
1579 4306 1622 4339 9°
1652 4304 1912 4377 ingensD
1933 4304 2082 4359 tione
2145 4304 2317 4358 vicem
2376 4299 2800 4357 Mediolanensis
2865 4300 3271 4370 archiepiscopi
3334 4302 3575 4369 pleniter

217 4396 383 4458 Roma:
407 4410 718 4460 conventus
747 4401 1085 4457 diversarum
1114 4399 1359 4468 undique
1388 4397 1654 4469 gentium,
1689 4398 1840 4465 opis-
1923 4393 2101 4449 tenuit
2132 4392 2209 4444 ¹⁰⁰.
2244 4394 2373 4446 Post
2401 4391 2521 4446 dies
2563 4390 2774 4459 aliquot
2811 4388 3014 4443 indicta
3051 4395 3135 4444 est
3178 4389 3428 4458 synodus
3458 4390 3572 4444 Ro-

217 4500 459 4557 coporum
508 4505 735 4563 quoque
782 4505 846 4547 ac
876 4489 1222 4546 saecularium
1273 4487 1605 4558 principum,
1646 4485 1841 4554 praesi-

219 4571 363 4635 dente
391 4579 600 4637 domno
630 4592 773 4650 papa
798 4578 1067 4634 Iohanne.

1925 4495 2028 4536 mae
2075 4478 2401 4535 auctoritate
2447 4477 2750 4546 apostolica
2783 4476 2930 4547 (Apr.
2973 4474 3047 4545 6),
3082 4477 3138 4531 in
3164 4490 3272 4546 qua
3303 4477 3574 4531 constitu-

1925 4577 2038 4626 tum
2086 4574 2189 4631 est,
2231 4573 2291 4622 ut
2335 4567 2392 4621 in
2421 4567 2676 4622 omnibus
2712 4567 2953 4637 negotiis
2992 4565 3407 4635 pontiﬁcalibus
3461 4566 3572 4620 Ra-

274 4666 324 4721 3.
362 4670 687 4727 Imminente
717 4670 901 4739 itaque
949 4666 1193 4738 paschali
1225 4664 1612 4735 solempnitate
1652 4663 1837 4734 (Mart.
1922 4671 2127 4716 vennas
2154 4655 2306 4711 nullo
2336 4654 2499 4710 modo
2531 4654 2586 4709 in
2612 4659 2877 4710 aeternum
2909 4668 2967 4709 se
2999 4654 3392 4709 Mediolancnsi
3426 4668 3574 4723 pra:-

216 4750 316 4826 26),
340 4772 460 4816 cum
491 4774 595 4817 rex
621 4756 988 4816 Chuonradus
1013 4758 1070 4812 in
1100 4754 1327 4812 basilica
1355 4753 1736 4824 apostolorum
1767 4752 1835 4806 ad
1922 4748 2059 4804 ferat
2105 4745 2375 4812 antistiti;
2425 4749 2481 4800 et
2524 4745 2572 4800 si
2620 4743 2760 4802 forte
2801 4743 3239 4815 prmsumpserit,
3280 4744 3567 4801 canonica:

1559 4850 1784 4907 VARUE
1822 4845 2205 4904 LECTIONES.

271 4950 310 5027 ξ’
343 4945 763 5027 archiepiscopo
795 4957 855 5011 B.
989 4952 1035 5027 ἑξ
1077 4949 1526 5027 sacerdocialiter
1553 4950 1612 5005 Β.
1651 4947 1698 5002 1.

1857 4945 1898 4976 ⁹¹
1919 4945 1957 5000 i.
1988 4944 2046 5008 in
2077 4949 2116 4998 t.
2151 4944 2211 4997 Β.

2356 4940 2397 4971 θ’
2433 4940 2490 4994 in
2523 4953 2573 4995 e.
2606 4956 2651 4994 s.
2689 4942 2746 4995 V.
2779 4940 2818 4994 i.
2852 4953 2898 4994 s.
2938 4940 3005 4994 N.
3052 4938 3236 4995 desunt
3290 4942 3350 4995 B.
3526 4938 3570 4971 ⁸³

215 5019 315 5098 huic
340 5010 715 5098 ιίὺνόἷΒίὶἷ
742 5010 1176 5098 Vsupmaibum‘:
1208 5022 1419 5098 Incipit
1437 5021 1592 5098 liber
1637 5017 1935 5098 secundus.
1960 5015 2272 5098 istoriaru'm
2317 5010 2547 5098 arnulfi‘.
2585 5012 2964 5098 alternser‘l‘uo
2979 5012 3182 5098 _ven.it_,.
3217 5025 3395 5098 quum.
3436 5012 3554 5098 jam

214 5094 347 5158 prior
368 5097 462 5154 ille
489 5098 722 5155 recedit.

242 5094 347 5174 rior
368 5097 462 5154 ille
489 5098 722 5155 recedit.
810 5093 888 5128 '“
922 5095 1260 5198 comparium
1287 5093 1343 5147 3.
1390 5093 1455 5147 5*
1491 5094 1552 5147 Β.

242 5178 341 5198 Inuus
387 5170 424 5198 D
478 5168 496 5198 1
566 5173 619 5198 ιιι
662 5184 764 5198 ..Μ
814 5170 854 5198 ι)
882 5167 947 5198 0*
1114 5165 1255 5198 Anno!
1292 5165 1332 5198 n
1422 5162 1484 5195 10.
1512 5168 1552 5198 η

214 5167 344 5221 ricus
387 5170 426 5223 Β
478 5168 529 5225 1.
562 5173 619 5225 at
662 5184 768 5225 non
814 5167 966 5224 82*.

1661 5089 1704 5121 ⁸⁵
1733 5087 2034 5146 conradum
2074 5084 2154 5140 3³.
2206 5083 2293 5152 5*,
2334 5085 2392 5138 Β.

1113 5165 1255 5221 deest
1292 5165 1353 5220 B.
1422 5162 1484 5195 ¹⁰⁹
1512 5163 1690 5219 tenuit
1716 5161 1877 5232 plene
1909 5160 1971 5214 B.

2494 5080 2537 5111 ’°
2565 5081 2707 5137 deest
2736 5082 2796 5137 Β.
2871 5080 2915 5112 ⁹⁷
2943 5095 3013 5137 an
3071 5082 3185 5138 tisti
3220 5080 3270 5137 1.
3353 5080 3397 5111 ’⁸
3436 5081 3569 5138 hen-

1775 5257 1992 5313 ΝΟΤίΕ.

273 5357 371 5427 (68)
414 5362 757 5420 Ανὶὒενίιιδη·
806 5362 882 5434 Ῐῖι-
932 5361 984 5418 ι’·
1021 5375 1104 5434 ,τησ
1154 5356 1428 5434 θίινίανοέῖο
1474 5358 1562 5434 (ἰαί
1615 5356 1713 5426 fuit
1761 5355 1830 5434 .d"
1910 5351 2241 5434 ᾼΡὲἱῐηί³9ίῗτ
2285 5345 3009 5434 3291,,I'I'Ii39i?99:.v:ci“lr
3066 5334 3160 5434 Ἦν
3193 5347 3477 5434 385;..1953
3511 5364 3562 5404 ³·

213 5417 311 5501 loco
352 5417 777 5491 mamma}:
806 5417 978 5490 lvixit
1015 5431 1125 5501 lege
1189 5417 1655 5501 Langobardorum
1684 5448 1700 5481 :
1759 5427 1834 5482 ita
1918 5420 2452 5501 IOQjAsubdiaconus
2472 5417 2609 5501 eccl.
2634 5418 2852 5501 Ejediol.
2895 5426 3043 5501 erat;
3080 5420 3180 5486 ib.,
3218 5434 3270 5501 ρ.

214 5500 394 5559 tabula:
417 5507 538 5573 ejus
567 5506 785 5563 nomine
814 5498 1082 5562 confectae
1110 5500 1399 5573 incipiunt.
1433 5498 1835 5573 Matrisnomen

1986 5493 2090 5565 (69)
2129 5488 2461 5565 Constantia:
2482 5488 2530 5543 ei
2556 5490 2608 5543 iu
2642 5491 2996 5555 Pentecoste;
3036 5488 3306 5557 occurrit;
3339 5491 3566 5561 Wippo,

212 5580 316 5627 erat
360 5561 1027 5643 Berlindajiv.‘Puricelli
1072 5561 1238 5628 Monf
1265 5570 1476 5636 Ambr.,
1510 5585 1563 5638 p.
1585 5568 1730 5635 .371.
1762 5570 1836 5621 De
1918 5561 2036 5620 Vita
2066 5561 2324 5617 Conradi.

341 5679 576 5739 PATROL.
608 5684 847 5740 CXLVII.

3327 5666 3390 5722 10
