4100 6166
517 304 625 359 299

1621 300 1917 356 ARNULFI
1959 299 2488 356 MEDIOLANENSIS
2526 299 2790 355 CLERICI

3786 293 3885 348 300

519 430 629 502 legi
659 429 718 461 ¹⁰¹
744 429 1046 499 subjaceat.
1098 429 1326 498 insuper
1367 427 1570 497 placuit
1600 425 1874 491 omnibus,
1905 439 2073 494 super
2099 424 2584 488 “"ARavennates
2604 432 2755 496 terga
2785 423 3076 489 dederunt,
3102 436 3294 492 magna
3321 436 3389 477 ex
3411 427 3565 491 parte
3590 421 3883 477 vulnerati

520 521 624 576 hac
643 534 704 576 re
716 519 993 575 conscribi
1007 519 1250 574 thomum
1266 518 1322 572 in
1343 515 1734 586 sempiternum
1755 514 2156 584 testimonium;

524 610 592 666 de
623 622 734 680 quo
766 623 937 678 pauca
969 607 1037 663 de
1070 606 1318 676 pluribus
1347 605 1450 660 ista
1481 603 1857 673 decerpsimus
1891 604 2016 675 (70).

591 698 648 754 6.
687 700 823 754 Dum
874 698 992 752 hazc
1048 699 1360 768 agerentur,
1411 692 1846 749 Mcdiolanenses
1891 707 2012 749 eum
2052 695 2163 748 Ra-

521 788 846 844 vennatibus
875 786 1280 840 altercabantur
1309 783 1377 837 ad
1407 781 1661 837 invicem.
1686 783 1857 852 Igitur
1877 787 2162 838 crescente

519 877 723 948 jurgio,
752 874 1032 946 congressi
1081 877 1210 927 snnt
1245 871 1531 926 adversum
1581 885 1702 927 sese
1733 870 1792 902 ¹⁰³
1821 876 2032 926 mutuo.
2071 872 2163 925 Set

529 964 859 1036 praevalente
919 963 1125 1032 impetu
1184 964 1238 1016 et
1285 958 1610 1016 fortitudine
1655 958 2160 1025 Mediolanensium,

2245 529 2385 585 quos
2442 515 2715 584 persecuti
2764 519 2893 569 sunt
2946 511 3246 568 adversarii
3305 525 3482 580 usque
3521 509 3588 564 ad
3632 510 3886 580 hospitia,

2163 650 2166 651 γ
2245 605 2490 659 sarcinas
2539 609 2593 658 et
2641 617 2855 657 omnem
2908 601 3236 670 diripientes
3285 598 3744 668 suppellectilem.
3777 600 3892 668 ipse

2247 693 2409 746 etiam
2441 693 2726 746 Ravennas
2746 691 3069 745 lleribertus
3091 689 3176 742 vix
3199 687 3407 757 aufugit
3432 687 3515 755 ωδ,
3548 687 3616 742 de
3649 688 3894 743 manibus

2245 780 2648 850 insequentium
2681 785 2921 848 ereptus.
2957 778 3167 833 Etenim
3199 783 3391 846 postea
3420 775 3513 830 illa
3545 777 3724 831 omnis
3744 776 3892 846 quie-

2246 870 2322 924 vit
2343 868 2739 925 controversia.
2772 869 3076 936 lmperator
3105 880 3236 921 vero
3261 865 3319 896 ¹⁰⁸
3341 880 3371 920 a
3392 866 3655 921 Romanis
3675 866 3893 921 rediens

2249 957 2517 1028 partibus,
2551 963 2920 1013 commoratus
2949 960 3034 1012 est
3072 956 3128 1011 in
3159 954 3334 1024 Italia,
3367 954 3545 1010 donec
3594 954 3812 1024 subegit
3839 955 3886 1010 si

1871 1075 2095 1130 VARIZE
2147 1073 2428 1129 LECTION
2434 1073 2531 1128 ES.

597 1196 651 1228 ¹⁰¹
694 1194 732 1250 l.
764 1209 810 1249 s.
843 1193 880 1248 i.
916 1207 971 1263 p.
1004 1204 1137 1263 o.ms.
1169 1190 1227 1246 h.
1259 1204 1318 1246 re
1349 1190 1622 1263 desuntl.

524 1268 665 1322 deest
694 1261 937 1336 ereptus.
1044 1262 1104 1294 ¹⁰⁵
1160 1262 1444 1318 Conradus
1490 1261 1636 1317 addit
1665 1263 1724 1316 B.

1701 1190 1760 1222 ¹⁰¹
1791 1190 1846 1245 in
1875 1188 1928 1244 3.
1961 1189 2044 1244 5*.
2077 1190 2117 1245 B
2149 1188 2234 1244 2*.
2313 1187 2374 1218 ¹⁰³
2413 1187 2555 1242 deest
2585 1185 2707 1242 B2*.
2751 1201 2800 1241 c.
2833 1199 2883 1241 a.
2925 1193 3054 1242 sunt
3083 1199 3153 1240 m.
3198 1185 3292 1240 Bl.

3371 1184 3432 1215 ¹⁰δ
3479 1183 3650 1255 efugit
3695 1185 3754 1240 Β.
3805 1183 3893 1240 ubi

2090 1331 2305 1386 NOT/E.

592 1452 703 1525 (70)
744 1451 844 1507 Hic
875 1455 1062 1525 tomus_
1074 1428 1430 1525 conservatus
1467 1447 1684 1503 videtur
1729 1447 1785 1503 in
1805 1447 2037 1525 iisquae
2068 1445 2420 1525 hicBlorum
2450 1443 2826 1525 circumdatus
2865 1443 3298 1525 compressione,
3328 1441 3888 1525 ac‘tumultuaptibus

524 1519 848 1594 subjicimus
878 1536 946 1594 ex
979 1542 1003 1594 εί
1044 1523 1194 1594 Novo
1223 1519 1459 1594 Beroldo
1491 1538 1519 1571 »
1534 1534 1664 1594 rev:
1683 1519 1922 1594 ‘capituli
1951 1525 2162 1574 metro-

526 1589 756 1665 politani
798 1592 1241 1665 Mediolanensis,
1273 1591 1416 1645 intra
1445 1605 1495 1645 a.
1534 1589 1854 1665 1266-1269,
1875 1594 2154 1665 ‘ex_arato;

524 1661 618 1722 ubi
650 1667 724 1720 ita
754 1664 1011 1735 leguntur
1044 1683 1056 1718 :
1093 1681 1121 1714 «
1161 1661 1615 1735 Commemoratio
1664 1661 1921 1735 superbie
1943 1663 2162 1735 Raven—

524 1736 667 1792 natis
696 1731 1119 1804 archiepiscOpi,
1151 1733 1430 1804 quomodo
1467 1747 1526 1788 se
1563 1732 1955 1788 Mediolanensi
1985 1731 2161 1786 archi-

523 1807 787 1877 episcopo
818 1803 988 1861 Rome
1018 1803 1254 1877 Superbe
1287 1803 1530 1873 preferre
1559 1804 1910 1877 presumpsit,
1944 1809 2008 1877 et.
2027 1817 2161 1877 qua-

525 1873 654 1934 liter
683 1873 812 1933 inde
841 1877 1020 1932 victus
1050 1873 1346 1931 subcubuit
1377 1880 1430 1930 et
1471 1873 1730 1930 confusus
1759 1875 1912 1942 abiit,
1945 1874 2012 1928 ad
2044 1874 2162 1944 glo-

522 1950 658 2005 riam
689 1955 744 2004 et
773 1947 989 2003 laudem
1017 1949 1134 2013 Dei,
1167 1947 1437 2016 superbos
1465 1945 1804 2000 humiliantis
1841 1951 1896 2000 et
1925 1945 2160 2000 humiles

523 2020 834 2086 exaltantis,
878 2035 907 2073 »
946 2022 1102 2074 Anno
1152 2017 1285 2071 1027
1331 2021 1456 2086 post
1513 2017 1774 2071 divinitus
1829 2023 2156 2085 assumptam

522 2091 930 2156 mortalitatem,
983 2090 1037 2144 in
1085 2091 1250 2145 tertio
1298 2102 1441 2144 anno
1491 2087 1678 2144 domni
1706 2087 1972 2143 Johannis
2021 2101 2158 2156 pape

522 2161 864 2225 universalis,
898 2159 1073 2215 factus
1112 2165 1195 2216 est
1224 2161 1419 2229 ingens
1458 2165 1760 2214 conventus
1785 2160 1955 2214 Rome
1986 2157 2162 2212 diver-

520 2247 702 2288 sarum
732 2231 973 2302 gentium
1021 2231 1378 2300 plurimorum
1428 2230 1811 2299 episcoporum
1851 2229 2160 2302 acgsecula-

519 2305 659 2359 rium
719 2300 1047 2372 principum,
1095 2302 1423 2358 clericorum
1481 2306 1830 2372 quoqueret”
1870 2300 2156 2372 laicorum,

517 2375 692 2440 ltalie,
720 2370 1296 2438 Gallic—etaermanie,
1328 2373 1383 2425 7.
1430 2373 1549 2427 Kal.
1585 2371 1759 2426 Martii
1786 2370 1850 2441 (ι.
1883 2370 2068 2442 Apr.),
2101 2372 2156 2425 in

519 2452 710 2501 sancto
742 2445 831 2499 die
857 2459 1041 2514 pasce,
1074 2445 1379 2499 indictione
1416 2442 1522 2497 103.
1556 2443 1688 2514 cum
1710 2456 1804 2514 rex
1834 2442 2158 2514 Chunradus

516 2530 661 2571 anno
692 2516 844 2586 regni
861 2513 996 2586 ejus
1022 2515 1084 2568 3°
1112 2515 1180 2569 ad
1202 2513 1652 2586 culmenimperii
1675 2515 1731 2567 in
1752 2513 1978 2586 basilica
1998 2526 2159 2586 apos-

516 2583 1089 2655 tolorum'apOStolica
1128 2585 1543 2641 consecratione
1583 2591 1728 2638 esset
1756 2583 2152 2650 sublimandus,

514 2657 736 2712 humani
765 2657 984 2727 generis
1013 2657 1286 2720 inimicus,
1319 2656 1644 2727 zizaniorum
1675 2660 1844 2727 sator,
1869 2655 2005 2727 tanti
2028 2669 2157 2710 con-

511 2735 707 2783 ventus
729 2725 945 2798 gaudiis
965 2734 1019 2782 et
1033 2726 1469 2797 jocunditatibus
1498 2726 1748 2781 invidens
1776 2725 2153 2782 fraudolenter

2243 1525 2298 1572 et
2328 1516 2916 1586 circumstrepentibus
2936 1515 3168 1570 diversis
3193 1514 3500 1586 rationibus
3518 1527 3629 1586 non
3652 1514 3892 1584 pleniter

2243 1593 2374 1656 aput
2403 1602 2463 1642 se
2494 1584 2672 1654 totus,“
2690 1589 2800 1656 jam
2833 1587 2887 1641 in
2920 1586 3124 1655 templo
3159 1586 3295 1656 (jam
3342 1585 3456 1641 inlo
3487 1584 3632 1656 cod.)
3666 1595 3891 1655 aposto-

2243 1658 2351 1714 lico
2380 1657 2582 1714 invitus
2613 1663 2668 1713 et
2697 1665 2954 1727 tanquam
2984 1657 3203 1713 nescius
3237 1657 3436 1712 ductus
3463 1670 3708 1728 gressum
3739 1657 3883 1725 ﬁxit,

2244 1739 2299 1784 et
2327 1731 2524 1785 mentis
2569 1734 2624 1784 et
2671 1728 2922 1798 corporis
2967 1728 3176 1783 viribus
3223 1727 3538 1796 resumptis,
3562 1727 3649 1798 ita
3699 1742 3888 1785 coram

2243 1801 2497 1857 omnibus
2526 1800 2665 1855 dixit
2697 1819 2710 1855 :
2748 1797 2787 1851 (ί
2815 1802 3035 1856 Certum
3065 1798 3285 1868 quidem
3315 1805 3371 1854 et
3399 1797 3744 1854 manifestum
3778 1809 3886 1868 est,

2243 1872 2530 1927 reverendi
2571 1877 2776 1941 patres,
2810 1871 2938 1940 quia
2985 1872 3129 1926 sicut
3175 1870 3521 1941 privilegium
3552 1876 3637 1926 est
3664 1873 3887 1940 aposto-

2242 1943 2348 1998 lice
2386 1942 2534 1998 sedis
2573 1943 2916 1998 consecratio
2969 1941 3292 2011 imperialis,
3317 1943 3397 1996 ita
3443 1946 3498 1996 et
3525 1941 3886 1999 Ambrosiane

2241 2013 2390 2069 sedis
2435 2013 2776 2084 privilegium
2819 2018 2902 2068 est
2936 2013 3135 2068 electio
3174 2020 3229 2068 et
3269 2013 3885 2084 consecratiomregalis.

2241 2085 2396 2140 Unde
2426 2090 2599 2139 ratum
2631 2083 2866 2150 videtur,
2891 2091 2949 2139 ut
2970 2098 3160 2138 manus
3181 2085 3300 2153 ejus
3329 2085 3422 2152 qui
3453 2083 3752 2148 benedicit,
3778 2098 3880 2140 un-

2240 2157 2358 2280 guit
2386 2162 2440 2210 et
2471 2156 2623 2224 prius
2665 2169 2924 2211 coronam
2966 2155 3117 2224 regni
3161 2155 3414 2224 imponit,
3447 2156 3492 2209 si
3526 2167 3753 2224 presens
3785 2156 3885 2210 ad-

2263 2227 2426 2280 uerit.
2477 2233 2536 2280 ut
2583 2241 2764 2280 regem
2819 2231 3162 2280 renreseutet
3206 2233 3397 2280 sancto
3445 2227 3607 2280 Petro
3655 2232 3711 2280 et
3760 2229 3885 2280 eius

2263 2227 2426 2293 'uerit,
2477 2233 2536 2281 ut
2583 2241 2764 2296 regem
2819 2231 3162 2296 representet
3206 2233 3397 2281 sancto
3445 2227 3607 2281 Petro
3655 2232 3711 2281 et
3760 2229 3886 2296 ejus

2240 2298 2447 2352 vicario
2477 2297 2876 2353 sublimandum
2926 2297 2991 2351 ad
3041 2297 3255 2352 culmen
3289 2297 3524 2367 imperii,
3556 2302 3611 2352 et
3640 2303 3700 2353 ut
3729 2302 3886 2354 tante
3947 2347 3952 2354 .

2241 2369 2644 2424 consecrationi
2674 2384 2834 2424 verus
2863 2369 3019 2423 testis
3049 2382 3156 2424 non
3189 2368 3351 2431 desit,
3382 2368 3739 2424 Ambrosiano
3773 2375 3889 2424 tes-

2241 2440 2470 2495 timonio
2499 2442 2620 2510 jure
2653 2440 2826 2509 possit
2855 2440 3143 2508 imperare,
3175 2441 3267 2508 qui
3296 2439 3653 2494 Ambrosiana
3683 2453 3885 2496 conse-

2239 2513 2484 2566 cratione
2519 2512 2671 2580 prius
2727 2511 2924 2566 didicit
2972 2517 3026 2565 et
3073 2512 3220 2580 cepit
3266 2524 3516 2580 regnare.
3560 2529 3588 2560 »
3629 2512 3881 2580 Cumque

2238 2582 2340 2637 hec
2370 2582 2514 2652 regis
2543 2584 2816 2637 sententia
2845 2582 3101 2637 omnibus
3147 2582 3409 2650 placeret,
3441 2581 3718 2636 dexteram
3771 2584 3883 2638 Ra-

2238 2655 2454 2708 vennati
2487 2652 2631 2720 tulit,
2655 2659 2711 2708 et
2739 2655 2853 2709 suis
2881 2653 3286 2708 venerabilibus
3314 2653 3542 2718 nuntiis,
3574 2654 3886 2722 archiepis-

2237 2738 2378 2793 copo
2434 2725 2692 2779 videlicet
2742 2731 2796 2780 et
2852 2724 3146 2794 episcopis,
3211 2725 3467 2779 domnum
3527 2724 3882 2780 Heribertum

511 2807 567 2855 et
596 2792 759 2854 nimis
787 2813 908 2854 cum
940 2792 1275 2864 discrimine,
1299 2799 1442 2854 sicut
1472 2813 1626 2853 suum
1660 2805 1762 2864 est,
1787 2799 1955 2852 menti
1994 2798 2148 2852 Heri-
2173 2792 2214 2851 C
2237 2792 2713 2865 archiepiscopum
2744 2792 3202 2851 Mediolanensem
3224 2795 3530 2857 accersivit,
3554 2802 3609 2850 et
3637 2795 3706 2850 ad
3728 2794 3886 2851 fores

507 2871 651 2926 berti
681 2870 1009 2926 Ravennatis
1037 2869 1439 2940 archiepiscopi
1465 2883 1586 2924 sese
1615 2869 1872 2939 ingressit
1901 2875 1956 2923 et
1983 2881 2148 2940 vene-

512 2955 641 2997 num
693 2941 777 2996 sui
825 2942 1015 2996 livoris
1051 2938 1398 3010 super—eum"
1417 2942 1618 3009 sparsit
1642 2959 1655 3005 ;
1683 2938 1801 3008 ’quo
1825 2953 1948 2994 eum
1979 2938 2150 2994 fastus

508 3012 765 3080 superbie
798 3012 998 3082 coegit,
1021 3018 1081 3066 ut
1109 3011 1226 3066 zelo
1257 3011 1579 3082 humilitatis
1609 3018 1664 3065 et
1686 3011 1908 3082 justicie
1937 3015 2144 3082 spreto,

515 3082 760 3150 preferre
790 3096 849 3137 se
898 3089 1239 3150 presumeret
1278 3081 1671 3136 Mediolanensi
1707 3081 2145 3151 archiepiscopo.

515 3154 582 3221 Et
612 3153 740 3221 quia
771 3152 1073 3207 insolenter
1103 3152 1357 3220 superior
1384 3152 1557 3207 videri
1583 3152 1777 3219 voluit,
1803 3153 2041 3220 turpiter
2070 3153 2151 3207 in-

510 3220 681 3278 ferior
705 3223 977 3292 apparuit.
1006 3223 1268 3278 Omnibus
1298 3238 1343 3277 s.
1369 3223 1601 3278 ecclesie
1634 3222 1887 3278 fidelibus
1916 3224 2145 3278 notissi-

513 3307 658 3348 mum
690 3300 794 3360 est,
826 3294 970 3364 quod
1021 3294 1400 3350 Ambroisiana
1446 3295 1607 3349 sedes
1638 3301 1763 3364 post
1791 3294 2147 3364 apostolicam

512 3366 806 3434 primatum
855 3365 1051 3432 tenuit,
1083 3373 1235 3420 tenet
1282 3372 1337 3420 et
1394 3366 1622 3431 tenebit,
1677 3373 1732 3420 et
1786 3380 1833 3420 s.
1873 3367 2146 3420 Ambrosii

507 3437 744 3492 vicarius
762 3436 818 3491 in
832 3437 1086 3492 omnibus
1098 3437 1335 3507 negotiis
1346 3437 1414 3492 ab
1431 3436 1736 3506 apostolico
1749 3437 2142 3492 estsecundus.

505 3509 572 3562 Et
607 3522 732 3563 vere
776 3508 904 3578 quia
933 3509 1076 3564 sicut
1113 3511 1307 3563 Petrus
1347 3508 1521 3577 primo
1571 3510 1796 3564 Romam
1826 3507 2036 3574 docuit,
2068 3509 2145 3563 ita

505 3578 779 3634 Barnabas
791 3581 909 3649 ejus
929 3579 1282 3649 coapostolus
1294 3579 1604 3635 Mediolanii
1624 3579 1800 3649 primo
1820 3579 2145 3635 catholicam

504 3650 742 3706 instituit
763 3649 945 3717 ﬁdem,
969 3658 1024 3706 et
1045 3649 1215 3706 multo
1236 3655 1480 3719 tempore
1501 3651 1576 3706 ibi
1610 3649 1831 3720 prefuit,
1855 3657 1910 3705 et
1928 3665 2146 3706 succes-

504 3735 685 3777 sorem
715 3736 872 3776 suum
922 3736 1088 3777 unum
1127 3728 1183 3776 et
1226 3723 1466 3792 priorem
1513 3738 1579 3778 ex
1616 3722 1902 3792 discipulis
1931 3723 2144 3778 Domini

506 3792 864 3848 Anatelonem
922 3793 1215 3849 ordinavit.
1267 3794 1383 3848 Hoc
1437 3793 1744 3862 apostolico
1795 3795 1942 3861 jure,
2002 3795 2146 3849 sicut

509 3863 754 3916 Romana
783 3862 944 3917 sedes
975 3870 1058 3918 est
1097 3864 1291 3932 prima,
1325 3864 1401 3918 ita
1448 3871 1503 3918 et
1548 3863 1971 3919 Mediolanensis
2017 3879 2146 3920 cen-

508 3932 678 4004 senda
709 3940 790 3991 est
820 3932 1078 3987 secunda.
1113 3936 1205 3989 Set
1235 3938 1295 3988 ut
1323 3933 1390 3988 ad
1421 3934 1632 4004 antiqui
1663 3934 1838 3989 hostis
1875 3935 2143 3990 sationem

507 4001 815 4065 redeamus,
843 4004 1194 4074 supradictus
1223 4005 1506 4059 Ravennas
1535 4001 1602 4060 ab
1631 4005 1823 4060 eodem
1853 4005 2141 4074 impulsus,

2235 2867 2467 2921 ecclesie
2485 2866 2768 2922 redeundo
2790 2867 2838 2921 ei
2861 2879 3153 2922 occurrere
3174 2873 3395 2936 paratus
3416 2865 3536 2930 fuit,
3559 2872 3619 2920 ut
3638 2866 3887 2935 pleniter

2231 2937 2307 2992 ibi
2338 2938 2494 2992 fieret
2553 2938 2701 3006 quod
2759 2938 3007 3005 deberet,
3041 2945 3096 2992 et
3140 2954 3186 2992 s.
3226 2938 3544 2993 Ambrosius
3584 2951 3688 3006 per,
3713 2953 3882 2994 suum

2229 3009 2490 3063 vicarium
2520 3011 2603 3064 sui
2634 3009 2863 3064 honoris
2895 3009 3179 3077 primatum
3205 3015 3434 3064 teneret.
3467 3010 3562 3063 Set
3581 3011 3881 3065 innumera

2231 3083 2558 3149 populorum
2608 3081 3020 3150 compressione
3069 3081 3424 3150 impediente,
3456 3079 3600 3134 idem
3631 3079 3880 3136 domnus

2231 3150 2449 3222 Mediol.
2475 3151 2721 3221 archiep.
2753 3153 2834 3206 ire
2864 3151 3128 3220 nequivit,
3162 3157 3217 3206 et
3245 3152 3542 3220 sapienter,
3575 3151 3743 3206 immo
3779 3167 3881 3222 pa-

2230 3221 2452 3287 tienter,
2502 3223 2649 3293 quod
2692 3222 2891 3277 factum
2953 3223 3221 3278 fuerat....
3275 3225 3441 3292 Cujus
3487 3221 3878 3279 admirabilem

2231 3293 2557 3361 pacientiam
2607 3299 2662 3349 et
2709 3309 2754 3348 s.
2798 3294 3140 3349 tolerantiam
3172 3307 3364 3349 omnes
3394 3294 3724 3349 unanimiter
3757 3295 3880 3350 lau-

2229 3363 2516 3432 daverunt,
2549 3371 2603 3420 et
2632 3366 2749 3433 pari
2779 3371 2906 3420 voto
2954 3371 3009 3420 et
3053 3366 3327 3420 communi
3358 3379 3631 3420 consensu
3661 3379 3875 3422 consu-

2229 3433 2406 3490 lentes
2450 3437 2565 3505 regi
2611 3443 3019 3505 persuaserunt,
3061 3443 3120 3491 ut
3165 3436 3233 3490 ad
3285 3435 3560 3492 efﬁcacem
3610 3437 3878 3492 observa-

2227 3507 2434 3561 tionem
2466 3507 2694 3562 honoris
2722 3522 2768 3561 s.
2798 3507 3072 3562 Ambrosii
3101 3513 3155 3562 et
3202 3507 3396 3562 stabile
3446 3507 3872 3564 fundamentum

2228 3578 2311 3632 sui
2341 3579 2577 3647 imperii,
2619 3579 2766 3648 quod
2798 3579 2875 3634 ibi
2915 3580 3039 3648 jure
3088 3578 3278 3633 debuit
3323 3578 3502 3634 facere
3541 3579 3878 3636 lleribertus

2227 3648 2446 3704 Mediol.
2480 3649 2949 3719 archiepiscopus,
2983 3650 3089 3704 hoc
3127 3648 3332 3705 faceret
3362 3650 3694 3706 Iiardericus
3722 3652 3874 3706 Ver-

2229 3719 2487 3776 cellcnsis
2517 3721 2812 3790 episcopus
2841 3726 2895 3775 et
2921 3722 3040 3790 ejus
3067 3720 3458 3791 suffraganeus.
3501 3724 3568 3777 Et
3595 3723 3731 3776 satis
3757 3724 3880 3791 jus-

2229 3797 2343 3846 tum
2373 3798 2430 3846 et
2459 3799 2779 3862 competens
2814 3792 2987 3846 visum
3035 3799 3138 3859 est,
3172 3798 3232 3846 ut
3281 3793 3516 3848 vicarius
3563 3808 3609 3847 s.
3644 3793 3877 3848 Eusebii

2226 3862 2303 3917 ibi
2334 3863 2505 3917 vicem
2537 3869 2750 3918 teneret
2779 3864 2966 3918 vicarii
2996 3878 3040 3918 s.
3082 3863 3373 3931 Ambrosii,
3409 3870 3466 3918 ut
3504 3864 3560 3918 in
3590 3863 3877 3933 discipulo

2227 3934 2485 4003 magister
2512 3934 2796 3989 audiretur
2825 3940 2880 3989 et
2907 3935 2962 3988 in
2994 3933 3105 3990 ﬁlio
3132 3941 3289 4003 pater
3307 3934 3691 3990 honoraretur.
3709 3937 3876 4001 Quo-

2227 4018 2345 4058 rum
2379 4005 2700 4060 conscilium
2743 4006 2856 4075 regi
2895 4005 3185 4061 Chunrado
3224 4005 3431 4074 placuit
3463 4013 3517 4061 et
3563 4006 3878 4075 adquievit,

505 4085 627 4127 cum
671 4087 768 4146 rex
796 4073 1119 4146 Chunradus
1161 4075 1229 4129 ad
1279 4075 1616 4143 imperialem
1663 4073 2200 4146 consecrationem“
2227 4075 2491 4130 Arderico
2541 4073 2874 4132 Vercellensi
2919 4077 3199 4132 dexteram
3226 4073 3410 4142 dedit,
3450 4077 3546 4146 qui
3593 4073 3879 4146 imperiali

502 4122 649 4218 ἐξέξι
668 4122 972 4218 ᾆῖίέθῖίᾶἶιξξ
985 4122 2133 4218 “‹ῑόιῖτηῐ›“ερὖἱόἱὶἒὸ”ἔίρ”οἱᾶῐιῖῖῖπῖἲῆἔᾶῖό
2153 4122 2201 4180 1)
2222 4122 2637 4202 satietatem
2649 4122 3883 4218 aega‘néatziaatasis"aenigmata:3&1:

506 4214 738 4271 ecclesie
759 4222 1103 4285 expectante,
1127 4223 1185 4272 ut
1215 4214 1386 4273 meris
1407 4223 1508 4286 est,
1543 4214 1751 4273 nefario
1774 4225 1828 4273 et
1849 4220 2140 4276 temerario

506 4299 641 4358 ausu
688 4288 834 4358 regis
881 4287 1125 4343 dextram
1173 4289 1372 4343 invasit
1417 4304 1480 4344 ac
1528 4289 1858 4354 inconsulte,
1892 4290 2056 4346 immo
2087 4296 2142 4346 et

503 4357 775 4432 violenter
813 4359 1034 4432 tenuit;
1077 4360 1224 4429 quod
1272 4358 1664 4416 Mediolanensi
1719 4361 2140 4432 archiepiscopo

501 4430 726 4503 regibus
753 4429 822 4485 ad
844 4430 1130 4500 imperium
1155 4432 1542 4502 promovendis
1561 4446 1778 4502 semper
1805 4429 1984 4488 facere
2017 4429 2142 4503 per-

500 4501 686 4557 tinuit.
725 4503 968 4575 Cumque
996 4503 1142 4575 __ejus
1189 4503 1466 4558 temeritas
1507 4501 1761 4559 omnibus
1790 4501 2138 4575 coepiscopis

499 4587 668 4642 super
710 4573 931 4629 modum
978 4572 1316 4642 displiceret,
1359 4575 1593 4630 eundem
1639 4572 2138 4644 increpan’tibus‘et

502 4644 998 4712 commonentibus,
1032 4650 1092 4700 ut
1119 4645 1186 4700 ab
1216 4645 1322 4701 hoc
1368 4651 1628 4713 cessaret,
1671 4653 1857 4716 spreta
1893 4648 2135 4703 omnium

499 4716 792 4787 sententia,
828 4716 1083 4785 precipiti
1115 4716 1470 4773 effrenatione
1501 4719 1736 4772 invasuit
1765 4719 1884 4787 ejus
1920 4718 2136 4774 demen-

499 4785 593 4839 tia.
617 4788 857 4842 Domnus
884 4801 1014 4843 vero
1047 4788 1370 4843 Heribertus
1397 4803 1442 4844 s.
1487 4785 1910 4844 Mediolanensis
1949 4789 2133 4846 eccle-

502 4855 583 4910 sie
613 4858 941 4930 venerabilis
990 4858 1092 4930 (ita
1123 4860 1372 4929 conj-icio;
1404 4861 1554 4915 venit
1599 4859 1792 4930 codex)
1834 4860 2135 4930 archiepis-

501 4939 676 5001 copus
704 4929 785 4982 vir
813 4929 1071 5001 strenuus
1099 4938 1153 4987 et
1199 4930 1499 4999 modestus,
1531 4931 1696 4987 immo
1743 4929 1798 4986 et
1844 4929 2135 5001 pacientis-

2224 4217 2370 4272 niter
2399 4219 2594 4284 tenuit,
2618 4224 2672 4274 et
2691 4218 2838 4288 quod
2863 4220 3144 4274 Ravennas
3165 4225 3369 4275 temere
3390 4217 3646 4274 invadere
3669 4217 3876 4287 voluit,

2223 4289 2460 4357 turpiter
2472 4289 2733 4358 perdidit.
2752 4289 2904 4345 Unde
2918 4291 3339 4346 Mediolanensis
3359 4296 3577 4346 ostensa
3601 4291 3879 4359 patientia

2223 4359 2496 4428 laudatur,
2532 4363 2818 4418 Ravennas
2845 4375 2976 4417 vero
3008 4360 3268 4418 eﬁrenata
3297 4361 3612 4418 insollentia
3649 4360 3884 4417 infamis

2224 4437 2500 4486 censetur.
2531 4434 2692 4488 Facta
2725 4433 2995 4502 imperiali
3025 4435 3442 4489 consecratione
3474 4433 3530 4488 in
3561 4446 3730 4488 unum
3757 4447 3885 4489 om-
3935 4473 3948 4480 -

2222 4516 2322 4574 nes
2352 4517 2698 4572 convenere;
2731 4518 2964 4574 cumque
2994 4518 3162 4573 super
3194 4505 3297 4560 hac
3327 4519 3386 4560 re
3417 4506 3471 4559 in
3497 4504 3718 4574 longum
3743 4519 3886 4574 pro-

2222 4573 2504 4646 traherent
2552 4573 2891 4643 sermonem,
2931 4576 3261 4631 auctoritate
3309 4573 3614 4646 apostolica
3653 4573 3883 4645 synodo

2219 4645 2427 4702 indicta
2456 4647 2508 4701 8.
2542 4647 2623 4702 id.
2647 4649 2776 4716 Apr.
2803 4648 2860 4701 in
2891 4661 2998 4715 qua
3018 4645 3378 4702 constitutum
3401 4651 3455 4702 et
3485 4646 3883 4702 conﬁrmatum

2219 4722 2304 4772 est
2335 4718 2510 4787 primo
2559 4733 2590 4772 a
2637 4717 2839 4774 domno
2896 4719 3226 4787 apostolico,
3261 4718 3462 4774 deinde
3510 4719 3885 4774 consentien-

2217 4787 2366 4843 tibus
2394 4789 2649 4845 omnibus
2693 4789 3100 4845 venerabilibus
3133 4789 3380 4859 patribus
3418 4788 3486 4844 ad
3520 4789 3750 4844 eandem
3781 4804 3888 4859 sy-

2216 4859 2420 4931 nodum
2451 4861 2817 4931 congregatis,
2852 4865 2912 4916 ut
2941 4861 2997 4915 in
3029 4862 3284 4916 omnibus
3315 4861 3551 4931 negotiis
3582 4859 3886 4929 pontiﬁca-

2215 4929 2360 4986 libus
2387 4929 2674 4987 Raven‘nas
2705 4931 2855 4987 nullo
2904 4932 3069 4988 modo
3109 4933 3165 4987 in
3216 4929 3464 4987 eternum
3515 4945 3573 4986 se
3603 4931 3888 4986 Mediola-

497 4999 688 5072 simus,
722 5013 790 5054 ne
836 4998 978 5072 forte
1025 5003 1081 5056 in
1125 5002 1330 5072 populo
1361 5002 1517 5057 ﬁeret
1555 4998 2133 5070 tumultus,'adversus
2214 5003 2371 5058 nensi
2401 5003 2821 5072 archiepiscopo
2845 5002 3109 5072 proferat;
3136 5010 3191 5059 et
3209 5005 3254 5058 si
3276 5003 3416 5059 forte
3440 5003 3881 5072 presumpserit,

497 5072 615 5140 ejus
635 5070 1093 5144 diramiinsaniam
1126 5070 1392 5144 opposuit
1422 5079 1664 5129 sanctam
1694 5077 2129 5142 temperantiam,
2213 5073 2478 5129 cano‘nice
2507 5070 2615 5144 legi
2644 5070 2944 5142 subjaceat,
2976 5077 3120 5130 sicut
3149 5076 3345 5130 merito
3391 5070 3576 5138 debet,
3626 5073 3721 5142 qui
3760 5088 3888 5144 ppa-

493 5155 523 5195 a
555 5147 703 5197 tante
732 5142 1022 5198 seditionis
1044 5142 1260 5201 turbine
1299 5145 1579 5200 humiliter
1607 5145 1920 5211 declinavit,
1954 5151 2008 5201 et
2028 5161 2128 5201 co-
2213 5159 2330 5199 cem
2362 5142 2594 5199 ecclesie
2623 5145 2877 5201 scindere
2904 5160 3013 5202 non
3044 5146 3322 5202 formidat.
3349 5146 3428 5201 Ab
3460 5145 3716 5200 omnibus
3739 5143 3889 5200 dic-

489 5211 783 5282 episcopos
801 5220 1076 5286 etiomnes
1091 5229 1240 5282 suos,
1273 5216 1414 5271 hanc
1446 5217 1803 5272 temeritatem
1835 5217 2131 5286 condemp-
2213 5222 2326 5270 tum
2358 5221 2440 5270 est
2467 5215 2596 5285 ﬁat!
2627 5217 2693 5271 Et
2725 5230 2793 5271 ne
2832 5217 3065 5273 ulterius
3093 5218 3148 5272 in
3197 5233 3243 5272 s.
3277 5217 3509 5272 ecclesia
3541 5216 3882 5284 hujusmodi

493 5288 686 5358 nantes
723 5291 777 5340 et
819 5285 899 5340 illi
928 5287 1220 5358 temerario
1250 5287 1304 5342 in
1349 5286 1543 5343 faciem
1574 5287 1830 5342 resistere
1859 5285 2126 5353 volentes,
2210 5293 2472 5358 appareat
2518 5286 2832 5354 divortium,
2867 5289 3072 5358 placuit
3116 5287 3371 5344 omnibus
3427 5288 3534 5343 hoc
3582 5287 3877 5358 scriptum

489 5352 690 5430 blanda
711 5357 1459 5430 p_ersuasioneadmonuit,ut
1478 5359 1793 5414 scandalum
1816 5359 1933 5427 ejus
1953 5352 2130 5430 humi?-
2210 5352 2879 5430 ﬁeriinitestimoniumi
2924 5363 3056 5415 Acta
3102 5366 3158 5414 et
3205 5358 3548 5430 promulgata
3580 5352 3713 5412 sunt
3747 5357 3878 5414 hec

489 5424 676 5481 liando
705 5427 960 5495 vitarent,
993 5442 1062 5484 ne
1104 5429 1165 5501 in
1212 5424 1554 5501 tanta'plebe
1586 5424 1888 5500 impetuos'a
1916 5429 2127 5485 sedicio
2208 5428 2352 5501 apud
2383 5429 2574 5484 urbem
2603 5431 2848 5497 Romam,
2884 5424 3305 5499 presidente'ibi
3336 5429 3392 5485 d.
3421 5424 3669 5501 iohanne
3700 5441 3872 5501 pon-

489 5503 784 5572 cresceret,
818 5513 886 5556 ne
935 5499 1189 5556 diabolus
1233 5499 1412 5557 tocius
1455 5499 1675 5558 erroris
1699 5506 1894 5557 auctor
1921 5501 2124 5556 bonum
2207 5499 2353 5572 tilice
2382 5515 2594 5558 summo
2624 5501 2917 5558 universali
2940 5517 3098 5572 papa,
3121 5501 3326 5558 domno
3345 5515 3485 5572 vero
3515 5499 3873 5557 Cbuonrado

485 5568 641 5695 Bacis
669 5575 887 5654 raperet
915 5571 984 5628 de
1013 5571 1300 5644 proposito
1333 5573 1738 5656 episc0porum,
1771 5572 1920 5642 quod
1950 5572 2123 5628 mori-
2206 5571 2529 5641 imperante,
2553 5586 2697 5630 anno
2726 5568 2954 5643 imperii
2978 5568 3097 5644 ejus
3131 5573 3180 5625 1°
3207 5571 3460 5630 feliciter.

525 5653 590 5695 us
617 5638 779 5695 decet
807 5656 987 5695 messe
1035 5643 1320 5695 laieorum.
1361 5645 1477 5695 Rex
1522 5645 1691 5695 igitur
1736 5644 1900 5695 nimia
1949 5657 2125 5695 nonu-
3450 5645 3460 5695 l

525 5653 590 5696 us
617 5638 779 5698 decet
807 5642 987 5699 inesse
1013 5638 1320 5701 'laieorum.
1360 5638 1477 5700 Rex
1522 5638 1691 5714 igitur
1725 5638 1901 5702 'ni'mia
1948 5657 2125 5714 popu-
2283 5638 2298 5641 ’
2516 5638 2521 5640 ’
2806 5638 2824 5643 “
3006 5638 3022 5644 ⁷
3450 5644 3658 5700 Bmu.
