4100 6166
200 296 282 353 301
1112 288 1321 343 GESTA
1358 288 1779 346 ARCHIEPISC.
1823 291 2181 348 MEDIOLAN.
2223 320 2296 331 —
2333 291 2458 347 LIB.
2501 292 2568 346 ll.
3427 295 3532 351 302

201 436 319 494 quos
373 414 550 472 habuit
595 414 958 479 adversarios,
1011 413 1390 482 patrocinante
1444 413 1497 467 in
1547 414 1803 469 omnibus
1823 417 2056 478 Amenti
2107 417 2411 486 irruptione
2462 424 2658 472 terram
2710 415 3104 487 ingredientes,
3147 418 3214 472 ad
3273 434 3534 478 caesarem

207 510 458 564 Heriberto
481 527 494 570 ;
519 509 565 558 et
585 502 726 558 siluit
746 508 887 558 terra
907 503 962 558 in
979 506 1252 573 conspectu
1271 503 1380 572 ejus
1397 502 1445 572 (Ι
1463 502 1640 560 Much.
1667 519 1704 569 1,
1727 503 1802 575 3).
1894 519 2066 574 usque
2088 508 2412 574 perveniunt
2437 508 2512 561 ¹¹².
2536 509 2778 576 Cumque
2809 507 3101 576 nequirent
3123 508 3540 577 Burgundiones

260 600 306 650 7.
343 594 576 664 Contigit
605 599 941 648 autemtunc
972 592 1254 661 temporis,
1291 591 1625 670 Laudensem
1667 592 1806 647 mori
1895 595 2177 658 resistere,
2227 595 2574 651 dedicionem
2627 595 2957 661 accelerant,
3015 602 3280 664 perpetua
3329 597 3539 666 subjec-

206 686 508 758 pontiticem,
558 695 793 751 cumque
825 682 885 715 ¹⁰⁶
933 681 1382 751 archiepiscopus
1421 695 1518 736 sua
1574 681 1810 736 investi-
1896 683 2065 739 tionis
2083 684 2435 740 condictione
2459 685 2788 741 Chuonrado
2810 686 3090 739 substrati.
3125 687 3190 739 Et
3211 684 3410 740 factum
3434 691 3537 752 est,

205 785 325 840 tura,
357 771 808 842 quemadmodum
829 771 897 825 ab
919 771 1248 840 imperatore
1280 777 1618 840 susceperat,
1645 770 1810 824 alium
1899 778 1958 827 ut
1987 773 2044 827 in
2084 787 2274 842 magna
2305 775 2478 842 gloria
2524 781 2931 828 reverterentur
2967 787 3157 828 omnes
3195 774 3262 828 ad
3294 775 3536 844 propria.

203 865 475 932 subrogare
509 860 857 924 decerneret,
891 859 1159 928 indignati
1191 858 1505 914 Landenses
1535 858 1812 914 insolitam
1968 860 2022 914 9.
2056 863 2160 916 Per
2188 861 2330 916 idem
2364 868 2578 932 tempus
2607 876 2792 917 mense
2820 862 2981 918 Juuio
3022 862 3076 916 in
3107 862 3194 916 die
3225 870 3538 918 sanctorum

204 954 275 1009 sui
318 952 662 1020 episcopatus
692 947 1142 1003 constitutionem
1181 947 1445 1003 audacter
1481 947 1812 1017 despiciunt.
1901 950 2046 1006 Petri
2078 957 2133 1005 et
2179 952 2330 1005 Pauli
2363 952 2485 1020 (An.
2527 950 2680 1016 1033,
2719 955 2840 1006 Jun.
2893 951 2981 1021 29)
3013 950 3254 1006 fervente
3313 951 3540 1006 meridie

202 1045 415 1112 Quorum
465 1036 868 1109 parvipendens
915 1037 1239 1092 Heribertus
1295 1036 1601 1102 audaciam,
1653 1036 1821 1106 elegit
1903 1039 2138 1108 eclypsis
2166 1039 2300 1094 solis
2327 1041 2598 1108 apparuit,
2647 1041 2821 1096 tribus
2852 1040 3004 1096 horis
3042 1041 3245 1096 mundo
3274 1041 3543 1096 inducens

204 1129 522 1188 Ambrosium
571 1127 641 1182 de
685 1139 910 1182 suorum
958 1138 1186 1181 numero
1234 1125 1593 1180 cardinalium
1631 1139 1820 1180 sacer-
1903 1129 2180 1185 tenebras.
2211 1130 2476 1198 Tempore
2525 1133 2649 1198 post
2693 1129 2803 1184 alio
2841 1129 2953 1184 visa
2997 1139 3080 1186 est
3131 1136 3296 1186 noctu
3328 1131 3388 1162 ¹¹³
3417 1130 3544 1186 luna

204 1219 365 1276 dotem
413 1217 548 1271 satis
594 1215 888 1285 ydoneum.
937 1214 1036 1269 Cui
1076 1215 1252 1282 primo
1283 1213 1506 1268 tradens
1533 1213 1738 1283 virgam
1769 1218 1825 1268 et
1905 1219 2092 1275 colore
2126 1217 2336 1273 fuscata
2367 1219 2691 1288 sanguineo.

203 1307 423 1372 anulum,
459 1303 662 1359 deinde
694 1309 755 1358 ut
784 1303 953 1358 moris
997 1300 1173 1358 fuerat
1221 1301 1562 1358 consecravit
1600 1302 1824 1371 episeo-
1985 1307 2068 1360 10.
2100 1306 2280 1361 Multis
2309 1307 2477 1376 igitur
2509 1305 2846 1375 prosperatis
2875 1305 2936 1337 ¹¹⁸
2963 1307 3312 1362 successibus
3343 1307 3546 1377 praesul

206 1409 333 1465 pum.
365 1395 481 1463 Quo
515 1397 762 1463 peracto,
795 1397 992 1447 cuncta
1023 1391 1383 1447 Laudensium
1426 1390 1697 1446 violenter
1724 1405 1824 1460 ag-
1908 1395 2230 1450 Ileribertus
2276 1394 2633 1449 immoderate
2684 1393 2962 1463 paululum
3009 1394 3394 1450 dominabatur
3433 1409 3550 1450 om-

202 1484 430 1553 greditur
458 1481 647 1552 opida.
683 1481 890 1548 Quibus
925 1480 1172 1536 subactis
1208 1479 1556 1550 potestative,
1590 1479 1826 1534 tamdem
1908 1484 2079 1548 nium,
2111 1497 2269 1538 suum
2307 1482 2686 1547 considerans,
2719 1495 2828 1538 non
2860 1483 3093 1538 aliorum
3132 1484 3370 1538 animum
3414 1483 3549 1553 (76).

207 1573 433 1644 pervenit
452 1571 524 1628 ad
546 1571 759 1637 urbem,
783 1584 939 1626 suum
968 1583 1154 1626 secum
1185 1568 1466 1625 deducens
1488 1568 1824 1638 pontificem.
1910 1573 2064 1628 Unde
2093 1570 2293 1629 factum
2328 1578 2431 1639 est,
2464 1579 2524 1628 ut
2553 1571 2771 1642 quidam
2813 1572 2965 1626 urbis
2998 1571 3219 1638 milites,
3251 1572 3412 1642 vulgo
3446 1571 3553 1626 val-

205 1664 353 1728 Quam
391 1661 638 1730 undique
687 1659 979 1716 obsidione
1013 1657 1380 1723 circumdans,
1414 1660 1830 1726 perseveranter
1909 1676 2160 1718 vassores
2207 1662 2494 1726 nominati,
2544 1661 2794 1717 clanculo
2844 1660 2902 1691 ¹¹³
2950 1660 3099 1715 illius
3154 1660 3552 1715 insidiarentur

207 1756 446 1821 opngnat.
470 1752 718 1819 Cumque
739 1748 886 1803 cives
903 1747 1155 1803 viderent
1173 1762 1232 1802 se
1249 1745 1447 1802 frustra
1472 1745 1529 1777 ¹⁰⁷
1549 1746 1826 1812 resistere,

1935 1753 2193 1823 iperibus,
2217 1752 2476 1808 adversus
2505 1753 2682 1821 ipsum
2713 1751 2931 1807 assidue
2962 1751 3361 1821 conspirantes.
3394 1752 3554 1806 Com-

208 1839 469 1909 proposiia
502 1839 655 1909 DaCiS
685 1836 746 1868 ¹⁰⁸
773 1836 1158 1903 conventione.
1192 1836 1408 1892 demum
1449 1835 1504 1890 iu
1541 1847 1829 1890 Commune
1913 1849 2066 1912 perta
2095 1846 2275 1896 autem
2323 1841 2613 1895 occasione
2669 1840 2951 1908 cujusdam
3001 1840 3239 1908 potentis
3283 1837 3553 1893 beneficio

205 1928 496 1983 deliberant
553 1924 965 1996 suscipiendum
1024 1924 1365 1994 episcopum.
1419 1926 1558 1979 Ante
1615 1930 1827 1992 portam
1914 1931 2131 2000 privati,
2176 1930 2360 1984 subito
2410 1935 2679 1998 proruunt
2724 1929 2778 1982 in
2827 1931 3069 1997 apertam
3127 1927 3431 1982 rebellandi
3497 1925 3557 1957 ¹¹⁸

207 2031 423 2086 namque
455 2015 696 2072 civitatis
724 2013 867 2069 facta
897 2019 1024 2068 sunt
1056 2013 1229 2082 palam
1253 2015 1562 2082 juramenta
1603 2012 1826 2082 promis-

1938 2020 2220 2084 lndaciam,
2271 2018 2457 2088 plures
2497 2019 2606 2087 jam
2648 2017 2798 2072 facti.
2829 2018 2981 2084 Quod
3032 2017 3123 2070 ubi
3153 2017 3390 2072 innomit
3420 2029 3557 2084 prae-

206 2119 270 2160 ste
299 2105 614 2170 lidelitatis;
658 2111 711 2159 et
758 2103 838 2158 sic
863 2104 972 2172 jam
1004 2102 1186 2158 dictus
1213 2109 1469 2173 receptus
1499 2107 1582 2156 est
1619 2101 1835 2170 episco-
1916 2108 2042 2176 suli,
2086 2113 2242 2178 parat
2271 2106 2458 2162 multis
2506 2107 2564 2137 ¹¹⁷
2615 2105 2895 2161 consciliis
2943 2105 3212 2160 obsistere
3252 2104 3469 2159 illorum
3499 2101 3561 2134 ¹¹⁸

206 2208 313 2263 Pus:
345 2194 605 2250 omnibus
634 2198 825 2263 DOSlea
855 2205 1035 2257 carust
1078 2189 1328 2245 (Ῐοοῑΐίηθ
1377 2190 1591 2246 δϐίιίϐθῐ
1619 2196 1673 2245 ei
1704 2202 1836 2258 ονε·
1919 2196 2154 2252 insidiis.
2198 2195 2298 2251 Ubi
2345 2209 2476 2250 vero
2509 2193 2583 2248 nil
2627 2193 2862 2264 proiicit,
2894 2193 3092 2247 virtute
3120 2207 3379 2261 superare
3419 2205 3559 2247 con-

207 2282 404 2336 ratione
429 2281 749 2352 praeclarus.
782 2280 861 2334 Ab
902 2279 998 2334 illo
1029 2279 1231 2333 etenim
1265 2284 1510 2348 tempore
1557 2278 1701 2333 inter
1731 2278 1837 2332 Μο-
1919 2285 2116 2341 tendit.
2150 2287 2224 2338 Ac
2269 2285 2443 2352 primo
2491 2281 2712 2352 quidem
2743 2281 2887 2337 bello
2918 2281 3045 2336 victi
3076 2287 3238 2349 atque
3271 2279 3564 2349 pugnando

205 2371 548 2426 diolanenses
567 2375 733 2438 atque
747 2367 1059 2422 Laudenses
1080 2366 1423 2435 implacabile
1440 2367 1608 2436 viguit
1628 2365 1835 2430 odium,
1919 2373 2272 2428 vehementer
2319 2371 2511 2436 attriti,
2545 2377 2809 2425 exeuntes
2845 2369 2915 2423 ab
2944 2369 3078 2423 urbe
3110 2367 3401 2422 discedunt
3431 2381 3564 2421 nue-

207 2458 337 2515 lulde
379 2464 578 2528 postea
629 2470 728 2526 per
769 2455 938 2510 multa
985 2468 1252 2509 annorum
1299 2455 1570 2510 curricula
1625 2455 1840 2523 βηθαθὸ
1923 2468 2129 2516 rentes.
2159 2460 2366 2527 Quibus
2385 2472 2509 2514 mox
2537 2456 3563 2524 subveniuntMarcianiaeSeprienses

209 2554 252 2602 et
277 2546 547 2604 incendia
577 2545 867 2612 caedesque
913 2543 1187 2598 alternant
1217 2543 1552 2598 innumeras.
1583 2541 1843 2598 Mediola-
1927 2549 2060 2620 (77),
2128 2547 2421 2617 pluresque
2497 2547 2652 2618 regni
2714 2545 3136 2609 commilitones,
3205 2543 3364 2599 simul
3423 2543 3564 2598 mori

210 2650 396 2691 nenses
447 2634 695 2704 quidem,
737 2631 1084 2687 multitudine
1133 2631 1339 2687 divitiis
1384 2645 1448 2686 ac
1497 2630 1708 2686 brachii
1737 2631 1845 2685 Vir-
1927 2637 2198 2705 simulque
2229 2637 2399 2705 parati
2431 2637 2628 2699 vivere,
2655 2636 2932 2704 praecipue
2959 2635 3292 2700 Laudenses,
3326 2633 3567 2688 recentis

210 2731 312 2779 tute
342 2721 565 2787 contisi,
609 2717 928 2790 frequenter
956 2719 1084 2775 illos
1120 2719 1267 2776 bello
1307 2719 1719 2790 aggrediuntur,
1753 2718 1848 2774 ob-
1932 2724 2146 2794 injurize
2178 2737 2468 2779 memores.

212 2813 415 2869 sidione
448 2811 660 2865 circum
698 2809 940 2878 sepiunt,
963 2822 1128 2879 agros
1146 2814 1202 2863 et
1222 2809 1410 2863 vineas
1438 2823 1502 2863 ac
1531 2808 1846 2864 suburbana
2009 2813 2090 2868 ll.
2129 2813 2258 2883 (An.
2296 2811 2455 2878 1035)
2489 2811 2949 2880 Archiepiscopus
2996 2814 3176 2865 autem
3214 2809 3448 2865 collecto
3476 2821 3575 2862 un-

212 2907 394 2956 cuncta
424 2899 813 2955 demolientes.
849 2896 1163 2952 Laudenses
1209 2911 1340 2952 vero
1381 2897 1560 2968 exigui
1595 2909 1845 2960 numero,
1934 2901 2238 2970 dccumque
2289 2901 2467 2970 potuit
2514 2900 2750 2970 agmine,
2806 2912 2916 2954 non
2974 2905 3152 2953 tamen
3200 2897 3409 2966 absque
3460 2895 3578 2950 suis

213 2990 298 3044 Sed
342 2996 533 3044 truces
579 2986 784 3054 animo.
817 2986 1018 3056 Opibus
1065 2987 1304 3056 angusti,
1344 2985 1554 3040 Viribus
1601 2984 1847 3051 bonus“.
1878 2990 2210 3057 _ﬁdelibus,
2269 2989 2466 3044 nititur
2521 2989 2738 3057 insequi
2797 2993 2852 3042 et
2908 2988 3194 3042 universos
3241 2985 3579 3054 opprimere.

215 3093 344 3134 nunc
371 3092 476 3134 suo
509 3091 657 3133 nunc
681 3076 864 3132 alieno
909 3089 966 3130 se
1017 3074 1255 3144 dampno
1286 3073 1608 3130 defendunt.
1642 3077 1772 3141 Quae
1797 3074 1845 3129 si
1871 3049 2174 3148 C“Cumque
2223 3077 2388 3132 reniti
2439 3083 2855 3146 priesumerent,
2906 3075 3240 3131 conveniunt
3288 3074 3343 3128 in
3385 3087 3578 3142 campo

213 3168 582 3224 scriberentur
612 3180 711 3236 per
729 3164 963 3235 singula,
987 3163 1144 3234 plura
1175 3163 1367 3218 fierent
1397 3163 1524 3219 inde
1545 3164 1841 3219 volumina.
1924 3167 2021 3237 qui
2059 3166 2347 3221 dicebatur
2367 3165 2536 3220 Malus
2567 3164 2697 3235 (78),
2731 3163 2798 3218 ab
2820 3177 2938 3219 :evo
2964 3185 2978 3230 ;
3009 3170 3270 3232 recteque
3299 3160 3359 3193 ¹¹⁰
3383 3161 3580 3227 malus,

253 3257 325 3313 -8.
363 3257 482 3312 Hiis
512 3257 757 3324 denique
787 3254 982 3309 diebus
1011 3258 1227 3310 mortuo
1249 3253 1696 3322 Burgundionum
1716 3265 1846 3322 rege
1926 3255 2185 3324 quoniam
2232 3255 2469 3310 humano
2499 3252 2676 3309 fuerat
2723 3266 2921 3308 cruore
2955 3252 3236 3322 rigandus.
3293 3250 3372 3306 lbi
3437 3264 3586 3304 com-

215 3343 307 3415 (71)
365 3345 500 3416 [Αη.
580 3343 737 3410 1032,
800 3344 948 3413 Sept.
1017 3341 1106 3412 6],
1171 3341 1430 3411 proponit
1485 3342 1849 3398 Chuonradus
1928 3344 2095 3398 misso
2125 3343 2417 3412 campestri
2464 3342 2785 3406 certamine,
2819 3339 2960 3395 facta
3009 3346 3093 3393 est
3140 3346 3352 3406 strages
3380 3350 3576 3405 magna

218 3433 570 3505 Burgundiam
631 3431 888 3488 invadere
941 3431 1064 3502 (72).
1123 3431 1202 3486 Ad
1261 3444 1423 3500 quam
1484 3430 1848 3486 invadendam
1930 3431 2344 3487 interfectorum
2387 3430 2558 3498 partis
2587 3429 2896 3496 utriusque.
2930 3429 3078 3480 Inter
3107 3439 3248 3492 quos
3278 3425 3407 3478 dum
3435 3425 3588 3477 incc-

220 3523 699 3592 Langobardorum
740 3521 898 3590 jubet
927 3532 1223 3588 properare
1255 3519 1522 3574 militiam.
1563 3521 1686 3588 lpse
1716 3533 1846 3575 vero
1932 3521 2090 3577 deret
2109 3519 2342 3584 medius,
2364 3519 2476 3587 jam
2498 3517 2681 3571 dictus
2700 3515 2945 3569 Astensis
2965 3513 3263 3581 conﬁgitur
3285 3511 3586 3580 episcopus

221 3623 276 3664 ex
301 3611 556 3682 contigua
608 3609 715 3664 sibi
756 3613 908 3678 parte
954 3608 1241 3663 obstrusos
1271 3607 1331 3638 ¹⁰⁹
1369 3608 1682 3677 irrumpens
1723 3607 1850 3662 adi-
1936 3609 2064 3679 (79),
2106 3620 2234 3676 pars
2261 3606 2499 3674 denique
2530 3603 2761 3658 maxima
2793 3602 2942 3656 belli.
2979 3602 3146 3668 Cujus
3177 3600 3434 3654 interitus
3465 3614 3585 3652 cer-

223 3702 314 3765 tus,
363 3699 668 3768 municipia
713 3711 948 3768 quaeque
1008 3701 1361 3766 praaoccupat
1409 3696 1535 3765 (An.
1594 3695 1779 3766 1034).
1813 3697 1855 3751 Ε
1936 3694 2155 3751 taminis
2182 3693 2358 3749 factus
2395 3698 2478 3747 est
2527 3692 2795 3747 terminus
2826 3690 2904 3745 ¹¹⁰.
2939 3689 3037 3743 ilic
3067 3689 3268 3743 amisso
3298 3693 3449 3742 tanto
3481 3685 3580 3740 fra-

223 3787 383 3844 vicino
413 3795 601 3844 autem
633 3786 804 3842 Italiae
835 3800 956 3841 cum
977 3785 1334 3854 optimatibus
1363 3784 1564 3840 ceteris
1595 3783 1756 3839 electi
1796 3784 1856 3814 “°
1936 3792 2020 3840 tre
2067 3782 2348 3849 confusus,
2398 3782 2478 3836 illi
2525 3787 2706 3836 autem
2756 3779 2942 3834 occiso
2991 3784 3142 3833 tanto
3187 3777 3343 3832 hoste
3374 3776 3580 3842 securi,

225 3872 374 3931 duces
419 3876 695 3932 incedunt
750 3874 963 3930 scilicet
1018 3873 1219 3943 praesul
1269 3874 1589 3929 Heribertus
1635 3872 1757 3945 (73)
1803 3880 1858 3928 et
1938 3873 2262 3930 recedentes
2293 3873 2348 3903 ¹²¹
2379 3886 2410 3926 a
2441 3882 2621 3942 pugna
2650 3869 2993 3924 diverterunt
3019 3867 3088 3922 ad
3121 3865 3364 3936 propria.

225 3965 456 4035 egregius
532 3963 784 4020 marchio
860 3961 1181 4027 Bonifatius,
1250 3962 1361 4018 duo
1419 3962 1622 4017 lumina
1679 3962 1855 4031 regni,
2015 3962 2099 4016 1'2.
2132 3962 2254 4031 (An.
2294 3959 2470 4029 1036.)
2504 3961 2675 4029 Igitur
2705 3959 3022 4014 imminente
3053 3962 3206 4012 tanto
3237 3955 3584 4019 discrimine,

227 4051 562 4121 explorantes
623 4066 878 4108 accessus
924 4050 1070 4117 illos,
1121 4063 1262 4120 quos
1308 4051 1548 4106 reddunt
1594 4051 1859 4106 meabiles
1942 4051 2181 4122 providit
2244 4049 2696 4118 archiepiscopus
2749 4061 2946 4102 vocare
3003 4059 3159 4101 suum
3214 4059 3243 4099 a
3303 4045 3589 4100 Germania

227 4141 435 4206 pmcisa
491 4155 631 4198 saxa
677 4139 1121 4211 inexpugnabilis
1167 4139 1316 4208 opidi
1356 4139 1516 4194 Bardi
1571 4137 1719 4210 (74).
1759 4141 1862 4194 Per
1942 4153 2224 4205 caesarem,
2273 4151 2502 4208 sperans
2548 4136 2702 4191 illum
2758 4134 3000 4190 futurum
3050 4133 3450 4188 auxiliatorem.
3495 4134 3597 4186 Vew

229 4225 317 4282 bos
359 4230 634 4287 ducentes
685 4229 1164 4300 Langobardorum
1223 4227 1544 4294 exercitum,
1601 4227 1744 4284 Jovii
1804 4228 1858 4260 '“
1945 4229 2102 4284 niens
2131 4233 2310 4282 autem
2345 4227 2610 4280 Veronam
2641 4225 2942 4292 imperator
2966 4223 3109 4288 (Dec.
3150 4220 3325 4288 1037),
3351 4218 3592 4287 indeque

228 4320 411 4375 montis
445 4320 571 4392 (75)
627 4319 796 4378 ardua
827 4319 959 4390 juga
997 4315 1434 4383 transcendunt;
1482 4317 1674 4388 sicque
1706 4316 1868 4372 vehe-
1946 4315 2330 4377 Mediolanum,
2381 4310 2784 4369 honorabiliter
2830 4309 2920 4364 die
2951 4309 3129 4377 primo
3165 4305 3503 4373 suscipitur;
3538 4304 3594 4357 in

1569 4434 1790 4487 VARUE
1847 4432 2124 4488 LECTION
2131 4431 2228 4486 ES.

291 4528 348 4560 ¹⁶⁶
387 4533 522 4588 Cum
571 4533 637 4588 Β.
714 4530 775 4564 ια’
810 4530 1066 4588 viderunt
1101 4545 1160 4586 se
1203 4529 1402 4586 frustra
1440 4529 1534 4584 Bl.
1635 4529 1691 4558 ὀδ
1729 4530 1870 4584 deest
1901 4532 1959 4584 Β.
2065 4527 2125 4559 ¹⁰⁹
2153 4523 2450 4594 contingua
2488 4539 2532 4578 s.
2569 4537 2624 4592 p.
2657 4523 2916 4594 obtrnsos
2945 4520 3066 4594 B.___
3112 4516 3172 4548 “°
3202 4531 3253 4572 c.
3303 4513 3453 4594 velut
3484 4511 3594 4594 d.ni

234 4582 610 4665 presulwe-nini
623 4582 713 4659 Ἠ.
745 4582 1472 4659 Β.⁷’“ῖῖι“ῑόνῖ’Β“ιῖ’ῑόῡίέ
1502 4582 1540 4654 Β
1566 4599 1629 4652 2"r
1727 4582 1784 4631 "‘i
1817 4582 2127 4656 Conradum
2157 4596 2303 4668 addit
2499 4582 2757 4668 'ffinocte
2785 4595 2828 4668 β
2865 4591 2910 4644 l.
2939 4589 3077 4668 m'“
3131 4590 3505 4668 prosperatns.
3534 4582 3587 4636 3.

236 4656 286 4743 ῗξξ
327 4656 712 4731 ΙτιίθῐίῶιῙ-ΒῘἪ
747 4656 828 4704 Ῑίθ
855 4656 1219 4743 prorumpunt
1255 4673 1312 4727 in
1336 4687 1385 4727 a.
1421 4671 1612 4743 rebelli
1641 4673 1687 4743 β
1717 4670 1877 4743 1.2".
1914 4671 2024 4741 (hic
2053 4666 2312 4743 rebelles)
2354 4667 2433 4743 l.__
2502 4664 2559 4695 ¹¹⁷
2589 4666 2744 4743 prius
2784 4665 2839 4717 Β.
2938 4656 3321 4743 “ﬂeo-rumpi.
3446 4656 3588 4743 λξζξιπέ

237 4738 287 4768 “’
329 4724 560 4814 eiii-Eae
593 4724 738 4802 itur.
845 4724 1878 4814 ﬁi'iaiéﬁjud;j‘am'u‘.”omeucus;
1905 4724 1967 4798 Ᾰζ
2002 4724 2305 4812 episcopus
2343 4736 2474 4792 tello
2523 4724 2812 4792 confossus
2858 4731 3119 4787 occubuit
3167 4728 3325 4797 cujus
3372 4727 3409 4781 i.
3461 4724 3592 4780 belli

238 4822 347 4869 mox
373 4813 410 4871 f.
441 4830 493 4874 e.
530 4823 574 4873 t.
607 4818 668 4874 Β.
745 4815 806 4848 ¹²¹
852 4813 1202 4872 discedentes
1239 4817 1298 4871 Β.
1343 4813 1438 4870 ubi
1485 4813 1625 4869 deest
1675 4827 1706 4868 a
1748 4827 1950 4883 pugna.

1805 4911 2022 4966 NOTrE.

302 5006 396 5078 (71)
433 5009 680 5068 Rodulfo
718 5013 809 5067 lll.
1880 5011 1929 5068 D
2023 5003 2321 5078 (7ᾇ)1ιοῃε
2349 5002 2522 5071 major
2550 5001 2603 5054 S.
2639 4995 2921 5078 Bernardi.
2956 4996 3083 5078 PAL:
3306 5062 3340 5078 ν

433 5058 901 5138 ἔᾷῖιῖἔι-ἶῦἷοθ.
941 5082 1046 5138 Sed
1091 5079 1350 5138 Arnulfus
1378 5087 1666 5150 utramque
1697 5058 1923 5149 expc:-
2021 5058 2135 5145 (‘76),
2315 5058 2468 5150 ονηζξξ
2489 5085 2701 5150 νςσηιιιη
2723 5066 2988 5150 Ληίιίίσαῖῖέκ
3007 5064 3078 5150 ἐξελ
3106 5058 3598 5150 δαυξὶξλέζςέθθηῗξίξί

242 5135 1591 5242 Caesareanaeearumearum
1617 5135 1866 5206 animad-
1947 5135 2365 5242 effingibileinr.
2398 5144 2468 5198 lll
2518 5135 2574 5196 in
2623 5147 2772 5196 carta
2820 5154 2869 5193 a.
2929 5136 3081 5202 1047,
3116 5151 3184 5205 ap
3215 5135 3412 5188 Murat.
3469 5135 3597 5186 Ant.

243 5229 899 5367 ifgggljgcistqnamdomi
922 5300 1304 5367 testamentum
1335 5293 1603 5361 condidit,
1638 5309 1709 5350 m.
1733 5295 1872 5348 Mar.
1953 5217 2365 5367 Vli’727l)8ilil_ites
2384 5281 2896 5367 scil.ncom.itatuum‘
2912 5276 3311 5367 λξςρξρμξῃρρξξ
3324 5281 3606 5367 asepten-

248 5351 319 5432 tioﬁ
350 5351 513 5431 l034;
550 5351 609 5420 vf
626 5366 827 5423 Giulini
852 5367 943 5432 lli,
974 5365 1101 5420 246.
1591 5351 1603 5361 ’
1955 5351 2136 5432 tribue
2164 5358 2486 5432 vicinorum,
2510 5352 2819 5432 Sepricnsis
2848 5357 2904 5432 et
2934 5351 3422 5432 ilartisan'inensis.

310 5418 428 5504 (74),
457 5418 605 5492 Bard
635 5418 1099 5494 rea—steliumiadi
1158 5432 1405 5504 Doriamﬂ
1431 5433 1692 5499 Balteam,
1733 5435 1875 5489 viam
2027 5430 2142 5504 (78)
2175 5431 2349 5504 Prope
2400 5418 2638 5504 biottanl,
2689 5423 2783 5492 qui
2829 5428 2912 5478 est
2960 5421 3106 5475 inter
3147 5418 3512 5472 Mediolanum
3547 5422 3603 5469 et

249 5499 536 5578 defendens
585 5510 788 5578 regiam
835 5511 904 5564 ab
961 5511 1124 5563 Aosta
1175 5503 1500 5576 Eporediam
1560 5505 1874 5560 ducentem.
1964 5499 2394 5578 Laujlemlocus.
2428 5499 2616 5578 Sinon:

251 5571 437 5630 Βετωι.
651 5567 681 5578 ⁹
1219 5567 1233 5576 ’
2039 5572 2143 5637 «79)
2182 5569 2314 5622 1035
2346 5567 2547 5620 Ilerim.
2583 5568 2718 5635 Aug.
