4100 6166
510 333 618 390 303

1617 321 1909 380 ARNULFI
1947 314 2479 374 MEDIOLANENSIS
2515 275 2780 371 CLERICI

3776 309 3882 366 304

512 457 812 518 crastinum
842 452 1206 511 tumultuante
1225 465 1289 506 ac
1309 448 1640 506 vociferante
1673 449 1727 502 in
1759 460 1881 502 eum
1920 438 2384 515 populo,Alecto
2432 441 2645 510 agmine
2692 440 2756 496 ad
2807 444 2985 495 castra
3014 437 3392 508 commigrant.
3426 436 3629 493 Urbani
3660 450 3883 508 quoque

511 549 750 620 graviter
780 543 1094 602 oﬁ'enditur.
1125 540 1422 596 Audierant
1450 537 1614 602 enim,
1658 549 1842 606 regem
1873 530 2148 590 Laudensi

507 640 632 708 jure
663 633 1014 691 defraudasse
1044 629 1409 684 Heribertum.
1432 625 1586 692 Quod
1608 631 1872 695 angustus
1903 623 1963 654 ²²¹
1993 620 2152 676 dissi-

514 726 748 791 mulans,
809 721 1021 791 Papiam
1065 717 1220 771 adiit.
1272 715 1373 770 Ubi
1431 727 1554 768 cum
1583 711 1839 784 generale
1870 709 2154 766 statuisset

516 813 874 882 colloquium,
925 807 1254 863 concinnato
1293 803 1422 858 dolo
1461 803 1610 872 cepit
1643 817 1705 857 ac
1735 801 1913 857 tenuit
1941 798 2154 853 archie-

516 905 822 974 piscopum,
854 893 1203 967 Aquilegensi
1225 892 1448 947 tradens
1478 891 1804 962 patriarchae
1836 888 1942 960 (80)
1975 891 2156 942 custo-

515 991 796 1049 diendum.
831 989 970 1042 Ecce
1007 981 1430 1038 Mediolanensis
1459 981 1690 1036 attonita
1721 977 1997 1034 inhorruit
2026 974 2157 1030 civi-

2233 529 2447 585 relictis
2477 531 2684 600 campis
2725 531 2948 600 propria
2978 534 3122 584 tecta
3156 527 3462 596 requirunt.

2311 617 2394 672 14.
2427 620 2600 689 Igitur
2629 618 2897 674 recedens
2927 619 2994 672 ab
3024 618 3158 672 urbe
3190 630 3383 684 caesar,
3411 615 3569 686 jubet
3598 620 3797 671 cuncta
3827 614 3883 668 in

2235 707 2469 763 circuitu
2511 721 2681 777 prope
2721 708 2993 778 longeque
3023 707 3223 761 vastari
3256 705 3396 760 loca.
3442 706 3685 774 Cumque
3734 704 3884 758 ﬂam—

2235 797 2339 852 mis
2368 797 2620 852 universa
2650 803 3018 862 consumeret,
3043 795 3258 851 crebris
3286 794 3574 850 fulminum
3601 794 3802 850 ictibus
3823 792 3879 824 ¹³¹

2237 890 2292 940 et
2320 885 2619 956 grandinea
2651 891 2972 956 tempestate
3004 890 3313 953 correptus,
3345 897 3375 938 a
3407 889 3588 952 coepto
3611 883 3885 938 desistens

2238 975 2466 1030 recessit
2517 989 2776 1031 moerens.
2842 975 2982 1042 Quin
3039 973 3200 1028 etiam
3254 971 3562 1040 Bertaldus,
3622 971 3806 1042 regius
3853 984 3884 1026 a

515 1087 618 1145 tas,
679 1076 902 1148 proprio
956 1072 1174 1128 viduata
1222 1077 1439 1140 pastore
1488 1068 1684 1125 dolens
1741 1083 1804 1123 ac
1856 1078 2081 1137 gemens
2123 1076 2153 1116 a
2238 1065 2487 1126 secretis,
2522 1066 2678 1134 cujus
2725 1069 2921 1120 cuncta
2962 1063 3166 1118 ﬁebant
3213 1061 3469 1128 consilio,
3522 1061 3728 1116 insanae
3758 1073 3886 1115 mox

517 1180 687 1241 puero
709 1177 882 1234 usque
904 1161 972 1217 ad
1002 1174 1208 1217 senem.
1233 1162 1419 1229 Oquze
1440 1158 1669 1214 Domino
1697 1170 1909 1227 preces,
1937 1159 2156 1223 quantae
2239 1152 2437 1207 mentis
2478 1152 2731 1208 efﬁcitur.
2788 1152 2943 1223 (Cap.
3005 1151 3114 1222 l4.)
3151 1153 3223 1206 De
3264 1164 3373 1220 quo
3405 1164 3526 1205 cum
3576 1164 3672 1205 rex
3722 1149 3883 1204 leniri

479 1281 484 1288 -
515 1239 817 1312 funduntur
847 1257 902 1307 et
933 1249 1204 1306 lacrimae!
1239 1249 1480 1316 Cumque
1504 1245 1908 1317 proclamarcnt
1936 1241 2155 1298 assidue
2241 1239 2526 1308 debuerat,
2561 1243 2732 1313 magis
2781 1241 3058 1306 intumuit,
3103 1241 3156 1294 in
3189 1247 3400 1295 tantum
3448 1245 3507 1294 ut
3539 1239 3887 1293 Heribertum

516 1345 696 1400 clerus
727 1340 964 1412 populus
1013 1338 1072 1369 ¹²³
1109 1343 1273 1406 atque
1329 1336 1505 1400 miles,
1556 1334 1697 1390 facta
1728 1340 1811 1389 est
1841 1333 1910 1388 de
1940 1329 2159 1386 absolu-
2239 1330 2582 1399 adjudicaret
2638 1333 2860 1402 propria
2918 1331 3183 1401 dignitate
3240 1329 3584 1399 privandum.
3633 1328 3887 1384 Stabilita

517 1435 667 1488 tione
733 1427 1048 1493 conventio,
1109 1425 1252 1481 datis
1298 1425 1586 1481 obsidibus
1641 1428 1894 1493 augusto.
1952 1419 2160 1487 Quibus
2239 1420 2408 1490 igitur
2450 1421 2868 1487 deliberatione,
2925 1419 3277 1490 praesulatum
3328 1417 3556 1474 tradidit
3594 1417 3886 1473 Ambrosio

517 1520 777 1590 receptis,
856 1515 1247 1572 nichilominus
1319 1514 1518 1580 tenuit,
1576 1519 1818 1568 tractans
1892 1516 2158 1580 perpetuo
2242 1509 2664 1565 Mediolanensis
2709 1509 2958 1565 ecclesiae
3003 1507 3268 1564 cardinali
3317 1507 3626 1577 presbitero
3673 1519 3888 1576 suoque

519 1611 814 1678 dampnare
843 1605 998 1661 illum
1027 1603 1213 1659 exilio.
1245 1603 1384 1670 Quin
1415 1603 1578 1657 etiam
1608 1609 1720 1656 tres
1759 1599 1896 1655 alios
1934 1612 2040 1653 una
2071 1597 2159 1652 die
2243 1597 2548 1668 capellano,
2581 1600 2683 1654 etsi
2711 1599 3025 1654 videntibus
3055 1611 3165 1653 non
3196 1605 3374 1652 tamen
3407 1596 3718 1652 volentibus
3749 1595 3892 1666 epis-

523 1698 629 1768 (81)
653 1694 998 1765 comprendit
1024 1692 1336 1763 episcopos,
1359 1690 1762 1746 Vercellensem
1786 1687 2217 1768 (82),_Placen-_
2243 1687 2418 1757 copis.
2465 1689 2582 1756 Quo
2631 1688 2954 1744 Heribertus
2983 1686 3192 1753 audito,
3225 1686 3294 1742 de
3327 1699 3454 1756 rege
3486 1685 3740 1741 similiter
3770 1691 3892 1740 tra-

521 1763 691 1842 tinum
727 1763 834 1854 (83)
857 1787 912 1837 et
937 1782 1359 1836 Cremonensem
1390 1777 1518 1848 (84).
1551 1776 2012 1847 Archiepiscopus
2030 1763 2358 1832 veroBctat
2403 1777 2462 1808 ¹³¹
2509 1777 2722 1834 honore
2779 1777 3064 1847 privando.
3123 1777 3346 1831 Secreta
3404 1775 3572 1846 igitur
3615 1773 3890 1845 legatione

523 1879 648 1946 post
677 1885 892 1929 menses
939 1870 1078 1925 duos
1130 1868 1307 1938 fugam
1337 1867 1572 1936 arripuit
1619 1865 1744 1936 (85),
1795 1865 1884 1920 cui
1921 1864 2162 1919 venienti

523 1969 641 2020 tota
687 1960 930 2018 occurrit
976 1958 1167 2013 civitas
1211 1957 1288 2012 ita
1335 1956 1519 2026 ylaris,
1571 1960 1631 2009 ut
1676 1967 1869 2009 servus
1915 1953 2160 2019 domino,

524 2051 720 2108 mulier
749 2063 860 2106 non
908 2047 1131 2103 cederet
1164 2044 1224 2076 ⁸³⁵⁵
1270 2045 1387 2100 viro
1432 2057 1547 2113 prae
1584 2042 1784 2113 gaudio
1815 2041 2162 2096 cursitantes.

522 2142 664 2196 Ecce
693 2136 1040 2207 vespertinus
1069 2133 1222 2189 urbis
1262 2132 1421 2187 ﬂetus
1467 2131 1650 2186 subito
1681 2143 1978 2186 conversus
2007 2134 2091 2184 est
2109 2129 2166 2185 in

527 2227 848 2284 matutinam
876 2223 1121 2280 laetitiam
1157 2219 1327 2293 (Psal.
1353 2235 1498 2286 xxxx,
1530 2220 1614 2289 6).

614 2315 697 2370 13.
729 2314 932 2370 Videns
976 2317 1157 2368 autem
1195 2325 1254 2366 se
1301 2308 1664 2365 Chuonradus
1707 2307 1979 2373 delusum,
2011 2321 2168 2362 suum

539 2412 594 2462 et
621 2405 702 2460 rei
731 2403 966 2473 publicae
987 2399 1164 2470 palam
1184 2398 1530 2453 Heribertum
1549 2395 1846 2450 denunciat
1865 2396 2166 2450 inimicum.

532 2494 703 2565 Igitur
726 2491 860 2546 exiit
889 2489 1128 2544 edictum
1158 2501 1190 2541 a
1218 2499 1423 2541 caesare
1454 2488 1708 2554 augusto,
1740 2489 1799 2538 ut
1829 2489 2026 2539 cuncta
2054 2497 2169 2539 suae

539 2580 830 2652 potestatis
859 2591 1026 2647 regna
1056 2576 1124 2630 ad
1156 2574 1218 2606 ¹²³
1239 2573 1606 2629 Mediolanum
1637 2578 2033 2628 concurrerent
2062 2572 2169 2627 im-

533 2667 905 2740 pugnandum.
957 2667 1178 2721 Factum
1226 2669 1312 2719 est
1341 2670 1521 2719 autem
1551 2669 1611 2718 ut
1640 2663 1818 2718 omnis
1846 2662 2020 2730 Italia,
2052 2663 2173 2718 uni-

530 2772 686 2814 versa
725 2754 1030 2821 Germania,
1064 2753 1422 2809 convenirent
1472 2751 1631 2807 simul
1663 2752 1731 2806 ab
1763 2750 1965 2822 angulo
1996 2765 2172 2820 usque

533 2848 602 2904 ad
660 2845 940 2917 angulum.
987 2847 1064 2899 Ac
1120 2842 1299 2913 primo
1355 2840 1577 2911 quidem
1635 2841 1841 2911 impetu
1898 2840 2174 2910 quoddam

534 2938 746 2993 ﬁrmum
776 2933 1093 3005 aggreditur
1141 2930 1499 3000 municipium
1550 2930 1770 2986 nomine
1822 2928 1881 2960 ¹¹⁶
1910 2928 2176 2984 Landria-

536 3035 665 3077 num
697 3020 826 3091 (86).
881 3019 1036 3086 Quod
1066 3031 1390 3088 oppugnans
1420 3017 1479 3048 ¹¹⁷
1526 3017 1581 3072 in
1613 3017 1831 3073 modico
1862 3016 2175 3072 demolitur.

2247 1866 2490 1936 suggerit
2527 1865 2742 1922 Oddoni
2785 1866 2996 1935 potenti
3048 1864 3419 1920 Franchorum
3451 1864 3637 1920 comiti
3661 1861 3800 1934 (87),
3831 1870 3893 1918 ut

2245 1969 2304 2009 se
2336 1953 2547 2010 favente
2568 1955 2794 2024 arripiat
2823 1967 3049 2024 regnum
3077 1953 3269 2009 Italiae.
3293 1953 3394 2020 Qui
3427 1951 3487 1983 ¹⁸³
3513 1951 3588 2007 nil
3622 1958 3890 2017 moratus,

2246 2047 2437 2113 utpote
2487 2043 2750 2114 regnandi
2800 2043 3010 2110 avidus,
3061 2043 3236 2113 primo
3268 2040 3488 2112 quidem
3517 2041 3730 2112 aliquas
3758 2038 3894 2094 Ala-

2248 2132 2482 2187 mannia:
2533 2139 2717 2200 partes
2761 2132 3031 2188 violenter
3077 2131 3305 2186 invadit.
3358 2133 3513 2186 Hunc
3564 2130 3900 2199 impugnans

2247 2219 2482 2275 viriliter
2505 2219 2614 2274 dux
2632 2219 2977 2285 Gotefredus,
2999 2219 3307 2274 vehementi
3338 2217 3478 2274 facta
3499 2217 3899 2288 congressione

2250 2310 2305 2365 in
2356 2315 2632 2365 momento
2681 2310 2975 2379 prostravit
3019 2310 3172 2378 (Nov.
3211 2308 3316 2378 15),
3366 2309 3592 2377 ejusque
3624 2306 3684 2338 ³³⁸
3713 2305 3900 2376 capud

2251 2399 2492 2454 avulsum
2537 2399 2779 2454 humeris
2827 2397 3002 2454 fertur
3030 2403 3259 2469 augusto
3282 2397 3337 2452 in
3368 2397 3575 2453 Italiam
3601 2395 3900 2452 direxisse.

2251 2490 2326 2543 De
2365 2494 2551 2543 cetero
2595 2488 2893 2557 imperator
2944 2501 3178 2542 annuam
3209 2486 3500 2543 Mediolani
3530 2486 3902 2541 vastationem

2252 2577 2538 2633 universos
2585 2577 2740 2646 regni
2790 2576 3049 2646 primates
3090 2577 3276 2645 jurare
3334 2573 3681 2645 praecipiens,
3722 2573 3906 2629 obsti-

2253 2671 2383 2720 nato
2430 2665 2612 2720 animo
2644 2664 2962 2734 repatriavit
2989 2664 3045 2720 in
3076 2664 3344 2732 Sueviam,
3398 2678 3544 2736 aeger
3573 2663 3812 2734 pedibus
3846 2669 3906 2718 et

2255 2754 2470 2810 cunctis
2499 2752 2698 2808 debilis
2726 2754 2972 2809 artubus.

2335 2841 2418 2897 15.
2461 2843 2674 2897 Interea
2704 2840 3232 2897 Pseudoambrosius
3261 2839 3436 2909 palam
3466 2852 3665 2909 gerens
3693 2837 3911 2910 virgam

2260 2936 2315 2986 et
2344 2929 2588 2995 anulum,
2624 2934 2682 2984 ut
2713 2929 2874 2998 lupus
2904 2930 2958 2984 in
2989 2928 3178 2984 abdito
3211 2928 3348 2984 clam
3380 2927 3746 2983 insidiabatur
3776 2942 3912 2984 om-

2259 3019 2423 3073 nibus
2453 3018 2631 3073 modis
2662 3017 2974 3083 Heriberto,
3000 3017 3185 3072 multis
3214 3016 3380 3072 multa
3412 3015 3640 3071 cottidie
3665 3017 3918 3086 jurando

538 3109 671 3164 Inde
703 3108 763 3140 "°
792 3107 1058 3176 applicuit
1105 3106 1470 3161 Mediolanum
1499 3105 1697 3176 (Mai.),
1741 3107 1908 3161 tertio
1947 3106 2014 3160 ab
2044 3103 2244 3165 urbeC
2265 3107 2544 3177 pollicitus
2593 3105 2810 3162 clericis
2839 3113 3004 3176 atque
3053 3106 3228 3172 laicis,
3260 3107 3316 3161 in
3353 3105 3487 3161 urbe
3519 3111 3573 3160 et
3603 3111 3758 3160 extra
3792 3105 3920 3162 fac-

542 3197 777 3253 miliario
806 3195 928 3250 ﬁxis
966 3193 1221 3249 tentoriis
1249 3197 1427 3248 castra
1455 3197 1708 3248 metatus.
1751 3193 2185 3249 Mediolanenses
2264 3196 2416 3252 tione
2447 3200 2733 3264 concepta,
2768 3195 2869 3250 Ubi
2914 3202 3096 3250 autem
3127 3193 3366 3250 ﬁdelium
3399 3193 3638 3265 dignitas
3665 3193 3924 3263 perﬁdo-

539 3291 719 3341 autem
773 3282 1013 3354 prompti
1063 3282 1341 3348 resistere,
1377 3295 1612 3351 quaeque
1655 3282 1902 3352 proxima
1949 3282 2184 3338 civitatis
2266 3298 2384 3339 rum
2415 3283 2588 3339 sensit
2627 3282 2874 3349 insidias,
2909 3283 3287 3352 deprehensos
3325 3283 3380 3337 in
3411 3282 3640 3338 crimine
3671 3283 3922 3352 puniunt

539 3374 792 3429 muniunt
822 3371 961 3428 loca.
995 3373 1037 3426 E
1075 3371 1277 3440 quibus
1305 3370 1468 3426 electi
1502 3371 1734 3440 juvenes
1761 3372 1928 3426 armis
1956 3371 2181 3441 compti,

538 3463 701 3520 bellis
749 3461 956 3527 edocti,
988 3460 1239 3518 volantes
1277 3461 1454 3531 equis,
1501 3461 1802 3531 proludunt
1832 3461 1977 3529 telis,
2009 3476 2184 3519 caesa-

542 3552 712 3608 rianis
761 3550 821 3582 ¹²⁹
869 3549 1185 3606 insultando
1243 3549 1530 3614 militibus,
1589 3554 1644 3606 et
1698 3555 1952 3622 gyrantes
2007 3557 2186 3606 castra

541 3641 722 3712 clipeo
753 3641 1052 3705 minantur,
1081 3644 1137 3695 et
1166 3643 1282 3694 asta
1308 3639 1587 3709 proximos
1606 3653 1856 3710 quosque
1885 3640 2184 3696 caedentes.

541 3731 785 3799 Cumque
816 3743 916 3797 per
944 3727 1064 3783 dies
1091 3726 1303 3796 aliquot
1324 3727 1444 3782 hwc
1474 3735 1798 3784 exercerent
1828 3729 2081 3798 proludia
2105 3729 2184 3794 ¹³⁰,

543 3818 746 3874 factum
814 3823 898 3872 est
959 3817 1014 3870 in
1081 3815 1170 3870 die
1236 3823 1427 3872 sancto
1494 3817 1785 3872 dominicae
1849 3818 2189 3874 ascensionis

548 3905 701 3976 (Mai.
742 3904 848 3974 19),
881 3903 1165 3958 cmsariani
1197 3916 1389 3958 omnes
1435 3917 1536 3960 suo
1586 3919 1709 3960 cum
1758 3919 1963 3961 caesare
1994 3905 2190 3961 castris

548 3997 860 4061 erumpunt,
891 3993 1166 4046 Teutones
1211 3990 1268 4045 in
1304 3991 1519 4063 dextro,
1553 3992 1671 4048 Itali
1704 3993 1761 4048 in
1791 3993 2015 4050 sinistro
2046 3994 2188 4050 bella

549 4082 778 4137 cientes.
811 4080 1031 4136 Civibus
1059 4093 1188 4135 vero
1209 4081 1630 4136 occurrentibus
1650 4095 1716 4136 ex
1735 4081 1986 4149 adverso,
2011 4084 2192 4153 ingra-

549 4178 730 4227 vatum
760 4177 844 4226 est
873 4169 1116 4239 undique
1137 4168 1362 4236 bellum,
1385 4169 1616 4225 diversis
1634 4171 1691 4225 in
1712 4170 1926 4225 diversa
1947 4186 2192 4242 pugnan-

549 4259 715 4316 tibus.
748 4260 807 4315 In
839 4259 1013 4328 prima
1067 4256 1249 4313 fronte
1310 4257 1513 4314 nobilis
1551 4257 1773 4328 quidam
1822 4260 2192 4316 Theutonicus

548 4355 758 4406 statura
806 4361 1090 4418 procerus,
1123 4353 1179 4404 et
1207 4347 1368 4403 Wido
1417 4347 1640 4404 Italicus
1685 4348 1930 4404 marchio
1967 4349 2195 4420 signifer

549 4439 753 4510 regius,
802 4437 948 4493 inter
995 4437 1174 4493 media
1204 4437 1312 4493 tela
1341 4437 1541 4493 confixi
1571 4444 1719 4492 sunt.
1751 4437 1959 4505 Quibus
1988 4439 2189 4494 caden—
2210 4422 2259 4479 D

549 4529 698 4584 tibus
748 4527 1042 4596 multisque
1089 4527 1212 4582 aliis
1249 4528 1308 4582 in
1358 4527 1582 4597 proprio
1631 4539 1828 4582 cruore
1852 4527 2187 4598 jacentibus,

551 4616 816 4688 paulatim
863 4615 993 4671 belli
1045 4615 1280 4686 tepescit
1306 4629 1478 4671 amor.
1511 4616 1733 4671 Demum
1765 4615 2049 4672 caesariani
2077 4615 2192 4672 col-

2266 3373 2323 3428 in
2353 3373 2606 3442 personis
2653 3377 2708 3427 et
2757 3372 2997 3441 propriis
3043 3371 3435 3439 facultatibus;
3485 3377 3541 3426 et
3588 3371 3668 3426 sic
3699 3385 3920 3441 praeva-

2269 3463 2416 3518 lente
2465 3461 2740 3518 Heriberti
2789 3461 3055 3532 potentia,
3089 3461 3310 3517 evanuit
3347 3461 3527 3517 omnis
3554 3459 3648 3516 illa
3685 3458 3922 3517 fraudo-

2269 3552 2417 3608 lenta
2449 3551 2827 3622 praesumptio.

2354 3641 2434 3696 16.
2487 3643 2589 3697 Per
2637 3640 2783 3696 idem
2832 3645 3048 3710 tempus
3081 3639 3196 3710 (an.
3242 3636 3402 3709 1039)
3455 3636 3655 3694 factum
3713 3644 3826 3706 est,
3869 3644 3929 3693 ut

2271 3731 2452 3786 cuncti
2495 3730 2775 3800 principes
2804 3729 2958 3799 regni
2989 3728 3149 3783 simul
3182 3727 3425 3798 undique
3451 3727 3819 3783 convenirent
3859 3727 3926 3783 ad

2271 3819 2655 3883 devastandos,
2688 3817 2832 3873 sicut
2869 3816 2984 3887 regi
3017 3816 3404 3886 promiserant,
3427 3815 3928 3872 Mediolanensium

2271 3907 2426 3965 ﬁnes.
2479 3906 2792 3964 Praevidens
2842 3905 2902 3937 ⁸³³
2949 3912 3130 3962 autem
3178 3905 3631 3975 archiepisc0pus
3677 3901 3926 3959 futuram

2272 3997 2709 4066 oppressionem,
2746 3994 2905 4064 jubet
2933 3993 3062 4049 ilico
3084 3993 3378 4049 convenire
3407 3991 3475 4046 ad
3505 3991 3696 4047 urbem
3727 4004 3932 4047 omnes

2271 4085 2646 4142 Ambrosianae
2694 4083 2973 4153 parochiaa
3021 4081 3232 4137 incolas
3287 4081 3454 4136 armis
3510 4081 3846 4146 instructos,
3896 4094 3927 4135 a

2275 4173 2482 4228 rustico
2513 4185 2686 4242 usque
2707 4171 2774 4225 ad
2807 4171 3058 4238 militem,
3081 4169 3149 4224 ab
3180 4169 3346 4239 inope
3372 4182 3545 4237 usque
3566 4167 3640 4222 ad
3670 4166 3928 4232 divitem,

2275 4269 2336 4318 ut
2363 4263 2421 4318 in
2452 4268 2602 4317 tanta
2622 4261 2852 4316 cohorte
2879 4259 3109 4330 patriam
3131 4264 3381 4314 tueretur
3399 4257 3468 4312 ab
3488 4257 3666 4312 hoste.
3695 4250 3931 4326 Signum

2275 4359 2453 4406 autem
2487 4349 2634 4420 quod
2675 4349 3033 4405 dimicaturos
3063 4347 3301 4403 debebat
3328 4359 3461 4402 suos
3491 4344 3551 4377 ¹⁸⁶
3579 4344 3934 4414 praecedere,

2281 4439 2388 4494 tale
2410 4437 2715 4494 constituit.
2739 4438 2973 4493 Procera
2995 4436 3147 4491 trabs
3176 4437 3349 4490 instar
3368 4435 3498 4490 mati
3519 4433 3671 4488 navis
3692 4433 3934 4489 robusto

2273 4528 2486 4584 conﬁxa
2515 4527 2760 4598 plaustro
2791 4525 3022 4596 erigitur
3060 4525 3118 4580 in
3155 4524 3410 4591 sublime,
3453 4536 3678 4579 aureum
3709 4531 3938 4579 restans

2273 4617 2331 4673 in
2356 4616 2639 4674 cacumine
2691 4628 2912 4686 pomum
2959 4627 3084 4670 cum
3134 4613 3508 4684 pendentibus
3555 4611 3791 4677 duobus_
3822 4611 3937 4668 veli

1914 4714 2135 4769 VARUS
2173 4715 2454 4771 LECTlON
2460 4715 2557 4770 ES.

628 4811 688 4842 ¹²²
717 4811 992 4866 conradus
1021 4812 1078 4865 Β.
1157 4809 1221 4841 ³³³
1251 4823 1300 4865 c.
1334 4824 1398 4866 ac
1427 4824 1482 4880 p.
1508 4812 1566 4865 B.
1645 4810 1706 4842 ¹¹δ
1751 4811 1827 4866 ita
1873 4812 2016 4868 Mur.
2065 4811 2317 4868 crederet
2351 4811 2398 4868 1.
2447 4811 2527 4865 3⁸.
2556 4811 2639 4865 5*.
2672 4813 2808 4866 Loco
2846 4808 3308 4880 Archiepiscopus
3335 4820 3466 4880 vero
3495 4836 3567 4847 —
3596 4806 3945 4880 cursitantcs

555 4879 664 4935 haec
692 4880 844 4954 habet
866 4883 930 4954 Β.
965 4883 1221 4954 Preterea
1251 4878 1444 4954 beatus
1470 4881 1790 4938 Ambrosius
1835 4883 2084 4938 ecclesia;
2131 4898 2246 4940 suae
2285 4884 2541 4954 precibus
2579 4888 2856 4954 exoratus,
2908 4878 3271 4954 promeruit’a
3299 4879 3530 4954 Do_min_o
3572 4892 3756 4954 suum
3783 4878 3945 4934 libe-

555 4965 677 5006 rare
710 4952 991 5023 vicarium,
1023 4952 1402 5022 ignorantibus
1431 4954 1644 5008 cunctis
1673 4959 1727 5008 et
1756 4953 1876 5023 ipso
1907 4968 2114 5010 cesare.
2194 4955 2254 4986 ίη
2282 4950 2423 5010 deest
2453 4956 2491 5010 Β
2523 4954 2568 5007 l.
2649 4952 2710 4983 ¹²⁶
2740 4950 2939 5008 nomen
2970 4953 3011 5007 Β
3047 4954 3093 5009 1.
3127 4952 3198 5007 ad
3227 4966 3331 5006 non
3361 4950 3555 5023 B._,__2_'.

2200 5026 2448 5096 preludia
2485 5025 2539 5096 3.
2618 5023 2944 5096 "fjactibus
2973 5024 3030 5078 Β.

1103 5093 1165 5126 ¹³⁸
1192 5096 1458 5166 cujusque
1495 5093 1542 5150 l.
1620 5095 1681 5128 ¹³⁵
1711 5096 2006 5166 providens
2029 5097 2069 5152 Β
2104 5097 2152 5150 1.
2192 5093 2247 5152 ἀι
2282 5113 2385 5152 non
2413 5097 2453 5152 Β
2481 5095 2564 5149 2*.

591 5037 728 5078 nans
767 5023 828 5078 Β.
905 5021 965 5053 ³⁸⁸
995 5021 1141 5079 unde
1169 5024 1252 5080 vel
1283 5024 1412 5079 inde
1449 5025 1510 5078 B.
1587 5023 1648 5056 ¹²⁹
1677 5021 1940 5080 cesarinis
1973 5024 2020 5080 l.
2099 5024 2163 5057 ¹³⁰

596 5137 610 5150 .
633 5099 688 5150 at
717 5108 822 5150 non
850 5093 909 5148 Β.
939 5093 1025 5148 2*.

3459 4950 3555 5020 .?'-
3637 4949 3699 5020 '3'
3739 4949 3946 5020 impu-

3129 5023 3188 5054 ¹⁸²
3219 5019 3558 5078 ῐνθοιδνὶῐΒ.
3636 5019 3698 5051 ¹³³
3726 5019 3849 5090 quo
3883 5022 3948 5076 Β.

2642 5093 2704 5125 ¹³⁸
2731 5109 2779 5149 s.
2811 5094 2867 5149 d.
2897 5093 2952 5149 3.

2135 5195 2352 5251 ΝΟΤᾹΞ.

631 5278 737 5350 (80)
778 5278 1050 5350 Popponi.

629 5347 765 5434 (81)
793 5347 915 5434 Sed
952 5351 1234 5434 aliquanto
1292 5357 1683 5434 postem-cum
1726 5351 2018 5434 Ileriberto
2069 5365 2202 5434 con-

551 5421 966 5549 gunféggegatos
993 5423 1062 5478 ad
1081 5421 1329 5480 Odonem
1357 5423 1710 5491 direxissent,
1735 5429 1874 5480 teste
1903 5427 2043 5480 Ann.
2076 5425 2200 5480 Sax.

632 5561 744 5634 (82)
777 5562 1120 5623 Ardericum.

633 5632 743 5708 (83)
772 5635 1016 5706 Petrum,
1045 5641 1107 5694 ut
1135 5635 1372 5695 videtur.

2357 5281 2463 5422 E84;
2497 5278 2829 5346 Hubaldum,

2379 5351 2448 5406 85
2497 5353 2558 5422 γ.
2592 5365 2716 5420 quae
2764 5350 2829 5406 de

2379 5345 2463 5421 85)
2497 5353 2558 5422 γ.
2592 5365 2716 5420 quae
2764 5345 2833 5406 de
2880 5365 2942 5407 ea
2981 5351 3106 5422 ipse
3146 5354 3331 5422 narrat
3358 5349 3415 5406 in
3445 5345 3948 5422 docum.'a‘19_40,

2285 5418 2375 5479 cui
2426 5418 2723 5478 Ardericus
2769 5436 2860 5492 ep.
2901 5418 3134 5478 Vercell.
3176 5420 3525 5491 subscripsit.
3565 5418 3751 5488 Campi
3787 5419 3955 5476 Piae.

2284 5495 2328 5563 1,
2360 5509 2436 5565 p,
2461 5493 2606 5560 507;
2639 5493 2778 5565 Ugh.
2812 5494 2900 5560 1v,
2937 5493 3055 5565 103.

2359 5560 2464 5635 (86)
2494 5568 2537 5620 A
2568 5560 2751 5621 Laude
2782 5577 2893 5635 non
2923 5564 3151 5622 multum
3182 5562 3338 5620 abest
3365 5561 3433 5618 ad
3465 5560 3848 5619 occidentem.

2359 5634 2463 5710 (87)
2493 5634 2875 5706 Campanensi.
