4100 6166
456 215 561 271 307

1587 213 1882 271 ARNULFI
1919 210 2451 269 MEDIOLANENSIS
2487 210 2772 268 CLERICI.

3723 204 3833 262 308

458 338 718 396 revelata:
749 345 880 396 sunt
905 339 1136 397 Joannis
1174 319 1579 408 archiepiscopi
1616 340 1983 393 sacrosanctae
2013 334 2390 396 re-Aamodo
2417 338 2610 390 noster
2636 333 2706 390 ab
2735 332 2832 391 illo
2869 332 3049 401 stilus,
3090 337 3215 390 cote
3246 334 3356 403 jam
3385 333 3549 390 tertia
3603 331 3829 390 subtili-

460 427 674 499 liquite.
707 428 784 484 De
822 442 891 485 eo
939 442 1106 499 quum
1158 426 1496 483 sufﬁcienter
1540 425 1613 479 sit
1650 424 1878 492 dictum,
1929 430 2107 479 cesset

2188 428 2276 480 ter
2300 422 2600 479 acuendus.

1444 555 1842 641 INCIPIT
1898 554 2223 640 LIBER
2278 553 2735 639 TERTIUS
2793 549 2870 589 ¹⁴⁵

535 706 583 760 1.
617 705 836 763 Memini
868 703 1073 760 dixisse
1102 716 1187 758 me
1213 714 1391 770 nuper
1420 698 1481 731 “6
1511 704 1740 770 propter
1776 700 1936 756 civile
1980 701 2103 769 jur-

2189 700 2350 769 cujus
2385 698 2658 755 industria
2686 700 2946 755 Romanae
2989 702 3165 754 status
3213 701 3502 768 reparatur
3549 698 3832 756 Ecclesiae.

460 795 609 867 gium
641 796 904 850 mutatum
935 791 1173 847 urbiset
1202 789 1455 845 ecclesias
1493 793 1716 844 statum.
1750 791 1941 845 Utrum
1970 802 2103 844 vero
2184 788 2285 855 Qui
2322 787 2593 859 geminam
2642 787 2698 842 in
2760 787 2913 843 Italia
2959 786 3230 857 synodum
3277 785 3630 843 devotissime
3692 787 3839 843 cele-

463 883 518 938 in
585 882 782 938 melius
845 893 912 935 an
979 878 1225 934 deterius
1266 876 1363 944 “7,
1424 877 1610 933 dicere
1666 890 1777 933 non
1835 876 2101 946 oportuit,

463 984 585 1026 cum
638 968 781 1025 facta
837 966 1132 1023 collatione
1189 965 1596 1035 prieteritorum
1652 965 1721 1021 ad
1788 966 2102 1035 praesentia,

462 1057 640 1114 facilis
695 1058 787 1112 ﬂet
827 1055 954 1111 inde
1013 1054 1279 1126 cognitio.
1329 1057 1506 1123 Atque
1553 1053 1761 1109 utinam
1812 1054 2103 1110 nescirem.

463 1148 593 1214 Quae
624 1151 802 1201 tamen
833 1143 1018 1199 omnia
1047 1143 1243 1199 melius
1269 1142 1568 1198 scribendo
1598 1143 1882 1212 patebunt.

532 1233 587 1288 2.
620 1232 888 1291 Defuncto
927 1238 1108 1288 autem
1139 1232 1430 1287 Heriberto
1471 1228 1580 1300 (an.
1628 1230 1783 1298 1045,
1831 1229 1937 1287 Jul.
1990 1228 2104 1300 18.)

2188 879 2385 945 bravit,
2426 878 2609 948 Papiae
2665 877 2877 933 scilicet
2939 875 3096 948 (100)
3157 880 3323 946 atque
3368 876 3603 933 Mantua
3647 876 3836 949 (101),

2190 968 2416 1024 absente
2446 981 2669 1024 caesare.
2711 967 2809 1023 Cui
2847 980 2971 1021 cum
3028 965 3462 1022 misericorditer
3515 966 3841 1037 displiceret

2191 1055 2482 1126 oppressio
2522 1055 2614 1111 illa
2670 1054 2983 1120 vehemens,
3035 1067 3142 1124 qua
3179 1054 3488 1124 impiissimi
3533 1055 3839 1110 Normanni

2192 1145 2444 1200 miseram
2476 1142 2725 1214 afﬂigunt
2754 1143 3022 1213 Apuliam,
3048 1142 3442 1212 praedicatione
3461 1143 3627 1198 mixta
3656 1142 3844 1213 preci-

2191 1235 2296 1290 bus
2324 1238 2556 1304 temptat
2584 1233 2712 1289 illos
2736 1246 2768 1287 a
2798 1232 2964 1288 tantis
2993 1245 3251 1288 revocare
3280 1231 3502 1303 ﬂagitiis
3524 1231 3630 1303 (an.
3659 1231 3841 1302 1(53).

461 1323 611 1379 varie
650 1328 917 1378 tractatur
954 1336 984 1376 a
1048 1321 1234 1376 multis
1298 1320 1368 1376 de
1406 1321 1749 1376 restituendo
1824 1319 2437 1392 pontifice.BCumque
2475 1321 2646 1377 nichil
2695 1321 3010 1391 proﬁceret,
3067 1320 3234 1377 armis
3291 1320 3611 1391 aggreditur
3665 1321 3845 1391 ipsam

463 1412 736 1468 Henricus
772 1425 904 1467 vero
946 1408 1007 1441 “3
1043 1414 1308 1481 angustus
1347 1409 1669 1479 jamdictum
1728 1409 1936 1466 habens
1991 1423 2107 1479 pra:

463 1500 642 1557 oculis
697 1499 1105 1555 Mediolanense
1153 1497 1446 1554 discidium
1472 1539 1488 1565 ,
1537 1497 1790 1568 neglecto
1833 1497 2008 1554 nobili
2045 1510 2110 1552 ac

463 1588 702 1658 sapienti
758 1587 921 1658 primi
959 1587 1173 1643 ordinis
1219 1586 1392 1653 clero,
1436 1586 1662 1643 idiotam
1694 1591 1750 1642 et
1786 1600 1818 1642 a
1854 1600 1983 1642 rure
2020 1599 2112 1641 ve-

464 1677 706 1732 nientem
769 1674 890 1746 (96)
953 1674 1120 1745 elegit
1179 1674 1500 1741 antistitem,
1549 1676 1640 1731 cui
1686 1688 1884 1731 nomen
1933 1673 2112 1730 fuerat

466 1762 750 1821 Wido-“i‘.
812 1765 1021 1820 Revera
1074 1762 1280 1819 sustulit
1334 1778 1449 1818 eum
1506 1763 1571 1819 de
1624 1764 1864 1834 gregibus
1901 1764 2108 1831 ovium,

468 1858 525 1910 et
563 1853 745 1925 depcst
778 1855 1019 1924 [tutantes
1057 1853 1257 1923 accepit
1294 1867 1409 1908 eum
1472 1851 1645 1924 (Psal.
1704 1868 1887 1908 Lxxvn
1911 1894 1926 1920 ,
1984 1850 2110 1922 70).

469 1941 609 1998 Huic
671 1940 817 1997 facto
880 1946 1190 2012 repugnant
1239 1954 1429 2010 parum
1484 1940 1940 2010 Mediolanenses,
1998 1943 2112 1999 sive

471 2031 669 2087 timore
699 2030 851 2101 regio
882 2044 979 2086 seu
1010 2031 1156 2086 inter
1184 2043 1243 2086 se
1274 2029 1425 2096 odio,
1458 2030 1657 2100 partim
1685 2031 1932 2098 avaritia,
1964 2046 2111 2101 quae,

469 2126 531 2178 ut
584 2121 806 2191 sapiens
860 2121 959 2175 ait'
992 2119 1214 2190 quidam
1280 2117 1619 2190 agiografns,
1688 2133 1850 2176 omne
1913 2120 2115 2177 malum

472 2210 649 2281 primo
678 2209 887 2265 invexit
916 2209 1107 2265 Italiae.
1140 2210 1208 2264 Et
1244 2207 1443 2264 exinde
1491 2208 1673 2264 omnia
1723 2214 2012 2266 vertuntur
2058 2211 2115 2267 iu

468 2301 646 2370 pejus.
680 2300 903 2354 Factum
932 2304 1017 2353 est
1040 2303 1224 2354 autem
1253 2302 1465 2367 postea,
1499 2303 1560 2353 ut
1588 2298 1645 2353 in
1683 2312 1806 2355 sese
1857 2313 1924 2355 eo
1971 2299 2115 2355 versi

468 2387 848 2458 unusquisque
877 2386 1019 2443 alter
1046 2386 1277 2453 alterum
1319 2385 1382 2417 "’°
1419 2387 1759 2453 conveniret,
1790 2402 1948 2443 suum
1977 2401 2116 2444 con-

469 2475 699 2533 ferendo
738 2474 1120 2546 obprobrium,
1170 2487 1388 2531 necnon
1420 2474 1658 2531 civitatis
1685 2475 2115 2533 incommodum.

470 2566 698 2622 Demnm
711 2563 1017 2635 postmulta
1047 2563 1311 2622 conscilia
1340 2563 1538 2620 mediis
1564 2566 1933 2622 sacrosanctis
1961 2580 2121 2624 evan-

2193 1425 2547 1482 compescere
2603 1409 2877 1466 feritatem
2934 1410 3071 1481 (Jun.
3119 1408 3235 1480 18),
3275 1409 3406 1466 licet
3450 1409 3533 1465 illi
3579 1409 3848 1467 adversus

2195 1501 2324 1556 belli
2380 1499 2548 1555 fuerit
2603 1501 2802 1556 exitus.
2843 1498 3057 1555 Iudicia
3094 1499 3240 1555 enim
3277 1499 3375 1555 Dei
3412 1498 3645 1570 abyssus
3672 1498 3847 1556 multa

2198 1589 2370 1662 (Psal.
2411 1604 2574 1655 xxxv,
2604 1588 2680 1660 7).

2261 1678 2317 1734 5.
2372 1679 2469 1734 His
2523 1677 2720 1734 diebus
2766 1676 3011 1734 marchio
3040 1675 3352 1734 Bonifacius
3381 1677 3462 1744 ¹⁵¹,
3492 1676 3623 1733 dum
3650 1691 3852 1734 nemus

2195 1767 2457 1823 transiret
2494 1780 2748 1836 opacum,
2780 1766 2998 1822 insidiis
3036 1780 3103 1821 ex
3140 1765 3369 1836 obliquo
3408 1766 3707 1822 latentibus
3743 1781 3853 1823 ve-

2195 1863 2398 1912 nenato
2436 1855 2623 1926 figitur
2651 1854 2859 1925 jaculo.
2909 1856 3026 1910 Heu
3066 1868 3235 1910 senex
3272 1869 3338 1910 ac
3386 1854 3581 1925 plenus
3630 1854 3851 1912 dierum

2197 1950 2463 2000 maturam
2492 1951 2722 2000 mortem
2755 1944 2953 2014 exiguo
2982 1943 3409 2014 praeoccupavit.

2267 2034 2321 2089 6.
2355 2034 2456 2090 Illo
2485 2037 2665 2089 autem
2686 2038 2935 2103 tempore
2965 2032 3259 2103 placitatur
3279 2034 3580 2103 imperator
3596 2033 3653 2089 in
3674 2034 3858 2104 partis

2201 2121 2484 2178 Roncaliaa
2515 2119 2679 2192 (102).
2711 2121 2982 2177 Discussis
3018 2135 3148 2177 vero
3179 2122 3421 2192 querelis
3457 2122 3728 2193 pluribus,
3770 2122 3861 2180 le-

2198 2210 2396 2281 galiter
2423 2210 2594 2266 multa
2622 2210 2914 2265 examinat.
2948 2209 3050 2265 Ubi
3073 2210 3448 2267 marchionem
3466 2209 3859 2278 Adelbertum;

2199 2299 2268 2356 de
2298 2312 2410 2369 quo
2447 2299 2615 2354 nimia
2642 2297 2821 2354 fuerat
2849 2298 3227 2369 proclamatio,
3261 2313 3383 2355 cum
3412 2298 3537 2355 aliis
3563 2299 3865 2371 ﬂagitiosis

2200 2394 2419 2459 captum
2450 2386 2647 2444 ferreis
2669 2388 2829 2457 jubet
2856 2387 3051 2443 vinciri
3083 2387 3351 2453 nexibus;
3386 2387 3643 2459 equidem
3681 2387 3863 2459 digne

2199 2478 2353 2533 satis.
2384 2477 2594 2532 Deinde
2625 2475 2821 2532 diebus
2862 2475 3050 2531 multis
3087 2476 3252 2533 modo
3281 2490 3402 2533 cum
3433 2477 3653 2548 Ungris,
3683 2477 3865 2536 modo

2201 2580 2325 2623 cum
2384 2566 2646 2623 Leuticiis
2684 2577 2785 2635 pro
2833 2572 3083 2635 tempore
3129 2565 3479 2638 conﬂigebat.
3527 2568 3603 2622 De
3650 2566 3867 2637 quibus

471 2652 632 2726 geliis
659 2654 1003 2724 conjungunt
1031 2651 1239 2709 foedera
1268 2652 1440 2723 pacis,
1464 2651 1732 2710 facientes
1760 2655 1982 2725 quidem
2012 2650 2182 2713 am-C
2205 2656 2460 2712 omnibus
2480 2654 2744 2710 nobiliter
2765 2653 3141 2723 triumphavit,
3156 2653 3331 2710 victos
3351 2654 3557 2710 tributo
3574 2660 3863 2711 coartans.

474 2742 727 2810 nestiam,
769 2742 824 2798 id
866 2749 951 2798 est
997 2742 1353 2799 abolitionem
1411 2742 1699 2813 malorum,
1750 2760 1912 2815 quam
1958 2747 2126 2805 Athe-

473 2834 697 2890 nienses
725 2832 888 2903 primi
912 2830 1131 2900 fecisse,
1156 2836 1211 2888 et
1239 2832 1320 2889 sic
1348 2847 1574 2889 vocasse
1602 2834 1862 2906 leguntur
1889 2837 2125 2894 Horosio

476 2927 618 2978 teste
663 2920 722 2953 ¹³¹
764 2920 846 2991 (11,
885 2920 990 2990 17).

548 3008 605 3063 3.
643 3010 912 3077 Tempore
940 3008 1036 3064 illo
1076 3022 1250 3064 caesar
1296 3010 1589 3066 lieinricus
1616 3010 1825 3066 Italiam
1875 3012 2122 3081 veniens,

481 3096 761 3154 celebrato
792 3096 974 3165 Papias
1002 3095 1254 3167 synodali
1273 3097 1512 3153 concilio
1535 3102 1643 3163 (an.
1674 3098 1829 3163 1046,
1863 3101 1976 3156 Oct.
2009 3100 2122 3170 25),

481 3188 707 3243 Romam
764 3184 962 3251 tendit,
1021 3186 1111 3241 cui
1166 3199 1307 3256 papa
1361 3185 1472 3257 (97)
1515 3187 1754 3242 obviavit
1807 3189 2122 3256 Placentiae,

481 3276 696 3332 vivente
724 3274 900 3331 altero
929 3288 993 3330 ac
1024 3275 1364 3331 concedente
1399 3274 1510 3346 (98)
1548 3276 1924 3334 intronizatus.
1960 3281 2125 3335 Facto

479 3370 660 3421 autem
680 3365 869 3420 Romae
899 3361 1006 3434 (99)
1036 3363 1281 3434 generali
1309 3371 1582 3420 conventu
1614 3365 1930 3434 praesulum,
1953 3366 2126 3424 visum

479 3457 564 3509 est
602 3452 717 3523 regi
763 3456 819 3508 et
866 3453 1146 3522 episcopis
1183 3454 1459 3520 omnibus,
1492 3468 1685 3524 papam
1715 3454 1894 3525 ipsum
1922 3456 2126 3527 injuste

477 3549 669 3601 tenere
700 3542 1035 3599 cathedram.
1067 3544 1184 3610 Quo
1214 3545 1396 3599 statim
1427 3544 1664 3614 abjecto,
1696 3558 1863 3601 unum
1902 3559 1971 3602 ex
1988 3548 2127 3604 Teu-

478 3632 701 3689 tonibus
729 3630 1021 3701 praesulem
1051 3630 1202 3687 illius
1230 3631 1354 3689 loco
1384 3632 1690 3701 substituit,
1721 3647 1884 3704 quem
1915 3641 2125 3693 mutato

480 3719 703 3777 nomine
741 3720 1076 3776 Clementem
1122 3721 1372 3788 vocavit;
1422 3734 1455 3776 a
1506 3735 1618 3791 quo
1656 3722 1820 3778 etiam
1863 3736 2122 3781 coronam

480 3808 724 3876 suscepit
760 3806 999 3876 imperii.

551 3894 606 3951 4.
638 3893 855 3950 Tertius
883 3894 951 3950 ab
981 3908 1047 3950 eo
1086 3898 1309 3951 sanctus
1354 3895 1553 3952 claruit
1600 3898 1711 3954 Leo
1762 3903 1873 3966 (an.
1937 3899 2124 3972 1048),

2206 2745 2372 2814 Cujus
2402 2756 2571 2800 unum
2608 2742 2824 2813 insigne
2862 2742 3155 2811 tropheum
3183 2748 3374 2798 aurata
3402 2742 3610 2799 indicat
3639 2742 3865 2811 lancea,

2209 2835 2515 2904 Ungrorum
2555 2831 2671 2902 regi
2697 2830 2967 2886 violenter
3005 2834 3217 2886 extorta
3269 2829 3416 2901 (103)
3466 2838 3522 2886 et
3568 2832 3758 2888 Romae
3801 2832 3868 2889 iu

2207 2920 2582 2992 apostolorum
2612 2919 2818 2990 templo
2848 2932 3113 2989 suspensa
3145 2918 3312 2988 (104).
3343 2921 3445 2987 Qui
3475 2934 3600 2975 cum
3647 2919 3866 2991 insigni

2206 3012 2433 3067 ﬂoreret
2487 3010 2742 3080 imperio,
2794 3022 2955 3064 carus
3001 3008 3257 3065 omnibus
3292 3010 3544 3080 migravit
3579 3022 3611 3063 a
3646 3010 3867 3068 saeculo

2210 3104 2316 3167 (an.
2366 3098 2521 3166 1056,
2563 3099 2679 3155 Oct.
2719 3096 2792 3167 5),
2824 3097 3141 3167 relinquens
3179 3098 3264 3153 sui
3320 3098 3560 3154 nominis
3596 3112 3864 3169 puerum,

2207 3194 2452 3259 augustae
2488 3187 2714 3260 Agnetis
2742 3192 2990 3243 materno
3018 3187 3227 3259 gremio
3255 3185 3676 3244 confovendum.

2277 3277 2333 3333 7.
2366 3277 2541 3348 Hujus
2559 3280 2823 3348 regnante
2841 3275 3090 3344 infantia,
3112 3275 3409 3346 Papienses
3425 3276 3495 3332 ab
3515 3289 3583 3334 eo
3604 3282 3664 3333 ut
3683 3277 3869 3335 moris

2209 3372 2294 3422 est
2342 3366 2526 3423 datum
2581 3374 2946 3438 aspernantur
2991 3365 3255 3422 audacter
3302 3364 3624 3436 episcopum
3669 3365 3864 3437 (105);

2209 3469 2312 3512 nec
2331 3457 2501 3528 regia:
2529 3455 2864 3512 institutioni
2893 3468 2995 3511 nec
3020 3454 3342 3525 apostolica:
3363 3453 3676 3512 deterentes
3695 3454 3869 3515 facta

2210 3543 2638 3613 consecrationi,
2672 3558 2845 3615 usque
2875 3543 2943 3600 ad
2973 3543 3184 3600 obitum
3228 3544 3401 3614 spreti
3448 3544 3865 3614 perseverando

2210 3634 2509 3705 pontiﬁcis.

2280 3725 2334 3778 8.
2368 3724 2465 3780 His
2492 3722 2677 3794 itaque
2716 3722 2913 3780 diebus
2972 3721 3089 3796 (an.
3155 3720 3333 3794 1059),
3390 3722 3539 3780 inter
3590 3722 3747 3793 ipsos
3806 3729 3869 3781 et

2209 3813 2645 3870 Mediolanenses
2700 3813 2770 3869 de
2826 3813 3008 3869 causis
3056 3811 3310 3869 civilibus
3347 3811 3580 3883 emergit
3628 3811 3866 3869 discen-

2208 3902 2293 3959 sio
2329 3902 2502 3974 (106).
2552 3904 2751 3959 Fuerat
2777 3902 2923 3959 enim
2953 3901 3147 3958 civitas
3192 3905 3424 3973 utraque
3462 3899 3752 3972 populosa,
3808 3907 3870 3958 et

1833 3998 2056 4054 VARLE
2111 4001 2497 4057 LECTIONES.

482 4162 539 4218 d.
571 4164 630 4218 B.
737 4162 796 4193 “7
824 4162 881 4217 in
911 4162 967 4216 (1.
989 4162 1038 4217 3.

483 4232 545 4266 ¹⁴⁹
581 4232 757 4291 Guido
796 4234 837 4289 B
874 4237 1038 4288 const.

737 4160 796 4193 “7
824 4162 881 4217 in
911 4160 967 4216 (1.
989 4160 1045 4217 3.
1151 4160 1213 4192 “‘8
1242 4162 1308 4217 ΙΙ.
1357 4177 1407 4217 v.

1488 4162 1594 4218 lius
1631 4162 1867 4221 Conradi
1897 4181 1949 4221 a.
1992 4168 2028 4223 i.
2062 4168 2116 4224 h.

553 4089 616 4168 ‘f’
652 4088 1407 4168 ystoriarumnArnullj._lllud
1436 4090 1584 4168 quod
1617 4097 1809 4168 restat,
1830 4095 1945 4168 jam
1977 4096 2143 4154 lectio
2181 4099 2342 4154 tertia
2373 4102 2600 4168 prestat.
2633 4072 2832 4155 addunt
2860 4097 2896 4152 2
2924 4100 2964 4154 Β
2999 4098 3046 4154 1.
3083 4137 3098 4152 .
3130 4101 3185 4153 at
3214 4112 3323 4153 non
3350 4099 3409 4154 Β.
3441 4096 3506 4151 2*

3616 4095 3677 4129 “‘
3706 4110 3862 4154 men.

2150 4184 2205 4239 p.
2248 4184 2302 4226 ο.
2344 4167 2614 4225 desidium
2671 4170 2742 4225 Μ.
2791 4171 2832 4226 Β
2892 4170 2940 4225 l.
2990 4171 3050 4225 Β.
3089 4170 3173 4224 2*.
3214 4169 3307 4239 qui
3342 4167 3630 4225 dissidium
3676 4167 3861 4225 habet.

1146 4232 1403 4310 [δί’-δηθά
1434 4247 1485 4289 a.
1517 4235 1576 4290 Β.
1657 4235 1713 4268 ¹⁵¹
1754 4238 1820 4310 II.
1853 4243 1893 4293 t.
1936 4238 2118 4296 desunt
2152 4232 2213 4296 Β.
2293 4241 2354 4273 ¹⁸²
2390 4239 2780 4297 Montisferrati
2810 4240 3008 4297 addunt
3044 4239 3101 4296 3.
3130 4232 3304 4297 5*.'et
3339 4240 3396 4296 in
3431 4239 3665 4310 margine
3700 4253 3869 4296 manu

481 4304 594 4363 alia
643 4305 693 4360 1.
744 4306 812 4362 In
855 4307 915 4362 B.
954 4303 1002 4358 1.
1033 4302 1168 4361 illud
1213 4303 1336 4376 legi,
1385 4320 1536 4363 error
1582 4311 1658 4364 est
1701 4308 1961 4366 sociorum
2005 4310 2404 4380 Palatinarum;
2455 4327 2551 4369 nec
2592 4313 2647 4367 in
2692 4313 2734 4368 B
2779 4312 2862 4369 2*.
2898 4311 3136 4369 habetur.

2057 4411 2275 4467 ΝΟΤᾹΞ.

625 4500 812 4573 Ofﬁcio
837 4499 1037 4573 placidi
1060 4499 1319 4571 fungebar
1340 4501 1583 4573 precantis
1616 4502 1784 4572 archi,

624 4571 780 4630 Nunc
816 4571 1041 4628 tumulor
1066 4586 1245 4628 servus
1271 4571 1539 4629 servorum
1566 4571 1772 4632 Christe
1792 4579 2015 4632 tuorum.

628 4647 729 4702 Pro
758 4644 958 4717 meritis
994 4642 1175 4699 horum
1206 4642 1298 4699 tibi
1318 4643 1481 4717 digne
1505 4645 1927 4717 complacztorum

628 4715 897 4791 ._S_anguine
926 4729 1103 4791 φιφδο
1142 4715 1382 4791 tuo__mil_ti
1410 4721 1464 4791 tu
1501 4715 1746 4772 miserere
1768 4717 2054 4791 redempta.

626 4788 742 4862 Igne
765 4786 975 4862 ueniens
1002 4785 1166 4843 lector
1191 4785 1293 4862 sibi
1323 4786 1408 4862 dic
1434 4787 1644 4862 ignosce
1667 4785 1979 4862 Redemptor

629 4859 699 4930 Et
725 4858 899 4914 rium
925 4860 1033 4914 vita
1060 4858 1352 4930 requiescat
1376 4873 1580 4930 semper
1605 4860 1660 4915 in
1695 4860 1819 4916 ista.

558 4926 697 5004 Obiit
735 4944 871 4984 anno
897 4926 1194 5004 ‘Dominjca;
1243 4926 1632 5004 Incarnaticnis
1683 4930 1955 5004 milksimo
2003 4947 2133 5004 qua-

488 5000 781 5071 dragesimo
820 4999 1017 5071 quinto,
1067 5001 1269 5057 decima
1303 5006 1459 5058 sexta
1505 5002 1591 5057 die
1635 5002 1823 5058 mensis
1865 4999 2129 5070 Januarii,

486 5072 768 5129 indictione
794 5072 997 5128 decima
1031 5073 1207 5128 tertia.

564 5143 670 5213 (96)
702 5143 762 5200 Id
793 5150 877 5200 est
907 5158 1008 5200 nec
1037 5144 1238 5200 litteris
1274 5144 1448 5201 sacris
1495 5143 1792 5211 eruditum,
1836 5160 1937 5202 nec
1984 5145 2134 5201 clero

491 5214 702 5270 urbano
733 5216 1050 5285 ascriptum.
1097 5215 1494 5273 Valvassorium
1532 5215 1601 5271 de
1650 5216 1834 5273 Velate
1881 5221 2137 5273 auctores

494 5300 616 5343 eum
648 5288 987 5356 posteriores
1014 5287 1314 5357 appellant,
1348 5287 1495 5357 quod
1537 5300 1721 5343 verum
1760 5302 1881 5344 esse
1928 5292 2133 5357 potest,

496 5371 616 5413 nam
661 5357 890 5415 Arnulfo
920 5358 1123 5415 milites
1168 5359 1410 5417 minores
1452 5371 1563 5415 non
1605 5364 1733 5416 sunt
1780 5359 2033 5423 nobiles;
2082 5374 2133 5415 v.

495 5426 635 5502 infra
665 5443 713 5484 c.
754 5429 818 5483 10
855 5435 910 5487 et
958 5429 1112 5502 praef.
1164 5445 1218 5502 p.
1278 5430 1324 5486 l.
1369 5430 1631 5502 ,Widonis
1674 5430 2138 5502 consanguinitatis

495 5499 680 5572 affines
708 5499 1203 5561 commemorantur
1231 5516 1281 5558 c.
1322 5501 1412 5571 21,
1438 5502 1714 5575 progenies
1750 5516 1800 5559 c.
1840 5500 1930 5560 20.

2142 4510 2194 4569 D

2184 5110 2187 5113 »
2325 5077 2426 5133 103
2484 5078 2566 5135 Cf.
2596 5081 2739 5134 Ann.
2781 5077 2948 5134 Leod.
2997 5076 3150 5145 1043,
3180 5077 3360 5134 Altab.
3398 5075 3553 5133 1045.

2293 5078 2452 5222 €104)
2493 5152 2631 5205 Ante
2660 5148 3061 5222 confessionem
3091 5148 3148 5205 b.
3203 5148 3365 5216 Petri,
3411 5148 3553 5222 Boni:

2287 4508 2390 4575 (97)
2420 4508 2715 4580 Gregorius
2742 4509 2830 4564 Vl.

2283 4580 2397 4650 (98)
2432 4579 2730 4637 Benedicto
2758 4580 2849 4635 1X.

2287 4648 2548 4723 (99),Imo
2573 4651 2741 4723 Sutrii
2765 4672 2799 4723 ;,
2822 4648 2928 4723 (sed
2975 4649 3209 4723 Suidger
3253 4650 3442 4708 Romae
3493 4648 3703 4706 electus
3749 4657 3863 4706 est.

2310 4722 2459 4795 too),
2498 4721 2651 4795 1049,
2683 4736 2755 4795 m_.
2787 4720 2947 4778 Maio.

2310 4793 2430 4861 101⁷)
2473 4793 2628 4861 1053,
2658 4793 2819 4850 Febr.

2288 4795 2401 4864 (101
2473 4795 2628 4861 1053,
2658 4795 2819 4850 Febr.

2285 4795 2630 4938 (102)1055,
2678 4864 2800 4920 Mai.
2849 4861 2904 4930 5,
2944 4868 3085 4920 teste
3122 4862 3311 4938 charta
3349 4862 3405 4938 in
3424 4863 3722 4938 Itur._A_nt.
3755 4862 3865 4938 _11_I.

2214 4935 2341 4992 645.
2373 4934 2479 4993 sed
2509 4936 2778 4992 incertum
2810 4940 2993 4991 manet
3020 4948 3147 4991 num
3178 4935 3319 4991 alius
3350 4934 3537 5004 placiti
3568 4935 3644 4990 ibi
3682 4934 3867 4991 habiti

2215 5006 2474 5064 Arnulfus
2502 5007 2832 5063 meminerit.
2872 5008 2949 5062 De
2984 5006 3283 5063 Adelberto
3319 5006 3415 5062 illo
3452 5005 3592 5062 nihil
3620 5010 3867 5064 constat.

2327 5146 2452 5218 104)
2493 5152 2631 5205 Ante
2660 5148 3061 5206 confessionem
3091 5148 3148 5205 b.
3203 5148 3365 5216 Petri,
3411 5148 3613 5206 Bonizo
3644 5162 3699 5218 p.
3729 5146 3868 5212 801,

2219 5227 2410 5303 postea
2427 5219 2607 5304 super
2647 5226 2856 5304 portam
2885 5221 3245 5304 ‘Gu‘idoneam,
3277 5225 3417 5276 teste
3446 5219 3752 5291 Ciampino,
3784 5219 3869 5276 De

2219 5292 2391 5348 sacris
2418 5291 2566 5348 aadif.
2608 5307 2657 5348 c.
2698 5292 2753 5359 4,
2785 5297 2922 5349 sect.
2961 5292 3043 5348 10.

2293 5363 2429 5435 (105)
2480 5363 2814 5431 Adalricum,
2874 5364 2962 5419 cui
3023 5364 3315 5419 Henricum
3356 5362 3651 5435 Papienses
3690 5374 3872 5432 oppo-

2221 5432 2469 5501 suerunt,
2502 5450 2615 5492 sec.
2647 5435 2927 5501 Robolini,
2959 5435 3138 5491 Storia
3168 5435 3225 5492 di
3264 5432 3520 5492 Pavia’ll.
3552 5432 3645 5490 54.

2297 5505 2457 5577 (106)
2490 5506 2770 5564 Bertholdi
2798 5509 2939 5563 Ann.
2976 5505 3131 5562 1059.
