4100 6166
243 250 332 306 309

1148 251 1358 306 GESTA
1394 243 1812 306 ARCHIEPISC.
1854 241 2214 300 MEDIOLAN.
2253 273 2326 286 —-
2363 246 2489 303 LIB.
2531 247 2622 303 III.

3472 245 3582 302 3IO

241 389 384 446 super
451 374 602 446 regni
657 380 870 431 ceteras
935 375 1143 432 inclita.
1202 376 1582 432 Verumtamen
1638 372 1696 426 in
1753 367 2098 438 no-Aalpha
2127 374 2183 426 et
2211 384 2422 443 omega,
2446 371 2771 429 mirabiliter
2789 377 2987 430 cuncta
3017 374 3320 444 dispensat.
3349 373 3580 442 Quidam

242 466 342 521 titia
379 463 433 494 ’⁵³
480 465 723 520 omnium
780 465 1075 534 praestabat
1149 463 1534 520 Mediolanum.
1608 463 1852 529 Cumque
1933 458 2102 528 igitur
2153 475 2219 516 ex
2266 460 2663 517 decomanis’”
2709 461 2975 518 diaconus
3031 463 3251 518 nomine
3301 462 3574 527 Arialdus,

240 558 399 609 essent
427 553 719 622 contiguae,
756 554 995 622 pudebat
1025 553 1249 609 alteram
1281 553 1435 608 alteri
1467 551 1686 608 cedere.
1719 550 1852 605 Inde

1936 561 2106 617 penes
2134 550 2422 606 Widonem
2464 551 2763 608 antistitem
2795 552 2981 607 multis
3008 550 3156 607 fotus
3184 550 3401 607 deliciis
3433 551 3578 606 mul-

239 650 354 707 erat,
387 642 526 712 quod
560 643 665 697 sibi
698 632 1074 712 rependebant
1107 643 1172 698 ad
1224 643 1454 698 invicem
1486 641 1668 696 caedes
1715 654 1856 710 prae-
1936 636 2117 707 tisque
2156 639 2464 696 cumulatus
2501 640 2825 707 honoribus,
2857 641 2986 696 dum
3017 641 3323 696 litterarum
3361 643 3580 693 vacaret

239 731 322 786 das
356 737 406 785 et
441 730 696 786 incendia
742 744 844 787 nec
901 746 1010 787 non
1058 740 1110 787 et
1151 732 1460 787 latrocinia.
1503 733 1724 785 Factum
1773 733 1857 783 est
1937 726 2141 791 studio,
2174 728 2552 784 severissimus
2582 733 2665 784 est
2711 729 2910 785 divinae
2958 729 3094 801 legis
3115 728 3175 760 ¹⁸⁰
3208 731 3384 784 tactus
3415 727 3582 782 inter-

237 828 393 875 autem
450 826 508 873 ut
563 820 876 889 Papieuses,
934 821 1062 876 dum
1119 819 1410 875 inferiores
1465 823 1668 884 essent,
1727 831 1854 873 con-

236 908 396 964 ductis
469 907 689 964 aliunde
756 909 934 978 pretio
996 909 1307 979 legionibus
1370 909 1438 964 ad
1496 906 1860 963 devastandos

235 996 698 1053 Mediolanensium
774 998 909 1054 ﬁnes
983 999 1349 1064 accederent,
1427 996 1860 1053 Mediolanenses

233 1099 345 1141 vero
398 1085 788 1142 confcederatis
835 1087 940 1142 sibi
991 1087 1370 1142 Laudensibus
1417 1087 1472 1140 in
1519 1086 1643 1140 illos
1681 1085 1862 1138 insur-

232 1181 422 1244 gerent,
485 1174 616 1230 1icet
675 1189 800 1244 pars
868 1189 1057 1230 eorum
1127 1189 1238 1231 non
1304 1175 1525 1230 minima
1581 1173 1859 1242 archiepi-

228 1277 382 1332 scopo
411 1263 554 1319 duce
576 1263 700 1318 aliis
729 1264 1017 1319 dimicaret
1047 1265 1101 1319 in
1135 1265 1383 1334 partibus
1415 1264 1494 1319 “Vr.
1518 1262 1862 1319 Conveniunt

230 1358 456 1422 utraeque
491 1353 546 1408 in
586 1353 794 1422 campis
823 1355 970 1409 acies
996 1354 1265 1409 ordinatis
1308 1353 1634 1424 agminibus,
1665 1351 1861 1407 vexilla

229 1441 275 1495 in
303 1441 534 1496 sublime
565 1441 806 1497 ferentes
840 1441 960 1513 (an.
999 1441 1127 1495 1061
1162 1443 1296 1497 Mai.
1320 1441 1440 1512 23).
1465 1441 1863 1497 Fitvehemens

228 1533 441 1602 partium
523 1531 578 1586 in
644 1546 702 1586 se
759 1531 818 1562 ¹⁶⁵
874 1545 1197 1598 concursus,
1257 1532 1561 1587 bachantur
1598 1530 1862 1586 certando

226 1621 432 1686 diutius,
469 1620 755 1675 divertunt
785 1621 1004 1676 tandem
1037 1621 1331 1689 Papienses
1378 1634 1409 1674 a
1456 1619 1623 1686 bello,
1675 1619 1865 1674 adver-

1941 829 2087 884 pres,
2123 815 2258 872 dura
2280 830 2544 872 exercens
2565 817 2619 872 in
2641 818 2875 874 clericos
2900 818 3048 874 solos
3073 819 3300 887 judicia.
3332 816 3579 885 Quicum

1940 904 2172 959 modicae
2194 903 2336 960 foret
2352 906 2714 972 auctoritatis,
2730 906 3010 962 humiliter
3027 913 3216 976 utpote
3237 911 3398 962 natus
3416 903 3582 974 (1081,

1944 992 2196 1061 praevidit
2225 992 2463 1063 aplicare
2487 994 2592 1049 sibi
2624 995 2966 1063 Landulfum,
2989 996 3145 1065 quasi
3174 993 3585 1066 generosiorem

1943 1087 1996 1135 et
2044 1081 2110 1135 ad
2160 1081 2266 1136 hoc
2313 1082 2606 1150 ydoneum,
2640 1081 2921 1139 familiaris
2973 1086 3091 1154 ejus
3137 1084 3312 1140 factus
3355 1082 3584 1138 assecla.

1943 1169 2240 1224 Laudulfus
2285 1184 2414 1225 vero
2461 1185 2584 1225 cum
2641 1178 2785 1226 esset
2842 1173 3202 1242 expeditioris
3255 1173 3456 1243 linguae
3523 1185 3587 1226 ac

1942 1259 2112 1324 vocis,
2142 1257 2447 1328 nimiusque
2498 1257 2698 1314 favoris
2740 1266 2969 1326 amator,
3013 1270 3239 1330 repente
3279 1261 3391 1317 dux
3435 1261 3588 1316 verbi

1944 1346 2198 1413 efﬁcitur,
2231 1354 2493 1416 usurpato
2524 1348 2628 1402 sibi
2661 1354 2853 1402 contra
2883 1363 3088 1404 morem
3111 1350 3362 1406 ecclesiae
3387 1350 3588 1419 praedi-

1945 1435 2178 1491 cationis
2225 1434 2430 1491 ofﬁcio.
2474 1435 2572 1490 llic
2616 1450 2737 1490 cum
2789 1436 2955 1491 trullis
3002 1445 3148 1492 esset
3195 1438 3589 1494 ecclesiasticis

1945 1525 2207 1595 gradibus
2252 1525 2514 1580 alteratus
2564 1523 2746 1594 (109),
2797 1539 2958 1595 grave
3011 1527 3201 1596 jugum
3248 1534 3588 1583 sacratorum

1948 1614 2264 1684 imponebat
2309 1613 2636 1680 cervicibus,
2688 1628 2810 1669 cum
2858 1614 3059 1669 Christi
3103 1617 3293 1686 jugum
3341 1629 3503 1672 suave
3533 1621 3590 1672 et

225 1709 366 1763 sariis
393 1709 821 1779 insequentibus
861 1709 985 1765 illos
1023 1724 1053 1764 a
1092 1717 1266 1780 tergo.
1317 1709 1524 1776 Quibus
1571 1722 1696 1764 mox
1735 1695 2064 1772 viri-Bejus
2093 1703 2211 1760 leve
2241 1703 2313 1759 sit
2341 1704 2541 1759 houus.

224 1798 333 1853 liter
384 1799 664 1854 succurrit
719 1798 993 1853 conducta
1043 1803 1445 1853 extranaeorum
1502 1797 1668 1870 legio,
1731 1798 1862 1853 licet

224 1886 368 1955 paulo
397 1893 527 1956 post
557 1887 785 1943 cesserit
816 1887 1012 1944 relicto
1034 1886 1538 1943 Mediolanensibus
1559 1901 1752 1957 campo
1777 1887 1857 1942 "’6.

223 1976 294 2030 Fit
337 1982 554 2044 strages
601 1976 864 2031 immensa
915 1976 1182 2031 nobilium
1227 1977 1496 2046 equitum,
1529 1983 1584 2031 et
1631 1975 1861 2031 duarum

223 2064 425 2120 urbium
478 2064 818 2119 lacrimabile
867 2063 1276 2119 detrimentum.
1330 2063 1580 2133 Implevit
1620 2063 1860 2133 denique

221 2152 328 2208 dies
354 2153 450 2208 illa
480 2153 684 2208 veteris
711 2152 916 2208 idioma
945 2151 1233 2220 vocabuli;
1267 2151 1558 2207 dicebatur
1594 2152 1738 2206 enim
1770 2166 1862 2207 an-

219 2241 437 2309 tiquitus
488 2255 714 2312 campus
773 2241 830 2296 in
892 2255 1002 2311 quo
1079 2241 1441 2297 conﬂixerant
1505 2242 1751 2297 Mortuus
1800 2241 1861 2272 ¹⁵⁷

222 2327 394 2400 (107).

277 2417 327 2471 9.
374 2420 488 2473 Per
516 2417 661 2472 idem
689 2421 907 2491 tempus
945 2417 1014 2472 ad
1046 2417 1219 2472 instar
1239 2418 1584 2487 Papiensium
1603 2421 1863 2475 Astenses

219 2519 436 2576 quoque
491 2505 676 2560 datum
715 2505 821 2560 sibi
870 2507 1305 2574 reprobaverunt
1353 2507 1714 2576 episcopum;
1764 2509 1861 2564 sed

218 2594 508 2661 prudentia
566 2593 861 2649 comitissze
913 2593 1213 2660 Adeleidae,
1264 2595 1519 2648 militaris
1572 2595 1864 2651 admodum

219 2681 554 2749 dominae'“,
607 2691 730 2752 post
778 2682 924 2752 longi
983 2683 1249 2752 temporis
1306 2683 1597 2738 conﬂictus
1640 2684 1864 2740 incensa

217 2771 425 2826 tandem
496 2771 652 2836 urbe,
715 2777 1031 2841 contempto
1088 2771 1262 2826 altero
1332 2786 1494 2841 quem
1559 2772 1859 2844 elegerant,

221 2861 448 2928 priorem
482 2859 812 2928 suscipiunt.

285 2949 363 3005 10.
407 2950 523 3003 Hac
549 2948 740 3003 eadem
788 2951 1114 3016 tempestate
1163 2947 1363 3003 horror
1402 2947 1602 3004 nimius
1630 2950 1860 3006 Ambro-

2020 1791 2103 1847 11.
2145 1793 2317 1863 Igitur
2345 1793 2491 1849 inter
2515 1792 2619 1847 alia
2649 1807 2774 1862 quae
2793 1793 3022 1848 cottidie
3053 1792 3230 1863 plebis
3259 1792 3485 1849 auribus
3505 1794 3588 1849 in-

1945 1881 2216 1948 culcabat,
2273 1882 2362 1936 die
2410 1895 2516 1936 una
2575 1881 2759 1937 taliter
2804 1882 3166 1938 concionatur
3217 1883 3273 1937 in
3332 1882 3586 1952 populo:

1948 1988 1975 2022 «
2015 1970 2321 2026 Carrissimi
2347 1970 2615 2036 seniores,
2647 1976 2974 2040 conceptum
2996 1971 3052 2026 in
3081 1970 3250 2026 corde
3279 1984 3587 2027 sermonem

1946 2059 2088 2115 ultra
2136 2060 2376 2115 retinere
2408 2072 2518 2114 non
2559 2059 2735 2115 valeo.
2767 2059 2969 2125 Nolite,
3002 2059 3211 2115 domini
3254 2059 3382 2126 mei,
3414 2060 3586 2116 nolite

1944 2148 2314 2203 adolescentis
2351 2153 2406 2202 et
2436 2147 2674 2216 imperiti
2720 2147 2883 2202 verba
2921 2153 3348 2218 contempnere;
3385 2148 3589 2204 revelat

1945 2237 2089 2293 enim
2116 2251 2264 2306 saepe
2291 2239 2432 2292 Deus
2463 2237 2683 2302 minori,
2706 2237 2853 2306 quod
2891 2237 3126 2307 denegat
3155 2236 3370 2306 majori.
3413 2237 3588 2294 Dicite

1944 2327 2098 2393 mihi,
2131 2325 2360 2382 creditis
2390 2326 2446 2380 in
2477 2326 2644 2381 Deum
2676 2327 2877 2381 trinum
2911 2333 2965 2380 et
2996 2331 3204 2381 unum?
3233 2325 3594 2394 Respondent

1944 2430 2135 2473 omnes
2166 2435 2179 2470 :
2213 2414 2517 2470 Credimus.
2553 2417 2616 2469 Et
2661 2414 2866 2484 adjecit
2897 2434 2909 2470 :
2943 2415 3146 2470 Munite
3193 2413 3404 2470 frontes
3433 2414 3590 2484 signo

1945 2506 2146 2561 crucis.
2200 2506 2266 2559 Et
2312 2502 2514 2559 factum
2562 2509 2664 2559 est.
2711 2505 2840 2559 Post
2895 2503 3016 2559 hmc
3069 2505 3189 2559 ait:
3223 2502 3592 2559 Condelector

1945 2600 2140 2649 vestrae
2171 2593 2473 2658 devotioni,
2507 2594 2812 2662 compatior
2839 2598 3020 2648 tamen
3043 2593 3347 2649 imminenti
3376 2599 3588 2664 magnae

1948 2681 2265 2753 perditioni.
2317 2681 2500 2735 Multis
2549 2682 2693 2735 enim
2741 2688 2890 2737 retro
2941 2683 3281 2752 temporibus
3335 2695 3447 2738 non
3505 2688 3591 2738 est

1945 2771 2162 2841 agnitus
2192 2770 2292 2824 hac
2325 2771 2377 2824 in
2426 2769 2562 2824 urbe
2610 2769 2874 2824 Salvator.
2909 2771 3009 2825 Diu
3059 2777 3142 2826 est
3188 2769 3337 2840 quod
3369 2770 3586 2837 erratis,

1945 2874 2066 2916 cum
2096 2858 2244 2914 nulla
2274 2859 2384 2913 sint
2430 2858 2586 2913 vobis
2621 2858 2847 2929 vestigia
2877 2858 3144 2914 veritatis.
3187 2861 3293 2914 Pro
3332 2859 3454 2915 luce
3483 2858 3590 2928 pal-

1945 2951 2086 3020 patis
2109 2949 2384 3013 tenebras,
2411 2947 2543 3002 caeci
2576 2960 2768 3002 omnes
2796 2947 2996 3013 effecti,
3020 2948 3277 3018 quoniam
3308 2948 3441 3004 caeci
3463 2953 3591 3004 sunt

218 3037 414 3094 sianum
469 3037 676 3092 invasit
706 3037 935 3104 clerum,
969 3036 1287 3108 insurgente
1320 3037 1525 3108 populo
1557 3010 2114 3096 noviterincduces
2170 3037 2356 3092 vestri.
2416 3036 2522 3091 Sed
2578 3036 2846 3104 numquid
2905 3042 3087 3105 potest
3143 3051 3326 3092 caecus
3381 3051 3589 3092 caecum

217 3141 344 3194 eum,
393 3127 788 3198 ingruentibus
844 3125 1120 3195 utrimque
1167 3127 1431 3195 peccatis.
1491 3129 1678 3184 Omnes
1727 3130 1860 3184 enim
1943 3129 2406 3184 ducere?Nonne
2437 3125 2598 3180 ambo
2649 3125 2706 3180 in
2755 3123 2964 3181 foveam
3012 3125 3256 3182 cadunt?
3294 3126 3590 3183 Abundant

220 3220 578 3283 peccaverunt,
601 3220 650 3270 et
678 3219 825 3283 egent
853 3213 1023 3283 gloria
1059 3213 1149 3268 Dei
1193 3214 1364 3285 (Rom.
1399 3231 1480 3282 ιιι,
1508 3214 1623 3286 23.)
1661 3218 1857 3273 Verum
1941 3217 2086 3273 enim
2133 3230 2297 3285 supra
2347 3213 2689 3280 multimoda,
2724 3213 2952 3270 haeresis
2999 3228 3221 3284 quoque
3270 3215 3363 3270 illa
3403 3229 3582 3285 symo-

218 3304 328 3358 talis
357 3305 443 3360 hic
477 3306 684 3361 horror
712 3308 916 3359 mutata
943 3317 1063 3358 cum
1086 3303 1419 3372 aspiratione
1450 3305 1632 3360 littera
1663 3307 1859 3362 multo-
1941 3307 2096 3361 niaca
2126 3303 2356 3373 (110)’in
2394 3302 2774 3359 sacerdotibus
2804 3309 2858 3358 et
2896 3303 3094 3370 levitis,
3128 3319 3190 3358 ac
3239 3303 3468 3372 reliquis
3499 3319 3583 3358 sa-

218 3407 320 3449 rum
352 3395 618 3465 concepit
650 3407 914 3450 errorem.
949 3394 1118 3462 Cujus
1148 3392 1361 3447 initium
1395 3399 1448 3448 et
1479 3395 1699 3461 seriem,
1733 3410 1858 3451 cum
1940 3408 2160 3452 crorum
2190 3393 2477 3457 ministris,
2511 3392 2606 3462 qui
2635 3407 2757 3446 cum
2804 3391 3133 3460 nicholaytte
3166 3393 3278 3445 sint
3317 3398 3372 3445 et
3400 3405 3587 3460 symo-

220 3497 294 3538 res
323 3486 529 3541 nostris
572 3484 751 3539 adhuc
799 3488 1048 3538 versetur
1094 3482 1149 3536 in
1199 3481 1427 3549 occulis,
1463 3490 1626 3552 prout
1656 3499 1860 3554 possu-
1944 3485 2108 3548 niaci,
2141 3483 2339 3538 merito
2389 3482 2592 3537 debent
2639 3480 2805 3534 abici.
2856 3484 2897 3534 A
2947 3481 3169 3548 quibus,
3203 3481 3248 3534 si
3296 3479 3526 3535 salutem
3556 3495 3587 3534 a

220 3585 324 3626 mus
372 3587 727 3630 ennaremus.
769 3572 956 3627 Finem
986 3570 1105 3641 ipse
1145 3571 1451 3640 provideat,
1485 3573 1579 3641 qui
1622 3587 1746 3629 cum
1788 3575 1861 3647 sit
1944 3573 2222 3629 Salvatore
2254 3569 2511 3640 speratis,
2533 3567 2798 3636 deinceps
2821 3567 3045 3623 omnino
3077 3573 3282 3634 cavete,
3316 3567 3464 3622 nulla
3495 3580 3590 3622 eo-

1558 3689 1783 3744 νΛῐὶΙίΕ
1852 3688 2132 3745 LECTION
2141 3688 2237 3742 ES.

283 3786 338 3818 ¹⁵³
374 3785 697 3843 innocentia
739 3787 794 3840 Β.
877 3783 935 3815 ιδ*
973 3783 1011 3838 i.
1054 3797 1108 3850 p.
1151 3782 1332 3838 des-unt
1370 3786 1428 3840 Β.
1509 3785 1568 3816 ¹⁵⁵
1605 3799 1726 3841 sese
1765 3788 1824 3841 B.
1866 3787 2006 3841 Mur.
2105 3783 2220 3839 ""l.
2257 3797 2312 3853 p.
2357 3797 2409 3852 p.
2453 3796 2502 3836 c.
2543 3795 2590 3836 r.
2632 3781 2700 3835 Μ.
2742 3795 2791 3835 c.
2825 3780 3008 3853 desunt
3048 3781 3106 3837 Β.
3202 3779 3262 3812 ¹⁸⁷
3282 3780 3483 3838 mortui
3522 3782 3584 3838 Β.

225 3855 408 3915 "‘duc.
456 3859 507 3913 1.
553 3858 712 3918 ducis
748 3857 826 3911 33.
867 3856 950 3909 5*.
1011 3853 1094 3932 1³⁵⁸
1113 3853 1432 3910 decumanis
1460 3858 1518 3911 B.
1600 3856 1733 3913 ““d.
1777 3858 2081 3914 honoribus
2115 3856 2161 3911 1.
2205 3851 2271 3910 Β.
2312 3851 2367 3907 1.
2399 3867 2562 3924 neque
2589 3867 2711 3908 vero
2740 3853 2799 3907 B.
2841 3851 2895 3905 2.

1790 3974 2008 4031 NOTAE.

287 4070 436 4143 (107)
479 4074 695 4128 Nomen
744 4071 866 4127 vico
913 4071 1132 4137 mansit,
1183 4071 1334 4143 inter
1379 4069 1598 4127 Mediol.
1648 4077 1702 4127 et
1754 4073 1853 4127 Pa-

223 4141 347 4208 piam
387 4141 518 4200 s’ito.
580 4144 729 4198 Diem
777 4143 984 4198 indicat
1033 4143 1260 4199 Kalend.
1321 4142 1378 4197 in
1425 4144 1562 4198 Mur.
1612 4145 1703 4200 SS.
1754 4143 1806 4198 1h
1835 4186 1849 4210 ,

224 4225 269 4280 p.
306 4213 441 4280 235;
476 4214 551 4270 cf.
581 4215 722 4270 Giul.
766 4216 851 4279 IV,
886 4213 1072 4268 48-58.

1935 4069 2222 4141 praeﬁxamg
2260 4067 2594 4141 conditionis
2639 4065 2896 4141 regulam
2928 4065 3104 4141 daret.
3147 4085 3176 4141 Β
3215 4065 3296 4141 Cf.
3338 4067 3490 4141 Alex.
3535 4070 3583 4141 11

1935 4137 2024 4212 ap.
2057 4139 2226 4196 Mansi
2274 4142 2442 4195 Cone.
2484 4140 2619 4212 XIX,
2649 4139 2786 4212 977.
2843 4138 3112 4212 Clericum
3150 4137 3329 4212 fuisse,
3349 4153 3416 4194 ex
3437 4140 3582 4212 ipsis

1936 4209 2141 4268 Amulli
2181 4212 2362 4266 verbis
2390 4226 2441 4267 c.
2482 4211 2564 4276 13,
2608 4210 2690 4274 16,
2722 4215 2970 4278 apparet,
3016 4209 3113 4263 sed
3158 4210 3575 4278 praedicationis

287 4279 435 4357 (108)
479 4285 731 4342 Andreas
757 4286 1093 4357 biographus
1130 4286 1249 4354 ejus
1286 4287 1550 4340 Bezonem
1581 4290 1634 4340 et
1664 4287 1852 4340 Bezam
1891 4356 1894 4357 ν
1938 4283 2178 4339 ofﬁcium
2209 4283 2426 4357 notario
2446 4295 2557 4357 non
2590 4280 2957 4357 competebat.
2987 4279 3581 4357 Caeterum_Land_ulfus

225 4349 460 4426 parentes
485 4360 612 4426 ejus
640 4357 772 4412 satis
803 4349 1016 4412 nobiles
1044 4349 1210 4411 fuisse
1241 4357 1408 4411 tradit
1437 4371 1486 4410 c.
1536 4357 1581 4421 1,
1615 4357 1666 4411 6.
1711 4358 1848 4411 Lan-
1870 4356 1918 4413 D
1937 4358 2093 4411 Cotta
2113 4368 2143 4409 a
2175 4353 2576 4426 posterioribus
2594 4349 2920 4426 appellatus,
2945 4355 3062 4402 erat
3085 4368 3111 4396 ac
3145 4349 3381 4426 clericus
3399 4350 3468 4426 de
3491 4363 3582 4426 u_r-

225 4424 358 4483 dullo
388 4424 574 4485 tamen
598 4428 920 4483 humiliores
947 4443 996 4483 c.
1029 4428 1082 4482 9.
1115 4428 1244 4483 Scil.
1284 4445 1312 4478 «
1343 4441 1410 4482 ex
1446 4428 1689 4496 equestri
1720 4441 1851 4496 pro-

224 4499 357 4568 §apia
380 4520 405 4550 υ
428 4506 610 4566 erant,
626 4505 765 4554 teste
784 4501 1054 4554 Bonizone
1075 4501 1149 4553 De
1175 4512 1384 4568 persec.
1407 4497 1628 4561 eccles.,
1649 4513 1702 4567 p.
1726 4497 1850 4551 805.

227 4567 400 4640 Postea
431 4587 572 4640 gens
599 4571 931 4626 Alciatorum
963 4584 1058 4626 eos
1083 4567 1189 4624 sibi
1219 4569 1532 4623 vindicavit.
1567 4567 1646 4624 Cf.
1682 4569 1850 4623 Laud.

227 4638 304 4704 lll,
333 4641 382 4696 5.
405 4638 550 4698 Giul.
579 4644 662 4706 ιν,
704 4642 784 4696 10.
810 4644 866 4696 In
892 4642 1159 4696 relatione
1182 4641 1326 4696 Petri
1354 4641 1595 4694 Damiani
1620 4654 1854 4695 comme-

228 4719 451 4780 moratur
484 4736 509 4763 α
545 4713 796 4769 Arialdus
825 4713 1006 4768 dictus
1034 4713 1299 4767 diaconus
1317 4711 1385 4768 de
1417 4711 1626 4780 capella
1655 4711 1854 4766 Medio-

228 4778 448 4855 lanensis
497 4784 924 4855 archiepiscopi.
979 4803 1006 4835 »
1041 4784 1344 4839 Praedicare
1397 4778 1854 4855 cmpit,_Audrca

225 4866 266 4923 ς.
285 4854 359 4907 ‘33
388 4863 553 4923 teste,
586 4853 801 4912 decimo
831 4861 956 4910 ante
988 4863 1215 4910 mortem
1238 4867 1402 4920 anno,
1431 4853 1622 4909 Varisii
1655 4853 1850 4922 primo,

227 4922 412 5052 giinilde
455 4922 770 4984 Mediolani.
815 4929 912 4997 Ep.
954 4927 1074 4997 Syri
1105 4927 1173 4981 ad
1199 4926 1492 4991 Andream,
1525 4939 1575 4981 c.
1617 4923 1688 4979 36
1717 4925 1854 4980 Vitae

292 5013 336 5052 ta
399 5015 434 5052 ι.

265 5010 434 5053 natur.

228 5134 251 5144 ,ν
291 5066 442 5139 (109)
484 5072 616 5144 Nam
649 5068 914 5144 Landulfo
945 5070 1034 5136 Ill,
1065 5068 1120 5134 5,
1154 5075 1292 5144 teste
1336 5069 1403 5144 de
1444 5066 1848 5144 notariis_era_t,

226 5139 389 5210 itaque
430 5143 675 5197 nondum
715 5142 1108 5206 subdiaconus,
1142 5141 1236 5210 qui
1285 5141 1541 5197 ordinum
1586 5139 1852 5210 eccl.ul—

229 5207 375 5282 timus
425 5221 532 5268 est.
584 5215 662 5268 ita
710 5213 870 5270 Wido
914 5207 1175 5282 loquitur‘
1199 5211 1253 5265 in
1302 5218 1507 5267 statuto
1558 5226 1607 5266 a.
1668 5209 1848 5266 1067:

235 5297 261 5354 ε
294 5281 600 5354 Perniciosa
634 5286 930 5354 negotiatio
962 5281 1274 5354 h’ujusmodi
1306 5297 1427 5350 quae
1459 5283 1512 5336 in
1544 5283 1645 5336 hac
1665 5289 1852 5354 sancta

229 5348 454 5422 Ecclesia
484 5348 1015 5411 consuefadiualitcr
1035 5348 1366 5416 vobtinebat,
1402 5361 1460 5407 ut
1507 5354 1756 5422 quisquis
1785 5353 1852 5407 ad

229 5421 498 5480 clericales
529 5427 750 5482 ordines
779 5425 1164 5497 provehendus
1185 5425 1500 5497 accederet,
1530 5421 1604 5479 de
1633 5421 1856 5497 subdia-

231 5501 415 5549 conatu
469 5498 690 5566 quidem
737 5494 799 5552 12
847 5511 1117 5562 nummos,
1163 5496 1231 5551 de
1280 5495 1572 5566 diaconatu
1603 5508 1732 5550 vero
1769 5494 1850 5560 18,

234 5565 501 5629 postremo
533 5569 599 5625 de
631 5571 1010 5640 presbyterato
1050 5565 1407 5637 suscipiendo
1453 5565 1524 5620 24
1571 5567 1726 5635 quasi
1759 5581 1856 5635 per

1936 4426 2095 4480 banis
2124 4419 2647 4480 eicellentibustam
2670 4419 2874 4477 ordine
2903 4433 3062 4489 quam
3095 4420 3317 4474 natione
3350 4437 3378 4470 »
3409 4419 3582 4475 Andr.

1941 4496 2237 4551 Valtumbr.
2271 4511 2320 4550 c.
2369 4495 2422 4549 5.
2481 4513 2506 4542 α
2553 4491 2816 4548 senatorii
2864 4491 3082 4562 generis
3132 4509 3160 4542 »
3205 4492 3371 4562 Petro
3424 4492 3576 4562 Dam.

1937 4582 2129 4637 opusc.
2166 4580 2251 4631 ur,
2287 4564 2378 4630 42,
2411 4564 2579 4637 frater
2611 4559 3245 4637 l~1erlembal_di,__de_quo
3276 4559 3581 4637 v.__infra_c.

1947 4631 2027 4693 16.
2060 4638 2397 4703 Anastasius,
2431 4636 2524 4705 qui
2573 4641 2627 4691 et
2672 4635 2878 4700 Amizo,
2909 4633 2946 4688 f.
3001 4632 3388 4705 Herlembaldi,
3424 4631 3581 4705 miles

1938 4711 2112 4765 sancti
2142 4703 2516 4773 Ambrosii,_c.
2570 4721 2620 4762 a.
2665 4706 2799 4760 1015
2828 4707 2895 4761 ab
2927 4705 3163 4760 Henrico
3208 4704 3338 4773 imp.
3361 4703 3580 4773 missus

1937 4781 2270 4837 constitutus
2300 4785 2402 4846 est,
2423 4772 2559 4833 cum
2587 4777 2698 4834 ﬁlio
2721 4775 3128 4833 Herlembaldo.
3163 4772 3318 4830 Hunc
3348 4772 3574 4830 fratrum

1937 4853 2155 4974 illorﬁrln
2193 4849 2590 4974 avunltlguisse,
2624 4862 2732 4905 non
2782 4849 2901 4904 sine
2950 4861 3112 4902 causa
3142 4846 3415 4903 existimat
3452 4847 3578 4903 Giu-

1959 4938 2032 4974 IIII
2141 4966 2153 4974 .
2231 4941 2284 4974 0-
2439 4963 2450 4974 .

1936 4924 2032 4978 lini
2064 4925 2154 4986 Ill,
2193 4923 2284 4989 75,
2333 4923 2450 4975 118.

2011 4995 2165 5066 (110)
2208 4986 2281 5049 De
2313 4994 2413 5047 hac
2444 4997 2582 5066 teste
2611 4990 2828 5066 Andrea
2865 5004 2916 5066 c_.
2964 4986 3045 5066 l_1,
3081 4993 3204 5060 post
3235 4991 3340 5045 iter
3376 4990 3576 5044 Roma-

1934 5059 2064 5122 num
2111 5059 2330 5121 demum
2373 5062 2626 5119 Arialdus
2672 5061 2836 5116 verba
2883 5059 3031 5123 fecit,
3067 5079 3094 5111 «
3139 5074 3301 5130 quam
3350 5065 3578 5116 eatenus

1934 5139 2287 5193 reticuerant.
2319 5137 2436 5202 Quo
2467 5132 2610 5188 iacto
2640 5132 2814 5189 Guido
2839 5150 2865 5182 «
2899 5138 2954 5187 et
2983 5145 3107 5200 pars
3138 5131 3368 5186 maxima
3407 5130 3575 5186 cieri-

1933 5223 2121 5265 corum
2154 5215 2208 5263 et
2238 5207 2489 5272 militum,
2524 5218 2736 5261 necnon
2770 5210 2823 5259 ct
2855 5202 3005 5257 multi
3038 5202 3105 5257 de
3130 5203 3332 5273 popqu
3364 5203 3576 5259 minore

1935 5293 2167 5350 nequam
2216 5279 2315 5333 viri
2365 5292 2423 5350 se
2472 5274 2999 5350 cernentes‘dixere
3047 5274 3114 5328 ad
3155 5275 3575 5350 invicemzlltec

1934 5345 2168 5420 namque
2199 5349 2457 5420 doctrina
2481 5349 2526 5402 si
2567 5348 2633 5403 ad
2665 5345 2970 5420 profectum
2997 5346 3226 5420 venerit,
3260 5346 3420 5420 nobis
3448 5359 3578 5420 nos-

1935 5417 2144 5491 trisque
2175 5422 2301 5475 ﬁliis
2332 5419 2580 5490 profecto
2610 5418 2762 5474 nullo
2792 5418 2954 5491 modo
2976 5417 3157 5491 vivere
3181 5417 3421 5491 expedit.
3444 5419 3575 5484 Qua

1937 5489 2080 5550 enim
2112 5499 2195 5548 est
2225 5489 2412 5548 nostra
2451 5492 2580 5556 vita,
2612 5490 2718 5545 nisi
2758 5489 3113 5546 ecclesiarum
3147 5489 3410 5545 beneﬁcia
3447 5503 3570 5560 quae

1937 5565 2155 5622 assidue
2185 5578 2217 5619 a
2236 5563 2397 5619 nobis
2428 5562 2738 5618 vendantur
2766 5567 2820 5617 et
2851 5565 3148 5617 emuntur?
3187 5578 3214 5611 »
