4100 6166
489 205 589 261 311

1617 203 1912 261 ARNULFI
1950 200 2481 258 MEDIOLANENSIS
2516 202 2803 259 CLEMCI.

3752 200 3862 257 312

499 344 617 387 rum
649 334 979 387 venerantes
1002 330 1204 398 ofﬁcia,
1230 342 1462 402 quorum
1491 328 1759 384 sacriﬁcia
1788 326 1932 382 idem
1962 332 2046 381 est
2072 327 2526 385 acAconvocare
2557 325 2899 396 pontiﬁcum,
2929 327 3194 382 mandans
3243 325 3505 384 Landulfo
3535 332 3592 384 et
3616 300 3862 395 Arialdo,

493 419 539 474 si
571 419 767 475 canina
798 420 909 475 sint
941 425 1207 484 stercora,
1240 432 1538 487 eorumque
1584 416 1827 472 basilica
1851 417 2133 485 jumento-

494 510 616 563 rum
666 508 955 578 prasepia.
989 508 1350 575 Quamobrem
1392 506 1529 575 ipsis
1574 504 1771 560 amodo
1802 504 2132 574 reprobatis,

493 596 639 653 bona
670 610 859 653 eorum
891 597 1073 652 omnia
1102 596 1489 666 publicentur;
1523 594 1602 648 sic
1624 592 1853 648 facultas
1881 593 2137 649 omnibus

494 687 751 741 universa
779 685 1098 755 diripiendi,
1127 684 1218 739 ubi
1241 682 1445 738 fuerint
1465 683 1519 737 in
1542 682 1677 737 urbe
1699 682 1781 737 vel
1804 693 1975 737 extra.
2001 683 2134 736 Nam

494 781 551 831 et
566 788 668 845 ego
682 773 971 844 plectenda
995 774 1150 842 plura
1170 770 1437 838 commisi;
1452 770 1548 826 sed
1563 770 1709 839 quod
1726 771 1880 840 pejus
1895 770 2135 825 omnium

493 860 615 929 fuit,
640 862 880 932 indignis
912 874 1082 930 usque
1113 859 1277 914 modo
1308 858 1763 915 communicando
1794 860 1994 929 Regem
2026 871 2136 912 ca-

495 951 670 1007 lorum
720 949 943 1006 offendi.
982 950 1139 1004 Nunc
1194 954 1374 1004 autem
1423 947 1673 1017 propicia
1719 947 2003 1002 divinitate
2032 960 2135 1016 ago

497 1040 894 1109 paenitentiam,
938 1037 1065 1092 talia
1122 1036 1441 1106 provisurus
1496 1036 1552 1091 in
1606 1041 1907 1106 posterum.
1966 1035 2138 1105 Igitur

494 1129 798 1185 imitatores
844 1125 950 1181 mei
1007 1131 1207 1192 estote,
1257 1125 1547 1193 carissimi,
1607 1131 1662 1181 et
1719 1125 1791 1180 ita
1839 1124 2132 1192 ambulate,

492 1218 634 1273 sicut
656 1216 870 1272 habetis
897 1214 1125 1271 formam
1157 1222 1421 1271 nostram.
1466 1236 1491 1264 »

569 1305 651 1359 12.
694 1304 791 1361 His
828 1306 905 1360 ita
935 1304 1203 1370 decursis,
1238 1308 1293 1358 et
1320 1303 1570 1373 pluribus
1597 1302 1721 1358 aliis
1748 1317 1871 1373 qua
1900 1302 2136 1358 humana

492 1408 604 1452 non
634 1394 783 1465 capit
811 1395 1095 1459 memoria,
1130 1393 1366 1463 p0pulus
1403 1407 1621 1463 semper
1648 1392 1840 1448 avidus
1868 1405 2133 1449 novorum

494 1485 549 1540 in
581 1483 812 1539 nimium
841 1483 1014 1539 zelum
1046 1482 1316 1538 excitatur
1362 1482 1624 1537 adversus
1668 1481 1896 1549 clerum,
1923 1481 2046 1536 aliis
2075 1494 2135 1535 se

493 1568 709 1626 deferre
740 1570 853 1625 Deo
892 1568 1231 1638 putantibus,
1264 1567 1387 1623 aliis
1424 1568 1664 1623 avaritia
1706 1567 1872 1623 lucris
1914 1566 2136 1622 inhian-

2220 415 2627 471 rationabiliter
2655 415 2924 472 interesse
2952 416 3273 472 tractandis.

2294 503 2376 558 13.
2418 506 2614 560 Factus
2644 511 2728 559 est
2746 511 2927 560 autem
2949 504 3231 575 synodalis
3252 503 3546 574 prasulum
3568 504 3862 562 multorum

2216 599 2539 660 conventus,
2571 595 2627 648 in
2676 593 2800 649 loco
2832 594 2925 663 qui
2971 586 3258 649 dicebatur
3287 594 3646 650 Fontanetum
3684 592 3861 664 (114).

2216 681 2319 736 Ubi
2341 696 2462 736 cum
2502 682 2684 737 triduo
2705 682 3046 751 spiritalibus
3083 689 3339 737 vacarent
3360 681 3421 713 ⁸⁸³
3450 682 3715 753 negociis,
3740 682 3865 738 illo-

2218 785 2336 826 rum
2368 770 2749 839 prastolantes
2767 771 3081 838 adventum,
3113 770 3284 825 visum
3311 778 3394 826 est
3420 772 3676 827 omnibus
3693 776 3865 827 teme-

2216 860 2432 915 ritatem
2482 865 2684 914 tantam
2732 860 3076 915 anathemate
3118 861 3267 929 justo
3315 858 3431 917 fore
3470 860 3860 916 mulctandam.

2217 949 2549 1021 Factumque
2578 956 2663 1005 est
2692 949 2785 1003 ita.
2818 950 2948 1015 Quae
2975 949 3157 1005 omnia
3188 949 3598 1019 floccipendens
3618 948 3864 1004 Landul-

2218 1037 2322 1105 fus,
2355 1053 2477 1094 cum
2511 1038 2686 1095 vereri
2735 1037 3020 1104 debuerat,
3058 1038 3227 1108 magis
3273 1037 3574 1094 extollitur.
3609 1040 3686 1093 Ex
3731 1039 3864 1095 hinc

2218 1127 2557 1182 conviciatur
2585 1126 2881 1196 episcopis,
2902 1125 3181 1196 praecipue
3206 1125 3652 1196 metropolitano,
3674 1125 3867 1183 furens

2217 1214 2368 1273 solos
2396 1216 2553 1271 savit
2582 1216 2637 1271 in
2668 1215 2921 1283 clericos,
2963 1229 3199 1286 arguens
3229 1215 3354 1271 illos
3384 1230 3499 1271 sua
3528 1229 3867 1287 suorumque

2218 1303 2586 1373 perditionis;
2619 1303 2791 1359 laicos
2818 1317 2947 1359 vero
2972 1302 3189 1359 fovebat
3210 1302 3270 1334 ¹⁶⁹
3294 1310 3354 1359 ιιι
3381 1302 3599 1359 fratres.
3620 1305 3867 1374 Cumque

2217 1390 2361 1445 foret
2389 1390 2681 1447 simulandi
2730 1397 2785 1445 et
2831 1390 3213 1449 dissimulandi
3262 1405 3466 1462 gnarus
3512 1404 3612 1461 per
3657 1393 3864 1457 omnia,

2218 1479 2467 1549 pluribus
2486 1478 2740 1545 dilectus,
2765 1485 2962 1535 cuncta
2984 1494 3140 1535 suum
3163 1480 3517 1550 retorquebat
3536 1479 3604 1535 ad
3625 1479 3866 1548 libitum,

2217 1566 2393 1623 factus
2414 1568 2529 1637 ipse
2552 1563 2801 1623 mirabile
2832 1568 3035 1624 mundo
3065 1569 3462 1638 spectaculum.
3496 1568 3651 1626 Unde
3684 1575 3870 1639 potes-

493 1660 661 1715 tibus.
700 1659 779 1714 Ad
813 1658 932 1714 hac
955 1658 1011 1688 ¹⁶¹
1046 1656 1342 1713 Landulfus
1370 1657 1513 1713 idem
1534 1656 1695 1712 simul
1717 1672 1837 1713 cum
1870 1655 2332 1726 compliceBtate
2362 1662 2607 1728 accepta,
2659 1670 2946 1713 commune
2993 1656 3190 1713 indicit
3236 1658 3492 1714 omnibus
3526 1657 3683 1713 laicis
3703 1660 3865 1728 jura-

493 1747 716 1805 Arialdo
754 1762 854 1818 per
900 1747 1020 1803 dies
1075 1747 1277 1803 multos
1324 1746 1618 1802 multorum
1667 1746 1873 1802 incitat
1902 1746 2135 1813 animos,

493 1837 669 1909 gratia
694 1835 949 1893 favoralis
977 1850 1124 1891 aura
1148 1850 1285 1892 nova
1314 1850 1531 1906 semper
1559 1842 1614 1892 et
1644 1835 1889 1891 inaudita
1919 1836 2140 1892 concio-

494 1926 678 1982 nando
709 1939 1045 1995 pr0ponens,
1078 1932 1243 1995 prout
1272 1931 1497 1981 noverat
1524 1924 1671 1995 vulgi
1691 1938 1918 1980 morem.
1940 1925 2021 1980 Ad
2043 1940 2141 1981 cu-

490 2018 581 2087 jus
601 2014 1056 2085 compescendam
1079 2015 1444 2071 temeritatem
1465 2016 1700 2085 majores
1719 2014 1970 2071 ecclesia
1988 2029 2137 2085 sape

495 2103 848 2169 conveniunt,
881 2118 1064 2159 sacras
1092 2102 1174 2158 illi
1205 2103 1507 2172 scripturas
1535 2108 1590 2158 et
1621 2104 1935 2159 sanctiones
1964 2116 2138 2173 oppo-

494 2198 691 2248 nentes
718 2192 1012 2247 canonicas
1034 2190 1112 2247 ¹⁶².
1145 2192 1275 2259 Qua
1308 2191 1623 2261 despiciens
1659 2192 1862 2258 omnia,
1894 2191 2137 2247 nichilo-

494 2282 672 2339 minus
701 2281 890 2336 instat.
924 2283 1036 2337 lmo
1067 2280 1157 2337 die
1184 2294 1292 2336 una
1321 2280 1591 2350 solempni
1620 2281 1688 2335 ad
1721 2279 2009 2336 ecclesiam
2039 2295 2137 2337 ve-

494 2370 652 2427 niens
681 2384 804 2426 cum
852 2370 1029 2426 turbis
1072 2384 1104 2425 a
1144 2367 1266 2425 foro
1314 2368 1611 2438 psallentes
1650 2382 1840 2425 omnes
1869 2369 2139 2426 violenter

494 2459 730 2530 projecit
760 2472 789 2513 a
821 2458 993 2514 choro
1028 2456 1203 2529 (111),
1236 2458 1534 2528 insequens
1572 2472 1672 2527 per
1700 2457 1931 2529 angulos
1960 2464 2016 2514 et
2044 2458 2136 2513 di-

492 2547 756 2604 versoria.
773 2547 980 2603 Deinde
1002 2546 1241 2616 providit
1264 2545 1323 2577 ¹⁶³
1342 2545 1540 2602 callide
1555 2546 1724 2602 scribi
1745 2547 2058 2617 phytacium
2078 2547 2139 2578 ¹⁶⁶

492 2636 563 2693 de
592 2637 843 2693 castitate
871 2636 1137 2693 servanda
1176 2635 1427 2707 neglecto
1467 2649 1677 2692 canone
1716 2636 2006 2693 mundanis
2035 2652 2136 2692 ex-

495 2731 699 2784 tortum
724 2726 783 2759 ¹⁶⁸
820 2741 850 2783 a
881 2727 1117 2798 legibus,
1148 2727 1204 2782 in
1236 2740 1346 2798 quo
1377 2740 1570 2783 omnes
1597 2727 1738 2783 sacri
1760 2727 1984 2784 ordines
2010 2730 2137 2784 Am-

492 2816 766 2873 brosiana
786 2814 1040 2887 dyocesis
1068 2816 1223 2872 inviti
1253 2815 1629 2883 subscribunt,
1662 2817 1979 2887 angariante
2016 2817 2139 2886 ipso

493 2920 616 2962 cum
646 2905 817 2975 laycis
837 2904 919 2959 ¹⁶⁸.
941 2905 1164 2961 Interim
1197 2905 1489 2975 pt‘adones
1512 2905 1748 2960 civitatis
1770 2911 1973 2975 prater
1992 2906 2141 2961 ades

2219 1753 2483 1813 mentum,
2515 1746 2671 1816 quasi
2702 1746 3071 1817 impugnanda
3110 1759 3426 1816 proponens
3455 1760 3736 1803 sacrorum
3769 1761 3865 1803 or-

2219 1834 2406 1890 dinum
2455 1841 2644 1905 stupra
2687 1840 2743 1890 et
2789 1834 3008 1890 venales
3046 1835 3513 1891 consecrationes.
3544 1835 3699 1903 Quod
3749 1849 3864 1891 non

2220 1923 2392 1980 multo
2424 1930 2547 1994 post
2587 1923 2824 1979 clericos
2870 1924 3035 1979 etiam
3076 1925 3263 1994 jurare
3313 1923 3613 1995 compellit.
3654 1924 3734 1980 Ab
3764 1924 3865 1980 illo

2221 2013 2422 2068 etenim
2454 2019 2702 2082 tempore
2751 2012 3127 2069 innumerabis
3173 2014 3416 2069 virorum
3460 2028 3525 2069 ac
3570 2012 3867 2069 mulierum

2219 2107 2436 2157 caterva
2492 2101 2644 2157 illum
2693 2103 3026 2158 comitantur
3083 2108 3324 2169 euntem,
3377 2109 3723 2172 stantemque
3770 2102 3869 2158 die

2219 2196 2496 2261 noctuque
2550 2191 2889 2248 custodiunt.
2938 2192 3040 2260 Qui
3089 2196 3373 2247 unanimes
3419 2190 3568 2259 facti,
3600 2190 3875 2248 ecclesias

2219 2284 2617 2351 contempnnnt
2645 2287 2701 2336 et
2729 2281 2911 2336 divina
2932 2288 3200 2353 spernunt
3223 2295 3345 2336 cum
3367 2280 3632 2336 ministris
3660 2279 3870 2348 ofﬁcia,

2219 2374 2526 2424 asserentes
2556 2370 2736 2424 omnia
2765 2369 3099 2439 symoniaca.
3137 2370 3249 2425 llos
3277 2369 3414 2424 tales
3451 2374 3650 2425 catera
3682 2368 3878 2439 vulga-

2219 2456 2354 2512 ritas
2382 2457 2647 2528 hyronice
2697 2457 2984 2513 Patarinos
3006 2457 3065 2488 "°
3102 2457 3344 2528 appellat
3377 2457 3560 2529 (115).
3593 2459 3876 2514 Praterea

2219 2547 2443 2601 Romam
2478 2545 2853 2615 proﬁciscitur
2881 2546 3154 2614 Arialdus,
3177 2547 3549 2618 apologeticas
3576 2545 3759 2603 ferens
3779 2546 3879 2603 lit-

2221 2641 2366 2691 teras
2395 2633 2558 2706 (116).
2592 2634 2695 2691 Ubi
2726 2649 2849 2691 cum
2869 2636 3286 2691 Ambrosianum
3329 2642 3613 2692 accusaret
3633 2635 3875 2703 clerum,

2219 2724 2494 2780 afﬁrmans
2516 2737 2706 2779 omnes
2752 2724 3041 2781 nicolaitas
3070 2733 3126 2780 et
3153 2726 3498 2796 symoniacos
3544 2740 3606 2781 ac
3638 2738 3879 2796 prorsus

2219 2812 2605 2869 inobedientes
2643 2815 2903 2869 Romana
2948 2813 3220 2883 ecclesia,
3253 2829 3313 2871 se
3353 2819 3532 2870 autem
3572 2828 3695 2870 cum
3726 2816 3879 2870 Lan-

2224 2900 2377 2957 dulfo
2409 2901 2663 2957 devotum
2695 2909 2750 2957 et
2780 2916 2879 2972 pro
2911 2902 3029 2959 sola
3058 2903 3287 2959 veritate
3316 2908 3638 2969 certantem,
3667 2905 3878 2961 Roma-

491 2993 706 3063 aliquas
724 2994 781 3049 in
811 2994 947 3049 urbe
974 2993 1185 3048 dirutas
1216 2992 1520 3048 lustrabant
1542 2993 1856 3063 parochiam
1871 2992 2138 3051 “"domos
2159 2978 2201 3037 σε
2223 3004 2417 3047 norum
2444 2990 2699 3047 celeriter
2726 2991 2959 3061 adeptus
2978 2997 3061 3048 est
3085 2993 3335 3064 gratiam.
3367 2993 3467 3060 Qui
3497 3006 3619 3048 cum
3653 2994 3876 3063 princi-

493 3080 823 3137 clericorum
852 3086 1184 3145 scrutantes,
1216 3094 1517 3149 eorumque
1547 3081 1874 3151 diripientes
1892 3082 2142 3137 substan-

495 3168 626 3224 tiam
667 3167 849 3240 (112).
882 3168 1076 3224 Clerus
1104 3169 1273 3239 igitur
1301 3168 1681 3239 multipliciter
1708 3168 1963 3237 afﬂictus,
1996 3171 2141 3241 lega-

494 3257 647 3314 tione
676 3257 868 3314 humili
899 3265 1237 3328 conquestus
1266 3264 1349 3313 est
1380 3258 1554 3328 primo
1585 3259 2142 3328 comprovincialibus

494 3347 792 3418 episcopis,
849 3346 1050 3403 deinde
1110 3347 1361 3403 Romano
1414 3346 1684 3416 pontiﬁci.
1728 3349 1968 3403 Praerat
2010 3355 2141 3404 tunc

491 3438 680 3493 Roma
709 3435 1019 3507 Stephanus
1049 3433 1224 3506 (113);
1250 3435 1343 3505 qui
1374 3434 1561 3491 audita
1590 3436 1938 3506 perpendens
1969 3450 2142 3507 popu-

493 3526 601 3583 lum
643 3525 931 3597 quiescere
962 3531 1016 3580 et
1045 3523 1521 3594 archiepiscopum
1554 3539 1721 3595 super
1750 3525 1853 3581 hac
1884 3540 1943 3581 re
1974 3540 2140 3597 syno-

493 3616 621 3672 dum
652 3628 990 3687 congregare
1008 3613 1331 3684 apostolicis
1356 3614 1515 3683 jubet
1533 3614 1802 3684 apicibus.
1829 3616 1944 3683 Qua
1964 3605 2137 3671 fretus

492 3704 819 3762 auctoritate
875 3702 1034 3759 Wido
1092 3701 1292 3772 prasul
1352 3701 1648 3772 diligenter
1702 3703 1888 3759 studet
1934 3709 2135 3759 coetum

2223 3081 2340 3150 pari
2365 3088 2627 3151 appetant
2651 3082 2776 3150 jure
2806 3081 3133 3151 apostolico,
3157 3082 3412 3137 videntur
3429 3081 3567 3137 velle
3595 3082 3879 3140 dominari

2223 3169 2467 3224 omnium
2490 3169 2570 3235 ¹⁷¹,
2603 3174 2658 3224 et
2678 3174 2877 3224 cuncta
2900 3184 3013 3225 sua
3035 3170 3271 3226 subdere
3293 3170 3489 3225 ditioni
3511 3184 3632 3226 cum
3656 3171 3715 3202 ¹⁷²
3736 3171 3876 3228 doc-

2223 3263 2313 3314 tor
2342 3257 2688 3328 evangelicus
2706 3271 2838 3314 suos
2857 3258 3055 3314 doceat
3084 3258 3445 3315 humilitatem
3473 3259 3757 3328 apostolos
3786 3261 3878 3317 di-

2223 3361 2356 3403 cens
2380 3366 2392 3402 :
2418 3348 2595 3418 Reges
2618 3347 2863 3418 gentium
2885 3348 3239 3405 dominantur
3260 3361 3471 3415 eorum,
3495 3354 3551 3404 et
3570 3350 3666 3419 qui
3686 3355 3879 3419 potes-

2221 3440 2387 3491 tatem
2418 3435 2623 3491 habent
2651 3451 2819 3507 super
2850 3446 2967 3503 eos,
2990 3436 3224 3493 beneﬁci
3244 3443 3528 3493 vocantur.
3554 3438 3662 3493 Vos
3681 3445 3876 3495 autem

2220 3538 2330 3581 non
2360 3525 2440 3581 sic
2466 3545 2482 3593 ;
2508 3525 2603 3581 sed
2637 3526 2732 3595 qui
2762 3527 2936 3597 major
2965 3531 3049 3581 est
3076 3526 3132 3582 in
3162 3526 3338 3596 vobis,
3371 3526 3463 3582 ﬁat
3491 3527 3633 3582 sicut
3664 3528 3874 3594 minor,

2221 3618 2276 3671 et
2305 3614 2400 3685 qui
2431 3628 2739 3685 pracessor
2767 3621 2870 3683 est,
2905 3615 3047 3671 sicut
3076 3614 3328 3671 minister
3356 3615 3490 3687 (Luc
3516 3631 3650 3683 xm,
3681 3614 3796 3683 25).

2296 3702 2379 3759 14.
2421 3704 2679 3761 Turbinis
2707 3704 2878 3776 igitur
2906 3718 3071 3762 causa
3101 3704 3337 3776 prafati,
3367 3719 3749 3777 sapenumero
3777 3720 3878 3764 ve-

1842 3828 2063 3883 VABL‘E
2124 3829 2507 3886 LECTIONES.

564 3932 621 3965 ¹⁶¹
647 3932 754 3987 hoc
783 3933 842 3986 B.

490 4089 595 4129 non
624 4075 664 4129 Β
692 4072 766 4126 2’.

845 4071 1208 4148 “paterinos
1237 4073 1295 4126 Β.
1376 4072 1432 4103 ¹⁷¹
1454 4073 1709 4148 omnibus
1745 4073 1824 4130 3³.
1869 4077 1926 4129 Β.
2005 4076 2064 4106 ¹⁷²
2088 4092 2188 4148 pro
2227 4092 2349 4133 cum
2395 4108 2467 4117 —
2514 4079 2706 4134 dicens
2735 4080 2794 4133 Β.
2843 4077 2889 4133 l.
2941 4071 3094 4134 1ιὰὺεί

816 3938 842 4013 ε.
915 3929 1174 4013 ξξίοεηθο
1221 3932 1548 4013 canones-‘3.
1603 3930 1688 4013 m‘f’
1709 3933 1961 4013 providet
1993 3933 2160 4013 315’.
2211 3935 2270 3989 Β.
2351 3935 2411 3966 ³⁸⁵
2442 3935 2704 4013 p_ytatium
2735 3936 2794 4013 Β.
2876 3935 2935 4013 "f
2956 3942 3207 4013 exortum
3246 3936 3407 4013 BL}.
3446 3942 3651 4013 ex_orto_
3676 3938 3747 4013 B._
3780 3937 3871 3995 2*.

566 4002 627 4034 ¹⁶⁶
648 4002 860 4059 lanceis
915 4002 973 4056 Β.
1054 4000 1112 4031 ¹⁶⁷
1136 4001 1425 4069 parochias
1463 4003 1523 4055 Β.
1603 4003 1662 4032 ³⁸⁸
1680 4000 1897 4059 vacaret
1942 4006 1987 4058 1.
2027 4004 2110 4060 5*.
2144 4000 2615 4062 vacassent'Puric
2652 4007 2717 4062 de
2746 4008 2960 4064 Sanctis

2996 4023 3051 4079 ρ.
3102 4007 3219 4063 183.
3301 4007 3361 4039 ¹⁶⁹
3381 4007 3595 4064 favebat
3622 4010 3682 4064 Β.
3731 4007 3783 4076 1,
3819 4015 3878 4065 at

3151 4099 3164 4134 :
3201 4079 3391 4163 ‘lo‘nge
3438 4080 3601 4163 aliter
3633 4079 3875 4163 jubente

492 4142 1070 4217 evangelioapostolis
1099 4156 1399 4213 eorumque
1428 4144 1775 4213 sequacibus.
1810 4148 1987 4217 Reges
2011 4142 2110 4202 etc'.
2147 4149 2215 4203 At
2245 4150 2303 4204 Β.
2344 4149 2379 4202 2
2415 4150 2550 4205 Cum
2582 4180 2651 4189 —
2679 4150 2929 4205 minister
2958 4150 3168 4214 omittit,
3195 4142 3409 4206 (esti5us
3438 4152 3478 4206 Β
3514 4150 3593 4204 2'.
3624 4142 3673 4206 ἐι
3704 4152 3866 4207 Puri—

490 4215 619 4273 cello
635 4214 694 4289 p.
741 4214 859 4270 189.

2059 4317 2275 4375 ΝΟΤᾹΞ.

598 4429 723 4503 111)
766 4429 847 4503 Cf.
879 4429 1063 4503 Boniz.
1096 4445 1151 4500 p.
1184 4429 1309 4503 805.

598 4499 714 4569 112)
752 4500 832 4559 Cf.
867 4501 1033 4557 verba
1062 4499 1251 4557 statuti
1273 4516 1322 4556 a.
1360 4499 1497 4555 1067
1529 4521 1541 4556 :
1578 4520 1605 4552 «
1639 4500 1768 4557 lllos
1795 4507 1976 4559 autem
2007 4516 2129 4559 om-

489 4572 589 4631 nes
618 4574 853 4629 clericos
873 4579 929 4629 et
958 4572 1147 4639 laicos,
1181 4573 1275 4642 qui
1297 4579 1489 4628 contra
1510 4572 1842 4629 simoniacos
1863 4581 1917 4630 et
1943 4575 2137 4630 incon-

489 4648 730 4702 tinentes
774 4645 1027 4709 clericos,
1061 4653 1120 4699 ut
1158 4658 1255 4713 per
1302 4650 1505 4699 rectam
1547 4643 1707 4699 ﬁdem
1740 4659 1808 4700 ne
1848 4645 1967 4701 hac
1996 4647 2137 4702 mala

491 4718 687 4773 ﬁerent
715 4730 939 4786 operam
968 4715 1182 4781 darent,
1200 4716 1522 4785 juraverunt
1547 4734 1560 4779 ;
1587 4722 1641 4769 et
1673 4729 1772 4785 per
1799 4716 1904 4772 hoc
1941 4718 2135 4773 incen-

492 4788 604 4848 dia.
627 4787 1097 4859 depradationes,
1129 4787 1446 4857 sanguinem
1482 4786 1796 4859 effusiones,
1830 4787 2136 4858 multasque

489 4860 723 4930 injustas
750 4858 1038 4930 violentias
1075 4858 1360 4920 fecerunt;
1413 4858 1729 4930 omnimodo
1784 4860 2138 4928 prohibemus

488 4928 559 4988 ne
584 4930 704 4986 hac
738 4929 968 4985 ulterius
996 4928 1215 4985 faciant.
1244 4950 1270 4977 ››
1304 4931 1367 4985 Et
1408 4929 1551 4985 Petri
1581 4931 1731 4984 Dam.
1773 4931 2133 4987 relationem:

494 5023 520 5052 ι
560 5002 803 5072 ldipsum
822 5001 1204 5071 jusjurandum
1234 5008 1427 5057 contra
1456 5001 1788 5056 simoniacos
1817 5008 1872 5057 et
1902 5002 2135 5059 nicolai-

490 5080 575 5130 tas
608 5074 942 5144 permaxima
981 5086 1108 5143 pars
1158 5073 1345 5143 populi
1396 5086 1506 5128 non
1546 5072 1711 5144 modo
1743 5072 1920 5128 civilis
1953 5074 2049 5129 sed
2082 5080 2137 5129 et

488 5142 791 5202 suburbani
835 5146 946 5214 jam
984 5142 1247 5209 dederat,
1279 5157 1513 5214 quorum
1552 5142 1808 5199 videlicet
1842 5144 2135 5201 multitudo

489 5216 853 5273 millenarium
885 5221 945 5271 ut
974 5215 1147 5271 fertur
1185 5229 1466 5271 numerum
1493 5216 1603 5285 jam
1635 5216 1953 5285 excedebat.

562 5287 703 5358 (113)
742 5287 795 5343 2.
829 5291 965 5358 Aug.
1003 5285 1138 5340 1057
1164 5315 1234 5326 —
1260 5285 1330 5340 29
1369 5284 1523 5342 Mart.
1563 5284 1715 5358 1058.

561 5357 719 5429 (114)
760 5357 1022 5430 oppidum
1053 5359 1108 5413 in
1138 5371 1269 5430 agro
1318 5357 1635 5415 Novariensi
1680 5357 1923 5427 ejusdem
1962 5357 2136 5413 nomi-

489 5427 583 5486 nis
604 5427 1142 5487 adhuc's'ubsistens.
1175 5427 1301 5485 PAL.

563 5499 714 5571 (115)
757 5519 785 5551 ‹‹
844 5503 914 5558 La
959 5500 1234 5559 Contrada
1290 5499 1359 5557 de
1415 5498 1819 5573 Rivenduglioli
1870 5498 2131 5570 diaphani

2149 4436 2198 4494 D
2218 4434 2429 4500 vecchi,
2463 4436 2600 4491 detti
2631 4435 2700 4491 da
2729 4436 2830 4492 Noi
2861 4437 3061 4493 Patari.
3104 4454 3132 4488 ω
3173 4435 3314 4493 Giul.
3347 4436 3433 4504 1V,
3459 4435 3552 4504 98,
3583 4435 3878 4506 paterinos

2218 4512 2260 4562 t.
2294 4520 2344 4562 e.
2379 4520 2677 4576 pannosos,
2716 4508 2916 4564 Bonizo
2949 4522 3002 4578 p.
3045 4506 3173 4562 805.

2293 4577 2436 4703 (116)
2475 4578 2719 4661 Andreas
2767 4580 2858 4660 ubi
2909 4577 3184 4663 connubia
3220 4578 3645 4662 clericorum.“
3677 4577 3876 4648 populi

2314 4656 2400 4703 eta
2431 4648 2598 4703 fuisse
2628 4649 2836 4703 retulit.
2860 4665 2909 4703 c.
2943 4651 3076 4703 81ta
3099 4658 3279 4703 nerant
3310 4670 3323 4703 :
3360 4669 3388 4701 ((
3430 4652 3533 4703 Per
3560 4649 3706 4703 idem
3738 4656 3876 4703 tem-

2220 4648 2400 4722 deleta
2431 4648 2598 4705 fuisse
2628 4649 2836 4722 retulit,
2860 4665 2909 4706 c.
2943 4651 2978 4704 8
3002 4651 3076 4706 ita
3099 4651 3279 4722 pergit
3310 4670 3323 4705 :
3360 4652 3533 4722 «iper
3560 4649 3706 4722 idem
3738 4656 3879 4722 tem-

2221 4735 2323 4793 pus
2353 4720 2655 4793 decrevere
2678 4720 2868 4777 ﬁdeles
2887 4723 3113 4777 Romam
3144 4720 3219 4777 ad
3242 4721 3509 4793 synodum
3541 4720 3878 4793 Landulfum

2221 4792 2459 4857 mittere,
2492 4792 2750 4863 quoniam
2770 4799 2829 4847 ut
2861 4806 2957 4848 eos
2975 4793 3316 4849 mendaciter
3334 4806 3524 4849 eorum
3556 4792 3741 4863 amuli
3771 4806 3880 4847 ac-

2221 4862 2635 4929 cusarent,illo
2668 4864 2987 4934 pergebant.
3023 4883 3051 4917 »
3083 4867 3199 4931 Quo
3248 4864 3541 4920 Placentia
3578 4862 3877 4920 vulnerato

2218 4935 2472 4990 Arialdus
2493 4936 2715 4991 Romam
2740 4936 3008 5004 pervenit.
3041 4937 3185 5006 Papa
3214 4943 3393 4991 autem
3427 4954 3453 4985 ‹‹
3496 4940 3622 5004 post
3643 4934 3877 4990 multam

2222 5006 2694 5061 honoriﬁcentiam
2735 5020 2896 5076 quam
2937 5007 3039 5076 ipsi
3094 5006 3384 5076 impendit,
3412 5006 3575 5076 jussit
3606 5020 3635 5061 a
3665 5006 3882 5075 quibus

2219 5077 2603 5133 sacerdotibus
2638 5076 2821 5132 divina
2863 5078 3119 5148 mysteria
3150 5076 3351 5134 dehinc
3381 5082 3646 5144 sumeret,
3679 5084 3735 5132 et
3762 5078 3877 5132 sub

2219 5148 2521 5230 inevitabili
2547 5150 2701 5230 jussu
2734 5149 2782 5203 ei
2804 5150 3077 5230 pracepit
3108 5149 3174 5230 ad
3197 5164 3337 5230 opus
3357 5153 3595 5230 captum
3627 5148 3876 5230 regredi,

2220 5225 2271 5273 et
2296 5226 2403 5273 tam
2434 5219 2527 5275 diu
2550 5217 2606 5275 in
2637 5233 2703 5275 eo
2733 5217 3086 5276 vehementer
3115 5217 3390 5286 insistere,
3424 5217 3603 5277 donec
3634 5217 3877 5275 nefanda

2220 5303 2458 5363 opera...
2492 5298 2585 5347 aut
2642 5292 2863 5363 penitus
2912 5291 3123 5348 deleret
3162 5300 3256 5347 aut
3301 5292 3691 5363 sanguinem...
3725 5304 3881 5363 pra-

2221 5360 2396 5416 beret.
2432 5363 2506 5418 De
2538 5362 2751 5434 synodo
2800 5363 2938 5434 nihil
2971 5363 3157 5434 habet.
3197 5364 3307 5421 Sub
3338 5360 3615 5434 Stephano
3647 5362 3713 5434 X1
3742 5361 3875 5418 hac

2218 5440 2338 5558 Salsa
2396 5447 2537 5503 esse,
2576 5432 2880 5490 Landulfus
2936 5433 3106 5490 refert
3160 5436 3251 5502 Ill,
3318 5436 3398 5503 11,
3434 5432 3519 5489 “θι
3575 5432 3776 5489 Bonizo
3813 5446 3873 5502 p.
