4100 6166
411 262 519 322 315

1504 264 1796 320 ARNULFI
1835 262 2366 319 MEDIOLANENSIS
2401 261 2688 318 CLERICI.

3677 254 3782 310 316

412 389 522 460 psit
583 389 890 448 indebitum
919 434 932 458 ,
980 389 1188 446 Arialdi
1237 390 1420 446 verbis
1469 388 1608 444 adeo
1656 387 1914 443 credulus
1939 431 1952 454 ,
1995 388 2122 448 utA
2138 392 2223 444 est
2253 388 2308 443 in
2338 386 2657 458 evangelio:
2700 385 2800 453 Qui
2838 383 2944 439 vult
2978 388 3098 455 post
3134 396 3214 438 me
3250 381 3426 437 venire
3455 381 3534 448 ηδ,
3568 381 3784 450 abneget

411 493 550 550 quos
579 478 750 536 frater
779 479 1009 550 ﬂagellis
1039 479 1316 536 ceciderat
1348 477 1426 545 ¹⁸³,
1459 477 1576 548 ipse
1608 477 1878 547 percutiat
1907 491 2058 533 scor-

413 567 671 638 pionibus
731 568 855 640 (III
906 571 1032 639 Reg.
1086 581 1186 633 xu,
1251 566 1354 636 11),
1414 570 1462 620 et
1517 565 1780 621 residuum
1845 565 2056 621 locusta

409 657 645 713 comedat
683 656 903 714 bruchus
937 655 1097 728 (Joel.
1132 672 1170 723 1,
1201 654 1278 726 4),
1310 655 1377 709 ad
1428 654 1708 724 placitum,
1743 655 1789 709 si
1840 669 1964 725 qua
1996 653 2058 686 ¹⁸⁵

411 753 541 802 sunt
570 746 897 803 clericorum
929 751 1154 816 peccata
1193 743 1522 813 dijudicans.
1577 744 1715 799 Dum
1762 757 1894 815 ergo
1950 744 2058 800 lai—

414 849 512 890 cus
535 835 768 906 judicat,
801 835 1036 891 clericus
1066 839 1273 888 tantum
1309 830 1369 864 ¹⁸⁸
1397 831 1637 902 vapulat.

491 922 572 979 17.
623 925 837 980 Interea
874 923 1125 978 Arialdus
1171 921 1317 978 inter
1377 921 1564 992 plures
1609 921 1744 976 alias
1791 935 1930 991 quas
1973 922 2057 977 in-

417 1013 647 1069 duxerat
710 1013 766 1068 in
816 1011 1100 1068 ecclesiam
1162 1012 1454 1078 novitates,
1514 1011 1744 1066 letanias
1771 1011 1894 1066 illas
1923 1026 2058 1082 quas

411 1101 754 1156 Ambrosiani
785 1106 909 1171 post
937 1101 1320 1156 ascensionem
1369 1100 1700 1156 dominicam
1752 1101 2059 1170 antiquitus

414 1189 762 1245 devotissime
806 1189 1090 1246 celebrant
1131 1189 1212 1256 ‘3‘,
1261 1190 1378 1246 suis
1425 1189 1761 1260 pradicabat
1797 1189 2056 1245 auditori-

414 1277 516 1332 bus
571 1278 907 1333 execrandas
963 1277 1124 1348 (127).
1175 1277 1337 1333 Unde
1394 1279 1517 1348 ipso
1575 1279 1815 1334 instante
1871 1277 2056 1332 triduo

416 1364 819 1420 discidentibus
876 1365 1021 1421 inter
1071 1380 1129 1420 se
1186 1365 1381 1432 turbis,
1439 1363 1616 1421 factus
1675 1371 1758 1421 est
1809 1366 1866 1420 in
1921 1365 2057 1421 urbe

414 1453 722 1510 conﬂictus.
756 1457 815 1510 1n
847 1468 955 1524 quo
987 1455 1098 1510 Deo
1130 1462 1212 1509 est
1241 1461 1506 1524 operante
1536 1454 1751 1526 fugatus
1775 1459 1830 1510 et
1857 1455 2053 1519 victus,

414 1543 574 1599 casis
602 1544 717 1599 suis
747 1551 802 1599 et
830 1542 1137 1599 interfectis
1165 1543 1442 1614 aliquibus
1477 1543 1649 1616 (128).
1681 1545 1847 1614 Cujus
1875 1551 2052 1599 tamen

413 1632 667 1688 consultu
698 1631 1079 1688 Arlembaldus
1117 1639 1320 1702 prater
1367 1633 1682 1688 innumeras
1726 1647 1862 1702 quas
1916 1632 2057 1688 irro-

2135 477 2484 548 semetipsum,
2547 480 2595 531 ct
2651 473 2799 531 tollat
2853 487 3054 528 crucem
3099 486 3248 527 suam
3295 475 3344 525 et
3381 475 3638 541 sequatur
3681 485 3778 536 me,

2137 565 2273 621 dicit
2330 565 2588 621 Dominus
2635 562 2846 628 (Matth.
2907 577 3021 626 xvr,
3068 559 3178 627 24).
3233 559 3514 625 Fideliter,
3557 564 3611 614 et
3655 558 3780 614 ideo

2138 653 2480 710 confidenter
2535 652 2847 722 loquimur:
2909 649 3152 706 cavenda
3189 653 3272 704 est
3319 648 3644 704 doctoribus
3691 649 3782 703 ab-

2137 743 2316 799 solute
2350 742 2562 812 prolata
2610 740 2760 796 Pauli
2808 739 3116 795 sententia:
3168 738 3234 794 Si
3269 738 3384 807 quis
3430 736 3575 791 vobis
3626 751 3781 791 evan-

2138 831 2436 900 gelizaverit
2495 834 2688 901 prater
2741 829 2797 883 id
2854 828 2990 899 quod
3046 826 3338 897 accepistis,
3392 825 3670 880 anathema
3713 825 3782 882 sit

2139 919 2281 985 (Gal.
2314 936 2352 985 1,
2384 920 2460 989 9).
2496 921 2624 974 [lac
2645 918 2789 974 enim
2817 917 3067 973 dicentes
3088 929 3197 972 non
3220 915 3573 971 adversamur
3602 915 3777 980 vobis,

2139 1025 2173 1066 ο
2204 1011 2456 1066 seniores
2484 1008 2736 1074 Romani,
2769 1021 2892 1063 cum
2940 1007 3201 1077 magister
3247 1011 3436 1060 noster
3479 1004 3627 1059 dicat
3662 1007 3784 1059 Am-

2139 1101 2394 1156 brosius:
2439 1100 2599 1170 Cupio
2647 1099 2700 1153 in
2749 1097 2980 1154 omnibus
3029 1097 3176 1167 sequi
3223 1098 3507 1152 Romanam
3539 1094 3597 1126 ¹⁹⁷
3622 1095 3784 1150 eccle-

2137 1190 2290 1245 siam.
2350 1189 2643 1245 Vobiscum
2700 1189 2844 1243 enim
2884 1187 3178 1251 credimus,
3229 1185 3508 1239 vobiscum
3556 1189 3783 1238 cunctas

2139 1279 2380 1334 hareses
2427 1278 2785 1343 abdicamus;
2849 1276 2946 1332 sed
3003 1275 3222 1330 videtur
3276 1273 3439 1329 nobis
3487 1278 3684 1338 ratum,
3725 1276 3787 1327 ut

2133 1369 2224 1437 jus
2253 1367 2685 1423 ecclesiasticum
2717 1367 2914 1422 doctor
2933 1365 3189 1420 exhibeat
3210 1362 3638 1429 ecclesiasticus,
3672 1374 3784 1417 non

2140 1455 2326 1526 ydiota
2359 1457 2564 1527 laycus.

2215 1545 2430 1602 18.11is
2468 1545 2684 1611 diebus,
2737 1543 3050 1599 declinante
3096 1543 3207 1612 jam
3257 1555 3384 1596 vere
3437 1539 3551 1611 (an.
3611 1537 3783 1606 1066,

2137 1640 2270 1706 Apr.
2296 1633 2487 1705 Mai.),
2509 1633 2712 1689 mensis
2741 1632 2903 1688 unius
2931 1632 3110 1702 spatio
3141 1630 3318 1686 dirum
3349 1643 3599 1699 sparsere
3623 1629 3789 1698 jubar

339 1765 343 1770 .
411 1727 632 1792 gaverat
664 1721 723 1752 ³⁸⁷
761 1721 912 1777 clero
960 1721 1192 1791 injuri-as
1215 1765 1229 1788 ,
1285 1736 1408 1777 cum
1456 1721 1908 1792 archiepiscopus
1951 1721 2392 1780 de-Bardentes
2431 1721 2490 1754 ¹⁸⁸
2519 1724 2575 1777 in
2607 1721 2747 1778 calo
2779 1725 3046 1786 cometa;
3082 1718 3401 1789 frequentes
3422 1731 3643 1788 quoque
3674 1725 3787 1773 ter-

414 1808 602 1864 functo
641 1809 840 1865 abbate
888 1811 1062 1865 sancti
1109 1810 1251 1865 Celsi
1298 1809 1529 1865 alterum
1568 1824 1634 1865 ex
1672 1823 1823 1866 more
1871 1810 2059 1879 provio

415 1897 570 1952 deret
601 1898 988 1966 ordinandum,
1041 1899 1261 1968 penitus
1308 1899 1590 1954 interdicit
1623 1897 1682 1929 ¹⁸⁸
1710 1905 1897 1968 spreto
1938 1898 2055 1965 illo,

413 1986 644 2043 alterum
671 1990 781 2058 jam
813 1995 1191 2044 consecratum
1243 1988 1381 2059 (129)
1428 1988 1654 2044 omnino
1693 1989 2056 2057 contempnit,

411 2090 631 2131 armans
697 2084 891 2133 contra
957 2077 1110 2132 illum
1193 2077 1584 2132 monachorum
1654 2091 1776 2132 cum
1843 2076 2060 2132 famulis

412 2167 900 2236 conspirationem.
933 2166 1111 2222 Alium
1145 2179 1274 2222 vero
1322 2180 1353 2220 a
1401 2165 1657 2223 canobio
1706 2167 1882 2221 sancti
1931 2166 2061 2221 Vin-

413 2255 580 2310 centii
613 2255 775 2310 modo
835 2255 1055 2325 repellit
1113 2254 1306 2310 eodem
1350 2254 1512 2326 (130),
1544 2256 1874 2325 symoniaca
1915 2255 2060 2310 ordi-

412 2343 656 2400 nationis
711 2357 948 2416 arguens
1005 2344 1152 2399 illos.
1208 2343 1346 2411 Quid
1389 2343 1587 2413 plura?
1643 2351 1841 2399 cuncta
1897 2343 2059 2398 simul

414 2440 640 2501 usurpat
678 2433 1053 2488 ecclesiastica
1104 2434 1249 2502 jura,
1301 2432 1528 2502 expulso
1576 2432 1645 2486 ab
1680 2433 1830 2488 urbe
1878 2433 2063 2502 ponti-

413 2519 534 2586 tice,
595 2523 752 2591 cujus
799 2520 977 2577 fuerat
1024 2535 1055 2576 a
1104 2521 1555 2591 progenitoribus
1599 2521 1757 2577 miles
1793 2522 1929 2592 ipse.
1965 2521 2062 2576 Mi-

414 2609 587 2664 rabile
614 2610 946 2680 prodigium,
988 2624 1091 2666 nec
1138 2610 1380 2665 auditum
1429 2624 1607 2680 neque
1659 2610 1830 2666 visum
1878 2625 1910 2665 a
1957 2625 2061 2666 sa-

411 2697 538 2754 culo
565 2705 576 2754 t
611 2699 717 2754 Sed
749 2698 1073 2766 mirabilius,
1106 2698 1255 2769 quod
1285 2700 1564 2754 Romanus
1596 2698 1656 2731 ¹⁸³
1685 2698 1827 2754 favet
1870 2713 2060 2755 ascen-

413 2803 525 2844 sus.
595 2788 750 2856 Quod
809 2789 1029 2858 quidem
1089 2787 1276 2844 multis
1332 2789 1599 2858 probatur
1643 2789 1884 2856 indiciis,
1935 2803 2060 2844 cum

411 2889 794 2947 sapenumero
845 2877 1131 2932 mittantur
1158 2878 1208 2932 ei
1240 2877 1544 2947 legationes
1593 2883 1648 2932 et
1687 2877 1886 2933 littera
1925 2891 2060 2946 apo-

412 2964 626 3020 stolicis
665 2972 985 3034 pranotata
1024 2965 1221 3036 sigillis
1269 2965 1454 3037 (131),
1501 2966 1702 3036 quibus
1739 2965 1960 3031 fatetur,
2001 2981 2061 3022 se

2139 1818 2400 1868 ramotus
2429 1811 2632 1866 mundo
2663 1810 2836 1877 fuere,
2878 1810 3016 1865 adeo
3048 1813 3106 1864 ut
3137 1809 3226 1864 die
3255 1808 3379 1878 ipso
3424 1807 3790 1863 resurrectio-

2141 1903 2227 1957 nis
2275 1901 2567 1957 dominica
2623 1901 2708 1955 bis
2763 1900 2940 1964 ﬂeret,
2982 1912 3140 1954 mane
3197 1897 3414 1953 scilicet
3451 1904 3507 1952 et
3559 1910 3792 1966 vespere

2139 1990 2287 2061 (132)
2333 1991 2437 2060 (an.
2478 1989 2632 2055 1065,
2675 1990 2840 2046 Mart.
2883 1987 3002 2058 27).

2220 2079 2300 2134 19.
2336 2081 2453 2135 Pra
2483 2085 2599 2134 erat
2630 2083 2759 2134 tunc
2792 2077 3058 2146 temporis
3087 2077 3275 2132 Roma
3312 2074 3623 2130 Alexander
3659 2086 3793 2143 apo-

2140 2167 2390 2234 stolicus,
2442 2181 2509 2222 ex
2566 2165 2959 2222 Mediolanensi
3015 2164 3166 2220 clero
3223 2163 3471 2219 ecclesia
3531 2163 3796 2217 Lucensis

2142 2257 2316 2326 primo
2365 2255 2540 2311 factus
2577 2257 2909 2325 episcopus;
2946 2267 3179 2324 cumque
3203 2254 3337 2308 satis
3355 2251 3497 2308 foret
3518 2251 3790 2322 ydoneus,

2140 2346 2498 2416 apostolicam
2540 2345 2740 2401 deinde
2773 2345 3076 2414 promeruit
3104 2343 3458 2414 dignitatem,
3481 2341 3796 2398 Alexander

2141 2436 2210 2490 de
2238 2435 2494 2490 Anselmo
2524 2440 2748 2490 vocatus
2781 2433 2888 2504 (an.
2937 2432 3093 2498 1061,
3145 2433 3258 2488 Oct.
3317 2431 3383 2500 1).
3428 2431 3565 2486 Huic
3604 2430 3793 2486 statim

2141 2525 2379 2579 surrexit
2415 2523 2760 2578 adversarius
2806 2521 3076 2578 Cadalous
3115 2520 3176 2552 “9
3219 2521 3528 2575 Parmensis
3575 2519 3797 2589 episco-

2145 2628 2246 2682 pus
2276 2611 2623 2667 iustitutione
2655 2610 2801 2682 regis
2829 2624 2894 2665 ac
2942 2610 3132 2665 matris
3178 2615 3422 2680 augusta
3456 2622 3594 2678 papa
3641 2621 3794 2663 nun-

2141 2706 2370 2771 cupatus
2401 2701 2536 2772 (Oct.
2579 2699 2688 2770 28).
2720 2700 2821 2767 Qui
2854 2699 3132 2755 hostiliter
3183 2699 3408 2753 Romam
3456 2697 3612 2762 adiit,
3665 2705 3798 2766 post

2142 2791 2364 2846 multam
2395 2788 2812 2846 interfectorum
2843 2795 3078 2858 stragem
3111 2801 3284 2856 usque
3313 2787 3381 2840 ad
3412 2799 3600 2841 muros
3630 2787 3800 2844 Urbis

2142 2878 2433 2934 Alexandri
2485 2884 2811 2948 prosecutus
2867 2877 3167 2933 exercitum
3219 2875 3333 2945 (an.
3401 2873 3555 2941 1062,
3597 2873 3795 2945 Apr.).

2142 2969 2410 3037 Tempore
2443 2975 2568 3036 post
2617 2967 2725 3022 alio
2761 2969 2864 3037 (an.
2915 2964 3092 3034 1063),
3135 2963 3479 3034 quorundam
3529 2977 3598 3018 ex
3644 2963 3798 3018 Urbe

411 3053 468 3108 in
521 3053 636 3107 suis
690 3054 860 3123 gestis
914 3053 1172 3108 Romanis
1217 3052 1277 3084 ¹⁹⁰
1320 3054 1701 3123 obtemperare
1741 3055 2053 3125 praeceptis.
2080 3047 2249 3126 Cope
2289 3063 2343 3112 et
2368 3057 2655 3123 conscilio,
2691 3058 2914 3112 Romam
2951 3069 3112 3124 quam
3151 3056 3352 3108 Novam
3383 3051 3678 3122 perhibent
3707 3051 3800 3107 in-

416 3142 528 3208 Qua
584 3140 734 3196 velut
775 3141 1104 3196 auctoritate
1142 3140 1360 3196 suffulta
1406 3141 1524 3210 ipsa
1569 3141 1856 3212 vulgalitas
1888 3142 1941 3174 ¹⁹¹
1975 3158 2060 3213 sy-

412 3229 663 3285 moniaca
729 3230 1021 3285 occasione
1061 3230 1244 3285 divina
1309 3237 1598 3286 execratur
1663 3229 1862 3294 officia,
1932 3246 2056 3288 cum

410 3319 540 3392 quid
572 3319 643 3374 sit
673 3319 818 3375 inter
847 3319 1092 3374 dextram
1123 3326 1179 3375 et
1215 3319 1515 3387 sinistram,
1550 3334 1778 3390 prorsus
1817 3321 2054 3392 ignoret.

412 3410 684 3463 Praterea
740 3406 1009 3478 gloriatur
1042 3407 1100 3438 ¹⁹²
1143 3407 1524 3464 Arlembaldus
1573 3409 1755 3476 idem,
1813 3410 1882 3464 ab
1941 3410 2057 3479 ipsa

412 3498 582 3552 Roma
615 3495 678 3528 ¹⁹³
705 3495 962 3552 bellicum
1002 3498 1178 3552 sancti
1227 3498 1373 3552 Petri
1403 3511 1460 3552 se
1491 3498 1771 3568 accepisse
1801 3498 2056 3554 vexillum

413 3594 604 3642 contra
671 3599 862 3642 omnes
927 3585 1031 3640 sibi
1097 3585 1470 3642 adversantes.
1530 3587 1686 3654 Quod
1755 3601 2057 3658 appensum

412 3675 640 3741 lancea,
674 3674 1096 3731 homicidiorum
1144 3675 1362 3731 videtur
1409 3675 1709 3743 indicium;
1757 3692 1880 3732 cum
1932 3691 2060 3748 pro-

409 3761 555 3819 fecto
612 3762 765 3818 nefas
802 3763 874 3818 sit
925 3764 1028 3818 tale
1064 3762 1126 3794 ¹⁰⁵
1161 3763 1370 3834 aliquid
1418 3765 1687 3834 suspicari
1736 3765 1805 3821 de
1852 3768 2053 3832 Petro,

411 3858 506 3907 aut
535 3851 597 3882 ¹⁹⁵
621 3851 770 3906 aliud
820 3851 1078 3908 habuisse
1124 3853 1379 3909 vexillum
1427 3860 1630 3924 prater
1675 3855 1823 3924 quod
1871 3856 2056 3912 datum

2140 3160 2382 3216 gressus,
2424 3145 2748 3201 conscendit
2795 3157 2977 3200 arcem
3026 3142 3350 3198 Crescentii.
3403 3142 3584 3196 Factis
3621 3140 3801 3212 igitur

2142 3236 2196 3289 in
2230 3235 2374 3290 Urbe
2405 3235 2673 3304 partibus,
2707 3234 2936 3290 cottidie
2970 3232 3130 3288 bellis
3171 3231 3311 3290 bella
3353 3231 3678 3286 succedunt.
3707 3231 3796 3285 Ad

2140 3325 2389 3380 ultimum
2432 3331 2556 3394 post
2595 3325 2886 3380 diuturnos
2915 3323 3204 3393 variosque
3236 3321 3528 3377 conﬂictus
3558 3322 3799 3377 recessit

2141 3427 2397 3480 moerens,
2467 3413 2727 3469 confusus
2793 3420 2847 3469 et
2903 3414 3098 3478 victus,
3159 3424 3422 3467 concessa
3477 3410 3797 3467 Alexandro

2139 3502 2390 3559 victoria.
2421 3503 2501 3559 Ad
2533 3517 2692 3574 quem
2734 3503 2802 3558 de
2844 3501 3102 3573 praesenti
3143 3501 3366 3571 negotio
3389 3500 3795 3556 consulendum

2140 3581 2366 3649 Romam
2399 3592 2679 3663 profectus
2717 3599 2800 3648 est
2831 3590 3214 3648 Arlembaldus
3248 3588 3414 3659 (133),
3446 3589 3670 3645 Arialdo
3700 3589 3798 3645 in-

2141 3682 2300 3738 terim
2338 3681 2552 3738 furente
2583 3683 2639 3738 in
2670 3681 2984 3753 prasulem,
3035 3680 3368 3738 concitando
3400 3678 3615 3735 turbam
3656 3679 3800 3735 civi-

2143 3770 2248 3826 lem
2281 3777 2336 3826 et
2369 3777 2660 3842 agrestem.

2209 3859 2299 3914 20.
2334 3859 2566 3916 Deﬁnito
2597 3859 2816 3915 tandem
2848 3858 3114 3916 conscilio
3157 3856 3379 3914 rediens
3431 3856 3547 3929 (an.
3607 3854 3792 3925 1066),

1760 3955 1984 4010 VARle
2041 3957 2428 4014 LECTIONES.

485 4036 544 4069 ⁸⁸³
573 4015 932 4109 οοοὶᾱβινειῐΒ
974 4034 1022 4093 1.
1101 4036 1163 4069 ¹⁸⁵
1199 4053 1306 4109 qua
1335 4041 1394 4095 B.
1474 4040 1534 4072 ³⁸³
1562 4040 1744 4097 clerus
1773 4046 1952 4098 tamen
1991 4045 2050 4098 B.
2130 4044 2192 4075 ¹⁸⁶
2229 4046 2582 4102 celebrabant
2610 4047 2669 4102 Β.
2703 4047 2846 4103 Mur.

2947 4044 3008 4077 ³⁸⁷
3065 4050 3383 4116 erogaverat
3427 4045 3466 4116 Β
3511 4043 3556 4098 l.
3637 4040 3708 4116 ‘°°_
3733 4057 3791 4116 a.

415 4122 566 4187 more
613 4108 1061 4187 predecessorum
1084 4124 1136 4179 p.
1163 4108 1232 4166 οξ
1260 4126 1313 4181 p.
1339 4112 1624 4187 interdixit
1664 4115 1721 4168 Β.
1776 4112 1863 4187 ,ν’-⁸³
1891 4115 2045 4181 Quod
2074 4117 2334 4182 Anselmi,
2377 4119 2470 4186 qui
2497 4120 2608 4187 jam
2639 4117 2946 4173 Alexander
2973 4108 3248 4172 secundus
3295 4115 3602 4187 (dicebatur
3639 4113 3796 4187 addit

413 4183 453 4236 Β
479 4180 543 4234 2*
573 4187 620 4235 et
651 4179 845 4250 Pario.)
886 4179 1027 4238 favet
1071 4179 1299 4237 asensu's
1346 4184 1404 4238 Β.

415 4251 473 4333 ς’
503 4251 841 4333 gloriabatur
861 4251 981 4333 βλ
1011 4252 1186 4333 mmab
1233 4253 1539 4333 apostolico
1585 4251 1894 4333 Alexandro
1925 4258 1991 4333 Β.
2027 4251 2134 4333 _"5
2163 4260 2274 4316 alia
2304 4276 2486 4316 atauus
2514 4251 2767 4333 supplevit
2803 4259 2848 4316 1.

409 4323 462 4381 3.
510 4321 526 4323 ⁷
546 4322 604 4355 ¹⁹⁷
633 4324 699 4380 R.
731 4339 778 4380 s.
805 4321 840 4377 3
860 4325 919 4380 Β.
947 4323 1002 4381 2.
1081 4323 1142 4356 ¹⁹⁸
1171 4321 1399 4382 ardente
1427 4328 1572 4384 Mur.
1651 4326 1711 4358 "9
1741 4327 2006 4384 candolus
2027 4330 2085 4385 Β.

1522 4183 1581 4214 ¹⁹⁰
1629 4184 1916 4258 papalibus
1957 4193 2261 4256 temperare
2300 4191 2360 4244 Β.
2395 4183 2782 4258 obtemperare
2815 4189 2987 4248 Pario.

3089 4187 3142 4218 ¹⁹¹
3176 4189 3252 4243 ita
3289 4189 3310 4240 1
3346 4186 3642 4256 vulgaritas
3671 4184 3790 4239 rell.

2956 4259 3014 4290 ¹⁹⁸
3034 4259 3177 4315 haud
3210 4260 3269 4314 B.
3376 4257 3437 4289 ¹⁹⁶
3467 4271 3589 4312 ven.
3623 4271 3680 4326 p.
3705 4270 3794 4311 me

1984 4428 2202 4485 NOTxE.

487 4519 628 4600 ([21)
669 4521 743 4576 De
773 4519 860 4600 his
887 4518 1006 4600 fuse
1036 4519 1149 4600 egit
1178 4521 1496 4600 Fumagalli,
1549 4525 1675 4600 Ant.
1724 4524 1896 4600 Long.
1935 4523 2128 4600 _Mil.D
2219 4527 2374 4600 (131)
2403 4528 2767 4598 Epistolarum
2799 4526 2950 4600 clero
2981 4533 3035 4600 et
3074 4525 3280 4596 populo
3327 4525 3467 4581 Med.
3503 4525 3792 4600 misserum

410 4591 637 4659 111229,
687 4607 773 4664 sq.
820 4592 1035 4664 Jejunia
1088 4597 1297 4664 tantum
1346 4591 1413 4648 ab
1470 4593 1694 4650 Arialdo
1751 4591 2059 4664 improbata

413 4678 555 4730 esse,
588 4663 848 4737 Andreas
870 4663 1041 4737 refert
1078 4677 1128 4719 c.
1178 4663 1268 4730 21,
1321 4670 1375 4737 et
1423 4665 1623 4721 Bonizo
1664 4681 1720 4736 p.
1777 4663 1904 4733 808,
1964 4668 2060 4737 qui

413 4734 992 4862 amdpauciséodiebus
1039 4738 1166 4806 post
1213 4736 1498 4806 expulsum
1547 4734 1678 4792 esse
1717 4745 1939 4804 narrat;
1982 4734 2055 4794 cf.

492 4819 525 4860 n
567 4824 585 4860 ·.
621 4821 702 4862 ιιι.
811 4845 824 4860 .

492 4819 585 4860 na.
621 4821 702 4870 ιιι,
735 4819 824 4860 δυ.

493 4875 651 4948 (128)
693 4878 1022 4933 Cauonicam
1076 4879 1198 4936 scil.
1249 4879 1316 4934 ab
1353 4878 1576 4935 Arialdo
1627 4879 1931 4936 institutam
1979 4879 2064 4934 di-

415 4948 746 5021 ripuerunt.
794 4950 922 5003 Haec
984 4955 1039 5005 ut
1104 4949 1294 5006 nobilis
1345 4949 1748 5007 Hertembatdus
1804 4951 2064 5021 ceterique

414 5019 593 5092 ﬁdeles
622 5019 860 5082 audiere,
899 5023 1115 5092 sumptis
1167 5023 1328 5078 armis
1375 5023 1430 5076 in
1467 5023 1720 5077 audacem
1765 5019 1988 5092 plebem'
2016 5027 2064 5078 et

417 5094 750 5148 temerariam
795 5093 1035 5158 irruere;
1087 5108 1215 5164 quos
1249 5094 1488 5164 protinus
1532 5094 1610 5148 sic
1655 5093 2066 5148 exterminavere

415 5178 590 5218 omnes
645 5163 796 5234 quasi
851 5169 1018 5219 essent
1074 5163 1336 5236 vilissima
1379 5165 1620 5236 pecudes.
1652 5167 1764 5220 [mo
1803 5179 1916 5218 cum
1965 5165 2066 5219 vir-

416 5239 524 5317 tute
536 5249 722 5317 magna
735 5241 782 5317 et
798 5239 1056 5317 potestate
1078 5236 1166 5317 ad
1190 5235 1461 5317 ecclesiam
1479 5237 1748 5317 majorem
1786 5236 2063 5317 venientes,

417 5305 666 5379 violenter
694 5305 760 5360 ab
789 5305 962 5377 impiis
993 5307 1254 5363 abstulere
1279 5307 1526 5379 quicquid
1578 5305 1642 5362 de
1689 5307 1840 5364 domo
1889 5307 2068 5362 Domi-

420 5376 544 5432 mini
577 5376 884 5434 rapuerant.
926 5379 1098 5434 Andr.
1129 5379 1164 5434 l.
1201 5379 1240 5433 Ι.

494 5393 544 5431 nt
577 5393 637 5431 ra
678 5393 884 5432 ueram.
926 5393 1098 5434 Andr.
1129 5393 1164 5434 ι.
1201 5393 1240 5433 ι.

529 5447 628 5501 129
691 5449 1050 5506 Lanfrancum
1078 5471 1092 5517 ;
1124 5466 1176 5505 v.
1211 5451 1247 5506 l.
1279 5450 1450 5507 Andr.
1485 5466 1534 5507 c.
1573 5449 1656 5506 17.

494 5393 673 5591 $130;
692 5522 862 5590 Hujus
892 5522 1138 5578 Andreas
1178 5535 1288 5577 non
1332 5522 1599 5587 meminit,
1650 5539 1656 5576 ε

530 5517 656 5590 130)
692 5522 1138 5592 HujusAndreas
1178 5535 1288 5577 non
1332 5522 1599 5587 meminit,
1650 5521 1746 5578 sed
1777 5520 2067 5592 Ariprandi

421 5592 515 5666 qui
547 5599 674 5648 ante
705 5606 756 5649 a.
797 5591 932 5648 1064
961 5607 1108 5651 mon.
1143 5595 1196 5649 S.
1229 5593 1503 5651 Ambrosii
1534 5593 1833 5666 usurpavit.

2143 4596 2268 4670 post
2297 4596 2416 4671 syn.
2448 4596 2617 4656 ‘Rom.
2687 4616 2737 4654 a.
2812 4597 3284 4671 1063Afragmenta
3336 4611 3386 4652 v.
3456 4610 3544 4671 ap.
3615 4596 3786 4671 elapsi

2143 4666 2524 4740 ConcfXIX,
2565 4687 2619 4741 p.
2683 4671 2808 4737 978,
2866 4669 2993 4723 979.
3054 4666 3386 4741 Arialdoet
3439 4666 3792 4722 Arlembaldo

2145 4745 2338 4799 Petrus
2368 4745 2517 4798 Dam.
2551 4740 2753 4798 direxit
2781 4741 3044 4811 epistolas
3074 4743 3136 4806 V,
3177 4740 3258 4805 14,
3297 4740 3380 4793 15.

2220 4814 2356 4884 (132)
2407 4817 2468 4870 ν.
2526 4817 2666 4869 Ann.
2735 4807 2961 4883 August.
3037 4811 3193 4866 1067.
3260 4813 3500 4867 Cometa
3565 4807 3788 4884 plurimi

2147 4882 2420 4940 annalium
2463 4886 2765 4954 scriptores
2812 4882 3198 4940 meminerunt.
3260 4885 3320 4937 V.
3379 4885 3518 4954 Ann.
3562 4882 3786 4954 Benev.,

2147 4960 2200 5012 S.
2243 4957 2492 5013 Germani
2550 4952 2830 5021 minores,
2891 4955 3202 5020 Lamberti,
3254 4952 3532 5019 Bernoldi,
3574 4958 3630 5007 et
3669 4953 3794 5006 Ber-

2148 5028 2324 5084 tholdi
2365 5029 2458 5098 qui
2491 5027 2688 5096 plurali
2721 5040 2950 5098 numero
2976 5028 3172 5098 utitur.

2223 5099 2366 5167 (133)
2382 5092 2559 5174 'Tes'te
2589 5097 2811 5174 Andrea
2836 5113 2891 5174 _c.
2931 5097 3020 5153 23.
3073 5095 3328 5174 Arialdus
3348 5108 3515 5174 _eum
3548 5092 3796 5174 neephy-

2149 5163 2243 5227 tos'
2277 5171 2454 5240 pretio
2493 5170 2622 5224 dato
2660 5183 2691 5224 a
2729 5169 2962 5225 Widone
3010 5168 3254 5226 ordinari
3311 5167 3542 5240 videret,
3575 5163 3795 5240 _titteras

2144 5257 2241 5315 per
2277 5235 2290 5240 ’
2315 5256 2496 5296 manus
2562 5240 2920 5315 IIerlembatdi
2985 5241 3056 5315 ad.
3095 5312 3108 5315 _
3137 5237 3483 5315 apostolicum
3519 5307 3531 5315 ‘
3555 5235 3788 5315 direxit,

2151 5305 2400 5385 quatenus
2440 5315 2549 5383 ipse
2579 5313 2874 5367 decerneret
2913 5313 3035 5385 quid
3075 5312 3139 5385 de
3174 5305 3424 5366 ‘Guidoue
3463 5305 3701 5385 adultero
3727 5309 3796 5385 _et

2149 5380 2432 5439 simoniaco
2460 5380 2471 5383 “
2500 5390 2654 5454 atque
2712 5380 2936 5454 perjuro'
2979 5384 3096 5454 ﬁeri
3162 5385 3440 5452 oporteret.
3499 5380 3796 5454 Sequentia

2151 5455 2295 5530 idem
2328 5460 2382 5509 et
2411 5456 2506 5530 qui
2532 5445 2654 5530 eum
2685 5445 2990 5530 exscripsit
3014 5445 3329 5530 Anonjmus
3372 5482 3444 5530 τ-
3493 5445 3614 5530 ua_m
3629 5445 3793 5530 _apud

2152 5519 2542 5652 Aridrearln'hic
2573 5527 2764 5584 lacuna
2813 5519 3026 5582 hiat—
3054 5519 3217 5582 simili
3267 5523 3430 5580 modo
3478 5520 3574 5578 sed
3626 5519 3796 5576 fusius

2153 5612 2212 5652 re
2237 5611 2371 5652 erun
2405 5642 2416 5652 .

2153 5603 2416 5655 referunt.
