4100 6166
305 327 395 383 317

1230 327 1441 382 GESTA
1477 325 1894 382 ARCHIEPISC.
1935 326 2297 383 MEDIOLAN.
2337 357 2409 369 —
2447 329 2572 386 LIB.
2614 331 2704 385 Ill.

3543 333 3651 391 318

303 449 861 509 excommunicationis
925 449 1140 507 litteras
1211 450 1410 507 detulit
1473 449 1920 521 archiepiscopo.
1942 452 2260 512 Aconsulte
2306 453 2439 510 satis
2470 454 2760 525 provident
2787 456 2856 512 de
2887 469 3022 512 nece
3051 457 3257 514 Arialdi
3287 459 3464 516 fadus
3502 474 3652 518 com-

301 539 436 609 Quod
464 539 717 609 pluribus
740 538 803 570 ²⁰⁰
831 540 1040 610 grande
1086 540 1260 596 visum
1308 544 1392 595 est
1437 539 1676 595 civitatis
1724 539 1928 610 obpro-

302 631 477 686 brium.
511 629 666 684 Unde
704 627 905 684 factum
937 635 1040 696 est,
1073 635 1133 685 ut
1162 629 1218 685 in
1257 628 1347 685 die
1394 635 1587 685 sancto
1631 632 1924 698 pentecos-

302 725 380 775 ten
432 716 740 788 procedens
795 719 1025 773 antistes
1080 719 1148 774 ad
1198 718 1478 788 publicum
1527 717 1929 773 conscenderet

298 806 528 864 ecclesia
565 805 857 876 pulpitum,
881 812 1193 875 quasturus
1223 807 1372 877 quod
1393 807 1672 862 acciderat
1705 807 1926 862 incom-

298 896 502 952 modum
527 897 665 964 (Jun.
696 894 770 965 4).
804 896 1046 965 Cumque
1077 902 1248 952 staret
1269 911 1336 951 ex
1354 896 1585 952 adverso
1618 894 1923 951 Arlembal-

298 985 391 1041 dus
416 997 537 1040 cum
557 983 801 1050 Arialdo,
826 997 1194 1054 responsurus
1217 984 1441 1052 auditis,
1465 985 1525 1040 iit
1553 985 1848 1041 vehemens
1869 983 1926 1038 in

298 1074 446 1146 plebe
477 1073 763 1141 tumultus,
795 1073 1028 1130 diversis
1057 1074 1271 1130 diversa
1301 1074 1684 1132 clamantibus.
1726 1074 1805 1131 Ad
1838 1073 1929 1130 ul-

297 1164 476 1219 timum
525 1161 684 1219 factis
721 1162 780 1194 ³⁰¹
814 1163 870 1218 in
902 1163 1084 1220 medio
1123 1164 1374 1220 ecclesia
1405 1165 1656 1234 partibus
1685 1164 1768 1230 ²⁰²,
1811 1163 1928 1219 cla-

297 1265 440 1308 moso
490 1253 699 1322 impetu
737 1251 978 1308 vicissim
1024 1253 1081 1308 in
1119 1267 1241 1309 sese
1281 1259 1642 1324 consurgunt,
1695 1265 1929 1322 cumque

294 1356 386 1412 per
420 1341 638 1396 diversa
686 1341 1068 1412 conﬂigerent,
1118 1342 1382 1399 remansit
1412 1355 1569 1412 pane
1599 1340 1752 1398 solus
1781 1340 1930 1396 anti-

294 1437 417 1486 stes.
455 1432 627 1497 Quem
660 1445 784 1500 pars
820 1430 1147 1502 aggrediens
1182 1431 1425 1497 inimica,
1459 1429 1698 1487 fustibus
1726 1430 1930 1486 crude-

291 1518 412 1574 liter
439 1533 644 1575 casum
685 1524 740 1575 et
773 1514 929 1589 quasi
965 1519 1284 1576 semivivum
1314 1519 1575 1590 reliquit;
1608 1519 1811 1576 deinde
1841 1519 1934 1590 ip-

293 1621 398 1663 sam
435 1607 706 1664 invadens
754 1608 1025 1679 episcopii
1071 1607 1250 1664 aulam
1299 1609 1542 1678 pretiosa
1571 1622 1808 1679 quaque
1837 1607 1934 1663 de-

291 1696 480 1766 cerpit.
527 1698 586 1752 In
634 1697 932 1752 crastinum
984 1698 1122 1768 (Jun.
1175 1696 1230 1768 5)
1277 1697 1389 1752 visa
1421 1702 1570 1752 tanta
1607 1696 1934 1752 crudelitate

2010 556 2237 611 ponere.
2272 544 2478 600 Deinde
2509 545 2654 601 inter
2681 545 2885 602 clerum
2923 547 3238 615 judicantes
3271 554 3326 604 et
3359 551 3644 620 populum,

2009 631 2247 704 eleganti
2285 635 2496 704 scripto
2527 634 2870 691 constituunt
2902 636 3033 706 quid
3064 635 3182 692 ﬁeri
3212 636 3412 692 debeat
3438 639 3494 693 in
3526 652 3655 708 pos-

2009 725 2185 776 terum
2228 720 2370 792 (137)
2403 723 2554 792 (Aug.
2609 722 2686 794 1).
2746 725 2857 780 Nec
2895 731 3076 780 tamen
3121 725 3208 782 his
3235 731 3528 782 contentus
3559 729 3655 782 Ar-

2010 808 2317 865 lembaldus
2344 812 2570 867 Romam
2602 826 2857 884 pergens,
2891 814 3088 869 iterum
3128 828 3326 871 novum
3364 815 3489 871 iniit
3528 829 3651 871 cum

2010 898 2270 953 Romanis
2307 900 2652 956 conscilium.
2686 902 2855 958 Vetus
2892 903 3096 973 quippe
3125 903 3228 959 fuit
3269 903 3444 960 Italici
3493 904 3650 975 regni

2011 986 2291 1042 condictio
2351 1001 2709 1056 perseverans
2753 993 2927 1060 usque
2976 992 3031 1046 in
3083 992 3432 1060 hodiernum,
3474 1000 3535 1049 ut
3564 993 3660 1049 de-

2011 1073 2213 1130 functis
2242 1075 2598 1132 ecclesiarum
2623 1079 2973 1147 prasulibus,
2997 1095 3094 1136 rex
3124 1082 3410 1152 provideat
3439 1097 3656 1138 succes-

2010 1178 2166 1220 sores
2180 1164 2402 1220 Italicus
2421 1164 2485 1196 ²⁰⁶
2527 1180 2557 1221 a
2578 1166 2728 1223 clero
2749 1173 2805 1223 et
2822 1169 3028 1239 populo
3041 1170 3354 1227 decibiliter
3369 1171 3652 1228 invitatus.

2013 1255 2128 1309 Hoc
2157 1254 2386 1309 Romani
2417 1255 2745 1310 canonicum
2786 1270 2907 1312 esse
2956 1265 3177 1329 negant,
3223 1261 3320 1316 sed
3368 1260 3661 1316 instantius

2013 1342 2540 1399 archidiaconusille
2563 1343 2989 1414 Hildeprandus,
3019 1347 3112 1416 qui
3128 1362 3250 1403 cum
3264 1348 3474 1405 abolito
3487 1349 3659 1405 veteri

2015 1425 2212 1488 nov’um
2252 1438 2550 1503 temptaret
2589 1432 2854 1489 inducere
2901 1436 3285 1503 constitutum,
3320 1438 3496 1507 palam
3518 1437 3660 1493 fate-

2015 1521 2194 1588 batur,
2219 1520 2362 1576 haud
2395 1535 2556 1577 secus
2583 1521 2765 1576 sedari
2789 1522 2853 1553 ²⁰⁷
2884 1536 3044 1592 posse
3066 1525 3474 1582 Mediolanense
3500 1527 3666 1582 disci-

2015 1610 2165 1666 dium
2196 1624 2356 1680 quam
2406 1611 2729 1666 canonicum
2760 1610 3016 1668 habendo
3047 1619 3345 1682 pastorem,
3388 1615 3454 1669 ad
3499 1629 3660 1684 quem

2015 1697 2326 1769 eligendum
2358 1699 2726 1754 necessarium
2770 1699 2991 1756 dicebat
3029 1701 3333 1756 Romanum
3364 1700 3481 1756 fore
3520 1716 3660 1758 con-

291 1785 432 1841 cives
471 1785 807 1842 horrescunt
848 1791 1032 1842 mente
1079 1785 1316 1842 confusi.
1366 1787 1738 1842 Communiter
1769 1783 2002 1856 igiturB
2023 1800 2262 1842 sensum.
2326 1788 2423 1842 His
2479 1787 2780 1844 instructus
2839 1789 3237 1845 assertionibus
3285 1789 3666 1844 Arlembaldus

289 1879 558 1942 statuunt,
590 1882 684 1930 aut
717 1880 929 1931 tantum
960 1875 1155 1944 punire
1185 1873 1416 1943 facinus,
1449 1882 1542 1931 aut
1576 1876 1757 1931 vivere
1787 1873 1937 1932 nolle

291 1962 527 2031 amplius
576 1962 749 2032 (134).
783 1963 939 2019 Unde
968 1961 1167 2019 factum
1200 1970 1303 2030 est,
1336 1971 1397 2019 ut
1436 1962 1651 2035 fugiens
1686 1963 1940 2019 Arialdus

289 2049 358 2105 ab
381 2051 523 2106 urbe
546 2051 742 2107 diebus
763 2051 961 2108 lateret
983 2051 1213 2122 aliquot.
1248 2055 1492 2122 Cumque
1523 2052 1767 2108 diversas
1791 2065 1942 2108 erra-

289 2143 372 2193 ret
407 2152 512 2208 per
540 2138 798 2207 latebras,
839 2139 974 2197 solis
1006 2140 1267 2212 gradiens
1295 2140 1572 2208 noctibus,
1625 2140 1879 2211 proditus
1908 2153 1939 2194 a

288 2228 674 2284 comeantibus
693 2228 889 2284 incidit
919 2230 974 2284 in
1007 2242 1200 2285 manus
1236 2229 1600 2299 quarentium
1621 2229 1684 2261 ²⁰⁸
1704 2229 1938 2285 animam

285 2317 428 2385 ejus.
471 2318 644 2384 Quem
674 2324 928 2373 tenentes
957 2326 1012 2373 et
1048 2324 1212 2374 nocte
1243 2324 1357 2374 tota
1387 2318 1480 2374 illa
1509 2333 1696 2375 secum
1727 2319 1939 2374 ducen-

287 2410 392 2471 tes,
428 2403 580 2461 facto
603 2420 782 2472 mane,
817 2407 1065 2475 pracisis
1091 2407 1318 2463 auribus
1347 2413 1404 2463 et
1431 2408 1486 2462 in
1532 2414 1727 2478 guture
1758 2408 1942 2478 lingua

282 2507 411 2549 cum
466 2495 696 2550 naribus
724 2495 1052 2566 geminoque
1095 2495 1328 2553 suffosso
1358 2497 1582 2562 lumine,
1617 2497 1835 2565 penitus
1863 2499 1945 2552 in-

280 2583 576 2639 terﬁciunt
627 2583 767 2650 (Jun.
806 2584 916 2653 27).
975 2586 1092 2652 Quo
1143 2592 1450 2655 perempto,
1503 2585 1811 2640 dissimulat
1845 2589 1946 2642 Ar-

280 2671 608 2727 lembaldus
660 2671 958 2738 modicum,
1011 2685 1298 2728 reservans
1345 2673 1480 2728 iram
1530 2672 1584 2727 in
1643 2679 1944 2742 posterum.

283 2760 534 2817 Favebat
553 2760 698 2816 enim
725 2768 854 2816 tunc
885 2760 1132 2831 pontifici
1149 2775 1308 2831 pane
1330 2761 1523 2817 civitas
1543 2763 1815 2818 universa.
1839 2762 1946 2818 Sed

283 2864 443 2906 more
497 2862 601 2905 suo
645 2849 885 2918 populus
926 2863 1038 2906 non
1088 2849 1182 2905 diu
1212 2854 1356 2905 statu
1388 2851 1690 2920 permansit
1727 2850 1944 2907 eodem.

286 2940 408 2994 Mox
433 2938 588 2994 enim
610 2945 668 2993 ut
690 2937 891 3008 prasul
921 2938 989 2993 ab
1011 2938 1148 2994 urbe
1169 2938 1426 3003 discedit,
1447 2939 1515 2994 ab
1547 2939 1945 3009 insequendum

287 3027 444 3082 illum
500 3026 802 3096 resumptis
829 3026 1040 3082 viribus
1066 3026 1417 3096 impatienter
1443 3027 1824 3084 Arlembaldus
1851 3042 1951 3085 ac-

2019 1873 2383 1929 Mediolanum
2410 1873 2652 1941 rediens,
2688 1875 2836 1945 quod
2884 1876 3136 1932 audierat
3177 1874 3503 1931 festinanter
3541 1885 3669 1931 exe-

2020 1962 2226 2032 quitur.
2260 1963 2418 2018 Prius
2437 1977 2568 2035 ergo
2599 1970 2816 2020 secreto
2848 1979 3054 2034 paucos
3074 1965 3333 2021 convenit
3362 1979 3428 2021 ex
3450 1964 3664 2020 amicis.

2019 2054 2063 2106 Α
2093 2051 2294 2121 quibus
2339 2066 2463 2107 cum
2494 2052 2739 2123 exigeret
2785 2055 3139 2124 sponsionem
3169 2054 3386 2110 celandi
3435 2055 3670 2119 credita,

2023 2143 2180 2193 caute
2228 2138 2522 2194 subintulit
2563 2140 2878 2208 juramento
2935 2154 3154 2195 causam
3202 2139 3371 2196 futuri
3431 2140 3671 2211 eligendi

2025 2227 2261 2298 pastoris
2300 2235 2426 2297 post
2472 2228 2774 2284 discessum
2807 2230 3115 2299 prasentis.
3151 2229 3357 2285 Deinde
3390 2215 3480 2284 die
3530 2242 3670 2286 noc-

2024 2322 2194 2386 tuque
2223 2315 2500 2383 laborans,
2533 2316 2706 2374 laicos
2734 2331 2984 2387 quosque
3014 2325 3070 2374 et
3109 2317 3345 2374 clericos
3372 2318 3548 2373 eidem
3583 2319 3674 2387 ju-

2023 2410 2271 2461 ramento
2320 2405 2505 2461 reddit
2555 2406 2845 2462 obnoxios.
2895 2407 3118 2462 Interim
3167 2412 3348 2462 tamen
3399 2419 3428 2460 a
3487 2420 3676 2476 perse-

2024 2495 2246 2565 quendo
2277 2494 2569 2566 prasulem
2591 2509 2700 2551 non
2723 2495 3026 2552 desistebat
3039 2495 3348 2562 Widonem,
3379 2495 3671 2564 omnisque

2024 2598 2140 2640 sua
2169 2583 2662 2653 consanguinitatis
2682 2582 2892 2640 afﬁnes.

2097 2670 2189 2725 22.
2218 2671 2684 2742 Archiepiscopus
2711 2678 2890 2728 autem
2927 2687 3049 2728 cum
3091 2679 3175 2730 tot
3203 2673 3461 2743 nequiret
3491 2671 3674 2727 immi-

2031 2766 2226 2816 nentes
2255 2759 2513 2815 tollerare
2543 2775 2848 2829 pressuras,
2895 2775 3010 2818 avo
3034 2764 3146 2831 jam
3185 2767 3430 2817 maturus
3460 2765 3516 2817 et
3546 2761 3677 2816 diu-

2032 2855 2196 2906 turno
2227 2849 2494 2920 languore
2515 2849 2777 2905 membris
2814 2850 3069 2906 omnibus
3099 2850 3421 2916 dissolutus,
3445 2849 3681 2905 arbitra-

2030 2944 2120 2993 tus
2140 2946 2223 2994 est
2251 2937 2371 2994 fore
2392 2938 2748 3005 conveniens,
2773 2943 2834 2994 ut
2853 2938 3002 3009 quod
3030 2938 3121 2995 ille
3151 2937 3462 2994 faciendum
3486 2938 3680 3009 pravi-

2034 3026 2209 3093 derat,
2251 3027 2371 3097 ipse
2401 3040 2624 3097 quoque
2669 3026 3007 3084 destruendo
3037 3027 3397 3097 praveniret;
3459 3026 3676 3083 scilicet

290 3114 466 3181 cedit,
527 3113 803 3170 fautorem
851 3128 1106 3171 asserens
1145 3116 1446 3185 perpetrati
1494 3116 1708 3187 ﬂagitii.
1741 3110 2004 3173 lterumC
2027 3124 2088 3172 ut
2117 3115 2439 3187 dignitatem
2474 3116 2754 3185 propriam
2803 3115 2962 3172 alteri
2993 3131 3053 3172 se
3095 3118 3312 3172 vivente
3342 3116 3679 3173 concederet

289 3216 425 3273 ergo
459 3202 533 3258 ad
550 3203 863 3272 juramenta
884 3203 1244 3270 convertitur,
1275 3203 1463 3260 invitis
1492 3210 1674 3260 tamen
1703 3205 1946 3273 civibus;

292 3299 347 3346 et
376 3293 426 3347 si
467 3306 620 3362 quos
645 3292 882 3348 habebat
908 3298 1219 3363 suspectos,
1261 3293 1443 3349 acrius
1483 3295 1671 3362 jurare
1700 3295 1951 3365 compel-

290 3379 372 3435 lit.
408 3383 680 3451 Agrestes
708 3381 897 3437 turbas
925 3387 981 3437 et
999 3381 1188 3437 civiles
1213 3382 1362 3452 cogit
1389 3382 1610 3438 assidue
1632 3391 1858 3452 turmas,
1879 3383 1949 3440 ad

290 3470 593 3526 Widouem
628 3471 1071 3540 persequendum
1103 3470 1405 3527 antistitem
1441 3485 1769 3541 omnemque
1797 3486 1949 3528 suam

286 3559 593 3616 delendam
628 3562 966 3631 progeniem.
991 3562 1056 3616 Et
1075 3559 1300 3616 fecisset
1324 3561 1536 3631 utique,
1559 3562 1664 3617 nisi
1684 3575 1952 3632 generosa

285 3663 520 3706 suorum
559 3649 807 3706 ﬁdelium
855 3649 998 3718 (135)
1046 3650 1343 3706 restitisset
1371 3649 1609 3706 audatia.
1650 3652 1808 3720 Sape
1839 3656 1954 3706 ete-

285 3737 396 3793 nim
429 3743 826 3796 convenerunt
854 3737 1030 3808 parati
1051 3738 1239 3794 subire
1271 3751 1372 3808 pro
1402 3738 1621 3793 seniore
1651 3745 1949 3794 certamen.

286 3827 449 3884 Nulla
492 3828 726 3885 interim
757 3829 982 3899 requies
1021 3835 1140 3885 erat
1175 3827 1495 3899 pradonum
1537 3829 1593 3884 in
1623 3827 1954 3898 diripiendis

283 3916 630 3973 substantiis
657 3917 1007 3972 clericorum.

354 4005 449 4062 21.
504 4007 595 4064 Ad
637 4006 785 4077 quod
828 4005 1131 4062 sedandum
1180 4005 1415 4078 litigium
1459 4005 1692 4078 contigit
1719 4006 1784 4038 ὀδ
1821 4012 1952 4064 tunc

286 4095 566 4164 temporis
583 4096 707 4164 (An.
744 4094 917 4165 1067),
950 4094 1322 4166 Magiuardum
1344 4095 1410 4127 ²⁰¹⁵
1439 4096 1765 4166 episcopum
1791 4096 1952 4152 Silva

287 4184 553 4241 candida
606 4191 663 4240 et
705 4185 967 4242 Minutum
998 4183 1331 4241 cardinalem
1379 4185 1759 4256 presbyterum
1808 4184 1952 4256 (136)

2033 3203 2209 3277 (138).
2242 3205 2347 3260 Per
2373 3203 2518 3260 idem
2550 3209 2767 3274 tempus
2805 3201 2983 3260 fuerat
3017 3205 3238 3274 quidam
3279 3220 3346 3261 ex
3377 3205 3676 3262 ordinariis

2031 3294 2282 3350 ecclesia
2311 3293 2683 3350 subdiaconus
2715 3295 2937 3349 nomine
2965 3293 3292 3350 Gotefredus
3320 3293 3384 3326 ²⁰⁸
3417 3293 3583 3363 (139),
3618 3294 3680 3349 il-

2032 3383 2139 3439 lius
2158 3397 2190 3439 a
2213 3383 2445 3439 secretis
2465 3397 2578 3452 pra
2600 3383 2857 3438 omnibus
2877 3382 3094 3448 unicus,
3127 3384 3221 3452 qui
3244 3397 3310 3438 ex
3332 3396 3442 3451 quo
3469 3383 3678 3438 domini

2032 3472 2116 3527 sui
2149 3478 2533 3541 penetraverat
2561 3477 2822 3536 mentem,
2854 3471 2911 3524 in
2941 3484 3001 3524 se
3032 3468 3472 3524 transferendum
3504 3469 3681 3524 omni-

2036 3561 2214 3616 modis
2251 3561 2532 3631 satagebat
2561 3559 2850 3615 honorem.
2885 3559 3110 3612 Secreta
3167 3556 3335 3626 igitur
3373 3556 3513 3612 facta
3556 3570 3686 3612 con-

2034 3650 2292 3705 ventione
2331 3663 2452 3704 cum
2475 3662 2542 3703 eo
2573 3647 2796 3716 prasul,
2830 3645 2974 3701 datis
3003 3645 3312 3700 communis
3332 3644 3476 3714 pacti
3510 3658 3576 3699 ex
3606 3643 3686 3698 al-

2035 3744 2249 3793 terutro
2280 3735 2658 3802 sacramentis,
2691 3735 3015 3806 dignitatem
3053 3733 3285 3803 deponit
3312 3732 3379 3788 ad
3411 3745 3680 3804 prasens,

2033 3826 2185 3898 virga
2204 3839 2326 3882 cum
2347 3824 2512 3881 anulo
2533 3824 2726 3880 casari
2747 3837 2848 3893 per
2866 3823 3077 3894 legatos
3097 3821 3328 3878 directa.
3353 3819 3682 3878 Gotefredus

2034 3922 2216 3972 autem
2246 3929 2370 3971 cum
2393 3917 2502 3985 jam
2537 3913 2748 3985 pridem
2779 3913 2967 3969 labore
2993 3912 3164 3970 multo
3194 3911 3300 3968 sibi
3329 3913 3476 3984 regis
3496 3911 3688 3968 conci-

2037 4005 2226 4062 liasset
2254 4003 2529 4070 affectum,
2564 4003 2772 4059 recenti
2804 4007 2982 4059 tamen
3032 4007 3194 4073 pacto
3241 4003 3311 4058 ab
3359 4001 3555 4060 eodem
3583 4015 3689 4057 au-

2037 4101 2198 4166 gusto
2229 4093 2476 4166 gaudens
2503 4092 2737 4163 adeptus
2767 4099 2852 4148 est
2891 4092 3263 4163 prasulatum.
3303 4094 3687 4148 Verumtamen

2031 4187 2188 4255 juxta
2216 4183 2509 4254 scriptura
2539 4183 2824 4238 veritatem
2855 4183 3058 4238 mixtus
3087 4188 3171 4237 est
3199 4181 3394 4238 dolore
3437 4181 3600 4246 risus,
3635 4184 3690 4234 et

285 4270 583 4330 Romanos
624 4273 834 4345 legatos
863 4274 1077 4330 venisse
1118 4273 1503 4331 Mediolanum.
1525 4275 1626 4343 Qui
1657 4275 1784 4330 dum
1814 4287 1957 4344 apo-
2040 4279 2284 4330 extrema
2313 4271 2500 4344 gaudii
2521 4271 2810 4342 occupavit
2846 4270 3028 4325 luctus
3061 4268 3238 4339 (Prov.
3280 4286 3394 4336 xiv,
3430 4269 3545 4340 13).
3588 4270 3692 4323 Re-

284 4361 492 4419 stolico
573 4369 859 4434 pracepto
927 4376 1117 4434 pacem
1191 4363 1628 4434 evangelizarent
1674 4363 1952 4430 omnibus,

2042 4363 2310 4434 probatus
2337 4361 2483 4418 enim
2519 4375 2550 4416 a
2581 4359 2813 4425 civibus,
2845 4357 3014 4412 nullis
3051 4358 3108 4412 in
3138 4357 3276 4412 locis
3305 4355 3573 4427 episcOpii
3602 4355 3689 4410 vel

1659 4517 1902 4572 VARUE
1941 4516 2221 4572 LECTION
2227 4516 2323 4570 ES.

356 4667 422 4698 ²⁰⁹
452 4667 622 4738 quod
652 4682 681 4722 a
720 4668 796 4738 pl.
831 4669 888 4724 B.
995 4669 1053 4701 ³⁰¹
1095 4667 1238 4725 facto
1267 4667 1321 4725 3.
1355 4668 1438 4723 5*.
1473 4670 1511 4723 Β
1539 4668 1621 4724 2*.
1656 4673 1704 4724 et
1733 4668 1908 4724 Pario.

284 4737 348 4808 ’f?
377 4737 668 4808 querectu
704 4737 751 4795 1’.

720 4668 796 4738 pl.
831 4669 888 4724 Β.

1939 4682 1995 4738 ρ.
2027 4666 2153 4723 242.

857 4739 922 4772 ’⁸⁵
948 4741 1220 4811 contingit
1248 4741 1288 4811 Β
1324 4740 1369 4795 1.
1408 4745 1468 4811 αι
1490 4755 1594 4794 non
1631 4741 1671 4795 B
1707 4739 1782 4794 2‘.
1812 4754 1910 4795 nec
1935 4741 2110 4811 Furio.

285 4807 348 4837 ²⁰⁶
377 4807 616 4880 δὶῐωὶοἱε
646 4812 704 4866 Β.
781 4810 842 4842 ²⁰⁷
877 4811 1070 4868 sedare
1107 4807 1167 4867 1f
1229 4810 1293 4844 ²⁰³
1322 4810 1637 4868 cotefredus
1675 4811 1719 4866 1.
1761 4809 2124 4882 gothofredus
2150 4807 2212 4866 Β.
2245 4812 2409 4864 canat.

2267 4666 2331 4697 ¹⁰²
2379 4666 2454 4721 ita
2492 4667 2531 4720 Β
2577 4664 2624 4717 1.
2665 4663 2749 4720 2*.
2801 4663 2974 4718 Pario.
3018 4662 3160 4716 deest
3219 4661 3265 4714 l.
3306 4658 3366 4714 3³ι
3411 4657 3492 4712 5*.
3537 4661 3685 4716 Mur.

2148 4753 2204 4809 ρ.
2237 4736 2362 4792 248.
2474 4735 2538 4769 ’⁸⁸
2578 4736 2927 4792 blainarelum
2986 4734 3026 4788 B
3088 4733 3134 4786 1.
3182 4729 3515 4787 Mainardum
3566 4731 3604 4786 Β
3633 4731 3697 4785 2.

1882 4963 2096 5019 NOTIE.

359 5111 521 5188 (13:1)
580 5113 821 5168 Pecunia
859 5113 1153 5188 distributa
1182 5121 1393 5188 partem
1424 5113 1685 5188 )Vidonis
1715 5113 1961 5188 superio-
1980 5129 2028 5186 Ι)
2118 5111 2268 5184 (137)
2294 5111 2371 5188 lbi
2390 5108 2881 5188 judicia_laicorum
2907 5107 2976 5188 d_e
2998 5105 3218 5188 clericis
3245 5113 3302 5160 et
3326 5103 3696 5188 depradatio-

284 5175 403 5236 rem
448 5175 664 5258 factam
704 5198 846 5258 esse,
887 5186 1134 5258 Andreas
1176 5175 1402 5258 asserit.
1422 5184 1631 5241 Deinde
1662 5175 1959 5258 interdicto
1982 5175 2023 5186 ”
2049 5175 2146 5258 nes
2167 5175 2276 5238 non
2299 5175 2479 5236 minus
2495 5180 2700 5235 acriter
2721 5193 2892 5258 quam
2904 5177 3044 5258 cieri
3065 5176 3195 5258 vitia
3209 5175 3700 5258 reprehenduntur

283 5255 693 5321 pronuntiato,
727 5245 906 5311 donec
935 5256 1189 5311 Arialdus
1228 5256 1284 5310 in
1324 5257 1458 5312 urbe
1500 5263 1766 5324 maneret,
1815 5256 1963 5310 hunc
2049 5261 2104 5309 et
2133 5255 2186 5308 in
2213 5260 2493 5324 posterum
2517 5245 3033 5324 vetant_u'r.__Editum
3053 5255 3186 5324 es_t_a
3206 5245 3384 5324 Sociis
3407 5245 3618 5324 l_’al._ad
3635 5247 3692 5324 li.

281 5317 350 5377 ad
402 5323 607 5450 fggam
654 5317 940 5396 compulit.
980 5328 1055 5382 De
1087 5328 1244 5394 cujus
1285 5340 1419 5382 nece
1458 5343 1508 5381 v.
1542 5328 1712 5383 Laud.
1752 5317 1835 5394 iu,
1866 5325 1959 5380 30.
2049 5325 2086 5380 l.
2114 5333 2167 5378 et
2190 5317 2244 5378 in
2268 5322 2467 5378 concil.
2495 5321 2919 5403 collectionibus
2939 5321 3085 5375 inter
3101 5318 3256 5375 Alex.
3276 5318 3321 5372 ll
3345 5317 3614 5388 epistolas
3643 5319 3696 5376 6.

365 5394 408 5465 (1
502 5396 518 5464 )
551 5397 871 5465 Capitaneis
900 5399 1070 5465 igitur
1099 5397 1261 5452 Wido
1293 5399 1671 5454 accensendus
1697 5399 1824 5465 erit,
1859 5398 1964 5454 nisi
2123 5393 2267 5465 (138)
2298 5393 2378 5450 Cf.
2404 5395 2586 5465 Bouiz.
2621 5407 2675 5462 ι).
3018 5460 3054 5465 ν
3159 5459 3192 5465 μ
3256 5461 3307 5465 __
3355 5459 3368 5465 ,
3521 5459 3533 5465 -

502 5396 518 5464 )
551 5397 871 5468 Qapitaneis
900 5399 1070 5468 igitur
1099 5397 1261 5468 Wido
1293 5399 1671 5454 accensendus
1697 5399 1824 5465 erit,
1859 5398 1964 5454 nisi

284 5465 411 5521 hac
446 5467 525 5522 de
561 5465 771 5524 familia
802 5471 857 5525 S.
880 5465 1154 5525 Ambrosii
1185 5467 1332 5522 dicta
1353 5482 1473 5524 esse
1502 5476 1824 5524 statuemus.

2123 5393 2140 5462 (
2151 5394 2267 5464 138)
2298 5393 2378 5450 Cf.
2404 5393 2586 5449 Bouiz.
2621 5407 2675 5462 p.

2110 5459 2802 5546 ,03916οιοΐτειέιέὲξαῡςῖι
2838 5461 2903 5517 de
2921 5460 3123 5546 ,ρνάίπε
3140 5459 3210 5546 ,δο
3243 5459 3391 5546 Med.-
3424 5459 3608 5546 Wa:
3651 5466 3700 5546 ει

356 5537 526 5611 (136)
579 5539 840 5611 Joannes,
866 5542 959 5611 qui
993 5546 1050 5596 et
1087 5538 1596 5611 Μὶηυιυε,ᾼβω’(1.8.
1611 5541 1792 5596 Maria
1814 5547 1967 5611 trans
2051 5529 2238 5611 missus
2261 5529 2517 5611 ipsius'd.
2555 5531 3054 5611 ιηᾴᾳπεξ-ᾳνςρἰςρ.
3084 5532 3214 5587 Dec.
3253 5529 3381 5586 1061
3419 5532 3695 5603 negotium

281 5606 918 5683 Tiberim,subscripsit
938 5611 1102 5669 bulla
1130 5612 1188 5668 in
1217 5609 1389 5666 Tostii
1421 5610 1557 5666 Hist.
1594 5610 1963 5677 Casin.l,426.

2054 5621 2154 5678 pro
2185 5602 2300 5665 hoc'
2321 5607 2559 5678 peregit.
2595 5604 2736 5663 Giul.
2770 5605 2853 5672 1V,
2883 5602 3012 5659 530.
