4100 6166
433 315 540 372 319

1537 313 1832 370 ARNULFI
1869 312 2402 369 MEDIOLANENSIS
2438 312 2704 369 CLERlCI

3699 307 3806 366 320

434 440 502 498 ad
534 439 926 510 hospitandum
966 437 1252 510 recipitur,
1284 439 1420 508 ipsis
1457 437 1619 494 etiam
1666 436 1842 493 factus
1869 436 2078 494 invisus
2096 440 2396 508 Anamque
2416 437 2849 510 quadragesima:
2878 438 3128 504 sabbato,
3153 452 3350 510 magno
3380 437 3574 494 civitas
3602 436 3812 493 conﬂa-

437 529 715 601 agricolis.
750 531 908 584 Hunc
945 529 1177 584 Romani
1225 527 1427 583 domno
1457 541 1578 582 cum
1625 526 1930 597 apostolico
1955 529 2081 597 jure

438 619 622 675 statim
653 618 1062 688 condcmpnant
1094 616 1380 682 canonico,
1408 616 1602 686 judicii
1635 616 1846 672 litteras
1872 616 2080 672 Medio-

442 708 760 764 lanensibus
786 722 953 778 super
982 707 1077 762 illo
1099 705 1162 737 ’θ’
1191 705 1487 760 mittentes.
1520 707 1634 773 Qua
1662 705 1838 762 elatus
1864 706 2083 763 Arlem-

443 797 640 854 baldus
669 796 886 862 ﬂducia,
938 796 1121 852 acrius
1149 794 1384 864 insurgit
1423 807 1536 851 non
1581 795 1759 852 solum
1797 796 1855 852 in
1903 797 2078 865 illum,

442 901 628 944 verum
658 887 819 942 etiam
852 883 1094 940 fautores
1129 884 1186 938 in
1229 895 1438 950 omnes,
1472 883 1724 941 universa
1752 885 1982 941 ﬂammis
2017 900 2081 941 ac

444 975 592 1033 ferro
622 973 954 1040 demoliens;
991 977 1182 1028 contra
1204 986 1365 1042 quem
1397 972 1558 1028 etiam
1581 987 1681 1044 per
1712 975 1863 1031 vicos
1882 981 1938 1030 et
1966 990 2082 1031 cas-

449 1065 577 1121 tella
607 1064 900 1120 multorum
930 1068 1220 1134 exaggerat
1254 1069 1616 1118 sacramenta.
1650 1064 1803 1120 Unde
1835 1065 1894 1120 tit
1923 1072 2002 1129 ut,
2033 1065 2081 1120 si

446 1153 666 1223 quando
704 1153 772 1208 de
810 1150 1160 1206 facultatibus
1197 1150 1447 1207 ecclesia:
1483 1152 1692 1222 aliquid
1749 1168 2082 1224 praesumere

448 1243 659 1307 nititur,
709 1241 776 1295 ab
815 1241 1070 1296 omnibus
1109 1241 1328 1310 penitus
1366 1242 1748 1299 interdicatur.
1799 1244 1902 1300 Ubi
1949 1258 2080 1300 vero

443 1334 648 1384 sanctae
678 1327 862 1384 Mariae
907 1328 1231 1384 conscendit
1277 1334 1518 1385 montem
1567 1330 1732 1398 (140),
1780 1331 2080 1387 circumve-

446 1417 629 1472 niente
675 1417 744 1472 ab
783 1417 919 1473 urbe
959 1417 1223 1484 exercitu,
1257 1425 1420 1474 nocte
1467 1419 1556 1474 vix
1582 1418 1708 1490 fuga
1746 1419 1932 1490 lapsus
1960 1434 2084 1476 eva-

444 1507 515 1562 sit
536 1506 618 1559 "°.
650 1507 865 1561 Interea
894 1506 1056 1562 Wido
1086 1505 1358 1562 fatebatur
1403 1522 1462 1563 se
1509 1506 1787 1564 Gotefredi
1833 1508 2082 1564 delusum

445 1594 682 1662 insidiis,
716 1595 1021 1651 communis
1050 1596 1196 1666 pacti
1227 1603 1687 1667 transgressorem
1717 1597 1870 1653 illum
1901 1599 2085 1668 appel-

445 1681 585 1737 lans.
618 1683 719 1750 Qui
749 1698 871 1739 cum
911 1683 1164 1739 amissum
1207 1699 1482 1740 resumere
1512 1685 1570 1716 ²¹¹
1602 1685 1684 1741 vel
1709 1694 1763 1742 et
1791 1686 2078 1752 honorem,

2162 527 2337 597 gravit
2358 526 2618 584 incendio
2652 527 2802 598 (142)
2837 527 3029 599 (Mart.
3068 525 3171 594 19).
3204 529 3450 598 Cumque
3481 533 3614 582 tunc
3642 524 3806 581 vehe-

2163 629 2318 671 mens
2348 617 2504 672 ﬂaret
2551 617 2714 673 turbo
2759 623 3065 684 ventorum,
3107 617 3344 686 arreptis
3383 616 3590 688 ignium
3630 613 3811 686 globis

2163 704 2326 776 longe
2383 706 2600 776 lateque
2639 707 2838 762 multas
2865 707 3170 763 combussit
3217 706 3387 772 aedes,
3438 719 3505 761 eo
3537 717 3709 774 usque
3749 710 3811 759 ut

2163 791 2310 864 ligna
2341 799 2396 849 et
2432 793 2645 864 lapides
2672 809 2839 851 vorax
2875 796 2938 827 ²²⁰
2971 796 3142 866 ﬂama
3184 800 3564 859 consumeret;
3616 806 3808 848 aurum

2164 897 2386 954 quoque
2415 889 2470 940 et
2498 885 2556 915 ²²¹
2589 891 2873 956 argentum
2893 899 2957 942 ac
2981 884 3201 941 metella
3219 891 3404 941 cetera
3434 882 3618 939 calore
3638 881 3807 937 nimio

2166 971 2460 1042 liquefacta
2502 980 2630 1030 sunt
2658 975 2930 1030 universa.
2971 977 3014 1032 Ο
3052 989 3177 1045 qua:
3215 981 3272 1030 et
3307 972 3490 1044 qualia
3519 973 3809 1027 domorum

2167 1060 2458 1128 hmdiﬂcia,
2490 1077 2761 1134 quamque
2785 1064 2988 1120 decora
3017 1063 3302 1120 combusta
3321 1069 3450 1118 sunt
3479 1060 3700 1126 mania,
3739 1058 3810 1116 de

2165 1151 2368 1222 quibus
2397 1153 2652 1209 omnibus
2679 1153 2768 1208 vix
2807 1151 3081 1223 superfuit
3120 1159 3323 1223 praeter
3352 1151 3651 1222 parietinas
3677 1161 3811 1218 qua-

2165 1240 2332 1296 slibet
2351 1241 2433 1296 vel
2457 1241 2580 1298 titio
2601 1243 2889 1298 minimus!
2914 1243 3021 1298 Sed
3042 1242 3191 1313 quod
3208 1242 3270 1273 ”'
3291 1248 3375 1298 est
3392 1239 3541 1296 omni
3562 1239 3802 1308 dampno

2167 1328 2432 1398 deterius,
2464 1330 2650 1400 plures
2678 1338 2993 1387 sanctorum
3025 1338 3154 1386 sunt
3183 1335 3439 1386 cremata
3477 1327 3722 1384 basilicae
3749 1324 3805 1380 in

2166 1419 2302 1474 urbe
2350 1425 2406 1475 et
2429 1426 2602 1474 extra.
2647 1421 2878 1475 Sanctus
2902 1421 3020 1490 ipse
3051 1421 3400 1485 Laurentius,
3447 1417 3582 1472 vivae
3625 1411 3810 1470 carnis

2171 1507 2301 1564 olim
2343 1508 2618 1564 cruciatus
2645 1508 2927 1575 incendio,
2969 1509 3166 1564 iterum
3204 1523 3264 1564 se
3301 1507 3532 1562 ﬂammis
3560 1501 3811 1575 permisit

2169 1597 2352 1665 exuri;
2384 1599 2542 1667 cujus
2561 1598 2968 1668 speciosissima
2988 1599 3230 1654 omnium
3253 1596 3393 1652 adeo
3424 1594 3526 1650 fuit
3547 1592 3808 1655 ecclesia,

2171 1694 2230 1743 ut
2259 1686 2434 1742 relatu
2464 1684 2689 1742 difﬁcile
2721 1686 2994 1753 videatur,
3026 1700 3149 1756 quae
3188 1685 3393 1742 fuerint
3430 1685 3702 1755 lignorum
3733 1681 3811 1736 la-

447 1785 568 1825 cum
598 1771 946 1828 Arlembaldo
978 1773 1129 1842 pacis
1160 1772 1366 1828 fmdera
1394 1774 1641 1830 sociavit.
1681 1777 1724 1831 Ο
1754 1789 1907 1832 mens
1935 1769 2146 1833 caecaB
2173 1774 2472 1845 pidumque
2491 1775 2791 1846 sculpturae
2821 1789 3121 1845 eorumque
3145 1775 3474 1830 altrinsecus
3498 1772 3560 1803 ²¹³
3589 1783 3812 1840 compa-

448 1860 792 1915 mortalium!
818 1861 1055 1917 Veniens
1084 1863 1228 1917 enim
1272 1861 1368 1918 illo
1398 1863 1538 1919 duce
1568 1863 1954 1930 Mediolanum,
1979 1879 2089 1920 non

447 1947 516 2001 ad
562 1948 751 2004 urbem
784 1955 843 2005 ut
873 1949 1064 2017 voluit,
1098 1951 1195 2006 sed
1236 1951 1304 2006 ad
1335 1953 1510 2007 sancti
1542 1953 1684 2008 Celsi
1715 1953 1938 2009 ducitur
1965 1967 2088 2009 mo-

449 2037 768 2106 nasterium,
816 2039 884 2094 de
931 2039 1142 2110 privato
1187 2039 1362 2096 factus
1409 2042 1776 2110 privatior'”.
1827 2043 1906 2098 lbi
1945 2056 2091 2098 com-

450 2127 738 2204 menda‘tus
765 2129 1108 2196 custodibus,
1132 2128 1328 2186 diebus
1347 2130 1535 2186 multis
1563 2132 1769 2188 resedit
1797 2132 2087 2204 inglorius.

448 2215 550 2271 hac
580 2192 742 2273 εσθαι]
771 2218 889 2273 vice
919 2217 1144 2275 delusus
1163 2219 1244 2272 ²¹⁸.

516 2303 605 2360 23.
633 2308 754 2372 (An.
795 2304 978 2378 1071.)
1012 2306 1341 2364 Gotofredus
1370 2317 1550 2365 autem
1581 2305 1833 2380 pluribus
1855 2313 1965 2382 jam
1996 2325 2090 2368 co-

443 2400 686 2450 arctatus
723 2394 1044 2463 obstaculis,
1077 2411 1200 2452 cum
1231 2401 1384 2466 parte
1415 2412 1638 2455 suorum
1676 2400 1860 2470 aliqua
1897 2415 1998 2457 suo
2029 2417 2088 2458 se

445 2484 673 2554 collegit
720 2484 783 2514 ³η
835 2486 892 2540 in
933 2485 1122 2554 opido,
1164 2487 1313 2556 quod
1344 2488 1505 2558 vulgo
1545 2489 1768 2546 Castilio
1799 2490 2090 2548 dicebatur

455 2571 638 2642 (141),
669 2571 1093 2644 inexpugnabile
1125 2588 1314 2630 revera
1343 2576 1681 2644 prasidium,
1713 2579 1986 2636 moenibus
2023 2595 2086 2638 ac

435 2658 558 2716 'loci
591 2666 784 2716 natura
813 2662 1104 2718 munitum.
1136 2665 1213 2718 Ex
1242 2677 1309 2719 eo
1328 2665 1534 2735 sapius
1561 2676 1931 2738 erumpentes,
1963 2685 2086 2726 cum

451 2763 616 2819 supra
645 2751 867 2807 modum
898 2753 1103 2821 praedis
1131 2753 1408 2810 inhiarent
1425 2769 1490 2811 ac
1519 2755 1785 2825 caedibus,
1817 2759 2088 2831 indignati

448 2839 884 2897 Mediolanenses
925 2849 1241 2912 proponunt
1278 2857 1462 2900 arcem
1510 2845 1657 2901 illam
1699 2847 1950 2916 protinus
1996 2863 2090 2904 ex-

449 2941 692 2998 pugnare
715 2931 966 2986 turritam
999 2932 1081 2988 ²¹⁸.
1111 2934 1225 2988 Nec
1249 2947 1422 3000 mora,
1456 2934 1726 2992 instructo
1759 2938 2002 2992 exercitu
2034 2943 2090 2993 et

448 3015 535 3070 his
564 3032 686 3086 quae
709 3018 776 3072 ad
809 3033 963 3074 usum
995 3021 1205 3076 militiae
1244 3020 1460 3077 fuerant
1503 3024 1810 3080 necessaria
1862 3027 2088 3095 paratis,

2171 1864 2371 1934 giuatm
2394 1865 2690 1934 juncturaa,
2723 1879 2848 1935 quae
2903 1865 3019 1919 suis
3048 1863 3356 1933 columpnse
3396 1875 3519 1918 cum
3563 1859 3807 1923 basibus,

2171 1952 2466 2008 tribunalia
2486 1967 2707 2024 quoque
2738 1968 2839 2024 per
2866 1967 3076 2023 gyrum,
3114 1966 3178 2007 ac
3207 1952 3445 2021 desuper
3474 1957 3665 2020 tegens
3692 1947 3816 2003 uni-

2172 2056 2328 2097 versa
2358 2057 2626 2113 musyum.
2675 2045 2718 2100 Ο
2749 2043 3034 2113 templum,
3068 2041 3157 2098 cui
3196 2041 3405 2097 nullum
3435 2040 3493 2094 in
3513 2037 3577 2070 ’³⁸
3607 2036 3812 2092 mundo

2174 2130 2379 2186 simile!
2414 2138 2470 2186 et
2498 2146 2531 2188 o
2561 2132 2752 2188 civitas
2781 2134 2939 2202 cujus
2977 2131 3388 2202 comparatione
3415 2129 3559 2184 villae
3596 2126 3817 2182 fuerant

2172 2219 2434 2288 reliquie!
2471 2221 2690 2276 Heheu!
2745 2223 2950 2277 Trenes
2989 2220 3098 2276 illae
3138 2218 3479 2290 prophetica
3517 2217 3574 2272 in
3613 2222 3668 2272 te
3696 2212 3812 2270 fere

2173 2308 2453 2365 translata
2484 2310 2760 2365 videntur.
2813 2309 2914 2364 Ubi
2945 2315 3127 2364 autem
3160 2321 3348 2364 rumor
3374 2313 3482 2362 tam
3512 2305 3666 2361 dirus
3693 2316 3813 2358 cas-

2171 2398 2272 2452 tris
2301 2397 2566 2466 insonuit,
2601 2398 2952 2468 quamplures
2981 2399 3110 2454 ilico
3143 2397 3333 2454 relicta
3364 2395 3654 2453 obsidione
3679 2398 3814 2449 eunt

2171 2491 2365 2542 tenues
2385 2488 2454 2542 ab
2484 2487 2609 2558 igne
2632 2487 2894 2557 reliquias
2923 2495 2977 2543 et
3002 2489 3254 2543 miseram
3279 2486 3500 2540 visitare
3529 2483 3810 2538 familiam.

2167 2576 2548 2632 Arlembaldus
2567 2591 2696 2632 vero
2735 2591 2860 2632 cum
2896 2577 3021 2632 aliis
3052 2583 3264 2632 retenta
3311 2581 3464 2646 parte
3503 2579 3808 2630 castrorum

2171 2673 2484 2736 perseverat
2504 2667 2782 2734 obnixius,
2807 2666 3034 2722 cottidie
3048 2665 3373 2736 belligerare
3396 2677 3507 2720 non
3527 2662 3810 2718 desinens.

2169 2754 2500 2811 Gotofredus
2527 2761 2708 2811 autem
2739 2755 2917 2810 tribus
2954 2756 3064 2825 jam
3101 2755 3360 2811 obsessus
3407 2752 3710 2819 mensibus,
3752 2756 3816 2806 ut

2171 2844 2308 2900 vidit
2337 2849 2555 2900 tenuem
2587 2851 2890 2900 castrorum
2919 2844 3241 2910 exercitum,
3273 2843 3411 2899 clam
3449 2855 3647 2898 vocare
3678 2853 3816 2896 suos

2171 2941 2227 2990 et
2257 2942 2416 2991 caute
2444 2937 2580 2991 satis
2611 2941 2872 3006 procurat
2900 2936 3107 2991 amicos
3127 2935 3210 2991 ⁸³⁵.
3252 2937 3496 3003 Cumque
3525 2930 3816 3003 paschales

2172 3025 2443 3080 instarent
2461 3023 2614 3081 feriae
2639 3023 2814 3096 (143),
2839 3025 3231 3081 convenientes
3251 3024 3306 3079 in
3327 3037 3514 3089 unum,
3539 3023 3814 3077 instructa

452 3104 760 3172 procedunt
806 3120 1018 3173 omnes,
1052 3110 1419 3165 castrametati
1459 3110 1526 3165 ad
1558 3111 1797 3168 radicem
1848 3114 2083 3182 montis;
2109 3099 2151 3160 Ο
2171 3114 2288 3169 acie
2321 3113 2572 3184 protinus
2599 3114 2656 3169 in
2676 3120 2855 3170 castra
2884 3121 3226 3184 consurgunt
3251 3113 3458 3182 impetu
3487 3117 3542 3167 et
3571 3111 3817 3166 clamore

448 3191 638 3247 aberat
667 3193 813 3249 enim
855 3195 923 3250 ab
956 3196 1089 3252 urbe
1138 3197 1427 3268 vigessimo
1475 3199 1638 3269 paulo
1678 3200 1801 3270 plus
1830 3202 2084 3259 miliario.

450 3280 572 3335 Mox
627 3282 871 3353 undique
914 3285 1387 3343 circumvallantes
1423 3287 1506 3355 ²¹⁶,
1539 3290 1882 3346 incessanter
1917 3306 2089 3362 oppu-

445 3376 633 3440 gnant.
666 3372 747 3427 Ad
779 3372 883 3429 hoc
909 3376 1071 3430 etiam
1096 3375 1158 3407 ¹¹⁷
1185 3383 1416 3434 cunctos
1435 3378 1676 3449 regionis
1705 3379 1854 3436 illius
1883 3383 2090 3438 instant

445 3471 742 3531 aggregare
772 3463 1060 3530 ruricolas,
1093 3465 1406 3521 diuturnam
1440 3469 1692 3537 jurantes
1719 3469 2084 3528 obsidionem.

448 3548 786 3606 Construunt
806 3550 869 3582 ³⁸⁸
899 3567 1030 3623 ergo
1070 3557 1337 3624 petrarias
1368 3562 1423 3612 et
1447 3558 1628 3612 omnis
1655 3559 1874 3629 generis
1902 3560 2087 3617 bellici

449 3637 748 3707 machinas,
798 3639 994 3698 fundas
1040 3658 1260 3715 quoque
1308 3653 1362 3701 et
1392 3644 1456 3676 ¹¹⁹
1513 3645 1777 3716 ballistas,
1830 3648 2088 3720 milleque

449 3725 641 3781 mortis
671 3736 864 3797 parant
893 3730 1134 3788 insidias.
1171 3733 1423 3790 Obsessis
1469 3749 1599 3791 vero
1630 3736 1698 3792 ad
1738 3750 1900 3806 posse
1931 3753 2090 3810 repu-

447 3815 763 3882 gnantibus,
795 3818 964 3874 multa
993 3820 1220 3876 cottidie
1259 3822 1425 3878 ﬂebat
1451 3825 1668 3880 cruoris
1705 3824 1918 3893 effusio,
1949 3827 2088 3886 adeo

450 3907 512 3955 ut
567 3903 623 3957 in
680 3904 800 3972 ipsa
856 3907 1289 3979 quadragesima:
1344 3913 1676 3968 venerabilis
1743 3915 2088 3972 observantia

449 3987 599 4044 nulla
637 3990 802 4047 fuerit
840 3994 1091 4052 humanae
1121 3998 1291 4054 caedis
1319 4001 1670 4057 abstinentia.

522 4077 610 4134 24.
647 4082 758 4136 Hac
788 4082 972 4152 itaque
1003 4090 1328 4156 tempestate
1358 4104 1480 4144 cum
1507 4105 1663 4146 rarus
1682 4091 1738 4146 in
1761 4093 1895 4148 urbe
1918 4107 2092 4164 popu-

451 4164 539 4221 lus
563 4181 663 4223 sua
692 4168 969 4228 frueretur
1004 4176 1322 4245 securitate,
1365 4181 1654 4249 repentina
1684 4180 1962 4237 calamitas
1992 4184 2091 4238 im-

451 4256 733 4324 providam
781 4260 979 4319 invasit
1020 4265 1231 4322 urbem.
1285 4268 1529 4324 Iioresco
1577 4267 1855 4339 referens;
1914 4272 2090 4341 primo

2171 3216 2282 3258 non
2331 3203 2570 3259 modico.
2612 3205 2722 3259 Nec
2769 3203 2951 3258 minus
2994 3203 3206 3259 obsessi
3254 3202 3430 3271 ruptis
3461 3200 3717 3256 claustris
3745 3215 3816 3255 ex

2171 3292 2320 3349 omni
2342 3292 2404 3323 “°
2461 3299 2614 3363 parte
2653 3293 2966 3363 prosiliunt.
3009 3291 3390 3348 Arlembaldus
3425 3296 3606 3346 autem
3658 3294 3818 3344 tanto

2172 3383 2385 3453 positus
2430 3382 2486 3438 in
2517 3383 2855 3449 discrimine,
2900 3381 3137 3452 arreptis
3155 3381 3218 3413 ³³⁷
3263 3381 3430 3436 armis
3476 3379 3642 3435 audet
3687 3393 3816 3434 cum

2170 3471 2285 3527 suis
2325 3472 2515 3541 paucis
2536 3473 2690 3542 juxta
2717 3473 2862 3528 vires
2886 3471 3177 3536 obsistere,
3210 3468 3437 3540 signifer
3464 3469 3584 3539 ipse
3613 3467 3816 3523 factus.

2170 3561 2237 3616 Et
2265 3561 2370 3616 nisi
2413 3575 2511 3617 sua
2557 3575 2891 3632 suorumque
2939 3566 3236 3632 pugnasset
3271 3559 3511 3625 audatia,
3561 3558 3681 3614 dies
3719 3557 3818 3612 illa

2170 3651 2277 3706 sibi
2307 3649 2500 3707 fuisset
2529 3657 2789 3708 extrema.
2823 3651 3085 3707 Videntes
3112 3655 3294 3706 autem
3323 3648 3479 3705 multi
3511 3661 3818 3719 paucorum

2171 3741 2555 3808 constantiam,
2605 3741 2750 3797 ultro
2807 3739 3094 3806 recedunt,
3152 3739 3452 3796 educentes
3501 3751 3687 3820 secum
3744 3737 3819 3792 ab

2171 3829 2379 3900 oppido
2407 3828 2782 3886 Golefredum.
2810 3830 2923 3884 Hos
2951 3827 3114 3899 longe
3144 3826 3420 3899 persecuti
3449 3831 3579 3882 sunt
3605 3824 3821 3881 Medio-

2172 3918 2446 3986 lanenses,
2493 3916 2807 3988 conglobati
2845 3923 3072 3988 repente
3119 3916 3279 3972 simul
3318 3922 3373 3971 et
3401 3917 3496 3986 qui
3526 3916 3582 3971 in
3615 3916 3820 3971 castris

2171 4005 2392 4064 fuerunt
2437 4012 2492 4063 et
2529 4006 2624 4077 qui
2662 4007 2720 4062 in
2771 4005 2908 4062 urbe
2956 4010 3360 4070 remanserant;
3401 4019 3504 4061 nec
3555 4019 3585 4060 a
3625 4019 3822 4075 perse-

2172 4095 2394 4167 quendo
2435 4096 2632 4152 diebus
2659 4095 2871 4166 aliquot
2899 4102 3186 4152 cessarunt
3215 4109 3278 4150 ac
3314 4094 3590 4160 noctibus,
3630 4093 3819 4149 donec

2173 4186 2229 4241 in
2259 4199 2468 4241 summa
2505 4187 2837 4242 constrictos
2883 4183 3210 4240 necessitate
3248 4181 3632 4254 coegerunt“
3687 4181 3823 4237 illos

2174 4274 2372 4330 iterum
2397 4273 2750 4331 Castilionem
2780 4275 3008 4330 intrare.

1803 4433 2022 4489 VARhE
2061 4435 2343 4492 LECTION
2347 4437 2446 4492 ES.

521 4565 750 4648 "iillos
778 4567 838 4622 B.
873 4567 968 4648 illo
997 4570 1172 4648 Pario.
1191 4585 1254 4639 p.
1286 4569 1413 4625 259.
1489 4572 1552 4604 ¹¹⁰
1587 4573 1688 4648 Ubi
1717 4604 1789 4648 έ
1817 4576 1988 4648 evasit
2016 4577 2198 4634 desunt
2217 4580 2275 4634 B.
2309 4579 2395 4648 qui
2433 4593 2610 4634 eorum
2638 4577 2750 4634 loco
2780 4575 2932 4633 habet
2962 4597 2974 4632 :
3007 4575 3469 4647 quemadmodum
3498 4575 3699 4648 factum
3731 4584 3821 4632 est

452 4637 508 4692 in
538 4638 836 4728 aliquibus,
870 4639 938 4695 de
969 4640 1170 4710 quibus
1193 4637 1422 4728 narrare
1454 4659 1561 4728 per
1577 4645 1791 4728 singula
1814 4647 2166 4728 longumnest,
2206 4637 2332 4720 ymo
2358 4651 2693 4728 superﬂuum
2723 4656 2808 4705 est
2831 4637 3083 4728 judicare
3115 4648 3388 4719 (indicare
3409 4647 3640 4728 Pii—rio).
3661 4649 3820 4728 inte-

452 4723 542 4764 rea
573 4716 670 4765 etc.
778 4716 836 4741 '"
871 4727 1186 4781 presumere
1219 4716 1276 4768 Β.
1310 4719 1364 4769 at
1392 4739 1394 4745 ι

450 4779 612 4856 etiam
657 4781 799 4856 deest
830 4784 888 4838 Β.
1003 4783 1066 4816 ²¹³
1096 4785 1307 4856 colligit
1336 4788 1394 4841 Β.

450 4849 511 4879 ¹¹⁸
541 4853 882 4908 constituunt
903 4856 960 4909 B.
1067 4855 1128 4886 ²¹⁹
1153 4849 1295 4912 ἀεέδι
1325 4859 1381 4913 Β.
1477 4859 1539 4888 ²²⁰
1567 4873 1726 4916 voras
1761 4861 1809 4914 1.

451 4921 516 4952 ’³³
539 4921 698 4977 alteri
721 4938 880 4979 secus
916 4924 962 4980 l.
992 4927 1325 4984 intrinsecus
1354 4931 1411 4985 Β.
1446 4931 1787 4990 extrinsecus
1815 4932 1894 4989 3a.

778 4711 1373 4803 'l“npresu'merepB.‘a't‘
1392 4711 1694 4803 ito—nnlzuric'.
1722 4711 1946 4803 p.26}:
1981 4711 2263 4803 _"'_f..'_e:st
2289 4737 2363 4803 p._
2509 4720 2720 4803 .mnllac
2751 4711 2981 4803 e_.”'v..d.
3014 4720 3084 4803 qd
3117 4711 3338 4803 sequens
3384 4725 3539 4803 caput
3567 4711 3727 4803 trahit
3765 4718 3814 4771 l.

1497 4787 1558 4818 ²¹⁸
1589 4787 1762 4846 currit
1791 4791 1831 4845 Β
1878 4791 1924 4846 l.
1959 4791 2101 4846 deest
2135 4794 2174 4847 Β
2202 4787 2363 4848 2¹.ἐι
2395 4791 2671 4848 Pm‘icelio.

2776 4791 2838 4822 ²¹⁶
2866 4790 3197 4847 circulantes
3229 4793 3286 4846 Β.
3391 4790 3456 4822 ³⁸⁷
3474 4791 3617 4846 deest
3655 4791 3714 4845 Β.

1911 4863 1970 4894 ²²¹
2005 4863 2144 4934 deest
2174 4865 2231 4918 Β.
2310 4865 2372 4894 ¹²²
2402 4878 2623 4934 quoque
2652 4865 2711 4919 Β.
2744 4862 2894 4934 quod
2921 4863 3094 4918 Puric.
3128 4865 3276 4920 Man.
3317 4861 3496 4918 Ambr.
3529 4878 3582 4932 p.
3615 4859 3741 4934 461.

1973 4933 2036 4964 “*
2063 4934 2204 4990 deest
2226 4937 2283 4990 Β.
2317 4941 2372 4991 at
2401 4950 2505 4990 non
2532 4934 2707 4989 Puris.
2741 4933 2778 4989 l.
2807 4934 2844 4989 l.
2921 4933 2984 4965 ’³⁸
3023 4943 3078 4990 et
3115 4950 3165 4989 c.
3199 4949 3244 4990 s.
3287 4941 3445 4988 caute
3485 4948 3542 5003 p.
3582 4947 3633 4987 a.
3667 4933 3728 4986 Β.
3760 4938 3818 4986 at

451 5007 553 5075 gon
573 4993 1070 5075 _Puric.ﬁdeAsanctis
1093 5015 1149 5070 p.
1169 4999 1310 5075 Δ263.
1375 5000 1449 5075 7'“
1479 5016 1532 5075 o.
1565 5018 1633 5060 ex
1651 5003 1705 5061 3.
1782 5005 1844 5036 ³⁸⁷
1875 5005 2080 5075 ereptis
2109 5007 2166 5061 Β.
2200 5011 2255 5062 at
2292 5021 2394 5062 non
2433 5008 2471 5061 Β
2490 5007 2574 5060 2*.
2606 5020 2699 5060 nec
2721 5006 2896 5062 Puric.
2972 5005 3036 5036 ’⁸⁸
3067 5013 3417 5062 constructas
3446 4993 3500 5060 n2
3543 5009 3815 5075 cogerunt

453 5064 511 5118 Β.
528 5071 583 5122 at
610 5081 715 5122 non
752 5067 793 5122 Β
818 5065 903 5121 2*.
1005 5064 1336 5129 constitutos
1363 5073 1539 5128 Puric.

2024 5191 2240 5248 NOTAE.

528 5322 685 5467 (140;
731 5328 906 5398 Prope
937 5327 1222 5384 Varisium.

523 5393 644 5476 (ΜΞ
693 5399 1055 5476 'Castiglione
1085 5401 1222 5458 (1⁸01(

453 5463 587 5540 risit)
615 5463 752 5540 51m.
797 5485 850 5540 p.
871 5463 950 5526 'ad
971 5478 1216 5528 austrum
1246 5463 1432 5531 distat.

531 5536 690 5610 (l_42)
743 5536 812 5596 ΙΙῘ
868 5543 1013 5599 Non.
1043 5545 1210 5600 Mart.
1285 5544 1439 5602 1070.
1507 5546 1650 5604 Eccl.
1708 5547 1770 5604 S.
1824 5547 2095 5604 Laurentii

456 5607 723 5666 combusta
765 5616 859 5669 est.
911 5613 1030 5670 Kal.
1061 5616 1248 5672 Ambr.
1292 5616 1346 5671 in
1391 5618 1525 5674 Mur.
1577 5621 1669 5675 SS.
1719 5621 1790 5687 1b,
1840 5633 1895 5691 p.
1947 5618 2089 5687 235;

2112 5338 2227 5396 Dv.
2259 5335 2400 5390 Non.
2434 5336 2596 5391 Mart.
2631 5349 2684 5390 a.
2719 5336 2786 5390 D.
2816 5333 2941 5389 1071
2978 5335 3296 5390 combustum
3342 5339 3419 5389 est
3457 5333 3820 5391 Mediolanum

693 5399 1055 5476 'Castiglione
1085 5401 1333 5476 d'Olona,
1383 5407 1443 5459 ut
1481 5402 1716 5472 videtur,
1749 5403 1896 5475 quod
1936 5418 1967 5460 a
1995 5406 2094 5460 Va—
2175 5404 2242 5460 ab
2279 5406 2397 5475 igne
2438 5406 2502 5461 de
2541 5405 2876 5476 Casteitiouo.
2918 5407 3036 5464 Kal.
3069 5407 3244 5464 Siton.
3297 5405 3374 5462 ib.
3415 5407 3507 5473 lib,
3550 5421 3604 5476 p.
3654 5405 3815 5460 1035.

2173 5479 2248 5534 De
2287 5491 2431 5533 anno
2461 5493 2515 5533 v.
2549 5475 2688 5534 infra
2717 5493 2789 5544 1v,
2821 5478 2876 5532 8.

2250 5547 2386 5618 (143)
2421 5551 2550 5606 Post
2579 5549 2781 5620 pascha
2811 5555 2951 5606 teste
2982 5549 3256 5606 Bonizone
3288 5563 3342 5620 p.
3377 5545 3503 5602 809.
