4100 6166
342 237 428 293 321

1283 237 1494 293 GESTA
1530 235 1948 294 ARCHIEPISC.
1989 235 2350 292 MEDIOLAN.
2391 266 2464 278 —
2501 237 2628 294 LIB.
2670 239 2756 294 IV.

3589 246 3698 303 322

403 363 484 419 25.
515 363 647 420 Post
675 362 740 395 ’”
767 361 887 420 hac
934 361 1231 418 redeuntes
1265 361 1334 418 ad
1365 361 1577 428 urbem,
1606 361 1964 432 jurejurando
1985 361 2118 422 Ade
2143 363 2294 432 justo
2323 363 2386 395 '”
2414 369 2633 434 pastore
2682 377 3138 432 commemorans,
3179 367 3429 427 adstante
3455 373 3693 443 quodam

339 451 594 517 deferunt,
641 450 991 508 Gotefredum
1053 465 1347 520 numquam
1405 450 1806 520 recipiendum,
1853 451 1964 506 imo

339 541 552 596 alterum
581 540 651 595 de
681 541 931 612 catalogo
952 541 1176 610 majoris
1195 539 1444 595 ecclesia
1475 541 1839 595 communiter
1866 539 1966 593 eli-

337 629 579 700 gendum.
609 631 726 684 Jam
765 631 912 686 enim
941 630 1264 699 migraverat
1292 643 1323 682 a
1351 627 1555 684 saculo
1593 627 1965 698 archiepisco-

335 732 427 788 pus
455 717 543 772 ille
599 717 762 775 Wido
808 721 914 788 (an.
952 717 1106 784 1071,
1139 720 1274 786 Aug.
1325 716 1436 782 23),
1478 718 1726 787 sepultus
1755 717 1962 773 inloco

335 807 418 876 qui
447 807 758 862 nominatur
802 807 964 877 vulgo
997 807 1213 878 Berguli
1243 806 1306 837 ²³⁰
1339 806 1501 876 (144),
1532 807 1625 862 ubi
1658 811 1783 877 post
1810 806 1964 862 urbis

332 895 633 951 incendium
663 896 720 951 in
750 896 1112 952 amaritudine
1145 896 1342 951 anima
1371 896 1516 951 diem
1547 897 1743 952 clausit
1772 901 1960 952 extre-

330 999 482 1040 mum.
535 985 615 1040 Ab
662 985 759 1040 illo
807 985 1008 1041 etenim
1056 985 1145 1041 die
1190 985 1571 1042 Arlembaldus
1609 985 1757 1041 omni
1795 986 1961 1040 instat

326 1074 624 1137 conamine,
658 1074 822 1131 modo
854 1088 975 1130 cum
1004 1074 1153 1130 clero
1184 1075 1349 1131 modo
1379 1089 1502 1130 cum
1534 1075 1738 1145 populo
1770 1074 1838 1129 de
1864 1074 1961 1130 eli-

323 1164 492 1235 gendo
520 1177 690 1234 agens
718 1165 1160 1234 episc0po,nova
1189 1179 1220 1218 a
1248 1163 1509 1219 Romanis
1537 1169 1762 1233 accepta
1794 1163 1962 1218 licen-

323 1254 410 1318 tia,
439 1259 627 1322 spreta
655 1267 785 1308 vero
827 1268 1015 1324 regum
1053 1253 1224 1309 veteri
1255 1252 1598 1322 providentia
1629 1251 1815 1324 (145).
1847 1254 1958 1307 Ve-

322 1348 617 1398 rumtamen
648 1344 822 1412 major
871 1343 1107 1398 civitatis
1136 1343 1319 1413 portio
1350 1357 1417 1398 ex
1446 1343 1596 1398 clero
1626 1356 1690 1398 ac
1721 1343 1957 1412 sapienti

320 1431 516 1500 populo
529 1431 730 1501 prisca
741 1431 1127 1487 consuetudini
1150 1437 1206 1487 et
1223 1431 1376 1502 regio
1395 1431 1717 1488 intendebat
1735 1431 1955 1487 honori.

317 1521 428 1589 ipse
457 1525 640 1576 autem
671 1519 938 1590 neglectis
955 1521 1214 1576 omnibus
1230 1527 1285 1576 et
1308 1521 1622 1589 juramento
1655 1521 1954 1588 communi,

313 1607 481 1662 solum
536 1609 766 1664 Romani
807 1609 954 1664 illius
982 1609 1296 1679 lldeprandi
1343 1608 1683 1664 auscultabat
1731 1609 1959 1664 consul-

2048 451 2327 507 Bernardo
2375 452 2554 523 legato
2616 455 2882 522 Romano,
2933 453 3086 526 eligit
3113 454 3180 486 ³³⁸
3206 458 3482 527 Attonem,
3515 463 3693 518 adhuc

2048 541 2426 598 tantummodo
2456 542 2715 598 clericum
2765 557 2828 598 ac
2875 550 3064 599 tenera
3119 550 3280 600 atate
3314 548 3688 620 juvenculum,

2045 630 2216 685 invito
2246 630 2396 686 clero
2444 638 2500 686 et
2530 631 2715 687 multis
2744 646 2810 687 ex
2840 633 3068 703 populo,
3099 634 3238 690 adeo
3277 642 3337 690 ut
3368 640 3692 696 stomachati

2045 719 2371 775 recederent
2399 721 2468 775 ab
2498 721 2750 778 ecclesia.
2798 723 2940 778 Proh
2973 722 3170 779 dolor!
3211 723 3275 756 ”'
3303 724 3475 782 altare
3505 741 3690 784 sacro-

2042 815 2291 864 sanctum
2322 809 2572 866 ecclesia
2601 812 2771 867 visum
2803 817 2888 867 est
2915 812 3134 868 concuti
3165 819 3316 881 tunc,
3349 828 3413 870 ac
3441 829 3544 872 suo
3573 830 3691 872 mo-

2041 896 2155 950 veri
2186 896 2254 952 de
2286 897 2431 965 loco,
2463 899 2590 954 dum
2623 901 2789 955 nimia
2818 900 2996 970 plebis
3026 901 3267 972 undique
3297 905 3690 973 comprimere-

2041 989 2132 1040 tur
2159 985 2436 1042 instantia.
2471 989 2714 1058 Cumque
2744 1003 2868 1044 cum
2897 990 3012 1045 suis
3041 992 3164 1046 Atto
3193 990 3260 1046 ad
3292 993 3686 1051 convivandum

2042 1073 2411 1144 pontificalem
2441 1075 2506 1106 ³³⁸
2535 1077 2936 1133 conscenderet
2982 1078 3158 1134 aulam
3197 1110 3268 1120 —
3295 1079 3510 1138 fuerant
3539 1084 3683 1140 enim

2035 1165 2147 1234 jam
2199 1164 2255 1219 in
2307 1165 2512 1220 mensis
2540 1166 2717 1235 ampla
2775 1173 2962 1235 parata
2993 1170 3240 1224 convivia
3271 1201 3342 1210 —
3370 1171 3684 1230 inﬂammati

2041 1253 2189 1309 cives
2221 1253 2483 1309 invadunt
2507 1261 2734 1324 repente
2759 1254 3002 1324 domum,
3035 1259 3298 1316 interiora
3328 1267 3383 1316 et
3412 1264 3687 1319 exteriora

2041 1347 2369 1398 scrutantes.
2401 1344 2522 1412 lpse
2551 1348 2732 1398 autem
2785 1343 2996 1399 electus
3051 1347 3266 1404 noviter
3303 1363 3426 1404 cum
3453 1365 3684 1407 camera

2041 1431 2205 1485 unius
2233 1431 2428 1486 lateret
2456 1432 2512 1486 in
2541 1431 2762 1501 angulo,
2796 1432 3048 1488 inventus
3067 1435 3282 1505 capitur
3311 1444 3367 1493 et
3396 1438 3459 1470 ¹³⁹
3488 1441 3686 1496 misere

2041 1519 2276 1575 laniatur
2305 1541 2319 1586 ;
2379 1519 2595 1576 demum
2645 1534 2745 1591 per
2780 1535 2938 1575 suras
2966 1528 3021 1577 et
3050 1523 3273 1580 brachia
3301 1540 3332 1580 a
3361 1529 3588 1584 summis
3614 1529 3684 1584 ad

2039 1607 2148 1663 ima
2199 1609 2556 1678 protrahitur.
2605 1609 2705 1677 Qui
2757 1624 2880 1665 cum
2927 1619 3097 1666 staret
3153 1614 3210 1668 in
3266 1613 3499 1670 ecclesia
3538 1622 3685 1673 metu

316 1703 422 1752 tum
451 1698 534 1753 ²³¹.
567 1700 795 1768 Jamque
827 1699 946 1754 dies
976 1699 1067 1754 illa
1099 1699 1524 1769 propinquabat,
1556 1713 1718 1769 quam
1748 1699 1815 1754 ad
1848 1699 1953 1755 hoc
1973 1692 2022 1751 B
2043 1699 2236 1753 mortis
2271 1698 2466 1754 altario
2519 1705 2846 1768 prostratus,
2877 1700 3145 1756 clamante
3177 1702 3382 1772 populo
3435 1706 3686 1761 ascendit

313 1785 576 1854 agendum
618 1786 737 1856 ipse
781 1787 1116 1857 providerat,
1148 1794 1335 1844 sancta
1365 1787 1580 1844 scilicet
1609 1788 1957 1859 the0phania
2042 1787 2098 1843 in
2130 1787 2420 1857 pulpitum,
2452 1787 2639 1858 ibique
2670 1787 2814 1845 facto
2844 1797 3186 1848 sacramento
3219 1792 3275 1846 in
3305 1793 3532 1848 auribus
3559 1807 3684 1850 om-

310 1872 684 1944 sollempnitas
728 1879 837 1939 (an.
898 1874 1052 1931 1072.
1083 1878 1205 1932 Jan.
1261 1876 1334 1942 6).
1368 1877 1562 1932 Studet
1593 1891 1724 1948 ergo
1753 1877 1962 1934 soliici-
2043 1876 2212 1942 nium,
2245 1877 2657 1933 abrenunciavit
2701 1878 2820 1934 sedi
2867 1880 3240 1937 Ambrosiana
3271 1881 3326 1936 in
3357 1897 3602 1952 prasens
3630 1889 3687 1940 et

312 1967 421 2016 tare
452 1968 776 2032 prasentes,
799 1976 996 2019 vocare
1027 1964 1303 2029 absentes,
1329 1963 1564 2021 clericos
1588 1971 1644 2021 et
1675 1966 1738 1996 ²³²
1763 1966 1955 2032 laicos,

309 2049 535 2106 abbates
565 2057 618 2107 et
668 2053 990 2120 monachos,
1047 2054 1276 2109 amicam
1336 2053 1441 2108 sibi
1476 2067 1587 2110 non
1613 2055 1677 2087 ³³³
1697 2057 1958 2111 omittens

312 2140 523 2196 turbam
580 2141 896 2212 agrestium.
927 2143 1171 2213 Cumque
1211 2143 1330 2198 dies
1358 2143 1592 2199 instaret
1620 2142 1813 2211 festus,
1846 2143 1959 2201 fac-

306 2234 392 2283 tus
417 2236 504 2284 est
542 2229 607 2261 ³³⁸⁵
634 2231 928 2287 multorum
984 2232 1040 2286 in
1099 2231 1333 2288 ecclesia
1379 2232 1578 2302 yemali
1628 2239 1952 2302 conventus,

303 2315 414 2372 illis
445 2323 628 2374 tamen
648 2319 1021 2387 abscentibus,
1043 2335 1167 2376 cum
1187 2322 1390 2391 quibus
1418 2322 1576 2376 istam
1595 2336 1655 2377 se
1685 2321 1954 2379 facturum

294 2405 583 2474 iuraverat
633 2407 980 2464 electionem.
1057 2409 1360 2466 Celebratis
1424 2412 1610 2480 itaque
1665 2411 1955 2468 missarum

296 2495 652 2566 solempniis,
686 2497 862 2567 primo
908 2499 1269 2556 concionatus
1296 2499 1366 2556 ad
1417 2498 1655 2566 libitum,
1695 2515 1759 2556 ac
1786 2495 1956 2558 multa

2039 1967 2095 2021 in
2128 1971 2472 2037 perpetuum.
2506 1968 2720 2023 Interea
2741 1968 2983 2024 fautores
3001 1970 3206 2041 quique
3236 1969 3299 2002 ’⁸⁸
3326 1973 3411 2028 sui
3442 1973 3686 2029 diversas

2037 2052 2227 2125 fugere
2257 2069 2357 2124 per
2388 2055 2664 2119 latebras;
2705 2056 2822 2125 ipse
2853 2057 3014 2112 etiam
3045 2058 3323 2114 Romanus
3352 2060 3564 2130 legatus
3592 2061 3681 2116 vix

2039 2143 2334 2214 discerptis
2360 2144 2604 2200 vestibus
2632 2143 2903 2200 laceratus
2931 2145 2989 2187 ³⁸¹
3022 2147 3212 2204 evasit.
3245 2149 3496 2205 Ceterum
3525 2151 3686 2206 Gote-

2037 2232 2226 2289 fredus
2255 2240 2310 2288 et
2352 2237 2477 2289 Atto
2526 2233 2723 2288 diebus
2751 2240 2942 2304 postea
2992 2235 3178 2291 multis
3207 2236 3271 2268 ’δ’
3300 2243 3685 2294 remanserunt

2038 2322 2232 2393 privati
2264 2323 2470 2392 pariter
2498 2322 2680 2390 ambo,
2706 2323 2946 2393 propriis
2964 2329 3172 2380 tantum
3201 2327 3444 2382 contenti
3478 2327 3685 2382 laribus

2037 2416 2202 2482 atque
2231 2410 2556 2466 substantiis
2585 2409 2668 2466 ²⁸³.

1265 2648 1659 2733 INCIPIT
1724 2650 2049 2734 LIBER
2106 2649 2614 2746 QUARTUS
2670 2647 2748 2686 ²⁴⁴

371 2799 421 2856 1.
456 2801 649 2856 Fixum
697 2800 951 2856 manebat
995 2801 1052 2856 in
1083 2800 1251 2857 corde
1293 2803 1657 2872 propositum,
1693 2803 1749 2858 in
1778 2801 2346 2883 gestiscinconsulto
2377 2803 2546 2858 nichil
2594 2803 2818 2859 omnino
2848 2810 3227 2873 praesumeret,
3259 2817 3382 2858 cum
3431 2809 3684 2873 patenter

299 2890 672 2958 prasentibus
700 2890 898 2946 amodo
928 2904 1147 2946 servare
1173 2890 1506 2958 scilentium,
1539 2891 1798 2961 quoniam
1831 2891 1951 2946 nul-

297 2977 363 3034 lis
391 2978 516 3036 hac
556 2978 743 3034 audita
786 2979 850 3010 ’⁸⁵
904 2986 1054 3035 retro
1086 2980 1426 3049 temporibus
1455 2980 1750 3036 multorum
1781 2980 1948 3036 offen-

296 3067 431 3124 dunt
483 3069 728 3139 graviter
781 3069 1040 3135 animum,
1081 3068 1179 3123 sed
1210 3075 1265 3124 et
1294 3069 1461 3124 dilata
1491 3068 1699 3124 diutius
1728 3070 1948 3126 modum

293 3157 554 3214 videntur
583 3157 870 3223 excedere,
938 3172 1059 3214 cum
1118 3157 1212 3213 Dei
1269 3159 1536 3228 sapientia
1594 3160 1770 3214 Patris
1793 3161 1948 3230 juxta

295 3248 590 3318 scriptura
620 3247 904 3303 veritatem
946 3246 1002 3302 in
1033 3259 1282 3314 numero,
1316 3247 1581 3317 pondere,
1611 3254 1665 3303 et
1695 3261 1949 3304 mensura

295 3336 552 3392 universa
584 3335 840 3406 disponat
870 3336 1022 3407 (Sap.
1082 3351 1156 3403 ιιι,
1217 3335 1330 3407 21).
1363 3338 1744 3392 Verumtamen
1778 3340 1831 3393 in
1863 3351 1949 3393 me

296 3438 621 3492 conversus,
653 3425 836 3481 denuo
851 3425 918 3480 ad
941 3424 1209 3495 liquidum
1235 3431 1416 3496 capta
1445 3425 1763 3482 describere
1794 3440 1949 3482 com-

296 3515 512 3571 modius
536 3513 803 3584 judicavi,
828 3519 888 3569 ut
917 3511 1184 3570 factorum
1214 3515 1417 3584 agnita,
1449 3513 1713 3583 qualitate
1745 3515 1952 3569 certius

298 3601 446 3659 ﬂeret
476 3603 615 3659 inde
641 3601 929 3672 judicium.
961 3602 1149 3658 Omnis
1178 3603 1322 3658 enim
1354 3602 1472 3657 laus
1502 3609 1668 3672 atque
1697 3601 1950 3672 blasphe-

297 3690 399 3746 mia
427 3691 673 3748 termino
705 3693 971 3762 cujusque
1024 3691 1320 3761 deputatur
1348 3690 1577 3762 negotii,
1617 3704 1741 3746 cum
1771 3698 1949 3746 tamen

295 3779 574 3837 incertum
616 3781 707 3847 sit,
741 3785 924 3837 utrum
965 3779 1085 3836 dies
1115 3786 1338 3836 nostros
1368 3780 1460 3850 qui
1492 3779 1844 3850 omnipotens
1869 3787 1953 3836 est

297 3866 456 3925 finem
487 3868 688 3926 dilatet
716 3868 784 3924 ad
823 3869 996 3926 illum.
1029 3868 1134 3924 Sed
1180 3867 1272 3923 fiat
1300 3867 1554 3923 voluntas
1583 3873 1675 3924 tua
1701 3867 1864 3924 sicuti
1894 3869 1949 3924 in

299 3958 434 4014 calo
463 3958 557 4026 Μ,
589 3964 645 4014 et
675 3959 731 4014 in
762 3965 928 4025 terra,
961 3960 1121 4013 Pater
1148 3957 1433 4012 altissime.

363 4045 417 4101 2.
452 4047 582 4117 (An.
622 4045 798 4117 1072.)
831 4046 1001 4117 igitur
1029 4045 1230 4101 auditis
1260 4045 1347 4100 his
1375 4059 1499 4116 qua
1543 4045 1731 4101 Attoni
1761 4045 1948 4101 conti-

2031 2898 2278 2948 sanctum
2311 2891 2577 2960 pradicet
2621 2892 2958 2963 evangelium
3009 2893 3184 2960 (Matt.
3217 2906 3270 2958 x,
3301 2891 3410 2957 24;
3445 2895 3571 2948 Luc.
3603 2907 3680 2958 vi,

2030 2979 2137 3050 40),
2171 2994 2338 3050 super
2368 2981 2682 3051 magistrum
2715 2994 2824 3036 non
2855 2994 2975 3035 esse
3007 2979 3358 3049 discipulum.
3393 2980 3546 3036 Unde
3576 2979 3685 3035 fac-

2032 3074 2145 3123 tum
2176 3076 2280 3135 est,
2314 3075 2374 3123 ut
2402 3069 2638 3124 collecto
2692 3070 2878 3124 Roma
2936 3074 3083 3124 coetu
3141 3067 3460 3138 pontificum
3507 3068 3680 3140 (146),

2031 3157 2268 3213 instante
2321 3158 2463 3226 ipso,
2517 3161 2772 3214 Attonem
2826 3159 2974 3228 juste
3032 3158 3364 3227 pradicaret
3421 3157 3680 3226 electum,

2032 3253 2308 3316 prostrato
2337 3246 2683 3302 anathemate
2713 3244 3028 3302 Gotefredo.
3086 3247 3216 3314 Qua
3275 3247 3458 3303 omnia
3489 3247 3682 3302 Hilde-

2031 3335 2275 3406 prandus
2329 3335 2445 3390 suis
2498 3334 2700 3390 litteris
2753 3349 2902 3405 sape
2931 3336 3043 3403 jam
3072 3333 3222 3390 dicto
3254 3334 3444 3388 retulit
3473 3335 3686 3390 Arlem-

2031 3423 2216 3479 baldo.
2267 3424 2365 3479 Cui
2430 3423 2593 3478 etiam
2659 3437 2726 3477 ex
2781 3436 2905 3488 suo,
2969 3421 3117 3490 quod
3166 3421 3680 3491 oppulentissimum

2032 3513 2289 3578 habebat,
2331 3512 2527 3566 arario
2571 3511 2848 3579 copiosam
2908 3511 3026 3564 auri
3068 3515 3232 3578 atque
3263 3510 3477 3578 argenti
3508 3509 3684 3566 fertur

2033 3601 2247 3655 misisse
2279 3599 2620 3668 peccuniam,
2642 3603 2704 3652 ut
2733 3597 3028 3652 distributo
3051 3597 3488 3666 quibuscumque
3521 3597 3685 3653 indif-

2033 3685 2276 3742 ferenter
2303 3686 2505 3756 pretio,
2564 3685 2807 3740 fautores
2861 3691 3185 3755 aggregaret
3227 3683 3680 3755 quamplurimos.

2032 3775 2154 3831 Non
2185 3775 2329 3830 enim
2358 3773 2564 3829 latebat
2610 3773 2762 3829 illum
2811 3773 3134 3842 prophetice
3181 3773 3329 3829 dicta
3358 3774 3632 3831 sententia
3667 3795 3680 3832 :

2032 3865 2076 3919 Α
2110 3863 2309 3933 majore
2335 3878 2496 3934 usque
2548 3862 2619 3918 ad
2647 3863 2895 3918 minorem
2951 3877 3125 3918 omnes
3185 3862 3424 3918 avaritiae
3476 3861 3682 3919 student

2037 3951 2248 4023 (Jerem.
2282 3968 2359 4019 γι,
2399 3951 2504 4021 13).

2102 4041 2156 4099 3.
2186 4045 2398 4098 interea
2427 4041 2752 4112 sulfraganei
2783 4041 2932 4098 sedis
2960 4042 3336 4099 Ambrosiana
3367 4042 3678 4112 pontifices,

299 4143 510 4202 gerant,
543 4134 806 4205 prafatus
834 4135 927 4191 ille
957 4135 1380 4191 archidiaconus
1400 4134 1806 4205 Hildeprandus
1824 4138 2260 4204 sua,Daccepto
2309 4147 2338 4187 a
2392 4146 2525 4202 rege,
2569 4131 2824 4187 mandato
2877 4130 3046 4198 (147),
3085 4132 3232 4201 apud
3264 4132 3453 4187 urbem
3483 4145 3686 4187 conve-

299 4235 416 4279 cum
468 4223 774 4280 cardinalis
821 4230 986 4292 esset,
1037 4225 1362 4280 auctoritate
1410 4224 1560 4280 illico
1584 4225 1955 4294 juramentum

300 4310 432 4368 illud
463 4313 750 4369 violentia
779 4313 1109 4369 omnimodis
1133 4313 1400 4382 judicavit
1427 4313 1738 4368 habendum
1769 4313 1956 4368 invali-

301 4397 446 4458 dum.
483 4404 649 4457 nunc
694 4403 972 4458 Romanus
1017 4401 1156 4458 adeo
1193 4401 1486 4458 verebatur
1511 4401 1763 4467 antistes,
1797 4408 1857 4456 ut
1885 4415 1952 4456 eo

2036 4224 2253 4278 nientes
2308 4223 2624 4284 Novariam.
2681 4219 2976 4276 Gotefredo
3041 4234 3256 4275 manum
3307 4219 3682 4276 consecratio~

2036 4313 2124 4366 nis
2197 4311 2506 4380 imponunt,
2573 4309 2723 4363 illum
2783 4313 2948 4376 prout
3013 4307 3301 4376 quiverant
3357 4307 3685 4362 roborantes

2035 4400 2165 4456 licet
2197 4399 2498 4469 praceptio
2529 4398 2679 4468 regia
2717 4395 2902 4452 multis
2929 4394 3145 4450 dicatur
3175 4395 3462 4463 impetrata
3492 4406 3684 4450 mune-

1663 4500 1886 4554 VARle
1939 4499 2327 4554 LECTIONES.

371 4588 435 4620 τις
465 4604 573 4620 nn-
599 4588 658 4620 ιιι

371 4588 435 4620 ¹¹⁹
465 4604 573 4662 per
599 4588 680 4645 5‘.
755 4589 820 4620 ’³ο
857 4591 885 4644 Ε

306 4659 479 4716 Puric.
563 4661 628 4692 ³³⁸
655 4660 797 4716 deest
827 4661 885 4715 Β.

755 4589 820 4620 ’³ο
857 4588 1076 4658 Burguli
1106 4588 1159 4644 3.
1194 4589 1254 4644 Β.
1330 4587 1388 4618 ²³¹
1440 4587 1516 4642 ita
1557 4585 1611 4643 3.
1661 4588 1721 4642 B.
1764 4586 2052 4642 consultiri
2105 4587 2153 4640 l.
2230 4585 2293 4616 ⁸³³
2320 4599 2383 4640 ac
2432 4587 2473 4640 Β
2517 4584 2573 4640 2.
2606 4584 2787 4640 cleros
2824 4596 2888 4638 ac
2928 4583 2970 4638 Β
3004 4583 3050 4637 1.
3126 4581 3191 4614 ³³³
3220 4580 3363 4636 deest
3395 4581 3451 4636 Β.
3485 4583 3540 4635 at
3570 4592 3681 4636 non

755 4665 797 4691 ..ι
828 4661 865 4691 D
962 4660 1026 4690 us
1058 4661 1161 4691 ἰείη
1191 4661 1230 4691 D
1327 4659 1392 4691 ne
1422 4658 1585 4691 οιοηίθ
1617 4659 1656 4691 n
1753 4657 1816 4689 I31
1848 4658 2077 4691 οηριοοίσι
2112 4671 2210 4691 nrn
2241 4656 2434 4691 Animum
2489 4657 2528 4691 ρ
2626 4653 2690 4687 1³8
2720 4655 3094 4691 nnnliﬂnahlm
3127 4654 3167 4691 Ω
3263 4650 3329 4684 ³³9
3371 4666 3400 4691 ρ
3472 4651 3681 4691 dictum.

307 4658 482 4716 Puric.
563 4661 628 4692 ³³⁸
655 4660 797 4716 deest
827 4661 885 4715 Β.
962 4660 1026 4690 ’⁸⁸
1055 4661 1162 4716 isto
1191 4661 1250 4715 B.
1327 4659 1392 4691 "‘
1421 4658 1589 4728 elegit
1617 4659 1677 4713 B.
1753 4658 1816 4689 ’³⁷
1847 4658 2079 4714 ecclesia
2112 4671 2210 4727 pro
2241 4658 2455 4712 dolore.
2489 4658 2547 4711 Β.
2626 4658 2638 4687 ¹

307 4731 455 4851 gitur
484 4739 545 4788 et
574 4734 633 4787 Β.
663 4747 718 4815 c.
749 4731 901 4833 d..ac
930 4732 1104 4786 Puric.
1148 4729 1360 4813 p.271.
1436 4729 1499 4760 ’³ο
1528 4730 1772 4812 quinque
1803 4728 1854 4811 Γ..
1890 4731 1946 4784 Β.
2025 4729 2083 4760 ¹⁸¹
2109 4736 2172 4812 .et
2203 4728 2238 4783 l.
2275 4729 2314 4782 Β
2348 4729 2393 4783 1.
2471 4727 2535 4758 ’δ’
2581 4727 2638 4782 (1.

346 4843 359 4851 .
393 4804 433 4851 Β
468 4803 520 4851 1-
561 4802 673 4851 (am
702 4801 850 4851 addit
885 4846 896 4851 -
928 4804 1038 4851 Deo
1085 4809 1288 4851 gratias
1333 4815 1512 4851 amen.
1547 4801 1772 4851 exultent
1821 4802 1961 4851 liber
1997 4813 2279 4851 comarum
2308 4798 2565 4851 Amulli.)
2599 4799 2638 4851 Β

2720 4655 3096 4726 pontificatum
3127 4654 3187 4710 Β.
3223 4650 3422 4726 fac.
3460 4651 3681 4726 discer-

2112 4671 2210 4727 pro
2241 4656 2455 4712 dolore.
2489 4657 2547 4711 Β.
2626 4653 2690 4687 ’³⁸

2715 4721 2737 4782 ἶ
2763 4740 2835 4781 ιιι.
2869 4725 3051 4780 desunt
3082 4725 3140 4778 Β.
3218 4721 3283 4754 ³⁸³
3310 4724 3413 4778 Hic
3440 4722 3679 4778 desinunt

392 4804 433 4883 Β
468 4803 520 4883 1.
561 4802 674 4883 (_qui
702 4801 854 4883 addit
885 4823 896 4856 :
927 4804 1038 4858 Deo
1071 4793 1288 4883 gratias
1317 4793 1772 4883 _amen._explicit
1821 4801 1961 4883 iiber
1997 4798 2565 4883 copiarumnrnulfi.)
2599 4793 2748 4883 8.1:.
2851 4793 3670 4883 3equentia‘tiubenturjn‘1.

309 4870 361 4926 2.
391 4872 447 4929 3.
480 4874 539 4928 4.
571 4870 657 4927 5'.
695 4873 807 4943 (qui
837 4874 891 4927 in
916 4870 1148 4941 margine
1175 4873 1326 4928 habet
1361 4893 1372 4926 :
1407 4873 1682 4927 Hactenus
1711 4887 1740 4926 e
1771 4871 1896 4943 cod.
1923 4885 2034 4943 rev.
2068 4870 2292 4941 capituli
2323 4870 2541 4943 Mediol.

309 4943 425 4999 ria.
469 4935 772 5014 Sequenti'a
808 4958 874 4999 ex
910 4935 1224 5000 Archintao
1263 4943 1455 4999 codice
1496 4958 1625 4998 mss.
1668 4941 1972 5014 petita.)nB
2007 4942 2090 4998 2*.
2130 4935 2229 5014 (ex,
2261 4941 2440 5014 eodem
2477 4935 2610 5014 cod;
2637 4937 2981 5014 Arcltinteg)._
3038 4935 3102 4966 ’“
3138 4939 3216 5014 ita
3253 4935 3306 4992 2.
3328 4953 3382 5014 _u

2575 4869 2669 4938 qui
2701 4868 2825 4922 heic
2857 4863 3180 4921 ﬁnem'facit
3207 4866 3476 4991 Arnulghi
3506 4865 3676 4920 histo-

2575 4980 2596 4991 -
2637 4937 2962 4991 Arcltinteoi.
3038 4935 3102 4966 ἰδ
3138 4939 3216 4991 ita
3253 4935 3306 4991 2.
3347 4953 3382 4991 u
3415 4938 3438 4990 i
3482 4936 3676 4991 adiun-

3415 4938 3438 4990 i
3482 4936 3679 5005 adjun-

309 5015 447 5085 gitur
490 5036 504 5071 :
547 5005 783 5083 Quartus
830 5013 1116 5083 describit,
1172 5015 1323 5085 quod
1378 5015 1572 5070 tertius
1628 5005 1767 5085 ordo
1823 5005 2066 5084 reliquit.
2110 5005 2175 5068 In
2219 5013 2265 5067 1.
2307 5011 2427 5085 libri
2465 5011 2670 5065 omnino
2717 5023 2822 5085 non
2859 5005 3282 5085 distinguuntur;
3320 5005 3562 5085 in_3.n4.
3600 5005 3676 5085 ῥέε

311 5074 424 5158 λιιι)Δ
467 5087 542 5142 ad
555 5074 811 5158 “tertium
857 5085 1028 5158 adhuc
1081 5074 1267 5142 librum
1319 5087 1596 5158 pertinent.
1637 5085 1678 5140 B
1713 5084 1792 5142 2‘.
1832 5099 1903 5140 ea:
1936 5074 2035 5140 ἦοο
2071 5089 2120 5140 et
2155 5083 2389 5154 sequenti
2444 5085 2683 5152 quartum
2741 5077 2927 5135 librum
2962 5074 3105 5150 fecit.
3182 5077 3247 5110 "'
3283 5091 3335 5134 a.
3385 5077 3442 5135 h.
3482 5074 3540 5132 3.
3614 5075 3679 5108 ’“

314 5155 468 5228 regio
503 5157 629 5229 (pro
658 5157 715 5213 in
745 5155 826 5227 c.)
865 5157 913 5212 l.

1357 5271 1364 5276 ι
1889 5227 2108 5283 ΝΟΤΛΕ.

525 5228 536 5229 “
1357 5271 1364 5276 .
1937 5228 2108 5283 OTIE.

385 5324 531 5396 (144)
562 5325 662 5382 Ubi
693 5331 884 5395 postea
902 5323 1229 5380 Alexandria
1251 5323 1518 5381 adificata
1546 5329 1667 5394 est;
1690 5324 1761 5383 cf.
1785 5228 1956 5383 Lanll
2039 5322 2246 5394 scripta
2275 5320 2392 5396 Kal.
2422 5319 2530 5396 tul.
2569 5318 2706 5375 1075
2727 5318 2844 5396 ;Acf.
2876 5334 2938 5388 ιι,
2960 5317 3050 5376 30.
3082 5320 3337 5375 Attonem
3360 5318 3508 5388 juste
3537 5315 3683 5374 elec-

311 5409 393 5450 ιιι.
433 5395 522 5460 18,
556 5403 609 5452 et
637 5397 798 5453 catal.
824 5396 1389 5465 archiepiscoporum.

412 5467 533 5538 145)
565 5467 645 5524 Cf.
677 5469 861 5524 Boniz.
895 5482 951 5538 p.
980 5466 1108 5522 810.

414 5537 534 5608 146)
564 5540 732 5606 Quem
758 5537 1053 5611 Gregorius
1082 5539 1170 5596 V11
1199 5543 1591 5594 commemorat
1609 5539 1666 5594 in
1689 5553 1780 5610 ep.
1803 5555 1843 5604 1,
1871 5539 1958 5608 15,

2041 5392 2169 5450 tum‘
2187 5407 2308 5450 esse
2339 5393 2475 5448 dicit
2502 5406 2592 5462 ep.
2625 5407 2708 5459 ιιι,
2741 5392 2796 5446 8.

2118 5463 2277 5536 (147)
2310 5465 2414 5520 Per
2442 5459 2713 5534 Rapotum
2743 5465 2806 5519 V.
2837 5462 3025 5519 Boniz.
3056 5475 3110 5531 p.
3142 5459 3268 5517 814.
