4104 6172
303 263 402 320 325

1247 257 1455 313 GESTA
1493 257 1911 314 ARCHIEPISC.
1953 257 2314 312 MEDIOLAN.
2355 287 2427 296 —
2465 259 2591 314 LIB.
2634 261 2718 315 IV.

3557 268 3664 324 326

300 391 472 462 globo,
505 391 666 444 totam
713 383 896 440 subito
941 383 1250 439 micuerunt
1290 397 1387 454 per
1433 383 1645 448 urbem,
1681 389 1739 438 ut
1769 383 1915 454 quod
1935 385 2120 444 Arem
2157 381 2332 453 (158),
2367 397 2429 437 ac
2460 383 2607 440 dono
2649 385 2794 456 regis
2831 394 3157 456 accepturos
3194 403 3314 447 sese
3362 399 3658 461 pastorem.

301 478 523 535 civitatis
566 475 842 530 residuum
884 474 994 542 jam
1044 472 1249 528 dictum
1280 471 1412 527 illud
1447 480 1693 526 evaserat
1725 473 1920 528 incen-

300 569 434 623 dium
459 609 474 632 ,
523 570 692 620 totum
725 576 879 631 pane
921 561 1148 616 ﬂammis
1178 561 1506 616 adureretur
1533 562 1918 630 praesentibus,

298 656 407 713 solo
437 661 592 710 tenus
621 656 1064 721 conquassatum.
1100 652 1209 704 Nec
1241 657 1419 705 tamen
1454 663 1520 704 ex
1550 654 1666 705 toto
1698 649 1808 703 illis
1836 665 1923 704 ar-

299 747 393 801 dor
419 745 520 799 iste
559 741 808 812 pepercit
854 739 1089 804 adibus,
1122 753 1244 807 qua
1284 739 1437 808 prius
1468 739 1708 793 incensa
1739 739 1922 794 multis

291 838 392 906 jam
423 833 633 889 fuerant
662 835 930 899 reparata
959 828 1273 883 sudoribus.
1305 827 1444 894 Quid
1477 828 1620 882 enim
1651 827 1759 883 dici
1781 828 1918 882 valet

295 924 534 987 ulterius,
574 934 734 990 quam
775 919 922 988 quod
964 918 1107 988 ignis
1145 917 1235 971 hic
1274 916 1446 971 instar
1477 915 1577 971 fuit
1615 932 1716 986 per
1743 919 1924 973 omnia

293 1010 612 1082 suprataxati
633 1006 858 1063 alterius
881 1011 903 1060 ?
931 1004 1038 1060 hoc
1060 1009 1239 1060 tamen
1260 1003 1560 1071 crudelior,
1583 1004 1731 1074 quod
1753 1005 1924 1061 multo

294 1100 468 1171 plures
496 1112 560 1153 ac
595 1097 832 1166 majores
861 1094 1162 1150 combussit
1191 1093 1489 1160 ecclesias;
1527 1093 1676 1150 illam
1713 1093 1927 1149 scilicet

291 1190 520 1246 astivam
565 1202 630 1242 ac
677 1184 982 1241 mirabilem
1028 1188 1233 1240 sancta
1281 1183 1509 1254 virginis
1549 1183 1749 1253 Tegla,
1779 1183 1924 1239 beati

290 1291 497 1348 quoque
525 1275 758 1340 Nazarii,
780 1286 996 1330 necnon
1032 1272 1450 1342 protomartyris
1477 1272 1738 1342 Stephani
1761 1271 1923 1342 (155),

289 1373 600 1436 ceterasque
649 1364 853 1434 plures,
886 1376 1115 1432 quarum
1165 1362 1449 1432 parietina
1493 1363 1651 1417 annis
1689 1376 1925 1432 appare-

291 1458 411 1512 bunt
457 1461 517 1510 ut
569 1468 698 1510 reor
745 1451 868 1522 plus
913 1451 1084 1507 mille.
1133 1453 1281 1506 Inter
1319 1465 1456 1520 quas
1484 1451 1713 1506 aliarum
1753 1458 1928 1506 mater

285 1552 475 1601 sancta
523 1543 620 1598 Dei
660 1541 944 1613 genitricis
973 1539 1239 1610 hyemalis
1270 1539 1514 1607 basilica,
1548 1554 1582 1595 ο
1613 1539 1774 1596 dolor
1818 1540 1924 1594 ite-

287 1649 495 1704 rumque
521 1632 690 1688 dolor
709 1632 773 1662 ’⁵⁵
797 1637 808 1686 !
843 1630 997 1685 exuri
1029 1629 1364 1699 permittitur
1393 1628 1651 1698 collapsis
1680 1629 1927 1685 funditus

2002 471 2244 540 Cumque
2275 471 2697 542 ingrederentur
2727 476 3092 532 communiter
3119 478 3329 545 urbem,
3361 481 3661 539 Arlembal-

2004 559 2106 614 dus
2153 567 2212 614 ut
2265 575 2482 630 semper
2521 564 2795 619 consortis
2844 567 3166 635 impaciens,
3216 571 3520 626 astantibus
3550 574 3654 629 sibi

2005 649 2438 704 concionabatur
2468 665 2617 707 more
2657 667 2778 708 suo.
2832 655 2900 710 Ut
2928 669 3057 711 vero
3109 656 3371 714 cohibere
3421 659 3658 717 furorem

2007 737 2149 792 ultra
2181 752 2289 792 non
2321 740 2506 808 valuit,
2540 740 2684 798 facto
2725 757 2848 798 cum
2899 743 3015 799 suis
3065 746 3271 816 impetu
3317 754 3370 803 et
3400 749 3658 818 clamore,

2008 824 2332 881 festinanter
2359 830 2552 898 arripit
2583 845 2731 886 arma
2756 874 2770 898 ,
2814 833 3069 889 vexillum
3111 836 3258 904 quod
3291 838 3465 892 sancti
3517 840 3661 895 Petri

2007 913 2226 970 dicebat
2255 916 2445 972 dextra
2491 932 2707 988 gerens.
2760 921 2996 976 Econtra
3036 921 3099 952 ’⁵⁸
3146 925 3294 980 cives
3334 925 3460 981 dum
3505 937 3660 996 parte

2007 1011 2240 1076 surgunt
2271 1005 2337 1060 ab
2369 1008 2539 1073 omni,
2565 1015 2803 1064 armatus
2833 1011 3087 1080 prorupit
3115 1012 3169 1067 in
3201 1013 3459 1070 medium.
3491 1017 3659 1083 Quem

2008 1092 2064 1148 in
2096 1101 2374 1150 momento
2400 1109 2462 1151 ac
2491 1096 2663 1166 prima
2693 1097 2872 1154 fronte
2904 1100 3034 1156 belli
3056 1107 3203 1157 tanta
3223 1103 3659 1162 adversariorum

2009 1184 2286 1254 oppressit
2316 1185 2582 1253 incursio,
2607 1192 2666 1242 ut
2697 1188 2833 1243 nihil
2863 1193 3217 1248 memorabile
3249 1200 3436 1262 posset
3463 1195 3532 1250 ab
3563 1196 3657 1253 i110

2009 1273 2147 1328 ﬁeri.
2195 1274 2296 1329 Ubi
2326 1288 2456 1330 vero
2487 1276 2890 1332 circumventus
2920 1285 3003 1334 est
3044 1281 3309 1350 undique,
3344 1281 3493 1338 illico
3532 1298 3660 1340 cre-

2009 1362 2124 1417 bris
2153 1363 2446 1434 conﬁgitur
2483 1364 2705 1431 ictibus,
2740 1367 3002 1438 dictoque
3041 1370 3205 1424 citius
3246 1371 3488 1427 moriens
3527 1387 3656 1429 cor-

2009 1451 2160 1518 ruit,
2209 1454 2472 1509 comitatu
2522 1457 2642 1524 ejus
2685 1455 2883 1526 exiguo
2932 1458 3358 1530 circumquaque
3406 1461 3657 1532 disperso

2009 1539 2172 1610 (159).
2197 1543 2362 1611 Cujus
2383 1542 2614 1600 cadaver
2635 1546 2881 1601 exanime
2905 1554 3235 1616 prostratum
3267 1549 3413 1604 humi
3442 1551 3656 1607 discer-

2013 1628 2121 1696 ptis
2153 1643 2377 1699 prorsus
2398 1632 2614 1688 exuitur
2645 1633 3001 1703 indumentis,
3024 1636 3394 1706 nudatumque
3425 1638 3657 1695 iustibns

285 1723 596 1792 parietibus.
643 1722 811 1791 Cujus
859 1725 1268 1775 sacrosanctum
1317 1717 1488 1773 altare
1537 1732 1647 1774 non
1698 1715 1986 1789 apparetB
2006 1718 2250 1789 undique
2300 1720 2550 1777 tunditur
2587 1728 2752 1791 atque
2802 1724 2994 1793 petris,
3030 1729 3089 1780 ut
3118 1726 3212 1795 qui
3251 1727 3437 1782 vivens
3474 1727 3658 1782 multis

284 1819 528 1882 quantum
564 1810 732 1866 fuerit
762 1817 854 1865 aut
886 1809 1068 1879 quale,
1101 1807 1319 1863 lamina
1349 1822 1478 1862 vero
1520 1822 1702 1863 aurea
1737 1808 1919 1878 lique-

284 1900 422 1956 facta
451 1906 590 1956 sunt
620 1899 791 1955 nimio
822 1913 936 1968 pra
967 1903 1235 1954 caumate.
1277 1900 1369 1952 Set
1399 1897 1547 1952 mille
1578 1897 1768 1952 talenti
1799 1899 1918 1953 auri

280 1989 527 2045 librorum
556 1988 619 2019 ²⁸⁶
667 1989 904 2057 dampno
937 1992 1216 2056 nequeunt
1256 1986 1582 2055 comparari.
1619 1987 1768 2042 Hanc
1797 1988 1919 2056 qui-

281 2078 388 2133 dem
420 2084 653 2148 peccata
691 2083 880 2132 nostra
929 2079 1210 2131 merentur
1257 2088 1614 2144 arumpnam,
1659 2075 1915 2145 quoniam

277 2167 432 2221 sancti
463 2166 711 2236 Spiritus
741 2164 1068 2220 oﬁ‘endimus
1097 2164 1152 2218 in
1185 2171 1374 2220 nostro
1406 2163 1532 2220 felle
1563 2164 1914 2236 columbamt;

277 2263 446 2312 contra
486 2255 738 2310 divinum
770 2267 1002 2322 namque
1033 2252 1344 2308 mandatum
1377 2261 1623 2308 sanctum
1655 2261 1737 2309 est
1767 2255 1916 2310 cani-

276 2345 364 2400 bus
390 2345 441 2400 in
463 2351 663 2401 nostro
695 2351 942 2413 tempore
973 2342 1178 2409 datum,
1213 2349 1268 2397 et
1313 2343 1577 2412 spiritalis
1624 2345 1914 2414 margarita

277 2448 557 2504 porcorum
603 2434 748 2502 jacet
793 2432 1028 2502 pedibus
1057 2431 1380 2487 indecenter
1407 2432 1611 2487 attrita.
1645 2432 1912 2503 Reliquo-

275 2538 378 2578 rum
406 2536 512 2578 non
565 2528 648 2577 est
676 2534 938 2576 numerus
966 2520 1313 2576 delictorum.

331 2612 378 2667 9.
410 2614 590 2682 igitur
621 2613 766 2666 inter
795 2615 879 2665 tot
904 2610 1181 2680 angustias
1212 2613 1506 2678 tantosque
1536 2608 1757 2665 dolores
1789 2623 1911 2664 cum

274 2707 370 2756 tota
395 2699 538 2756 foret
583 2700 638 2755 in
683 2699 819 2754 urbe
859 2697 1040 2754 luctus
1080 2698 1256 2752 omnis
1305 2697 1518 2752 ordinis
1549 2705 1602 2753 et
1632 2697 1694 2728 ’⁵⁷
1734 2697 1912 2753 atatis

272 2791 535 2861 utriusque
581 2804 765 2855 sexus,
799 2788 972 2844 solius
1004 2787 1331 2844 Arlembaldi
1373 2787 1684 2856 intrepidus
1723 2802 1910 2857 perse-

270 2880 468 2934 verabat
487 2887 548 2935 et
571 2877 890 2933 inﬂexibilis
906 2875 1139 2932 animus.
1163 2875 1441 2945 Siquidem
1465 2875 1794 2930 instantibus
1814 2890 1908 2945 pa-

269 2968 523 3024 schalibus
557 2967 702 3022 albis
731 2967 844 3037 (an.
885 2964 1038 3032 1075,
1069 2966 1201 3035 Apr.
1236 2964 1316 3030 4),
1339 2963 1594 3034 baptismi
1626 2965 1905 3036 satagebat

2002 1808 2202 1863 terrori
2234 1806 2430 1876 fuerat,
2473 1810 2768 1866 multorum
2807 1812 3120 1882 subjaceret
3151 1813 3362 1888 lusibus
3393 1816 3652 1872 moriens.

2001 1897 2065 1950 Et
2096 1912 2216 1952 cum
2243 1905 2553 1968 gestaretur
2581 1900 2908 1968 humandus,
2946 1903 3093 1958 nulla
3119 1903 3270 1960 illum
3303 1907 3655 1976 exequiarum

2001 1992 2084 2040 est
2115 1995 2404 2056 prosecuta
2435 1989 2676 2046 devotio.
2710 1992 2840 2047 Post
2869 1991 2990 2047 hac
3019 1993 3393 2062 Liutprandus
3429 1995 3520 2050 ille
3545 1996 3655 2065 jam

2000 2073 2181 2131 dictus
2211 2077 2500 2147 presbyter
2528 2078 2656 2134 dum
2687 2080 2900 2149 lugeret
2929 2080 3206 2148 inventus,
3239 2082 3468 2138 auribus
3498 2090 3648 2139 trun-

2001 2169 2156 2219 catur
2185 2171 2240 2219 et
2289 2179 2442 2232 naso,
2484 2173 2544 2222 ut
2583 2167 2677 2236 qui
2715 2168 2953 2223 alienum
2993 2171 3344 2240 prasumpsit
3390 2170 3649 2238 ofﬁcium,

1999 2253 2146 2321 quod
2179 2253 2381 2310 habere
2411 2255 2700 2311 videbatur
2737 2257 3014 2312 amitteret
3056 2257 3220 2328 (160).
3263 2262 3504 2329 Apparet
3551 2261 3654 2330 igi-

1999 2347 2088 2394 tur
2111 2341 2172 2372 ²⁶⁰
2202 2342 2414 2412 liquido
2444 2358 2571 2399 vera
2601 2343 2718 2400 fore
2749 2345 2984 2401 dicentis
3013 2347 3244 2402 assertio
3271 2367 3283 2401 :
3315 2347 3549 2418 Difﬁcile
3577 2349 3653 2402 est

1995 2435 2050 2484 ut
2079 2428 2210 2485 bono
2235 2438 2559 2502 peraguntur
2586 2433 2750 2500 exitu,
2783 2448 2898 2504 qua:
2925 2433 3062 2489 malo
3091 2440 3210 2490 sunt
3238 2435 3481 2490 inchoata
3503 2436 3651 2506 prin-

1996 2516 2150 2588 cipio.
2193 2520 2392 2574 Eadem
2436 2520 2572 2576 hora
2613 2527 2738 2591 post
2784 2521 2891 2578 hoc
2939 2523 3154 2593 insigne
3185 2523 3476 2592 tropheum
3506 2524 3652 2578 cives

1996 2619 2188 2662 omnes
2217 2607 2576 2678 triumphales
2608 2619 2908 2679 personant
2937 2611 3172 2681 hymnos
3191 2612 3302 2668 Deo
3323 2625 3387 2667 ac
3419 2617 3650 2681 patrono

1993 2709 2094 2750 suo
2123 2697 2413 2754 Ambrosio
2438 2741 2452 2764 ,
2504 2701 2696 2755 armati
2739 2700 3008 2756 adeuntes
3036 2701 3210 2770 ipsius
3241 2701 3550 2756 ecclesiam.
3588 2701 3646 2755 In

1993 2784 2290 2840 crastinum
2320 2786 2479 2844 simul
2509 2802 2628 2842 cum
2661 2787 2810 2844 clero
2842 2789 2967 2844 laici
2994 2790 3050 2845 in
3075 2791 3294 2846 letaniis
3315 2797 3369 2845 et
3390 2789 3644 2845 laudibus

1990 2873 2058 2926 ad
2107 2878 2354 2929 sanctum
2403 2874 2585 2930 denuo
2634 2877 3001 2945 procedentes
3046 2878 3413 2944 Ambrosium,
3459 2885 3643 2934 reatus

1991 2963 2305 3032 prateritos
2334 2963 2666 3019 conﬁtentur
2694 2964 3057 3033 alterutrum;
3089 2965 3437 3022 absolutione
3461 2979 3592 3021 vero
3613 2979 3642 3019 a

269 3057 392 3113 sicut
435 3057 728 3128 praeterito
777 3055 984 3112 fecerat
1028 3067 1194 3120 anno,
1238 3055 1425 3124 ignoto
1474 3054 1766 3109 chrismate
1815 3039 1963 3109 in-C
1988 3051 2371 3107 sacerdotibus
2409 3052 2503 3121 qui
2554 3058 2757 3121 prasto
2803 3054 3036 3109 aderant
3065 3053 3358 3121 celebrata,
3393 3068 3646 3110 reversus

270 3145 446 3202 choare
477 3146 824 3217 mysterium.
857 3145 1101 3214 Cumque
1130 3141 1438 3198 cardinales
1467 3142 1738 3210 ecclesia,
1772 3156 1909 3212 quo-

270 3249 371 3290 rum
401 3237 676 3291 intererat
705 3248 923 3289 sacrare
948 3231 1136 3306 fontes
1159 3275 1173 3298 ,
1225 3231 1436 3286 nollent
1465 3238 1656 3286 contra
1686 3231 1907 3286 solitum

270 3336 444 3394 agere,
496 3324 688 3380 adstat
733 3323 884 3379 illico
932 3321 1300 3391 Liutprandus
1345 3320 1564 3389 quidam
1618 3321 1908 3390 presbyter

273 3420 604 3483 nuncupatus
634 3410 804 3482 (156),
838 3426 868 3466 a
901 3409 1346 3480 progenitoribus
1379 3408 1628 3463 ecclesia
1659 3407 1903 3473 vernula,

272 3503 348 3569 qui
372 3504 520 3571 jussu
555 3516 624 3557 ac
644 3503 846 3557 virtute
875 3500 1024 3554 illius
1049 3499 1451 3554 ordinariorum
1483 3498 1765 3567 usurpavit
1795 3497 1909 3552 ofﬁ-

272 3591 415 3658 cium,
445 3591 739 3647 venientes
768 3587 1079 3644 inconsulte
1110 3587 1409 3656 haptizans.
1444 3587 1508 3641 Et
1537 3585 1656 3641 hac
1687 3586 1909 3655 quidem

271 3679 504 3735 violentia
540 3679 758 3735 recenti
803 3680 992 3748 juncta
1042 3676 1277 3731 civitatis
1326 3677 1566 3731 incensa
1606 3676 1904 3743 memoria,

272 3769 690 3839 quamplurimos
710 3766 940 3822 offendit
967 3765 1205 3836 graviter
1235 3763 1380 3819 cives
1402 3762 1482 3828 ³⁵⁸,
1512 3764 1788 3832 pracipue
1811 3763 1910 3818 mi-

274 3852 397 3922 lites,
420 3871 532 3925 pra
559 3854 742 3911 oculis
763 3855 1030 3910 habentes
1050 3853 1196 3923 quod
1223 3851 1442 3922 quidam
1471 3852 1747 3907 Romanus
1768 3850 1908 3921 (157)

273 3943 335 3997 ait
361 3945 655 4014 tyronibus
688 3965 699 3998 :
746 3944 895 3999 Servi
924 3943 1079 4014 empti
1107 3957 1210 3997 aere
1241 3941 1375 3997 dura
1402 3941 1540 4010 ferre
1563 3956 1667 3995 non
1689 3945 1909 4012 possunt

275 4030 580 4088 domin-orum
611 4032 852 4103 imperia,
885 4031 1071 4086 nedum
1095 4045 1207 4096 vos,
1239 4030 1488 4098 Quirites.

337 4119 409 4176 10.
461 4120 872 4178 Unde-factum
914 4125 1016 4186 est,
1049 4125 1110 4174 ut
1146 4117 1305 4173 simul
1337 4117 1533 4173 diebus
1572 4116 1783 4187 aliquot
1809 4131 1907 4172 ex-

274 4215 341 4264 tra
382 4213 572 4268 urbem
626 4214 888 4265 exeuntes
933 4222 1085 4264 suam
1135 4207 1241 4262 sibi
1284 4209 1534 4276 jurarent
1564 4220 1756 4277 magna
1789 4205 1908 4276 ple-

273 4295 345 4354 bis
385 4316 504 4357 cum
556 4305 714 4370 parte
756 4296 1024 4369 justitiam
1072 4302 1128 4352 et
1173 4297 1349 4352 sancti
1393 4295 1667 4352 Ambrosii
1724 4295 1908 4350 hono-

1991 3147 2074 3196 est
2103 3141 2158 3195 in
2193 3154 2324 3210 pace
2357 3140 2595 3210 populus
2625 3142 2913 3197 universus
2942 3141 3010 3197 ad
3052 3142 3296 3212 prepria.

2068 3229 2151 3283 ll.
2201 3230 2301 3284 llic
2344 3231 2454 3299 jam
2505 3237 2735 3300 apparet
2780 3231 3054 3286 scismatis
3090 3232 3317 3302 hujusce
3356 3232 3639 3300 terminus,

1991 3317 2180 3372 decem
2230 3332 2535 3388 novemque
2584 3334 2684 3390 per
2729 3333 2906 3375 annos
2953 3334 3172 3391 semper
3199 3321 3267 3376 ab
3311 3321 3428 3390 ipsa
3461 3321 3643 3378 radice

1991 3404 2290 3475 pululando
2315 3408 2582 3474 protensi.
2635 3407 2788 3463 Unde
2822 3409 3132 3463 Patarinum
3165 3407 3434 3477 processit
3464 3411 3642 3478 primo

1990 3493 2333 3559 vocabulum,
2385 3507 2493 3549 non
2542 3494 2764 3563 quidem
2815 3495 3107 3558 industria,
3148 3501 3233 3551 set
3279 3511 3407 3552 casu
3453 3497 3642 3566 prola-

1992 3589 2127 3636 tum.
2181 3583 2347 3651 Cujus
2385 3581 2570 3637 idiona
2621 3583 2880 3647 nominis,
2914 3583 3040 3638 dum
3073 3584 3127 3638 in
3167 3585 3403 3653 quodam
3435 3591 3644 3654 etymo-

1993 3671 2257 3740 logiarum
2289 3676 2438 3726 tomo
2469 3684 2646 3740 nuper
2675 3671 2830 3741 plura
2862 3672 3219 3738 revolverem,
3252 3674 3327 3728 ita
3373 3673 3640 3742 scriptum

1992 3760 2210 3829 reperio
2262 3779 2274 3814 :
2334 3758 2528 3814 Pathos
2581 3761 2762 3815 erce
2808 3761 2992 3815 Latine
3047 3761 3241 3816 dicitur
3294 3761 3639 3832 perturbatio.

1992 3848 2149 3904 Unde
2189 3850 2344 3918 juxta
2391 3862 2527 3904 mea
2578 3850 2862 3919 parvitatis
2911 3849 3246 3920 ingeniolum
3293 3852 3479 3907 statim
3503 3865 3644 3908 con-

1987 3937 2133 4008 jitio,
2167 3937 2312 4008 quod
2362 3938 2601 3993 Patarini
2651 3946 2885 4008 possunt
2922 3939 3336 4009 perturbatores
3366 3940 3470 3996 rite
3509 3953 3646 3996 nun-

1991 4027 2220 4095 cupari;
2273 4026 2422 4096 quod
2463 4027 2620 4096 plane
2677 4042 2860 4084 rerum
2913 4029 3111 4098 probat
3141 4029 3388 4086 eﬁectus.
3422 4031 3646 4086 Verum-

1990 4120 2170 4170 tamen
2199 4115 2246 4170 si
2282 4115 2502 4186 quando
2533 4116 2659 4186 quis
2697 4117 3004 4187 probatiori
3049 4116 3213 4174 fuerit
3250 4119 3646 4189 interpretatus

1992 4205 2284 4271 sententia,
2332 4205 2581 4262 concedo
2630 4207 2886 4276 equidem
2935 4213 3050 4262 tota
3097 4209 3296 4263 mentis
3335 4207 3644 4278 tranquilla

1993 4293 2394 4360 convenientia,
2419 4294 2717 4351 dummodo
2749 4307 2949 4350 nomen
2980 4294 3282 4350 concordet
3300 4296 3477 4364 operi,
3503 4307 3647 4363 opus

1619 4411 1842 4465 VAerE
1879 4409 2264 4465 LECTIONES.

333 4530 391 4562 ’⁵⁵
417 4531 562 4587 deest
594 4531 634 4585 Β
661 4529 742 4586 2’.
778 4533 831 4584 at
860 4543 963 4584 non
993 4525 1268 4583 Puricello.
1382 4525 1446 4557 ³⁵⁸
1474 4525 1738 4580 librarum
1768 4527 1912 4580 Mur.

280 4600 551 4659 Eteontra
582 4600 638 4657 3.
668 4617 720 4674 g.
761 4607 953 4658 contra
987 4601 1026 4654 Β
1054 4599 1137 4656 2'.
1249 4597 1312 4628 ²⁶⁰
1341 4609 1472 4666 ergo
1501 4596 1556 4652 3.

2028 4523 2091 4554 m
2119 4529 2286 4593 atque
2316 4521 2370 4578 3.
2484 4522 2548 4554 ιεε
2576 4523 2728 4582 civos
2765 4523 2812 4581 1.
2901 4511 2990 4555 ’πο
3013 4525 3104 4580 Ita
3139 4522 3186 4580 1.
3219 4522 3398 4578 Purie.
3423 4521 3641 4595 p.326.

1837 4666 2054 4721 NOTAE.

338 4787 484 4860 (155)
526 4789 611 4844 Ibi
655 4788 712 4860 in
751 4787 938 4860 limine
978 4799 1134 4860 nova
1170 4783 1414 4860 basilica
1439 4780 1974 4860 versusiziscriptiD
2066 4780 2220 4860 Auito
2267 4779 2550 4860 Dominicis
2603 4781 2989 4860 incarnationis
3041 4777 3500 4860 1075,_ind.ictione
3527 4795 3646 4860 χιιι,

275 4851 404 4926 sunt,
425 4851 762 4916 a’Puricello
793 4859 847 4914 in
880 4858 1021 4913 libro
1043 4857 1111 4912 de
1133 4856 1340 4910 sanctis
1368 4853 1698 4924 martyribus
1722 4867 1776 4921 p.
1800 4851 1906 4905 308

277 4934 454 4986 servati
483 4952 494 4986 :

335 5001 568 5056 Flamma
598 5015 770 5056 vorax
789 5000 954 5071 prisci
983 4997 1299 5071 consumpsit
1321 4995 1556 5071 eulmina
1585 4992 1779 5065 templi,

335 5073 476 5148 Quod
504 5074 676 5148 specie
701 5064 884 5148 foratae
908 5064 1292 5148 [mihicrede—bat.
1313 5069 1366 5148 iu
1395 5067 1541 5148 orbe.
1565 5138 1574 5148 _

339 5138 664 5214 Temporibus
693 5138 866 5199 aiultis
891 5144 1064 5212 fuerat
1089 5141 1246 5196 decus
1276 5139 1424 5194 istius
1454 5138 1619 5193 urbis.

337 5213 491 5268 Omne
519 5217 869 5285 manufactum
899 5214 1082 5285 recipit
1107 5216 1225 5282 post
1255 5215 1488 5285 tempora
1517 5223 1714 5264 casum.

337 5286 537 5340 Corruit
568 5281 792 5352 omnino,
825 5281 1119 5354 collapsum
1143 5283 1310 5350 surgit
1341 5281 1407 5336 ab
1436 5282 1559 5336 imo.

337 5356 443 5433 §ed_
466 5357 619 5428 primi
650 5352 1043 5433 culimurtea—uit
1071 5355 1400 5433 aequiparare
1426 5352 1728 5433 secundum.

338 5425 482 5481 Plebs
513 5429 790 5498 spectando
823 5425 1425 5498 time’peccatumcausa
1453 5425 1658 5478 ruinas:

342 5493 568 5576 Τςρνίυὲ
594 5500 839 5576 edite“,
863 5493 985 5576 ἐυιιῡ
1013 5493 1586 5576 merulea/Ws-
1667 5563 1697 5576 ..

338 5563 433 5624 Sis'
455 5563 705 5641 templum'
723 5563 949 5636 Domini,
979 5568 1152 5640 placet
1180 5565 1260 5621 illi
1285 5563 1492 5636 fabrica
1525 5563 1718 5635 templi.

1995 4864 2077 4915 111,
2109 4848 2237 4933 Ιιξαζἶ
2270 4850 2488 4933 Aprilis,
2519 4852 2655 4921 feria
2683 4853 2931 4907 secunda.
2968 4849 3215 4908 lncendii
3255 4850 3416 4906 etiam
3445 4851 3648 4908 Bonizo

1997 4922 2245 4976 meminit
2277 4936 2329 4991 p.
2363 4922 2488 4978 813.

2013 5061 2027 5065 _
2073 4991 2235 5065 (156),
2277 4993 2537 5048 Ecclesia
2585 4991 2962 5065 SanctiPauli
3001 4994 3058 5050 in
3087 4994 3360 5065 Compito.
3410 4992 3649 5050 Plurima

1996 5061 2174 5145 ἀείρω
2206 5061 2470 5145 invenies
2504 5065 2561 5119 in
2591 5064 2831 5120 Historia
2870 5065 3120 5122 Landulﬁ
3153 5061 3305 5122 de'S.
3347 5065 3514 5121 Paulo
3545 5079 3648 5121 ne-

1997 5138 2144 5202 potis
2183 5138 2322 5201 ejus.

2065 5204 2222 5279 (157)
2251 5208 2320 5279 C.
2344 5205 2742 5279 Memmiusap.
2774 5205 2994 5279 Sallust.
3026 5209 3150 5279 Jug.
3181 5206 3272 5263 31.

2069 5275 2220 5349 (158)
2253 5277 2493 5332 Dicentes
2531 5275 2972 5349 seAintegritutem
3000 5281 3066 5335 Β.
3102 5275 3370 5335 Ἁηιὺνοείἱ
3399 5276 3528 5334 velle
3553 5278 3648 5349 ju-

1994 5360 2140 5402 rare.
2176 5348 2396 5414 Bonizo,
2432 5363 2487 5414 p.
2520 5346 2646 5402 813.

2072 5363 2140 5401 re.
2177 5363 2396 5414 bomzo,
2474 5387 2487 5401 .
2520 5363 2646 5402 616.

2072 5416 2222 5488 (159)
2275 5363 2627 5474 Ιιιιριδεξοιυιιι
2676 5433 2776 5488 per
2820 5419 3118 5477 Arnaldum
3167 5420 3235 5477 de
3288 5420 3478 5477 Raude
3517 5419 3652 5478 dicit

1998 5489 2170 5545 Laud.
2205 5489 2274 5545 de
2304 5491 2361 5544 S.
2394 5489 2562 5546 Paulo
2593 5503 2644 5546 c.
2675 5489 2765 5547 44.
2799 5491 2878 5548 Cf.
2915 5491 3271 5549 Bertholdum
3301 5507 3333 5549 a
3368 5492 3523 5549 1077.

2075 5558 2234 5632 (160)
2268 5561 2329 5615 v.
2373 5561 2545 5618 Land.
2579 5560 2646 5616 de
2681 5564 2736 5618 s.
2770 5563 2854 5630 r.,
2887 5579 2937 5620 c.
2977 5565 3024 5632 1,
3063 5563 3117 5632 6,
3158 5564 3242 5631 15,
3273 5563 3362 5620 44.
