4100 6166
479 289 584 344 327

1579 287 1872 343 ARNULFI
1913 285 2442 342 MEDIOLANENSIS
2480 287 2748 343 CLERICI

3726 298 3817 354 328

475 427 606 470 vero
636 411 969 483 respondeat
997 410 1227 467 nomini.
1260 410 1523 477 Quoniam
1544 425 1574 465 a
1605 411 1780 481 primo
1803 410 1964 480 hujus
1984 423 2121 466 sono
2138 409 2546 480 Anegligentes
2575 411 2876 476 extiterint,
2908 409 3455 467 scandalizabitui-m
3479 418 3709 486 pOpulus.
3743 424 3811 477 νιε

475 489 726 559 vocabuli
748 514 906 558 error
929 499 1254 569 populorum
1276 497 1619 568 impetusque
1641 499 1930 564 bellorum,
1959 499 2121 554 turbo

477 604 699 661 quoque
719 596 1004 646 ventorum
1026 602 1088 643 ac
1109 586 1484 642 vehementius
1513 587 1678 643 solito
1700 588 1937 642 turbavit
1967 600 2122 642 mun-

478 681 608 735 dum
637 679 943 749 frequentia
983 677 1440 733 combustionum.
1473 677 1626 744 Quod
1661 676 1950 732 multarum
1979 676 2123 731 cala-

476 771 722 825 mitatum
754 768 1148 837 experimento,
1183 765 1532 837 omniumque
1563 765 1828 822 malorum
1860 767 2124 836 probatur

477 857 806 914 omnimodis
837 857 1199 911 incremento.

552 947 633 1002 12.
684 949 954 1002 Praeterea
969 921 1221 1013 ’ijuoquo
1253 943 1416 1000 modo
1446 958 1505 1000 se
1535 944 1734 1001 habeat
1768 943 2122 1015 ethimologia

475 1035 746 1101 vocabuli,
797 1047 1154 1104 quaecumque
1202 1037 1384 1088 tamen
1433 1039 1562 1089 sunt
1599 1048 1627 1088 a
1678 1033 1839 1089 nobis
1868 1048 1926 1089 re
1956 1047 2123 1104 super

473 1127 575 1181 hac
612 1127 666 1180 in
716 1122 1010 1193 praeteritis
1059 1122 1307 1188 recitata,
1349 1135 1510 1178 nemo
1560 1137 1706 1178 sanat
1746 1123 1944 1178 mentis
1981 1122 2124 1178 arbi-

476 1223 667 1280 tretur,
709 1212 1079 1283 impugnando
1109 1212 1392 1266 veritatem
1433 1217 1526 1266 aut
1574 1213 1931 1283 repugnando
1965 1211 2123 1281 justi-

471 1304 562 1358 tiae
591 1302 705 1358 fore
736 1301 968 1371 prolata,
999 1314 1119 1354 eum
1151 1307 1404 1355 neutrum
1438 1300 1618 1356 liceat.
1671 1301 1725 1356 Si
1757 1316 1862 1371 qua
1883 1300 1942 1332 ²⁶¹
1975 1302 2118 1357 enim

471 1398 599 1447 sunt
643 1391 874 1472 aliorum
905 1391 1044 1445 bene
1075 1391 1220 1446 dicta
1250 1389 1334 1446 vel
1365 1397 1484 1445 acta
1509 1433 1524 1456 ,
1576 1403 1683 1445 non
1726 1391 2118 1461 improbamus,

474 1480 878 1538 necullomodo
909 1478 1264 1534 dissentimus
1283 1479 1474 1534 abillis
1504 1479 2124 1550 omnibus,quivenales

474 1570 775 1641 reprobant
795 1569 1263 1632 consecrationes,
1287 1572 1340 1621 et
1365 1581 1645 1624 sacrorum
1671 1568 2120 1624 incontinentiam

474 1659 751 1723 ordinum,
801 1671 866 1711 ea
911 1661 1094 1711 tamen
1133 1657 1346 1710 ratione
1374 1662 1434 1711 ut
1476 1670 1506 1710 a
1555 1655 1722 1711 Paulo
1766 1669 1877 1712 non
1907 1657 2122 1712 discre-

2205 505 2384 554 autem
2417 498 2514 566 illi,
2540 513 2639 571 per
2665 515 2814 570 quem
2839 497 3147 554 scandalum
3174 501 3311 555 venit
3341 501 3540 571 (Matth.
3569 523 3712 573 xvm,
3735 510 3805 579 7).

2205 588 2517 642 Certissime
2564 588 2708 643 enim
2737 603 2818 644 vae
2849 588 2954 643 erit
2984 587 3112 653 illis,
3144 603 3224 643 vae
3272 591 3414 645 omni
3461 594 3732 659 crudelius,
3768 600 3807 652 si

2206 689 2393 732 eorum
2439 676 2598 746 culpa
2657 677 2812 746 plebs
2869 677 2925 731 in
2975 676 3179 732 elerum
3222 677 3400 734 zelans
3428 681 3658 752 insurget
3682 683 3808 740 ulte-

2205 779 2340 820 I‘lllS.

2283 852 2362 907 l3.
2398 855 2526 910 Haec
2556 854 2684 909 talia
2714 854 3098 924 persequendo
3131 855 3385 924 paulatim
3411 857 3552 913 velut
3581 860 3812 928 quasdam

2205 956 2305 1012 per
2333 942 2576 1009 rimulas,
2601 942 2760 998 aliter
2790 957 2948 1013 quam
2984 958 3155 1013 usque
3178 944 3341 1000 modo
3363 945 3605 1013 viderim,
3623 962 3651 1002 a
3671 948 3809 1019 longe

2205 1031 2484 1101 prospicio
2508 1053 2522 1098 ;
2552 1045 2786 1101 cumque
2809 1032 3108 1100 praeteritis
3137 1034 3449 1102 praesentia,
3471 1036 3680 1104 scriptis
3698 1038 3816 1092 seri-

2204 1120 2384 1175 benda
2428 1118 2676 1186 confero,
2719 1121 2921 1176 rubore
2970 1120 3244 1190 pertusus-
3272 1122 3505 1178 ﬁdeliter
3558 1125 3815 1191 erubesco,

2205 1223 2306 1264 nec
2350 1209 2718 1264 barbarismos
2758 1209 2813 1264 in
2857 1210 3040 1264 verbis
3070 1210 3268 1280 egisse,
3300 1215 3386 1266 set
3429 1211 3651 1267 aliorum
3687 1228 3817 1282 qum-

2203 1297 2339 1353 libet
2370 1298 2517 1353 dicta
2545 1298 2627 1353 vel
2659 1298 2799 1353 tacta
2828 1305 3034 1353 temere
3059 1299 3337 1368 judicasse
3368 1299 3684 1367 confundor,
3714 1315 3818 1356 cum

2203 1387 2308 1442 soli
2356 1388 2468 1443 Deo
2517 1387 2766 1443 cordium
2817 1387 3130 1442 revelentur
3159 1388 3396 1443 occulta.
3448 1391 3636 1445 Beatus
3662 1397 3819 1446 tamen

2205 1475 2503 1544 trepidanti
2533 1475 2698 1530 michi
2727 1475 2926 1531 Paulus
2956 1475 3218 1540 occurrit,
3250 1476 3345 1545 qui
3387 1477 3560 1546 primo
3589 1477 3824 1547 blasphe-

2206 1579 2326 1620 mus
2355 1578 2417 1620 ac
2449 1569 2772 1634 persecutor
2802 1564 3065 1628 ﬁdelium,
3099 1564 3222 1634 plus
3253 1566 3454 1621 ceteris
3486 1572 3665 1635 postea
3693 1567 3823 1622 labo-

2206 1653 2344 1709 ravit
2398 1653 2666 1722 apostolis
2700 1695 2714 1720 ,
2773 1659 3012 1710 emeatus
3067 1659 3128 1709 ut
3182 1653 3415 1710 videret.
3476 1657 3663 1712 Petrus
3710 1670 3820 1712 vero

475 1761 665 1817 pemus
693 1751 955 1809 auctore;
989 1746 1064 1800 ait
1095 1745 1238 1799 enim
1265 1765 1276 1799 :
1313 1745 1498 1800 Omnia
1527 1745 1738 1800 honeste
1765 1751 1812 1800 et
1841 1741 2180 1800 secundumB
2206 1743 2421 1813 negavit
2448 1747 2507 1797 ut
2537 1741 2824 1809 crederet;
2859 1744 3092 1799 Thomas
3120 1743 3394 1799 dubitavit
3423 1750 3484 1799 ut
3512 1745 3707 1800 certior
3733 1743 3818 1799 ﬁe-

474 1837 707 1892 ordinem
736 1834 864 1905 ﬂant
896 1835 948 1898 (Ι
971 1834 1090 1888 Cor.
1128 1848 1238 1898 xw,
1271 1832 1378 1903 40).
1411 1834 1509 1890 Cui
1541 1834 1702 1889 etiam
1735 1841 2001 1890 consonat
2032 1835 2118 1889 lex

473 1924 564 1979 illa
592 1926 840 1993 Mosayca
866 1941 878 1977 :
909 1924 1054 1977 Iuste
1083 1921 1220 1991 quod
1237 1922 1435 1990 justum
1463 1928 1539 1976 est
1570 1923 1924 1992 prosequeris
1946 1923 2114 1993 (Deut.

474 2029 586 2080 xvr,
618 2013 728 2073 20).
778 2011 932 2079 Quod
982 2011 1172 2080 nequit
1215 2012 1376 2065 aliter
1422 2013 1645 2067 omnino
1693 2012 1979 2081 compleri,
2013 2011 2116 2067 nisi

471 2117 568 2159 sua
605 2101 835 2173 singulis
876 2099 1184 2170 quibusque
1232 2107 1522 2156 serventur
1564 2102 1687 2170 jura
1727 2101 2017 2157 ordinibus
2054 2116 2118 2158 ac

473 2190 743 2260 personis.
796 2188 1090 2257 Dispertita
1129 2189 1273 2242 enim
1321 2193 1448 2243 sunt
1495 2187 1820 2244 clericorum
1862 2196 1916 2245 et
1955 2189 2119 2245 laico-

471 2292 612 2344 rum,
645 2290 944 2346 eorumque
984 2276 1129 2332 inter
1155 2277 1483 2346 semetipsos
1513 2275 1711 2333 ofﬁcia.
1761 2278 2119 2344 Quemadmo-

469 2367 596 2422 dum
628 2366 684 2421 in
713 2379 822 2421 uno
853 2378 1087 2434 corpore
1117 2365 1288 2421 multa
1316 2365 1536 2434 quidem
1562 2373 1690 2421 sunt
1719 2367 1980 2434 membra,
2005 2380 2115 2423 non

465 2461 645 2511 autem
676 2454 924 2510 eumdem
955 2459 1133 2509 actum
1164 2454 1450 2524 possident
1480 2456 1660 2510 omnia
1693 2455 1859 2525 (Rom.
1893 2471 1987 2519 xu,
2020 2456 2112 2522 4);

468 2558 592 2613 quae
619 2544 665 2598 si
697 2543 1066 2612 impediantur
1093 2541 1379 2608 alterutro,
1413 2543 1786 2612 corrumpitur
1805 2557 1967 2600 omne
1991 2557 2118 2600 cor-

470 2647 591 2704 pus.
623 2633 684 2688 ln
714 2637 900 2688 sancta
930 2631 1098 2702 igitur
1127 2631 1382 2699 ecclesia,
1414 2633 1519 2687 hoc
1557 2639 1641 2688 est
1671 2633 1726 2686 in
1766 2632 1966 2688 Christi
1998 2647 2118 2689 eor-

468 2735 602 2791 pore
628 2764 642 2788 ,
688 2734 915 2776 necesse
945 2725 1028 2775 est
1058 2724 1117 2774 ut
1141 2721 1289 2789 justo
1329 2725 1631 2789 pensentur
1659 2721 1839 2776 omnia
1871 2721 2118 2777 modera-

467 2809 634 2865 mine.
691 2809 882 2865 Clerus
930 2813 1095 2878 atque
1145 2807 1382 2877 populus
1429 2822 1530 2864 suo
1580 2810 1813 2879 quisque
1861 2808 2118 2880 fungatur

465 2898 667 2965 ofﬁcio,
692 2897 916 2968 praefixo
937 2897 1043 2952 sibi
1074 2904 1367 2953 contentus
1388 2897 1578 2964 limite,
1604 2899 1822 2954 dicente
1842 2899 2072 2954 Domino
2099 2916 2113 2954 :

463 2987 789 3044 Circumdedi
816 3001 962 3041 mare
989 2986 1238 3050 terminis,
1273 2991 1321 3040 et
1351 2986 1464 3040 dixi
1492 3007 1507 3040 :
1539 2988 1816 3058 [lucusque
1843 2988 2034 3052 venies,
2067 2993 2117 3043 et

2199 1839 2320 1900 ret;
2367 1830 2681 1886 Victorinus
2727 1845 2948 1901 quoque
2997 1833 3273 1887 Romanus
3321 1832 3514 1888 rethor
3569 1841 3622 1888 et
3673 1832 3825 1888 aetatis

2201 1927 2495 1990 provectae,
2528 1919 2880 1988 Simpliciano
2911 1927 2994 1976 est
3036 1933 3336 1977 conversus
3367 1929 3611 1978 auclore.
3640 1924 3826 1990 Augus-

2200 2011 2348 2065 tinus
2377 2015 2556 2064 autem
2597 2008 2961 2078 philosophus
2988 2010 3276 2065 Ambrosio
3316 2010 3550 2067 doctore
3580 2009 3823 2065 salvetur;

2201 2099 2497 2168 pluresque
2521 2097 2660 2154 alios
2681 2098 2750 2154 de
2781 2097 2922 2154 malo
2955 2099 3010 2153 in
3040 2099 3266 2166 bonum,
3290 2099 3362 2154 de
3385 2099 3531 2156 bono
3553 2101 3607 2154 in
3632 2098 3820 2163 melius,
3840 2131 3855 2159 .

2201 2201 2346 2243 nunc
2376 2187 2487 2243 cito
2517 2200 2664 2242 nunc
2695 2200 2822 2242 sero
2851 2187 3102 2243 novimus
3129 2202 3250 2244 esse
3293 2193 3556 2244 mutatos.
3604 2189 3722 2244 Hac
3755 2190 3826 2262 est

2201 2276 2346 2332 enim
2392 2277 2607 2331 mutatio
2641 2275 2871 2330 dextera:
2899 2275 3116 2331 Επεὶ.ςὶ
3154 2275 3314 2347 (Psal.
3350 2293 3540 2343 Lxxv1,
3578 2275 3676 2340 11).
3717 2274 3826 2344 Spi-

2197 2366 2329 2420 ritus
2357 2365 2572 2420 Domini
2602 2363 2689 2419 ubi
2718 2364 2822 2419 uult
2850 2365 3018 2435 spirat
3063 2364 3240 2436 (Joan.
3273 2381 3357 2431 ιιι,
3391 2365 3478 2436 8),
3529 2370 3583 2420 et
3619 2364 3702 2419 cui
3739 2359 3827 2416 vult

2198 2453 2488 2521 miseretur,
2519 2459 2568 2508 et
2597 2468 2744 2524 quem
2771 2453 2876 2508 vult
2903 2454 3115 2509 indurat
3133 2453 3438 2510 Altissimus
3460 2455 3621 2525 (Rom.
3644 2469 3712 2518 ix,
3739 2451 3824 2516 18).

2197 2543 2460 2609 Quoniam
2517 2558 2682 2613 neque
2732 2541 2969 2609 uolentis,
3027 2558 3192 2613 neque
3247 2544 3528 2611 currentis,
3567 2542 3658 2598 sed
3697 2542 3829 2596 mise-

2197 2632 2359 2687 rentis
2388 2637 2463 2687 est
2493 2633 2589 2686 Dei
2621 2630 2749 2701 (1b.,
2795 2630 2900 2702 16).
2949 2630 3062 2687 Tibi
3093 2632 3280 2701 igitur,
3327 2632 3569 2695 Christe,
3619 2629 3831 2685 delictum

2198 2734 2364 2774 meum
2412 2721 2668 2789 cognitum
2695 2720 2817 2789 feci,
2864 2725 2912 2775 et
2943 2721 3242 2790 injustitias
3270 2735 3426 2777 meas
3455 2737 3558 2777 non
3587 2717 3829 2775 abscondi.

2200 2809 2368 2864 Dixi:
2413 2809 2652 2878 Eloquar
2689 2809 2961 2864 aduersum
3006 2823 3086 2863 me
3125 2809 3431 2880 injustitias
3462 2823 3610 2866 meas
3637 2807 3833 2863 Domino

2199 2903 2248 2952 et
2278 2902 2333 2952 tu
2377 2898 2625 2953 remisisti
2670 2897 2984 2968 impietatem
3014 2898 3200 2953 cordis
3229 2899 3337 2953 mei
3382 2897 3556 2970 (Psal.
3587 2912 3726 2959 χχχι,
3756 2893 3829 2962 5).

2205 2989 2274 3040 De
2321 2993 2506 3042 cetero
2558 2987 2941 3057 cogitationes,
2976 2987 3305 3054 locutiones,
3343 2989 3595 3044 actiones
3638 2991 3834 3042 nostras

464 3075 607 3131 ultra
651 3088 756 3128 non
797 3073 1049 3144 procedes
1084 3073 1205 3143 (Job
1234 3088 1459 3140 xxxvm,
1497 3073 1582 3139 10,
1623 3075 1725 3142 ll).
1778 3077 1885 3132 Cor
1921 3065 2526 3144 huma-Cquaesumus,
2571 3077 2818 3142 Domine,
2868 3082 2924 3131 et
2969 3076 3264 3146 aspirando
3313 3078 3562 3147 praeveni
3603 3083 3655 3131 et
3689 3074 3832 3143 adju-

464 3177 592 3219 num
623 3168 708 3217 est
736 3175 903 3216 mare.
951 3161 1058 3230 Ipsi
1086 3175 1216 3216 vero
1264 3163 1510 3231 episcopi
1541 3163 1654 3217 suis
1692 3163 1850 3231 plane
1881 3171 2107 3219 vaccent

462 3251 718 3323 negotiis,
744 3249 1076 3322 providentes
1105 3248 1261 3315 bona,
1293 3265 1396 3304 non
1424 3254 1622 3306 tantum
1651 3265 1831 3306 coram
1860 3255 1989 3316 Deo,
2012 3253 2105 3307 sed

458 3342 613 3396 etiam
644 3353 822 3394 coram
854 3337 1087 3393 omnibus
1114 3337 1404 3393 hominibus
1437 3338 1611 3410 (Rom.
1644 3355 1742 3405 xn,
1780 3339 1893 3412 l7),
1926 3353 1996 3396 ne
2027 3341 2107 3397 di-

459 3435 614 3486 catur
643 3427 712 3484 de
741 3427 854 3483 illis
897 3446 908 3482 :
962 3426 1132 3483 Ruina
1156 3425 1340 3500 populi
1365 3428 1667 3483 sacerdotes
1696 3427 1841 3484 mali.
1873 3430 2028 3498 Quod
2059 3431 2106 3486 si

2187 3164 2364 3220 vando
2397 3178 2752 3234 prosequere,
2786 3171 2846 3221 ut
2875 3173 3072 3221 cuneta
3115 3174 3301 3222 nostra
3349 3168 3604 3238 operatio
3643 3170 3695 3220 et
3725 3178 3752 3218 a
3787 3168 3834 3216 te

2187 3266 2406 3322 semper
2452 3253 2700 3321 incipiat,
2752 3260 2807 3308 et
2855 3267 2954 3322 per
2999 3258 3054 3309 te
3103 3260 3282 3324 coepta
3335 3255 3582 3310 ﬁniatur.
3632 3251 3724 3307 Cui
3771 3248 3833 3303 sit

2191 3342 2370 3396 honor
2419 3347 2473 3396 et
2521 3341 2696 3412 gloria
2725 3354 2871 3398 nunc
2901 3349 2955 3397 et
2996 3356 3214 3412 semper
3242 3348 3296 3397 et
3329 3358 3435 3414 per
3464 3341 3646 3400 omnia
3676 3351 3833 3396 saecu-

2191 3431 2367 3487 lorum
2397 3431 2624 3486 saecula.

1419 3635 1818 3723 INCIPIT
1874 3637 2202 3722 LIBER
2258 3637 2745 3739 QUINTUS
2803 3633 2880 3674 ²⁶³

529 3843 576 3898 l.
624 3843 890 3909 Quoniam
932 3842 989 3896 in
1038 3843 1210 3912 prima
1254 3841 1437 3899 fronte
1496 3843 1786 3914 praesentis
1841 3844 2162 3914 opusculiD
2250 3843 2305 3900 3.
2347 3846 2476 3900 Erat
2525 3851 2656 3901 tunc
2706 3844 2968 3915 temporis
3005 3844 3150 3900 inter
3192 3858 3380 3915 regem
3413 3851 3471 3901 et
3510 3846 3746 3899 Saxones
3771 3836 3831 3891 lis

450 3930 626 3986 nostri
656 3929 922 3999 temporis
948 3936 1101 4001 gesta
1143 3945 1263 3986 sum
1303 3946 1526 3988 narrare
1557 3933 1855 4003 pollicitus,
1888 3934 2095 4004 absque

450 4018 721 4075 mendacii
777 4024 908 4074 nota
963 4019 1126 4074 silere
1178 4033 1290 4077 non
1347 4019 1539 4089 valeo,
1609 4024 1916 4092 praesertim
1972 4037 2095 4078 cum

449 4106 618 4163 sciam
667 4107 787 4178 lege
833 4113 1052 4164 cautum
1089 4123 1210 4164 esse
1258 4110 1507 4179 Mosayca
1540 4129 1553 4165 :
1593 4111 1654 4166 Si
1681 4110 1910 4167 nolueris
1935 4110 2092 4182 polli-

451 4195 578 4263 ceri,
603 4195 796 4268 absque
839 4203 1056 4268 peccato
1105 4198 1209 4253 eris
1259 4196 1437 4269 (Deut.
1470 4214 1621 4266 χχιιι,
1651 4198 1763 4270 22).
1816 4201 1885 4255 Ut
1911 4206 2092 4255 autem

446 4291 600 4342 recto
649 4286 980 4342 narrationis
1026 4285 1276 4342 incedam
1325 4287 1562 4353 tramite,
1604 4301 1830 4344 necesse
1879 4294 1962 4344 est
2005 4303 2092 4344 res

442 4380 624 4444 gestas
653 4380 818 4446 prout
844 4381 992 4443 sunt,
1027 4375 1279 4432 ordinate
1310 4376 1647 4434 describere.

512 4464 568 4519 2.
598 4463 886 4521 Prazdictis
916 4465 1083 4535 igitur
1109 4465 1276 4521 rebus
1304 4478 1414 4521 non
1446 4465 1605 4536 plane
1628 4467 1969 4536 compositis,
1991 4467 2088 4522 sed

442 4552 705 4610 involutis
752 4561 1078 4624 utcumque,
1129 4568 1277 4624 saepe
1315 4543 1426 4625 jam
1475 4554 1608 4611 dicti
1657 4556 2090 4612 Mediolanenses

442 4655 542 4712 pro
590 4643 830 4714 petendo
887 4643 1150 4713 episcopo
1196 4644 1342 4700 ultra
1388 4651 1603 4700 montes
1657 4646 1916 4702 Heinrico
1972 4647 2087 4716 regi

441 4732 768 4802 legationem
809 4733 1074 4804 dirigunt,
1115 4733 1437 4790 mandantes
1463 4735 1880 4792 Arlembaldica‘.
1917 4736 2088 4792 inter-

441 4818 696 4878 fectionis
727 4822 1083 4893 triumphum.
1104 4823 1222 4890 Quo
1253 4823 1476 4894 cognito
1506 4823 1722 4880 laatatus
1751 4831 1836 4880 est
1865 4839 1962 4880 rex
1991 4825 2084 4882 ille

437 4924 603 4982 supra
633 4911 875 4978 modum,
911 4925 1310 4983 quemcumque
1340 4912 1542 4970 vellent
1577 4927 1637 4970 se
1683 4913 1936 4971 daturum
1968 4915 2085 4985 epi-

437 5011 666 5071 scopum
695 4999 1022 5070 promittens
1051 5000 1214 5072 (161).

2181 3933 2445 3988 aeerrima
2491 3933 2670 4000 valde,
2725 3935 2883 4004 cujus
2930 3935 3071 3989 ratio
3123 3947 3231 3989 non
3284 3941 3371 3989 est
3421 3943 3617 3990 nostro
3662 3931 3832 3986 discu-

2180 4022 2366 4078 tienda
2403 4023 2625 4094 juditio.
2660 4025 3040 4079 Verumtamen
3072 4037 3206 4094 gens
3244 4023 3339 4078 illa
3371 4023 3670 4079 admodum
3699 4018 3830 4072 fero-

2179 4112 2398 4167 cissima
2426 4113 2482 4167 in
2515 4113 2873 4169 rebellionem
2904 4113 3211 4182 prorumpit
3234 4118 3488 4194 apertam
3519 4113 3622 4167 sub
3642 4111 3831 4165 Ottone

2178 4201 2339 4268 duce,
2386 4201 2525 4257 adeo
2574 4208 2633 4257 ut
2681 4201 2822 4258 facta
2877 4203 3268 4273 congressione
3317 4204 3502 4272 partis
3533 4200 3830 4266 utriusque.

2177 4291 2301 4361 plus
2332 4304 2493 4360 quam
2523 4292 2716 4362 viginti
2748 4292 2894 4347 milia
2938 4291 3220 4348 hominum
3270 4291 3594 4348 referantur
3636 4287 3829 4345 occisa.

2173 4379 2369 4434 Arrisit
2397 4383 2575 4435 tamen
2607 4379 2864 4435 Heinrico
2896 4380 3145 4436 victoria.

2243 4467 2298 4521 4.
2340 4470 2470 4524 Post
2517 4468 2636 4523 dies
2686 4468 2786 4524 hos
2815 4469 2882 4524 ad
2932 4481 3207 4524 secessum
3239 4468 3502 4524 residens
3542 4467 3654 4523 dux
3681 4468 3831 4522 Cote-

2170 4555 2359 4614 fredus
2385 4557 2663 4614 Gotefredi
2694 4558 2856 4626 ﬁlius,
2891 4559 3073 4629 gladio
3105 4557 3401 4614 confossus
3431 4557 3674 4624 interiit,
3707 4568 3825 4610 con-

2171 4660 2276 4717 uge
2305 4648 2496 4703 relicta
2523 4648 2762 4715 Matilda,
2796 4647 3058 4704 Bonifaeii
3102 4662 3165 4703 ac
3213 4649 3488 4704 Beatricis
3538 4643 3824 4703 admodum

2171 4738 2475 4794 clarissima
2506 4737 2634 4792 ﬁlia.

2239 4827 2292 4883 5.
2356 4829 2570 4883 Interea
2627 4827 2823 4900 legatis
2877 4827 3365 4884 Mediolanensium
3428 4841 3498 4882 ex
3568 4824 3719 4881 clero
3777 4825 3828 4874 et

2170 4916 2374 4986 populo
2424 4931 2483 4972 re
2533 4915 2755 4986 praefata
2791 4931 2974 4988 regem
3018 4917 3368 4981 adeuntibus,
3403 4913 3674 4970 Tetaldus
3701 4909 3826 4980 qui-

2167 5004 2290 5060 dam
2356 5005 2777 5061 Mediolanensis
2851 5005 3102 5062 ecclesiae
3169 5004 3555 5062 subdiaconus
3624 4996 3829 5071 capella

1789 5118 2012 5174 VARUE
2050 5118 2333 5175 LECTION
2339 5120 2438 5175 ES.

506 5219 566 5252 201

607 5235 730 5292 quae
759 5219 814 5292 3,.
844 5221 899 5278 4.
1011 5220 1075 5252 ’θ’
1104 5221 1579 5278 scandalizabatur
1611 5220 1659 5278 1.

1773 5222 1836 5255 ³⁸⁸
1864 5224 1943 5279 ita
1968 5223 2005 5279 2
2035 5224 2235 5297 addens
2277 5244 2289 5279 :
2340 5225 2496 5292 Quod
2549 5231 2728 5282 autem
2777 5228 3104 5297 promissum
3137 5232 3222 5283 est
3251 5240 3283 5282 a
3320 5231 3373 5282 te
3403 5222 3744 5283 observabis
3772 5226 3822 5275 et

438 5289 746 5350 facies—At.
778 5291 834 5348 3.
864 5293 920 5351 4.
947 5292 1028 5348 5⁸.
1060 5293 1196 5349 hunc
1225 5293 1413 5350 librum
1441 5299 1682 5366 quartum
1715 5293 1889 5351 dicunt
1906 5316 1925 5361 ,-
1958 5297 1999 5351 Β
2027 5295 2109 5351 2*.
2143 5312 2255 5352 cum
2284 5289 2604 5368 praecedente
2631 5289 2916 5370 coniungit.

2011 5413 2227 5470 ΝΟΤᾸΞ.

504 5513 664 5594 (161)
713 5516 872 5572 Teste
919 5517 1325 5594 Bonizone__rex
1351 5531 1492 5594 com.
1524 5516 1853 5594 Everardum
1885 5519 2072 5594 eonsij—
2162 5525 2218 5594 et
2255 5520 2697 5594 AMediolanenses
2746 5531 2804 5579 ut
2851 5523 3030 5579 electo
3059 5524 3323 5594 episcopo
3363 5533 3562 5590 regem
3603 5518 3820 5574 adirent

426 5587 643 5646 liarium
673 5600 831 5644 suum
859 5589 1026 5657 misit,
1057 5589 1152 5660 qui
1181 5589 1461 5646 Roncaliaa
1489 5591 1697 5646 curiam
1722 5592 2076 5663 congregavit
2156 5591 2422 5649 invitavit.
