4100 6166
215 343 303 401 239

1022 306 1035 323 ’
1114 338 1325 393 essm
1360 335 1780 391 ARCHIEPISC.
1822 334 2182 391 MEDIOLAN.
2223 364 2293 377 —
2328 336 2461 393 LIV.
2501 336 2588 392 tv.

3439 343 3548 402 330

218 467 447 525 militabat
474 466 531 521 in
562 464 710 535 regia
744 463 906 537 (162).
939 462 1039 522 Cui
1068 476 1166 518 rex
1194 460 1362 518 multa
1389 461 1613 518 volvens
1643 466 1699 517 et
1728 462 1972 523 re-Aac
1996 460 2061 492 ’⁸⁸
2104 462 2325 518 sibimet
2370 462 2570 518 debeat
2615 461 2907 524 inimicari.
2951 477 3061 521 non
3109 466 3352 526 invenio.
3392 473 3552 529 Jesus

214 557 405 613 volvens
432 552 715 619 conscilia.
740 552 968 623 proprio
998 551 1218 607 tandem
1248 549 1540 621 indulgens
1568 549 1822 616 arbitrio,
1907 550 2157 606 Christus
2185 551 2297 608 duo
2327 556 2456 607 sunt
2494 551 2657 608 unius
2696 567 2950 623 persona
2986 556 3273 624 vocabula,
3302 558 3448 615 unde
3479 560 3552 615 li-

217 644 598 701 Ambrosianum
640 641 868 698 tradidit
906 640 1280 712 prasulatum,
1308 639 1619 709 posthabita
1656 640 1827 694 Gete-
1910 640 2079 709 quido
2110 641 2502 711 comprobatur
2524 656 2683 714 reges
2710 656 2775 698 ac
2812 645 3149 712 sacerdotes,
3182 646 3421 703 christos
3449 648 3556 704 sci-

212 734 332 790 fredi
367 732 511 788 illius
557 730 737 787 adhuc
783 731 1019 787 viventis
1068 730 1392 786 investitura
1437 736 1493 784 et
1542 728 1824 793 unctione,
1910 729 2042 785 licet
2069 729 2268 785 Christi
2301 731 2448 786 nniri
2495 745 2605 788 uno
2635 731 2839 788 debere
2869 748 3162 790 consensu.
3202 735 3341 803 Quid
3381 743 3558 807 ergo?

213 822 402 880 Attonis
447 834 668 891 quoque
714 822 904 876 Roma
951 826 1083 876 tunc
1119 818 1184 851 ’“
1237 818 1488 889 degentis
1534 818 1826 874 electione.
1910 819 2185 888 Numquid
2226 827 2373 875 errat
2411 825 2686 891 uterque?
2730 822 2909 877 Absit.
2933 824 3175 880 Romana
3214 832 3364 881 certe
3405 838 3562 881 num-

213 909 332 979 Quid
360 908 558 980 plura?
594 910 896 979 Susceptus
925 913 1008 964 est
1037 906 1239 978 prasul
1278 906 1372 962 ille
1402 921 1432 962 a
1470 906 1620 963 clero
1651 912 1706 962 et
1734 920 1833 976 po-

212 999 344 1070 pulo,
367 1003 565 1068 utpote,
575 1011 837 1054 novarum
859 1011 1041 1053 rerum
1062 996 1328 1053 usualiter
1345 996 1526 1051 avido.
1550 997 1649 1052 Cui
1671 996 1831 1051 etiam

208 1087 515 1158 suifraganei
544 1087 689 1143 idem
720 1087 826 1156 ipsi
856 1086 950 1157 qui
969 1084 1323 1142 Gotefredum
1352 1092 1833 1153 consecraverant,

210 1187 406 1229 manum
453 1173 861 1230 benedictionis
907 1175 1196 1243 imponunt
1247 1172 1409 1244 (163).
1463 1175 1571 1229 Res
1613 1172 1834 1243 quidem

211 1264 329 1319 mira
357 1270 409 1319 et
438 1264 655 1319 cunctis
702 1269 851 1319 retro
897 1264 1242 1333 temporibus
1288 1263 1554 1329 inaudita,
1587 1269 1647 1317 ut
1686 1262 1839 1317 urbis

208 1352 354 1408 unius
374 1365 486 1408 uno
509 1352 688 1408 electo
717 1351 986 1421 antistite,
1009 1356 1224 1408 sacrato
1253 1351 1450 1419 altero,
1477 1364 1585 1408 uno
1616 1351 1840 1408 eodem-

209 1454 303 1511 que
332 1446 580 1510 tempore
613 1442 808 1497 tertius
838 1445 1108 1511 erumpat.

266 1529 317 1586 6.
346 1532 480 1585 Erat
519 1535 651 1586 tunc
697 1529 965 1601 temporis
1008 1531 1198 1586 Roma
1234 1529 1319 1586 vir
1359 1529 1583 1599 quidam
1620 1529 1842 1585 nomine

206 1619 445 1686 Ceucius,
470 1618 568 1689 qui
598 1623 826 1689 pr0pter
845 1619 1049 1688 injuste
1083 1632 1367 1689 possessas
1398 1618 1650 1675 ecclesia
1674 1617 1847 1673 facul-

1914 922 2077 977 quam
2107 920 2319 964 errasse
2349 909 2672 978 perhibetur
2698 912 2962 979 Ecclesia,
2986 928 3055 969 ex
3081 927 3192 984 quo
3217 914 3400 971 divina
3423 929 3561 972 voce

1916 996 2123 1051 dictum
2154 1000 2238 1050 est
2274 998 2437 1052 Petro
2467 1018 2479 1052 :
2514 998 2713 1065 Simon,
2744 1014 2863 1055 ecce
2899 1002 3135 1058 Satanas
3171 1004 3418 1074 expetivit
3445 1017 3557 1072 vos,

1917 1089 1972 1140 ut
2000 1083 2255 1140 cn'braret
2275 1084 2338 1116 ²⁶⁹
2364 1087 2498 1141 sicut
2525 1087 2770 1144 triticum.
2810 1092 2926 1159 Ego
2956 1096 3127 1147 autem
3150 1106 3249 1163 pro
3280 1098 3329 1148 te
3355 1092 3560 1162 rogavi,

1919 1177 2096 1229 utnon
2124 1173 2331 1243 deﬁciat
2359 1173 2489 1244 ﬁdes
2510 1178 2601 1230 tua
2622 1174 2768 1245 (Luc.
2792 1193 2925 1242 xxn,
2949 1179 3061 1251 31).
3094 1183 3137 1235 A
3158 1182 3400 1237 Romana
3429 1195 3563 1253 ergo

1921 1262 2153 1317 ecclesia
2199 1262 2533 1333 quicumque
2581 1264 2856 1331 dissentit,
2884 1280 2994 1322 non
3027 1275 3111 1324 est
3149 1283 3336 1325 revera
3368 1271 3568 1326 catho-

1922 1351 2082 1419 licus,
2135 1352 2593 1422 quemadmodum
2640 1354 2836 1411 beatus
2888 1356 2966 1411 ait
3009 1358 3333 1415 Ambrosius
3382 1359 3568 1430 (164).

1921 1442 2116 1497 Nonne
2164 1441 2270 1510 ipsi
2318 1441 2438 1497 hac
2484 1443 2588 1498 ista
2625 1442 2879 1514 legerunt
2916 1446 3207 1516 episcopi?
3253 1454 3310 1504 et
3337 1449 3387 1504 si
3418 1448 3575 1519 lege-

1925 1538 2055 1586 runt
2075 1530 2138 1562 ²⁷⁰
2168 1545 2268 1587 cur
2295 1539 2489 1588 contra
2524 1533 2829 1590 Romanum
2869 1536 3159 1604 prasulem
3191 1537 3416 1593 adunati
3454 1537 3577 1593 Pla-

1927 1619 2146 1685 centia,
2187 1619 2256 1675 de
2305 1633 2401 1676 ore
2448 1622 2674 1689 proprio
2724 1623 3194 1692 conjuraverunt?
3238 1626 3348 1681 Cur
3386 1630 3578 1694 postea

205 1715 332 1763 tates
359 1722 522 1778 papa
541 1708 805 1778 Gregorio
823 1707 1001 1771 fuerat
1029 1722 1249 1777 semper
1267 1706 1517 1763 infestus.
1546 1708 1644 1763 llic
1662 1712 1843 1763 autem
1865 1707 2114 1805 BPapia
2152 1710 2545 1765 convenientes
2589 1711 2849 1779 injustum
2888 1712 3196 1778 anathema,
3239 1714 3348 1769 imo
3388 1713 3580 1767 invali-

209 1810 360 1866 pravo
388 1812 524 1851 usus
553 1796 843 1862 conscilio,
876 1803 1039 1852 nocte
1069 1796 1187 1865 ipsa
1219 1796 1515 1851 nativitatis
1546 1796 1846 1851 Dominica
1865 1796 1909 1805 ⁷
1931 1800 2061 1855 dum
2088 1799 2194 1854 sibi
2226 1798 2725 1866 conclamaverunt,
2751 1802 2898 1869 justa
2928 1801 3273 1871 prophetiam
3305 1805 3398 1871 (Is.
3420 1817 3471 1868 v,
3493 1801 3573 1873 7),

206 1888 304 1951 (an.
334 1885 495 1953 1075,
523 1887 648 1940 Dec.
672 1884 788 1955 24),
820 1899 944 1940 cum
975 1885 1032 1939 in
1058 1885 1284 1941 basilica
1313 1893 1520 1941 sancta
1541 1884 1850 1941 Theotocos
1931 1901 2043 1944 non
2076 1886 2366 1958 justitiam,
2398 1887 2496 1943 sed
2535 1886 2805 1944 clamores
2841 1888 3149 1946 facientes?
3188 1890 3334 1946 unde
3375 1891 3574 1961 justis-

209 1982 354 2045 pater
386 1974 487 2030 ille
547 1979 791 2040 sanctus,
827 1974 1095 2030 matutino
1145 1976 1299 2044 juxta
1356 1988 1563 2031 morem
1601 1980 1846 2044 peracto,
1932 1978 2067 2032 sime
2097 1976 2404 2047 apostolico
2434 1984 2562 2031 sunt
2592 1991 2851 2033 mucrone
2885 1978 3139 2047 perfossi.
3164 1980 3573 2050 Respondeant,

206 2070 491 2119 nocturna
539 2064 721 2118 missae
764 2061 1070 2118 celebraret
1107 2062 1368 2132 ofﬁcium,
1402 2078 1524 2120 cum
1570 2063 1769 2135 gladiis
1796 2067 1852 2119 et
1935 2072 1995 2122 ut
2021 2065 2223 2131 solent,
2255 2066 2409 2135 regio
2447 2080 2506 2120 se
2537 2065 2793 2121 obedisse
2823 2067 3100 2123 mandato.
3143 2069 3247 2123 Sed
3278 2068 3410 2138 quid
3442 2067 3579 2123 dicit

206 2153 437 2209 fustibus
483 2159 540 2207 et
588 2152 968 2222 conjuratione
1007 2165 1201 2223 magna
1238 2167 1484 2220 suorum,
1526 2166 1656 2209 ense
1702 2152 1851 2208 nudo
1934 2155 2259 2224 Scriptura?
2292 2152 2518 2210 Obedire
2546 2158 2747 2224 oportet
2777 2155 2884 2209 Deo
2913 2156 3082 2223 magis
3110 2171 3264 2226 quam
3292 2155 3583 2210 hominibus

200 2242 263 2296 ad
318 2241 658 2311 capiendum
716 2254 908 2311 papam
958 2241 1229 2298 violenter
1284 2241 1484 2312 irrupit
1539 2241 1848 2307 ecclesiam,
1937 2245 2075 2312 (Act.
2108 2258 2159 2309 ν,
2192 2241 2302 2313 29).
2344 2243 2519 2297 Item:
2552 2241 2773 2297 Reddite
2810 2257 2923 2313 qua
2953 2245 3179 2301 (laseris
3214 2249 3333 2300 sunt
3361 2246 3582 2310 Caesam,

201 2333 370 2386 instar
409 2331 574 2386 Juda
606 2331 901 2386 Dominum
948 2336 1110 2387 nocte
1143 2331 1432 2386 tradentis.
1473 2333 1717 2401 Cumque
1756 2345 1855 2401 per
1937 2337 1987 2388 et
2016 2347 2133 2404 qua
2159 2335 2278 2387 sunt
2307 2331 2405 2387 Dei
2433 2332 2542 2386 Deo
2575 2330 2787 2401 (Matth.
2821 2347 2950 2398 χχιι,
2986 2331 3096 2399 21).
3127 2335 3193 2388 Et
3221 2334 3389 2389 alibi:
3424 2335 3587 2388 Deum

198 2420 415 2475 diversa
447 2420 763 2489 quasisset,
797 2420 1004 2474 invenit
1037 2422 1191 2489 juxta
1221 2419 1391 2475 altare
1422 2421 1633 2477 Domini
1665 2434 1853 2475 sacer-
1938 2422 2109 2477 timete
2127 2421 2209 2487 ³⁷³,
2242 2434 2413 2489 regem
2441 2419 2782 2490 houoriﬁcate
2809 2423 2861 2488 (Ι
2887 2423 3029 2476 Petr.
3066 2435 3129 2489 ιι,
3163 2420 3268 2487 l7).
3303 2423 3421 2477 Non
3455 2433 3587 2491 ergo

198 2508 383 2563 dotem
437 2507 719 2576 mysteriis
760 2507 1091 2562 salutaribus
1130 2509 1420 2563 intentum.
1463 2511 1521 2563 1n
1553 2522 1714 2577 quem
1743 2508 1858 2563 vio—
1942 2509 2177 2565 debetur
2199 2508 2380 2564 honor
2409 2508 2544 2579 regi,
2569 2508 2674 2562 nisi
2703 2508 3051 2578 pracedente
3076 2510 3228 2579 justo
3251 2510 3447 2566 timore
3468 2508 3587 2564 Dei.

198 2595 380 2652 lenter
412 2596 640 2650 irruens
679 2596 932 2651 distraxit
961 2610 1025 2651 ac
1055 2596 1338 2651 dilaniavit
1375 2596 1857 2666 quamplurimum,
2014 2596 2068 2649 8.
2110 2596 2312 2652 Eodem
2344 2602 2591 2666 tempore
2621 2610 2756 2668 gens
2803 2598 3109 2654 Teutonum
3149 2598 3241 2653 illa
3281 2598 3590 2667 barbarica,

197 2686 641 2755 impositumque
682 2698 825 2754 equo
854 2698 1007 2739 suam
1037 2699 1211 2753 usque
1252 2684 1508 2754 perduxit
1545 2685 1612 2740 ad
1644 2685 1859 2751 turrim,
1946 2686 2223 2754 pracipue
2254 2686 2425 2740 duces
2451 2685 2757 2751 Bertaldus,
2779 2685 3069 2752 Rodulfus,
3099 2693 3154 2742 et
3175 2685 3353 2743 Welfo
3376 2687 3440 2718 ’τ’
3470 2699 3592 2743 cum

201 2774 452 2829 clausum
488 2774 833 2828 custodiens.
874 2775 1041 2829 Facto
1081 2779 1262 2829 autem
1302 2773 1570 2838 diluculo,
1601 2787 1726 2828 eum
1756 2778 1863 2827 tam
1948 2774 2243 2828 comitibus
2287 2779 2342 2827 et
2389 2774 2667 2842 episcopis
2692 2816 2705 2839 ,
2761 2775 2980 2845 cognita
3029 2775 3595 2831 excommunicatione

201 2863 541 2919 detestabile
587 2863 909 2932 displiceret
954 2863 1210 2918 omnibus
1257 2861 1491 2929 facinus,
1525 2867 1867 2932 consurgunt
1949 2863 2212 2927 Romana,
2248 2875 2277 2915 a
2307 2861 2459 2931 regio
2499 2875 2726 2929 prorsus
2758 2876 2818 2917 se
2848 2862 3169 2918 subtraxere
3201 2863 3507 2927 consortio,
3539 2861 3596 2917 in

207 2966 398 3008 omnes
446 2952 510 3007 in
540 2965 689 3007 arma
730 2953 961 3007 Romani
999 2953 1241 3022 girantes
1278 2951 1494 3017 turrim,
1527 2965 1630 3006 nec
1658 2965 1689 3005 a
1718 2950 1866 3005 bello
1949 2950 2102 3006 nullo
2133 2950 2622 3005 communicantes.
2671 2951 2902 3020 Insuper
2938 2951 2995 3005 in
3039 2950 3227 3007 multis
3271 2957 3596 3007 accusantes

204 3041 490 3097 desistunt
522 3040 703 3096 donec
741 3053 938 3111 agnum
978 3040 1094 3111 lupi
1131 3039 1381 3097 faucibus
1418 3040 1678 3110 eripiunt,
1711 3043 1865 3095 turre

205 3130 426 3200 dirupta
460 3135 522 3186 et
558 3129 708 3185 omni
754 3128 1009 3185 facultate
1056 3129 1291 3204 direpta.
1324 3131 1706 3185 Verumtamen
1754 3128 1862 3183 hu-

201 3232 373 3276 mana
395 3220 596 3275 divina
625 3218 893 3274 successit
921 3218 1078 3274 ultio.
1106 3218 1388 3288 Siquidem
1417 3232 1561 3274 anno
1592 3218 1689 3273 illo
1719 3231 1864 3273 mor-

202 3312 323 3363 tuus
354 3314 444 3363 est
479 3307 715 3363 Centius
752 3305 989 3362 faucium
1026 3306 1209 3362 ulcere
1248 3307 1565 3374 suffocatus,
1598 3305 1862 3377 quemad-

200 3396 421 3452 modum
453 3396 636 3452 Judas
669 3396 919 3466 proditor
948 3409 1089 3451 nexu
1124 3396 1304 3466 laquei
1335 3396 1726 3467 strangulatus.

266 3484 320 3537 7.
365 3487 479 3540 Per
508 3486 663 3541 idem
701 3491 918 3555 tempus
964 3485 1324 3554 quorumdam
1371 3498 1595 3541 suorum
1642 3484 1864 3540 hortatu

202 3582 391 3630 contra
444 3587 655 3645 papam
700 3586 798 3629 rex
844 3574 1019 3629 erexit
1064 3587 1186 3629 sese
1217 3573 1282 3604 ’⁸⁸
1327 3575 1675 3644 Gregorium,
1726 3574 1866 3628 adeo

204 3668 257 3717 ut
286 3663 505 3719 nullam
547 3663 659 3717 sibi
700 3662 929 3718 defieret
960 3661 1024 3693 ’⁸⁸
1062 3662 1454 3718 obedientiam.
1502 3660 1706 3716 Prasul
1735 3673 1867 3715 vero

202 3751 488 3809 Romanus
539 3765 927 3821 saepenumero
972 3755 1196 3820 paratus
1228 3751 1536 3820 ignoscere,
1568 3749 1871 3804 clementer

204 3842 462 3897 universa
497 3840 797 3908 tractabat,
831 3840 1033 3911 regiam
1064 3839 1158 3895 diu
1189 3839 1561 3909 prastolando
1591 3852 1654 3893 ac
1687 3838 1873 3894 multis

205 3931 430 3986 monitis
468 3929 766 3985 imitando
797 3929 1232 3986 conversionem.
1274 3930 1516 3998 Cumque
1556 3927 1725 3983 nichil
1758 3941 1872 3983 om-

205 4016 335 4073 nino
384 4019 723 4089 proficeret,
756 4018 909 4073 illum
949 4031 1071 4073 cum
1109 4016 1226 4072 suis
1270 4016 1577 4072 fautoribus
1605 4030 1636 4071 a
1668 4023 1873 4072 sancta

205 4107 395 4163 matris
446 4107 727 4163 Ecclesia
777 4107 1082 4178 segregavit
1112 4106 1221 4177 (an.
1261 4105 1414 4172 1076,
1449 4105 1599 4177 Feb.)
1630 4119 1876 4161 commu-

205 4193 445 4253 nicando
472 4196 545 4227 ⁸³⁷
581 4195 899 4261 luminibus,
930 4202 1122 4251 tenore
1143 4201 1322 4250 tamen
1352 4194 1552 4251 futura
1582 4194 1874 4265 dignaque

1950 3053 2072 3094 eum
2100 3038 2423 3094 criminibus
2451 3037 2671 3093 infamia
2688 3038 3045 3095 denotabant.
3069 3041 3293 3096 Interim
3323 3039 3591 3096 conscilio

1944 3127 2273 3183 sanctissimi
2296 3126 2671 3182 Cluniacensis
2698 3127 2912 3183 abbatis
2930 3126 3103 3199 (165),
3125 3129 3350 3200 Agnetis
3367 3142 3590 3199 quoque

1944 3215 2111 3286 regia
2150 3214 2359 3282 matris,
2400 3228 2503 3270 nec
2536 3228 2643 3270 non
2685 3216 3105 3285 sapientissima
3139 3218 3250 3287 jam
3281 3218 3444 3274 dicta
3483 3219 3593 3273 Ma-

1944 3303 2117 3371 tilda,
2141 3303 2401 3359 statuitur
2427 3303 2684 3374 generale
2714 3304 3051 3373 colloquium
3071 3305 3217 3360 inter
3235 3306 3388 3375 ipsos
3406 3319 3589 3376 regem

1849 3406 1853 3410 ’
1947 3400 2003 3449 et
2023 3393 2406 3462 apostolicum,
2430 3392 2582 3461 pacis
2601 3406 2664 3448 ac
2683 3393 2914 3461 justitia
2936 3406 3119 3447 causa.
3143 3394 3387 3461 Cumque
3418 3394 3594 3448 exiret

1947 3482 2016 3537 ab
2038 3483 2182 3537 Urbe
2204 3495 2343 3550 papa
2374 3479 2721 3549 profecturus
2743 3480 3076 3534 Alamaniam
3110 3481 3214 3549 (an.
3243 3479 3400 3548 1077,
3420 3482 3591 3548 lam),

1948 3572 2185 3628 Matilda
2212 3571 2405 3635 fretus,
2437 3569 2732 3638 juvamine,
2764 3569 2914 3624 venit
2941 3568 3169 3624 Italiam.
3211 3571 3456 3639 Cumque
3485 3583 3603 3626 mo-

1950 3667 2169 3716 raretur
2197 3658 2424 3721 ibidem,
2458 3657 2644 3711 multis
2671 3657 2739 3712 ab
2771 3671 2835 3713 ea
2865 3656 3174 3712 cumulatur
3203 3658 3508 3714 honoribus
3536 3672 3600 3714 ac

1952 3746 2288 3804 hominibus.
2322 3747 2421 3801 Cui
2453 3743 2782 3800 festinanter
2808 3745 3053 3800 occurrit
3087 3746 3397 3813 Heinricus,
3430 3746 3605 3803 decli-

1956 3850 2093 3893 nans
2120 3842 2380 3891 statutum
2410 3834 2466 3889 in
2500 3834 2675 3903 patria
2699 3848 2799 3889 sua
2826 3833 3185 3905 colloquium.
3208 3837 3409 3893 Fuerat
3433 3837 3605 3894 comi—

1955 3926 2088 3982 tisse
2110 3923 2331 3995 opidum
2354 3926 2593 3979 Canossa
2623 3924 2865 3990 nomine,
2888 3923 3074 3981 multis
3102 3926 3376 3983 manibus
3403 3940 3469 3983 ac
3490 3926 3599 3983 loci

1958 4021 2151 4071 natura
2180 4013 2606 4083 circumquaque
2645 4012 2913 4068 munitum
2952 4012 3374 4087 inexpugnabile
3413 4031 3605 4074 revera

1958 4103 2295 4176 prasidium.
2338 4102 2438 4157 Ubi
2473 4101 2808 4171 praesidente
2842 4101 2906 4133 ’⁷³
2947 4105 3255 4173 apostolico
3290 4105 3406 4176 (an.
3444 4105 3602 4173 1077,

1956 4198 2080 4252 Jan.
2111 4193 2234 4264 25),
2266 4207 2363 4248 rex
2391 4193 2556 4248 nudis
2582 4191 2848 4248 incedens
2886 4192 3138 4261 pedibus,
3170 4194 3321 4250 humi
3361 4202 3607 4264 prostra-

207 4285 609 4341 conversionis
640 4285 947 4354 proposito.
971 4285 1014 4339 Ο
1034 4282 1274 4339 infelicia
1305 4289 1572 4353 tempora,
1596 4284 1652 4338 in
1675 4284 1878 4353 quibus
1961 4290 2069 4347 tus,
2103 4289 2229 4353 post
2265 4280 2464 4337 multas
2502 4280 2770 4350 lacrymas
2800 4280 3103 4349 promeruit
3131 4282 3342 4336 veniam
3380 4295 3605 4338 suorum

206 4375 413 4429 nostris
464 4373 831 4445 exigentibus
859 4372 1038 4441 culpis
1076 4377 1268 4429 contra
1314 4385 1373 4427 se
1422 4372 1596 4442 ipsam
1636 4385 1877 4443 pugnare
1896 4376 2266 4454 Djuramenta
2296 4369 2361 4401 ’⁷⁸
2400 4368 2640 4426 ﬁdelium
2688 4373 2845 4437 pacta
2885 4367 3235 4432 confirmans,
3276 4368 3378 4424 sub
3416 4370 3613 4425 condi-

207 4468 395 4519 sancta
425 4463 667 4520 videtur
695 4462 959 4528 Ecclesia,
993 4475 1154 4532 quam
1185 4461 1399 4517 Veritas
1428 4463 1509 4517 sic
1546 4463 1721 4531 ipsam
1756 4462 1877 4518 lau-

1963 4464 2113 4520 tione
2145 4460 2375 4531 justitia
2403 4456 2690 4513 facienda.
2722 4456 2811 4512 Sic
2842 4455 3076 4512 Matilda
3093 4468 3287 4527 magna
3316 4456 3612 4526 prudentia

209 4547 391 4607 dando
424 4550 795 4608 commendat
829 4571 841 4606 :
882 4552 997 4606 Una
1026 4554 1103 4605 est
1131 4548 1369 4605 columba
1396 4565 1533 4618 mea,
1565 4552 1732 4605 unum
1764 4567 1879 4607 mea
1963 4549 2306 4607 consolidata
2334 4553 2462 4603 sunt
2490 4547 2644 4616 pacis
2663 4560 2851 4603 eorum
2877 4543 3084 4602 fadera
3111 4544 3299 4601 invitis
3327 4546 3613 4616 episcopis

210 4637 364 4709 (Can.
390 4657 476 4710 v1,
504 4642 592 4707 8).
623 4641 753 4708 Qua
782 4640 831 4696 si
853 4653 959 4696 una
984 4645 1068 4695 est
1097 4644 1152 4695 et
1178 4640 1373 4707 amica,
1395 4632 1674 4709 quomodo
1700 4640 1879 4697 scindi
1963 4654 2029 4696 ac
2057 4640 2113 4695 in
2147 4638 2243 4693 lite
2282 4635 2650 4692 manentibus.

1590 4802 1814 4858 VARI/E
1868 4800 2155 4858 LECTION
2157 4800 2256 4856 ES.

281 4945 346 4977 ’“
386 4946 551 5002 deest
584 4943 640 4999 3.
736 4942 800 4977 ³⁸⁸
836 4958 894 5000 se
919 4942 977 5003 3.

1068 4942 1134 4974 ³⁸⁸
1170 4944 1369 5015 itapro
1400 4943 1642 5001 deferret
1672 4946 1721 4999 1.

1824 4944 1887 4976 "7
1925 4940 2448 5000 excommunicando
2473 4940 2651 4997 Pario.
2677 4955 2734 5012 Ρ·

2993 4936 3058 4971 ⁸⁸⁸
3095 4955 3152 5004 q.
3183 4941 3431 5000 scindica
3458 4960 3506 5001 s.
3552 4942 3603 5004 l.

209 5028 274 5117 gl;
293 5018 569 5117 scissas.
594 5014 851 5117 ΞειΔΒὲξ
876 5019 932 5071 et
948 5014 1213 5117 ι.
1244 5010 1286 5071 ιζ
1631 5015 1831 5117 4.90;”
1868 5017 2108 5073 cribaret
2174 5016 2218 5070 l.
2295 5013 2359 5044 "’°
2398 5013 2606 5083 legeret
2649 5010 2694 5065 ιζ
2771 5011 2829 5041 ¹⁷¹
2871 5010 3064 5069 timere
3109 5010 3155 5069 Ι.
3232 5013 3297 5046 ’⁷⁸
3336 5014 3510 5072 Welfo
3554 5015 3605 5073 l.

311 5088 686 5160 pravidente
723 5088 867 5145 Mar.
948 5085 1014 5118 ’⁷⁸
1043 5085 1358 5157 juramento
1392 5087 1572 5144 Pario.
1600 5103 1657 5160 p.
1691 5086 1820 5143 336.

1833 5231 2050 5289 ΝΟΤᾸΞ.

291 5363 443 5440 (162)
490 5364 636 5440 Hac
681 5362 844 5440 aliter
889 5367 1076 5440 narrat
1119 5362 1321 5419 Bonizo
1363 5378 1414 5433 p.
1456 5363 1582 5440 813,
1614 5364 1894 5440 Tetaldum
1983 5360 2138 5440 1075,
2170 5376 2279 5440 qua
2307 5374 2375 5417 ne
2413 5359 2470 5417 id
2506 5358 2663 5416 fieret
2689 5358 2898 5440 vetuit;
2937 5358 3394 5440 'l‘edaldumﬁipse
3421 5364 3491 5422 ad
3530 5381 3622 5440 sy-

216 5446 341 5505 cum
384 5435 612 5505 legatis
656 5434 725 5490 ad
775 5449 959 5505 regem
1005 5436 1227 5491 missum
1277 5432 1398 5490 esse
1444 5435 1738 5492 afﬁrmans.
1790 5435 1895 5491 Sed
1978 5432 2437 5492 nodum’Romam
2467 5436 2790 5497 vocaverat;
2818 5446 2869 5487 v.
2903 5444 2991 5502 cp.
3026 5448 3108 5500 ιιι,
3140 5432 3194 5501 8,
3227 5433 3281 5489 9.

218 5504 555 5577 bandulfus
604 5520 678 5571 ιν,
726 5506 773 5573 1,
825 5504 946 5563 eum
998 5506 1191 5577 pralio
1240 5505 1309 5561 ad
1359 5507 1684 5562 Unstrodam
1732 5508 1900 5563 inter-

216 5573 392 5632 fuisse
426 5576 681 5632 indicat.

288 5648 441 5715 (163)
488 5646 763 5716 Neglecta
792 5662 881 5718 ep.
906 5648 1154 5719 Gregorii
1182 5647 1238 5704 d.
1264 5663 1319 5703 vi
1350 5646 1429 5704 ld.
1451 5649 1572 5704 Oct.
1605 5646 1726 5715 [al.,
1749 5646 1896 5717 Dec.)

410 5755 673 5810 PATROL.
712 5755 955 5811 CXLVII.

2055 5521 2195 5591 (164)
2233 5520 2311 5577 Cf.
2346 5521 2414 5576 de
2444 5534 2672 5576 excessu
2701 5520 2876 5592 Satyri
2908 5536 2947 5586 ι,
2978 5520 3068 5574 47.

2054 5610 2196 5681 (165)
2238 5611 2502 5680 Hugonis,
2535 5607 2605 5665 cf.
2641 5610 2824 5666 Lamb.
2859 5624 2947 5667 an.
2987 5608 3142 5668 1077.

3356 5755 3410 5809 ll
