4100 6166
487 349 584 406 331

1395 332 1859 394 THEODORICUS
1894 324 2537 386 PADERHIUNNENSIS
2572 322 2944 380 CANONICUS

3753 316 3860 372 332

556 474 610 531 9.
645 470 897 529 Recessit
916 469 981 500 ⁸⁷⁵
1010 482 1040 524 a
1071 465 1410 536 compositis,
1435 476 1556 518 cum
1587 473 1646 516 se
1674 457 1906 514 sentiret
1929 451 2424 524 Medio-Apmiati
2464 451 2635 506 duces
2672 446 2980 513 Teutonici,
3022 443 3254 502 comites
3283 449 3340 499 et
3376 444 3624 536 episcopi
3656 443 3767 499 illis
3804 445 3859 501 in

488 563 792 621 lanensium
834 558 1070 630 populus
1101 555 1326 612 Tedaldi
1366 549 1619 622 praesulis
1656 548 1920 604 societate
1951 544 2134 614 culpa-

489 655 676 718 bilem,
709 650 890 706 divina
941 645 1271 718 prohibente
1320 643 1438 713 lege
1485 635 1876 696 communicari
1917 647 2134 689 excom-

420 735 434 746 ’
491 743 788 799 municato.
831 737 1007 792 Missis
1035 735 1098 766 ’⁷⁸
1136 734 1338 789 domno
1379 743 1533 800 papae
1574 727 1768 798 legatis
1804 723 2134 781 solutionem

493 833 806 904 implorant.
840 825 938 884 Cui
977 823 1235 896 legationi
1267 823 1383 890 ipse
1424 833 1526 891 ego
1557 815 1801 881 interfui,
1837 815 1905 870 de
1939 819 2137 884 priete-

495 924 616 978 ritis
642 917 1001 979 satisfaciens,
1042 915 1098 968 in
1128 911 1312 968 futuro
1335 908 1589 978 castigari
1623 905 1967 976 promittens.
1993 905 2135 971 Papa

494 1024 624 1066 vero
662 1007 893 1078 sapienti
935 1019 1063 1060 usus
1101 1001 1335 1058 consilio
1365 996 1707 1055 venerabiles
1734 995 1880 1049 viros
1921 994 2136 1048 Lucen-

494 1114 608 1156 sem
629 1098 767 1167 (167)
799 1101 853 1151 et
881 1094 1184 1149 Ostiensem
1211 1090 1354 1162 (167)
1386 1088 1678 1157 episcmios
1707 1082 1908 1138 direxit
1938 1079 2139 1136 Medio-

494 1191 697 1253 lanum,
740 1187 965 1241 daturos
1009 1183 1220 1238 veniam
1271 1179 1709 1249 quibuscumque
1759 1170 2134 1242 poscentibus.

494 1278 594 1335 Ubi
624 1289 754 1331 vero
795 1273 1029 1345 ingressi
1069 1277 1196 1328 sunt
1226 1269 1438 1334 urbem,
1473 1267 1653 1321 laetata
1684 1268 1768 1318 est
1796 1262 1988 1317 civitas
2016 1261 2139 1315 uni-

492 1383 664 1426 versa.
688 1367 787 1434 Qui
813 1372 928 1421 toto
954 1364 1049 1419 illo
1073 1361 1255 1417 triduo
1281 1357 1686 1415 conﬂuentibus
1713 1354 1782 1409 ab
1803 1365 1900 1408 eos
1929 1351 2140 1407 civibus

492 1457 674 1514 divina
726 1454 1093 1524 praedicantes
1141 1449 1380 1518 eloquia,
1415 1452 1645 1502 cunctos
1691 1440 2136 1505 absolventes”,

493 1544 828 1601 benedicunt
860 1540 1168 1596 universos.
1210 1535 1363 1604 Quod
1413 1532 1686 1590 Tedaldus
1737 1530 1957 1600 indigne
2007 1527 2140 1583 satis

494 1649 558 1690 ac
616 1631 844 1688 moleste
875 1629 1019 1694 tulit,
1053 1627 1191 1683 adeo
1222 1630 1282 1681 ut
1319 1623 1649 1680 seditionem
1681 1620 1737 1675 in
1779 1617 1984 1688 p0pulo
2024 1615 2140 1672 bel-

493 1722 717 1792 lumque
747 1725 1043 1776 conaretur
1071 1715 1304 1783 inferre;
1337 1713 1433 1770 sed
1465 1711 1686 1767 minime
1714 1707 1902 1764 valuit.
1926 1708 2140 1762 Interea

2217 541 2464 613 partibus
2503 539 2572 595 de
2621 552 2717 594 sua
2768 539 2912 592 inter
2959 550 3018 592 se
3064 536 3216 605 ipsos
3261 534 3560 590 concordia
3606 548 3669 589 ac
3716 541 3860 590 statu

2217 632 2390 701 regni,
2432 630 2558 685 novi
2598 641 2820 698 quoque
2859 625 3006 696 regis
3043 624 3316 680 electione
3355 623 3584 679 cottidie
3624 629 3862 679 tractare

2217 734 2326 776 non
2376 723 2611 783 cessant,
2643 722 2953 772 asserentes
3000 713 3315 769 Heinricum
3354 712 3542 768 multis
3577 727 3645 768 ex
3682 713 3864 768 causis

2218 810 2524 866 diademate
2558 807 2862 876 indignum.

2288 897 2342 951 9.
2375 897 2453 952 Ad
2478 896 2726 952 ultimum
2747 908 2877 951 vero
2901 893 3294 950 convenientes
3321 892 3609 962 Maguntiae
3636 891 3862 960 (Mart),

2219 989 2460 1043 omnium
2512 1000 2784 1042 consensu
2829 982 3066 1040 Rodulfo
3098 983 3224 1039 duci
3256 982 3408 1052 regni
3454 984 3576 1050 jura
3608 981 3866 1037 commit-

2220 1083 2362 1142 tunt,
2390 1076 2749 1145 jurejurando
2791 1080 2988 1129 cuncta
3037 1072 3484 1128 corroborantes.
3517 1072 3633 1138 Quo
3674 1071 3866 1127 audito

2221 1181 2316 1221 rex
2345 1166 2408 1196 ’⁷⁸
2436 1166 2790 1220 vehementer
2819 1164 2873 1218 in
2905 1163 3257 1231 semetipsum
3297 1160 3549 1215 turbatur
3575 1180 3588 1226 ;
3631 1159 3869 1229 degebat

2221 1255 2364 1311 enim
2405 1255 2607 1324 Papiae,
2641 1261 2695 1308 et
2733 1265 3075 1322 congregans
3115 1262 3306 1305 omnes
3344 1262 3484 1318 quos
3523 1249 3726 1303 habere
3771 1262 3868 1318 po-

2220 1350 2362 1400 terat
2400 1343 2808 1414 Langobardos,
2851 1343 3117 1396 Veronam
3159 1338 3544 1409 proﬁciscitur,
3586 1337 3775 1408 ibique
3805 1337 3872 1369 ’τ’

2220 1432 2548 1489 valefaciens
2569 1432 2844 1498 omnibus,
2868 1443 3119 1486 reversus
3143 1433 3226 1484 est
3254 1427 3505 1497 patriam,
3531 1439 3631 1496 pro
3658 1427 3870 1483 tuendo

2221 1537 2392 1595 regno
2422 1537 2596 1592 usque
2625 1521 2691 1578 ad
2709 1527 2937 1577 mortem
2959 1518 3481 1590 pugnaturus.Papa
3509 1530 3639 1573 vero
3670 1516 3870 1574 diebus

2221 1612 2433 1682 aliquot
2486 1616 2732 1667 moratus
2787 1609 2842 1664 in
2900 1608 3081 1675 Italia,
3131 1609 3356 1664 Romam
3414 1605 3606 1675 rediit,
3656 1607 3868 1677 ingenti

2222 1705 2590 1760 Romanorum
2629 1704 2919 1770 susceptus
2956 1697 3148 1754 laetitia
3177 1695 3258 1752 ⁸⁸⁰.

1881 1823 2104 1880 VARI!!!
2159 1819 2542 1878 LECTIONES.

571 1953 635 1985 ³⁷⁵
674 1952 880 2022 reprsit
917 1951 963 2004 1.
1007 1949 1274 2020 repressit
1301 1947 1384 2001 5*.
1427 1943 1790 2022 repressitse
1811 1942 1850 1996 B
1878 1939 1960 1995 2".
2003 1938 2368 2022 manentibus.
2399 1937 2542 2022 .Cu'm
2571 1941 2753 2022 autem
2785 1947 2845 2022 se
2882 1947 2928 2022 ξ.
2956 1931 3035 1988 3³.
3069 1930 3435 2022 (ζιέξάιπξριξςξς
3455 1929 3872 2022 lessetet‘ofrb‘a

502 2041 548 2080 r.
582 2041 632 2080 a.
666 2000 1025 2080 (ἶῗὲἒῆἰὲπῖιῇιῖ
1043 2000 1357 2090 imitata-is
1378 2000 1537 2088 periit
1569 2014 1825 2086 apodosin
1854 2026 1965 2066 esse
1985 2009 2239 2090 arbitror.
2282 2006 2570 2090 Puricellus
2599 2008 2745 2090 Illop.
2769 2001 2960 2090 .Ambr.
2987 2020 3044 2090 ρ..
3077 2000 3327 2090 464911583
3343 2001 3635 2090 idat‘gx
3663 2003 3782 2090 09$.

508 2073 1152 2166 ﬁe'b'réésit'(555611555
1167 2073 1241 2166 π’
1262 2073 1394 2166 33βέ
1421 2090 1489 2166 Βε
1513 2073 1673 2166 εωῖιι·
1703 2100 1758 2166 ρο
1793 2099 1846 2166 (τε
1877 2082 2205 2166 δεδριίτοι.ἒ,¹ι
2240 2077 2813 2166 νεὲριῑωιὲτηῖηητίδξῐὲ
2841 2073 3057 2166 Mli!-
3090 2089 3135 2166 §-
3169 2073 3617 2166 L‘ip'Oﬁisii:!‘I-
3639 2073 3764 2166 --Ἲῖ
3799 2089 3874 2166 αέα

501 2143 1438 2238 ἷέἷιῖῐὶιὶνῗἐίτψεὲὶὶέὸῖνέηιίίιρίιε
1462 2158 1520 2238 .1-
1550 2143 1855 2238 ἐυξριγυῐιέ
1888 2157 2050 2238 Wa
2211 2143 2256 2207 νῖ
2291 2143 3049 2238 ηεξὶητίίέιιὲ,ἓῖο,,ηῗῖἷέλδῖίιὲἓ
3091 2143 3876 2238 1;Efﬁfil'fﬁfﬁﬁ‘i‘id;_‘;

503 2214 676 2308 [filiai
699 2214 928 2302 eadem,
963 2214 1499 2308 calamo—coalitum),
1549 2229 1584 2281 2
1641 2226 2081 2308 (testellluratorio
2119 2221 2448 2308 manuuaiia,
2479 2219 2795 2308 recentiore).
2815 2214 3069 2308 4.5.".
3093 2214 3554 2308 λιξῌὲξῶερξιρζιξξιν
3573 2215 3731 2272 verba
3761 2231 3880 2287 qui:

499 2286 1260 2379 iiﬁiihdiiaiihzi“digituli.
1282 2286 1541 2369 dabimus,
1572 2286 1694 2355 nam
1722 2298 1805 2354 hic
1834 2297 1945 2354 loco
1976 2295 2144 2352 alieno
2169 2295 2345 2366 posita
2373 2286 2511 2358 sunt,
2544 2307 2640 2348 nec
2662 2301 2717 2348 ut
2744 2291 2948 2347 videtur
2972 2289 3039 2345 ab
3067 2286 3288 2357 Amulfo
3316 2286 3535 2360 scripta.

2082 2428 2298 2485 ΝΟΤΕ.

568 2565 731 2655 (167')
773 2565 1074 2638 caudam.
1107 2579 1192 2635 cr.
1224 2576 1558 2634 Bernoldum
1590 2581 1646 2632 et
1674 2571 2028 2631 Bertholdum
2057 2584 2148 2627 an.
2186 2569 2341 2626 1077.
2374 2571 2438 2626 v.
2469 2567 2708 2626 Anselmi
2739 2581 2791 2623 c.
2816 2565 2874 2620 3.

567 2511 725 2584 (166)
771 2510 1106 2584 Ausetanum-

505 2744 3886 2776 .————-——————-———::—————————————_—_—_—__—————_—n—

513 2788 3885 2819 FW

1868 2927 2016 2969 ANNO
2057 2925 2249 2968 DOMINI
2289 2925 2510 2966 MLXXIX.

1325 3063 3060 3236 THEODORICUS

1665 3312 2313 3370 PADERBRUNNENSIS
2349 3271 2724 3368 omomcus

1997 3443 2393 3458 ψ

1481 3542 1928 3630 ΝΟΤΙΤΙΑ
1985 3543 2096 3627 ΙΝ
2153 3540 2945 3627 THEODORICUM

935 3745 1020 3810 (R.
1053 3745 1113 3799 P.
1147 3745 1271 3810 Psz,
1305 3742 1615 3800 Dissertatio
1645 3743 1921 3815 isagogica
1951 3741 2008 3798 in
2039 3745 2249 3811 partem
2279 3756 2298 3795 ι
2339 3740 2472 3796 tomi
2505 3740 2550 3795 ll
2585 3738 2835 3796 Thesauri
2864 3737 3146 3805 Anecdot.,
3179 3750 3304 3809 pag.
3340 3738 3442 3808 ιν.)

590 3991 819 4047 [Ειεηθσι
849 3998 905 4048 et
947 3989 1269 4062 dignitatem
1316 3989 1480 4060 hujus
1517 3989 1782 4057 auctoris,
1812 3989 1908 4062 qui
1948 3989 2214 4046 hactenus
2244 3991 2500 4046 omnibus
2530 3989 2863 4062 incognitus
2899 3989 3022 4057 fuit,
3055 3991 3302 4048 ostendit
3340 3990 3504 4046 nobis
3531 3989 3650 4046 sola
3681 3990 3907 4060 perele-

514 4063 694 4134 gantis
723 4070 777 4118 et
806 4063 985 4134 gravis
1013 4061 1263 4134 opusculi
1294 4063 1362 4116 ab
1394 4075 1460 4117 eo
1491 4062 1624 4134 editi
1657 4061 1964 4134 inscriptio,
1990 4082 2002 4117 :
2051 4063 2316 4133 Scriptum
2368 4061 2704 4128 Theudorici,
2736 4062 3207 4134 Paterbrunnensis
3245 4063 3504 4134 canonici,
3537 4062 3602 4117 de
3639 4063 3909 4134 Oratione

518 4131 827 4199 Dominica,’
845 4133 982 4204 quod
1010 4131 1074 4187 ob
1105 4133 1404 4188 memoriam
1434 4132 1655 4188 lmmabi
1683 4131 1993 4188 venerabilis
2022 4131 2272 4204 episcopi,
2301 4133 2545 4188 instinctu
2583 4132 2853 4204 reverendi
2890 4133 3184 4188 sacerdotis
3224 4133 3520 4200 Reinbotdi,
3539 4147 3637 4204 per
3665 4133 3906 4203 gratiam

519 4208 582 4262 S.
615 4203 1057 4276 Spiritusedidit.
1099 4205 1375 4260 Successit
1420 4205 1690 4259 lmmabus
1736 4206 1789 4258 in
1831 4204 2154 4276 episcopatu
2198 4203 3024 4276 ’PaderbrunnensigRudolpho
3063 4219 3159 4260 seu
3201 4205 3484 4276 Ruthardo
3515 4203 3663 4260 circa
3694 4218 3907 4260 annum

518 4275 733 4332 Domini
774 4275 928 4340 1052,
961 4276 1208 4345 obiitque
1239 4282 1363 4345 post
1401 4277 1760 4331 instauratum
1790 4276 1857 4330 ab
1885 4275 2142 4331 incendio
2173 4276 2564 4331 monasterium
2595 4275 3085 4332 Abdinckhosense
3118 4289 3263 4332 anno
3303 4275 3455 4340 1077,
3490 4277 3535 4330 si
3572 4276 3782 4344 probus
3811 4282 3907 4331 est

519 4348 762 4404 calculus
789 4349 950 4403 Gabr.
986 4347 1250 4403 Bucellini
1281 4349 1582 4403 Germania
1620 4349 1741 4401 Sac.
1777 4352 1930 4416 parte
1961 4363 1999 4411 1,
2033 4361 2157 4416 pag.
2189 4347 2280 4412 20,
2313 4347 2406 4402 ubi
2439 4361 2547 4402 non
2578 4346 2886 4413 Imuzabum,
2918 4347 3015 4402 sed
3048 4347 3288 4402 lmadum
3318 4354 3496 4402 vocat.
3537 4348 3669 4401 Cum
3711 4349 3908 4416 itaque

519 4419 896 4476 Theodoricus
924 4421 976 4473 in
1009 4421 1128 4488 ejus
1156 4420 1455 4474 memoriam
1486 4419 1590 4473 hoc
1616 4419 1881 4486 scriptum
1910 4417 2167 4482 ediderit,
2190 4417 2500 4473 verosimile
2533 4427 2615 4474 est
2646 4419 2699 4473 id
2731 4418 2880 4474 circa
2909 4432 3113 4473 annum
3144 4418 3277 4473 l079
3303 4419 3670 4488 compositum
3702 4418 3906 4474 fuisse.

523 4493 635 4547 Nec
663 4491 819 4561 plura
850 4491 919 4545 de
948 4489 1292 4545 Theodorico
1321 4489 1543 4544 aliunde
1584 4501 1744 4561 nosse
1787 4488 1976 4561 licuit.
2005 4491 2183 4561 Ipsum
2223 4502 2353 4544 vero
2392 4491 2511 4559 ejus
2547 4491 2810 4559 scriptum
2844 4503 3026 4545 cozeva
3067 4489 3181 4546 fere
3212 4504 3373 4545 manu
3397 4495 3693 4561 exaratum
3733 4504 3909 4560 repe-

521 4559 694 4618 rimus
730 4565 786 4618 in
818 4562 1009 4618 codice
1039 4561 1388 4616 membraneo
1420 4562 1642 4630 majoris
1669 4559 1858 4616 formae
1887 4560 1943 4614 in
1966 4560 2301 4615 bibliotheca
2333 4561 2974 4630 (‘2!austroncoburgensi,
3009 4561 3153 4616 unde
3185 4561 3347 4630 hujus
3377 4560 3731 4632 dignissimus
3762 4559 3913 4631 prae-

528 4634 704 4689 fectus
734 4638 794 4688 A.
830 4635 893 4688 il.
928 4634 990 4687 D.
1023 4633 1298 4702 Eugenius
1329 4633 1677 4702 Pyrckbauer
1705 4632 1760 4686 id
1799 4639 2034 4698 erutum,
2072 4638 2261 4688 nostro
2308 4633 2588 4688 Thesauro
2638 4633 2988 4688 inserendum
3039 4632 3212 4688 dedit.
3267 4633 3508 4688 Libellus
3548 4633 3635 4687 hic
3676 4633 3910 4701 quidem

528 4705 814 4774 perbrevis
861 4712 964 4770 est,
999 4704 1118 4771 sed,
1152 4710 1342 4758 nostro
1386 4703 1618 4772 judicio,
1661 4703 1910 4771 pluribus
1949 4703 2017 4758 de
2057 4703 2162 4758 hoc
2202 4711 2524 4773 argumento
2574 4705 2943 4759 recentiorum
2988 4705 3360 4759 voluminibus
3411 4710 3655 4772 praestat.
3697 4705 3912 4774 Notatu

525 4773 776 4846 digniora
809 4776 1064 4831 videntur
1092 4789 1216 4844 qua:
1247 4775 1425 4844 capite
1455 4775 1490 4826 5
1519 4780 1573 4829 et
1601 4775 1636 4828 6
1665 4773 1734 4828 de
1766 4774 1872 4828 ﬁde
1901 4789 1973 4846 ac
2023 4774 2345 4842 paenitentia
2384 4775 2692 4830 Christiana
2731 4775 2918 4842 tradit,
2950 4775 3043 4830 ubi
3085 4776 3246 4830 etiam
3286 4775 3632 4846 adversariis,
3667 4773 3712 4828 si
3763 4788 3916 4844 quos

526 4845 664 4902 nova
695 4847 1056 4915 quorumdam
1085 4860 1256 4901 sacrae
1287 4848 1584 4914 Scriptura:
1615 4846 1861 4901 locorum
1894 4845 2279 4914 interpretatio
2301 4846 2407 4901 sibi
2430 4846 2734 4900 excitatura
2765 4851 2928 4911 esset,
2955 4859 3064 4901 non
3096 4846 3320 4916 illepide
3351 4845 3672 4914 respondet,
3696 4858 3916 4915 eosque

526 4931 719 4988 cavere
745 4919 921 4985 jubet,
953 4934 1017 4972 ne
1046 4918 1110 4972 de
1140 4919 1314 4985 gratia
1361 4917 1587 4988 Spiritus
1633 4917 1941 4972 sententiam
1988 4917 2330 4988 prcecipitent.
2374 4917 2588 4985 Conﬁdo
2618 4917 2774 4984 enim,
2807 4918 3008 4988 inquit,
3031 4918 3273 4988 eumdem
3301 4918 3577 4988 Spiritum,
3613 4917 3700 4988 qui
3727 4917 3918 4971 divisit

525 4987 650 5044 aliis
673 5002 773 5060 pro
800 5004 898 5043 sua
925 4988 1209 5060 uoluntate,
1242 4994 1292 5043 et
1320 4987 1442 5042 milii
1473 5003 1690 5060 quoque,
1720 4993 1885 5060 prout
1915 4987 2095 5054 voluit,
2128 4987 2388 5060 divisisse.
2429 4990 2554 5060 Non
2582 4992 2658 5042 est
2687 4987 2923 5043 omnibus
2952 4987 3102 5044 nobis
3129 4989 3266 5044 idem
3303 4987 3613 5054 iatettectus,
3644 4987 3779 5042 sicut
3805 5002 3919 5060 Mil

528 5058 764 5116 omnibus
801 5059 1042 5114 membris
1079 5061 1216 5115 idem
1254 5064 1422 5125 actus,
1455 5067 1562 5114 etc.
1585 5058 1734 5127 Ὠιιαὲ
1777 5060 1843 5114 iis
1873 5058 2199 5115 inculcanda
2230 5067 2376 5126 sunt,
2411 5059 2614 5130 quibus
2643 5061 2850 5124 omnia,
2878 5073 2909 5116 a
2947 5061 3355 5116 recentioribus
3393 5060 3700 5130 excogitata
3731 5067 3790 5114 et
3819 5059 3924 5113 in-

527 5140 687 5187 venta
738 5146 851 5201 pra:
881 5130 1162 5186 veteribus
1199 5131 1446 5196 sordent,
1479 5133 1634 5200 quasi
1675 5131 1893 5186 divinus
1931 5131 2024 5186 ille
2063 5130 2319 5200 Spiritus,
2353 5131 2446 5200 qui
2487 5129 2896 5186 adolescentem
2938 5132 3236 5188 Ecclesiam
3275 5131 3486 5198 docuit,
3529 5129 3922 5186 senescentem

530 5201 1567 5332 deseruissegédPsudlfptglmb.virorum
1596 5207 1680 5260 est
1708 5215 1822 5259 non
1853 5217 2015 5272 quam
2044 5209 2220 5269 vetus,
2253 5201 2350 5258 sed
2381 5214 2544 5270 quam
2571 5214 2759 5259 verum
2799 5202 3100 5274 quodpiam
3140 5203 3346 5259 dictum
3375 5201 3460 5259 vel
3508 5202 3776 5272 scriptum
3816 5203 3919 5268 sit,

530 5287 800 5332 auarere.
1019 5287 1048 5330 e
1117 5287 1164 5330 ιδ
1246 5288 1264 5331 ι
1306 5287 1344 5330 ι.
2953 5316 2956 5318 .

528 5287 800 5346 quaerere.
842 5287 949 5332 δθα
979 5287 1048 5330 ae
1078 5287 1164 5330 ms
1192 5287 1344 5331 allDl.
2953 5316 2956 5318 -
