4100 6166
264 332 357 389 333

1451 341 1520 396 IN
1556 340 1942 399 ORATIONEM
1979 344 2366 405 DOMINICAM.

3492 376 3599 433 334

266 462 3597 544 ω

1358 580 2487 719 THEODORICI

1525 794 2317 889 COMMENTABIO

833 988 998 1129 IN
1076 988 2018 1143 ORATIONEM
2078 1001 3000 1161 DOMINICAM

493 1300 659 1365 Can.
688 1300 841 1383 Reg.
880 1300 952 1368 S.
997 1302 1176 1389 Aug.
1213 1325 1409 1389 opera
1431 1307 1607 1373 adm.
1639 1310 1715 1375 Β.
1741 1310 1829 1375 D.

326 1384 821 1456 bibiiothecarii.

1905 1232 2031 1333 ptis
2059 1228 2354 1342 conﬁniis
2367 1232 3177 1342 Stamtro-Neoburgensis
3199 1252 3271 1317 in
3291 1255 3343 1321 A
3356 1261 3596 1342 ustria,

1854 1311 2148 1396 Eugenii
2171 1318 2644 1403 Pyrcktbauer,
2690 1311 2990 1411 ejusde
3020 1311 3168 1403 ιοέῖ

1416 1482 1562 1555 (Pnz,
1595 1483 1848 1543 Thesaur.
1877 1488 2082 1548 Anecd.
2116 1493 2182 1562 II,
2215 1509 2276 1563 11,
2307 1496 2423 1567 57.)

1723 1592 2120 1608 ᾗ

248 1662 558 1751 Scriptum
600 1666 1009 1750 Theodorici,
1057 1670 1654 1740 Paterbrunnensis
1707 1679 2001 1746 canonici
2054 1682 2135 1749 de
2183 1685 2491 1779 Oratione
2521 1692 2875 1779 Dominica,

321 1754 583 1822 Immabi
616 1756 1008 1825 venerabilis
1040 1761 1347 1847 episcopi,
1385 1762 1696 1833 instinctu
1723 1771 2070 1837 reverendi
2103 1777 2464 1848 sacerdotis
2495 1783 2857 1868 Reinboldi,

320 1845 481 1917 ritus
512 1844 736 1913 edidit.

1715 1948 1789 1962 _

776 2054 992 2111 CAPUT
1030 2054 1310 2112 PRIMUM.

239 2162 306 2217 De
328 2165 575 2235 petitione
594 2136 771 2240 pinna
793 2190 810 2224 :
854 2188 883 2222 «
911 2171 1074 2226 Pater
1110 2176 1306 2240 noster,
1338 2172 1428 2244 qui
1464 2186 1519 2229 es
1556 2173 1613 2229 in
1640 2172 1806 2231 cretis.
1851 2194 1881 2229 »

298 2279 514 2339 Patrem
543 2284 938 2343 misericordiae
970 2293 1216 2345 nostrum
1255 2302 1375 2345 esse
1407 2294 1616 2360 patrem
1646 2305 1769 2346 cum
1790 2305 1882 2347 ra-

235 2367 495 2438 tionibus,
529 2379 642 2429 tum
672 2376 1116 2443 auctoritatibus,
1140 2378 1391 2449 utrisque
1420 2386 1609 2435 sancte
1640 2394 1704 2435 ac
1734 2395 1885 2435 reve-

232 2464 412 2515 renter
451 2462 841 2532 suscipiendis,
884 2465 1291 2521 evidentissime
1330 2468 1741 2536 comprobatur.
1789 2470 1881 2524 Ait

233 2547 372 2602 enim
412 2550 524 2604 Vas
572 2551 881 2620 electionis,
933 2556 1338 2624 contemplator
1383 2569 1599 2611 arcana:
1645 2557 1703 2611 in
1743 2557 1884 2612 creto

229 2636 478 2691 veritatis
503 2658 514 2692 :
548 2640 657 2694 Deo
686 2644 736 2694 et
765 2642 915 2696 Patri
944 2648 1123 2697 nostro
1154 2642 1324 2712 gloria
1352 2643 1408 2698 in
1443 2643 1639 2699 stecuta
1665 2643 1883 2699 saeculo-

230 2738 353 2780 rum.
383 2729 576 2783 Amen.
611 2728 675 2782 Et
707 2727 839 2783 alibi
864 2749 877 2784 :
913 2719 1275 2786 Gratia-uobis
1305 2735 1355 2785 et
1377 2747 1494 2803 pax
1522 2748 1555 2787 a
1584 2734 1694 2787 Deo
1722 2733 1886 2788 Patre

231 2821 417 2870 nostro.
443 2816 579 2882 Quis
607 2817 752 2872 enim
774 2818 913 2874 adeo
934 2819 1183 2875 exhausti
1206 2819 1456 2889 pudoris,
1479 2820 1601 2890 quis
1623 2820 1763 2876 adeo
1784 2822 1884 2877 im-

233 2903 435 2972 pudens
464 2906 664 2963 irrisor
700 2908 968 2974 veritatis,
1010 2910 1135 2978 quis
1179 2909 1320 2965 adeo
1357 2910 1611 2979 pertinax
1639 2916 1884 2966 assertor

232 2989 498 3062 falsitatis,
533 2997 626 3065 qui
660 3009 770 3052 non
814 2998 1150 3067 acquiescat,
1187 2997 1233 3053 si
1264 3011 1366 3054 nos
1394 2998 1490 3054 ﬁlii
1520 3013 1708 3055 sumus
1737 3000 1875 3070 ejus,

235 3092 344 3137 eum
400 3098 526 3140 esse
581 3085 817 3153 Patrem,
859 3099 962 3142 nos
1008 3092 1190 3142 autem
1239 3086 1424 3143 ﬁlios?
1460 3088 1734 3157 Scriptum
1793 3094 1878 3144 est

232 3169 397 3226 enim:
432 3172 567 3228 Filii
604 3172 821 3229 Excelsi
850 3189 1046 3243 omnes,
1077 3176 1144 3231 Et
1191 3190 1445 3231 rursum:
1507 3178 1703 3242 Venite,
1753 3175 1872 3247 ﬁlii,

2911 1701 3081 1785 quod
3116 1704 3196 1770 ob
3225 1715 3603 1781 memoriam

2895 1810 3015 1874 per
3049 1796 3332 1879 gratiam
3364 1799 3430 1866 S.
3459 1802 3605 1890 Spi-

1791 1951 2109 1968 ἢ

1889 2032 1945 2090 Α
1963 2024 2315 2095 participanti
2336 2043 2438 2099 pro
2459 2035 2769 2092 reverentia
2797 2039 3177 2101 excellentiori
3208 2048 3607 2109 attribuuntur.

1968 2112 2110 2168 Deus
2138 2116 2283 2172 enim
2315 2122 2422 2174 tam
2460 2121 2595 2190 veri,
2628 2130 2684 2179 et
2712 2125 2768 2181 in
2798 2140 2991 2185 omnes
3028 2131 3213 2191 divitis
3250 2143 3306 2193 et
3352 2141 3613 2212 omnipo-

1970 2201 2156 2270 tentis,
2198 2219 2362 2275 quam
2408 2206 2530 2265 falsi
2587 2217 2643 2267 et
2679 2214 2859 2284 egeni,
2893 2225 2949 2273 et
2985 2218 3307 2290 impotentis
3331 2201 3614 2287 simulacri

1968 2302 2168 2347 nomen
2199 2299 2302 2350 est.
2344 2297 2449 2353 Sed
2478 2300 2620 2355 Deus
2648 2316 2772 2357 cum
2811 2303 3034 2374 dicitur,
3074 2324 3237 2367 verus
3264 2313 3610 2387 intelligitur.

1966 2381 2215 2437 Dominus
2244 2397 2486 2456 quoque,
2520 2393 2628 2444 tam
2660 2392 2905 2450 Creatori
2944 2410 3108 2467 quam
3145 2400 3362 2458 cuidam
3402 2381 3616 2464 creatu-

1966 2481 2043 2523 rte
2083 2484 2391 2541 commune,
2432 2490 2555 2531 cum
2595 2478 2840 2550 etfertur,
2900 2484 3216 2544 intellectus
3270 2496 3461 2548 noster
3506 2508 3609 2565 pro

1967 2560 2274 2615 reverentia
2311 2561 2379 2617 ad
2429 2564 2744 2624 Creatorem
2792 2570 3050 2630 trahitur.
3089 2577 3269 2633 Justus
3296 2560 3523 2652 quoque
3557 2589 3614 2640 et

1965 2649 2176 2701 sanctus
2205 2662 2327 2704 cum
2366 2650 2589 2721 dicitur,
2631 2656 2749 2726 ipse
2786 2658 3134 2733 intelligitur.
3183 2667 3324 2724 Hinc
3371 2649 3612 2740 psalmus

1967 2732 2073 2788 ait:
2105 2736 2408 2806 Miriﬁcavit
2433 2743 2682 2799 Dominus
2708 2754 2945 2805 sanctum
2972 2732 3139 2809 suum.
3164 2756 3232 2812 Et
3251 2732 3414 2814 alibi:
3430 2763 3609 2816 Justus

1966 2826 2134 2878 autem
2164 2824 2288 2895 quid
2313 2828 2487 2894 fecit?
2531 2830 2698 2888 Filius
2747 2849 2967 2909 quoque
3023 2848 3108 2897 est
3146 2856 3457 2915 commune,
3511 2849 3609 2905 sed

1964 2923 2085 2965 cum
2126 2927 2227 2982 per
2253 2927 2313 2970 se
2345 2916 2567 2987 dicitur,
2600 2922 2770 2979 Filius
2797 2926 2894 2983 Dei
2924 2927 3274 3002 intelligitur.
3305 2935 3461 2993 Unde
3489 2937 3608 3008 ipse

1961 2997 2074 3054 ait:
2115 3001 2180 3056 Si
2207 3017 2299 3058 uos
2329 3004 2498 3061 Filius
2527 3007 2845 3068 liberaverit.
2886 3017 3005 3072 Hoc
3050 2997 3273 3091 quoque
3310 2997 3610 3083 locutionis

1959 3087 2124 3144 modo
2154 3104 2276 3146 cum
2304 3093 2587 3165 Apostolus
2623 3100 2951 3171 simpliciter
2996 3087 3243 3179 eﬁ‘ertu-r,
3285 3112 3486 3171 Paulus
3522 3116 3606 3172 in-

1957 3176 2241 3248 telligitur.
2275 3182 2447 3252 Igitur
2482 3200 2607 3242 cum
2643 3189 2953 3249 Divinitatis
2998 3176 3235 3256 essesit
3265 3207 3395 3260 ante
3439 3216 3601 3261 omne

232 3260 391 3315 audite
418 3277 522 3317 me.
568 3264 761 3319 Nonne
793 3265 937 3320 enim
974 3263 1093 3320 haec
1132 3265 1294 3321 nobis
1330 3263 1537 3320 carnali
1567 3265 1734 3321 Israel
1774 3266 1873 3322 ob-
1955 3279 2096 3334 esse,
2139 3270 2417 3328 excellens
2442 3287 2603 3332 omne
2633 3291 2775 3347 esse,
2816 3284 3066 3342 condens
3111 3301 3274 3347 omne
3319 3306 3463 3360 esse,
3503 3309 3602 3364 gu-

230 3349 374 3405 tectis
411 3359 467 3407 et
529 3352 836 3424 obsignatis
887 3367 1061 3422 usque
1099 3353 1167 3408 ad
1227 3353 1612 3411 revelationem
1671 3354 1929 3425 capitisB
1952 3354 2190 3446 bernans
2215 3373 2376 3416 omne
2407 3376 2548 3433 esse,
2582 3370 2988 3439 praerogatione
3016 3376 3405 3446 assignationis
3433 3381 3604 3437 subli-

232 3441 387 3495 nostri
441 3444 584 3498 Jesu
622 3443 844 3507 Christi,
888 3443 1080 3498 eodem
1120 3443 1386 3499 velamine
1425 3445 1691 3513 obvoluti,
1741 3451 1869 3500 sunt

230 3531 586 3588 annuntiata?
623 3533 765 3603 Ergo
796 3532 915 3602 ipse
946 3537 1029 3588 est
1059 3533 1239 3599 Pater,
1282 3533 1399 3603 ipse
1441 3547 1663 3603 quoque
1693 3533 1867 3603 possi-

229 3615 308 3673 det
335 3634 433 3677 nos
470 3636 585 3693 per
613 3621 934 3678 charitatem
964 3636 1138 3690 suam,
1170 3621 1302 3679 fecit
1331 3637 1398 3678 ex
1428 3623 1602 3679 nihilo
1643 3638 1742 3693 per
1771 3638 1869 3694 po-

224 3709 426 3766 tentiam
451 3725 639 3778 suam,
671 3712 875 3767 creavit
904 3725 1008 3767 nos
1036 3712 1092 3767 in
1124 3712 1287 3768 bonis
1316 3712 1580 3781 operibus
1609 3726 1709 3782 per
1737 3728 1871 3783 gra-

222 3795 337 3853 tiam
374 3814 557 3856 suam.
601 3802 738 3856 IIinc
782 3801 1079 3871 Apostolus
1126 3802 1241 3856 ait:
1295 3803 1493 3871 Ipsius,
1534 3800 1589 3856 id
1639 3807 1723 3857 est
1744 3803 1862 3869 Dei,

222 3882 413 3950 factura
439 3905 648 3956 sumus,
680 3890 844 3945 creati
872 3889 926 3944 in
956 3889 1158 3946 Christo
1188 3890 1313 3945 Jesu
1341 3890 1395 3944 in
1425 3890 1666 3961 operibus
1695 3888 1862 3946 bonis.

224 3971 459 4045 Nunquid
483 3992 626 4049 ergo
648 3992 757 4034 non
779 3982 899 4048 ipse
921 3983 1003 4034 est
1023 3980 1203 4045 Pater,
1228 3979 1321 4048 qui
1344 3978 1612 4048 possidet,
1637 3985 1691 4034 et
1711 3978 1860 4046 fecit,

225 4066 271 4114 et
296 4068 491 4122 creavit.
540 4074 683 4123 nos?
711 4067 961 4123 Christus
1008 4081 1230 4137 quoque
1282 4069 1378 4124 Dei
1427 4067 1718 4137 sapientia,
1768 4068 1864 4123 Dei

226 4147 393 4221 Filius,
434 4156 541 4212 Dei
591 4157 878 4213 conscius:
934 4158 1138 4221 Estote,
1198 4157 1397 4226 inquit,
1443 4157 1685 4229 perfecti,
1730 4158 1864 4212 sicut

225 4237 365 4296 Pater
411 4251 591 4301 vester
628 4243 848 4301 caelestis
882 4246 1144 4317 perfectus
1201 4251 1298 4301 est.
1357 4247 1480 4316 Ipse
1528 4259 1660 4317 ergo
1706 4247 1865 4302 Jesus

223 4325 453 4388 Christus
492 4334 957 4404 percontantibus
986 4332 1274 4403 discipulis
1311 4334 1427 4388 suis
1475 4333 1543 4389 de
1593 4334 1865 4390 orationis

226 4417 408 4476 modo:
441 4423 566 4489 Sic,
596 4423 797 4493 inquit,
832 4427 981 4478 orate
1003 4441 1020 4476 :
1059 4424 1220 4477 Pater
1266 4427 1462 4488 noster,
1515 4427 1571 4478 et
1620 4422 1856 4492 reliqua,

222 4503 375 4573 Igitur
399 4513 778 4568 instructione
808 4512 1013 4567 Christi
1051 4509 1284 4577 fundati,
1318 4511 1592 4567 clarorum
1621 4512 1862 4567 virorum

222 4597 525 4657 testimonio
562 4600 836 4668 aediﬁcati,
878 4600 1082 4656 nullam
1132 4600 1377 4670 rapinam
1426 4599 1758 4655 arbitrantes
1803 4599 1861 4655 in

1951 3443 2194 3503 mitatem
2224 3448 2322 3503 Dei
2350 3449 2739 3520 gloriﬁcamus,
2773 3457 2942 3514 Deum
2969 3443 3346 3533 intelligentes
3368 3481 3491 3523 cum
3512 3466 3596 3524 di-

1946 3533 2114 3601 ,citur,
2138 3536 2226 3605 qui
2244 3551 2318 3591 es.
2344 3538 2539 3595 Ethmc
2558 3542 2699 3597 ratio
2722 3544 2778 3598 in
2801 3544 2905 3600 hac
2925 3561 2985 3602 re
3002 3550 3136 3605 satis
3160 3552 3347 3622 sitpro
3361 3555 3596 3614 brevita-

1953 3627 2027 3687 te,
2042 3636 2204 3691 quam
2225 3625 2306 3679 vis
2334 3626 2681 3699 aliasquoque
2695 3633 2909 3700 possint
2928 3637 3214 3696 accedere.
3236 3630 3416 3711 Ipsius
3446 3647 3592 3703 enim

1952 3723 2073 3764 esse
2100 3710 2378 3782 singulare
2419 3720 2521 3783 est,
2564 3730 2675 3773 non
2723 3727 2998 3780 conventu
3038 3710 3277 3794 partium
3307 3731 3589 3803 junctum,

1948 3796 2046 3853 sed
2085 3799 2357 3871 quidquid
2412 3802 2466 3858 in
2498 3817 2566 3861 eo
2604 3812 2689 3861 est
2725 3808 2870 3864 Deus
2895 3817 2997 3879 est,
3030 3819 3087 3869 et
3124 3817 3268 3874 Deus
3287 3796 3372 3876 est
3407 3796 3598 3880 ineffa-

1947 3885 2135 3943 biliter
2161 3888 2431 3959 quidquid
2452 3892 2508 3947 in
2531 3907 2598 3949 eo
2621 3901 2722 3952 est.
2746 3898 2806 3953 In
2825 3903 3095 3960 creaturis
3122 3920 3252 3964 vero
3282 3923 3396 3968 non
3424 3926 3485 3969 se
3512 3915 3595 3970 sic

1946 3974 2134 4032 habet.
2165 3978 2416 4035 Hominis
2454 3983 2599 4038 enim
2640 3988 2900 4059 essentia,
2950 4006 3018 4049 ex
3063 3994 3244 4053 anima
3273 4005 3330 4057 et
3358 4015 3595 4074 corpore

1940 4064 2152 4133 juncta,
2184 4066 2242 4122 in
2271 4069 2490 4125 easdem
2529 4087 2719 4131 rursus
2758 4078 3072 4151 resolvitur,
3103 4098 3206 4142 nec
3235 4064 3505 4163 quidquid
3537 4094 3594 4151 in

1947 4152 2049 4209 hac
2078 4157 2318 4213 essentia
2347 4165 2431 4215 est
2460 4160 2623 4218 homo
2654 4171 2758 4232 est,
2790 4182 2894 4224 nec
2925 4170 3091 4229 homo
3119 4180 3205 4231 est
3235 4152 3505 4251 quidquid
3537 4184 3593 4239 in

1945 4243 2047 4299 hac
2068 4247 2307 4302 essentia
2328 4255 2431 4304 est.
2452 4251 2573 4307 Non
2599 4260 2682 4309 est
2704 4256 2849 4312 enim
2881 4258 3045 4316 homo
3065 4243 3268 4332 anima,
3291 4243 3595 4327 nec-anima

1945 4331 2111 4389 homo
2138 4354 2150 4389 :
2181 4334 2328 4391 idem
2358 4337 2415 4393 in
2445 4339 2696 4410 reliquis.
2732 4344 2866 4399 Hinc
2898 4347 3122 4404 Boetius
3149 4331 3264 4408 ait:
3296 4356 3465 4412 Natta
3508 4374 3595 4414 res

1945 4426 2020 4478 est
2050 4423 2104 4478 id
2135 4426 2273 4495 quod
2301 4432 2398 4494 est,
2429 4428 2486 4484 id
2519 4434 2622 4497 est,
2652 4444 2764 4487 non
2789 4435 2974 4491 omnia
3003 4451 3124 4494 esse
3153 4445 3595 4505 convertibiliter

1945 4525 2069 4580 quae
2088 4513 2145 4567 in
2176 4528 2273 4569 sua
2303 4518 2541 4574 essentia
2560 4526 2706 4576 sunt.
2740 4524 2991 4595 Congrue
3020 4540 3151 4585 vero
3179 4529 3236 4586 in
3256 4532 3432 4602 ipsius
3461 4549 3593 4593 ora-

1944 4600 2114 4655 tionis
2131 4603 2437 4671 primordio
2459 4621 2578 4664 esse
2599 4623 2722 4666 eum
2748 4613 3094 4685 conﬁtemur,
3126 4618 3182 4674 id
3213 4600 3438 4690 quidem
3459 4627 3595 4683 edo-

222 4688 453 4746 oratione
491 4697 708 4759 nostra,
739 4689 1041 4746 animamur
1060 4689 1295 4746 clamare
1314 4689 1370 4744 in
1399 4689 1605 4759 Spiritu
1635 4695 1856 4745 sancto:
1880 4691 1923 4752 α
1947 4696 2106 4746 cente
2133 4692 2284 4760 Jesu,
2319 4707 2387 4749 ne
2434 4697 2583 4754 velut
2636 4699 2906 4772 insipiens
2944 4704 3254 4765 diceremus
3309 4712 3365 4766 in
3422 4715 3592 4772 corde

227 4772 368 4831 Pater
390 4786 591 4836 noster.
634 4780 834 4836 Paulus
863 4780 1007 4835 enim
1035 4780 1147 4835 ait:
1182 4782 1248 4835 In
1276 4794 1397 4878 qua,
1431 4778 1486 4878 id
1522 4783 1605 4877 est
1642 4778 1715 4878 in“
1737 4778 1859 4878 δυξ-

227 4861 323 4918 ritu
350 4874 564 4937 sancto,
601 4868 886 4925 clamamus
911 4883 922 4918 :
955 4867 1127 4935 Abba,
1150 4870 1329 4924 Pater.
1354 4867 1484 4935 Quis
1504 4866 1649 4922 enim
1678 4867 1861 4922 Omni-

228 4959 491 5016 potentem
524 4965 635 5014 tam
662 4955 916 5013 familiari
946 4956 1166 5013 nomine
1188 4957 1365 5012 Patris
1385 4954 1665 5026 appellare
1686 4955 1742 5009 in
1759 4968 1859 5011 suo

227 5041 409 5110 spiritu
447 5053 853 5118 praesumeret?
903 5046 1003 5114 Qui
1046 5061 1120 5115 es,
1173 5046 1354 5145 idest
1390 5043 1861 5145 quiﬁperfecteet

225 5129 564 5203 singulariter
584 5136 858 5193 subsistis.
889 5135 1105 5193 Dictum
1129 5140 1213 5191 est
1242 5136 1409 5205 Moysi
1437 5155 1449 5191 :
1483 5134 1584 5202 Qui
1603 5139 1699 5201 est,
1722 5133 1861 5189 misit

226 5234 311 5275 me.
348 5225 481 5292 Quis
509 5227 660 5283 misit
687 5228 953 5299 Moysen?
994 5226 1189 5282 Nonne
1239 5226 1426 5281 Deus?
1463 5226 1609 5296 Ergo
1648 5224 1737 5295 qui
1784 5229 1861 5280 est

225 5309 354 5370 Deus
388 5322 493 5384 est,
527 5321 584 5376 et
618 5317 788 5375 alibi:
820 5319 935 5388 Ego
973 5331 1085 5372 sum
1134 5315 1224 5386 qui
1257 5330 1389 5371 sum.
1431 5314 1562 5383 Quis
1609 5316 1729 5371 hinc
1779 5315 1860 5371 lo-

226 5401 418 5472 quitur,
450 5406 561 5463 nisi
583 5408 727 5464 Deus
756 5406 852 5477 qui
881 5410 1009 5462 est?
1037 5416 1169 5475 ergo
1198 5403 1343 5458 Deus
1362 5408 1466 5459 est.
1497 5403 1651 5471 Quod
1676 5408 1858 5460 autem

225 5504 326 5546 esse
378 5498 489 5550 tam
531 5502 794 5553 creatura:
833 5508 995 5566 quam
1050 5492 1296 5550 Creatori
1353 5492 1653 5548 secundum
1706 5494 1858 5549 vocis

223 5576 441 5639 formam
482 5598 821 5642 communem
871 5581 1189 5655 specialiter
1232 5579 1478 5638 Creatori
1526 5581 1853 5651 assignatur,

225 5681 283 5723 eo
312 5672 476 5730 modo
508 5673 804 5732 locutionis
834 5673 915 5743 ﬁt,
947 5687 1058 5743 quo
1090 5671 1259 5729 multa
1288 5669 1597 5727 communia
1627 5670 1720 5725 uni
1750 5669 1855 5727 soli

1940 4785 2129 4836 nostro
2160 4800 2171 4836 :
2204 4783 2329 4839 Non
2356 4790 2433 4840 est
2463 4787 2619 4844 Deus.
2653 4791 2793 4846 Hinc
2822 4792 3021 4850 Paulus
3050 4795 3164 4864 ait;
3197 4799 3424 4859 Credere
3452 4806 3592 4861 enim

1942 4873 2141 4938 oportet
2172 4872 2501 4930 accedentem
2529 4877 2601 4932 ad
2627 4881 2820 4949 Deum,
2862 4882 2985 4952 quia
3033 4889 3129 4942 est.
3162 4888 3259 4945 Est
3295 4892 3439 4949 enim
3470 4895 3591 4965 pri-

1941 4970 2086 5012 mum
2128 4958 2253 5016 ﬁdei
2300 4960 2714 5023 fundamentum
2760 4983 2876 5025 suae
2923 4971 3233 5034 existentia:
3289 4958 3589 5041 confessio.

1943 5046 2164 5103 Frustra
2202 5050 2347 5106 enim
2386 5051 2454 5108 de
2494 5067 2561 5110 eo
2600 5055 2900 5126 quidquam
2949 5063 3322 5135 crederemus,
3372 5069 3480 5125 nisi
3521 5069 3592 5127 de

1939 5148 2041 5192 suo
2071 5150 2192 5193 esse
2221 5140 2359 5196 certi
2409 5155 2673 5213 essemus,
2721 5147 2816 5215 qui
2874 5151 3127 5209 condidit
3182 5156 3386 5226 omnia,
3427 5173 3592 5231 quem

1940 5223 2250 5296 gloriﬁcent
2278 5229 2481 5288 omnia.
2516 5232 2669 5289 Unde
2699 5235 3088 5310 subjungitur:

2598 5358 2815 5415 CAPUT
2851 5362 2943 5418 IlI.

1939 5466 2016 5521 De
2038 5466 2286 5538 petitione
2330 5470 2559 5527 secunda
2581 5493 2597 5526 .-
2641 5492 2669 5525 «
2700 5475 3071 5550 Sanctiﬁcetur
3114 5497 3298 5541 nomen
3349 5493 3511 5547 tuum.
3555 5511 3583 5543 ι)

2010 5584 2074 5637 In
2128 5583 2271 5639 cretis
2324 5587 2675 5658 sanctiﬁcelur
2718 5608 2902 5651 nomen
2948 5600 3108 5655 tuum.
3151 5600 3208 5658 Id
3257 5609 3343 5660 est
3387 5606 3458 5662 ab
3496 5608 3586 5664 his

1936 5671 2029 5740 qui
2059 5672 2116 5728 in
2146 5673 2302 5730 cmlis
2330 5682 2457 5733 sunt
2494 5677 2833 5748 gloriﬁcetur
2877 5685 3141 5745 adoretur
3190 5694 3434 5761 potentia
3490 5702 3584 5752 tua
