4100 6166
511 289 625 361 “335

516 433 715 487 Beatos
739 427 970 498 spiritus
997 424 1337 496 angelorum,
1385 436 1525 493 quos
1570 420 1802 477 diversis
1843 420 2231 481 nominibusA

518 517 881 590 appellamus,
932 514 1254 585 conspectui
1315 510 1408 566 Dei
1466 510 1742 566 credimus
1797 509 2075 576 assistere,
2108 516 2163 566 et

520 622 618 665 eos
646 606 876 678 gloriam
914 603 1222 659 Divinitatis
1267 598 1702 669 contemplantes
1739 605 1794 654 et
1832 599 1887 654 in
1918 613 1984 656 eo
2014 613 2164 655 sem-

520 711 622 767 per
650 694 979 759 exultantes,
1030 704 1152 746 eum
1190 688 1413 744 laudare
1463 693 1519 742 et
1564 687 1906 744 incessanter
1951 690 2167 745 sancti-

520 785 709 841 ﬁcare.
740 782 961 838 Animas
989 793 1207 850 quoque
1246 779 1531 832 beatorum
1578 776 1883 844 hominum,
1931 779 2164 833 nexibus

522 873 793 943 corporis,
834 870 1131 934 absolutas,
1172 866 1490 937 angelorum
1531 868 1815 923 consortio
1871 868 2160 935 interesse,

522 967 578 1018 et
614 961 827 1016 laudem
861 964 916 1013 et
963 956 1190 1027 gloriam
1238 954 1535 1020 Creatoris,
1566 954 1973 1024 Redemptoris,
2024 957 2167 1012 Pro-

521 1049 815 1121 pitiatoris,
857 1044 1267 1102 concelebrare.
1318 1044 1447 1110 Quae
1496 1044 1641 1099 enim
1679 1044 1735 1098 in
1782 1057 2004 1100 carcere
2046 1059 2164 1101 cor-

519 1151 691 1209 poreo
723 1135 976 1205 alligatae,
1009 1133 1077 1188 ad
1104 1147 1227 1189 eum
1261 1138 1440 1187 tamen
1470 1133 1904 1202 suspiraverunt,
1928 1140 1983 1189 et
2004 1133 2166 1190 obtu-

520 1235 634 1284 tum
662 1239 818 1282 suum
849 1229 1130 1293 utcunque
1163 1236 1263 1292 per
1291 1222 1521 1292 :enigma
1549 1216 1908 1285 videntes,‘in
1939 1222 2163 1279 clarita-

520 1323 628 1373 tem
660 1316 781 1385 ejus
817 1314 1158 1378 direxerunt,
1201 1316 1257 1366 et
1306 1312 1629 1381 potentiam,
1679 1317 1735 1367 et
1781 1311 2060 1378 virtutem,
2111 1316 2167 1366 et

517 1405 748 1479 gratiam
814 1405 934 1472 ejus
997 1401 1478 1473 gloriﬁcaverunt:
1541 1405 1747 1471 quanto
1799 1400 1972 1471 magis
2020 1414 2165 1456 nunc

517 1494 800 1560 resolutae,
834 1497 890 1548 et
919 1505 985 1548 eo
1016 1490 1282 1557 fruentes,
1325 1496 1380 1546 et
1417 1488 1555 1546 facie
1594 1489 1662 1545 ad
1702 1488 1896 1546 faciem
1925 1494 2168 1545 contem-

519 1583 753 1654 plantes,
786 1595 987 1637 nomen
1018 1594 1175 1636 suum
1214 1579 1513 1636 credentur
1561 1578 1950 1651 magniﬁcare?
1998 1579 2168 1650 Igitur

519 1680 762 1729 nostram
803 1671 1154 1726 devotionem
1182 1669 1351 1725 Deum
1400 1667 1745 1739 gloriﬁcandi
1787 1668 2165 1735 ostendentes,

1422 296 1886 354 THEODORICUS
1925 294 2568 352 PADERBRUNNENSIS
2604 296 2977 353 CANONICUS

3745 304 3839 359 336
3948 374 3957 379 -

2898 421 3115 477 CAPUT
3145 421 3231 477 IV.

2243 512 2322 566 De
2338 512 2588 582 petitione
2617 515 2807 582 quarta
2832 526 2849 562 :
2882 528 2910 561 «
2940 511 3065 566 Fiat
3109 509 3347 566 voluntas
3392 515 3480 566 tua
3506 512 3631 569 sicut
3658 514 3704 569 in
3729 516 3839 572 caelo

2883 603 2931 656 et
2959 600 3014 654 in
3052 604 3216 654 terra.
3251 615 3280 652 »

2314 690 2436 745 Fiat
2468 688 2701 744 voluntas
2733 694 2823 744 tua
2868 689 3002 744 sicut
3038 688 3093 743 in
3136 686 3265 743 cwlo
3313 692 3362 743 et
3410 689 3467 743 in
3510 693 3662 745 terra.
3705 694 3773 747 Ac
3804 693 3843 747 si

2245 779 2530 835 dicamus:
2601 780 2922 848 Propterea,
2989 778 3324 848 sempiterne
3387 779 3582 845 Pater,
3647 793 3843 851 regnum

2246 874 2398 925 tuum
2429 876 2682 939 optamus
2713 868 2992 934 advenire,
3026 875 3087 923 ut
3125 872 3181 922 et
3208 881 3332 933 nos,
3381 868 3473 937 qui
3512 868 3564 922 in
3610 875 3742 923 terra
3772 885 3851 925 su-

2246 972 2386 1026 mus,
2422 958 2560 1013 tales
2587 956 2892 1013 efﬁciamur
2914 958 3008 1027 qui
3040 972 3071 1012 a
3109 962 3203 1011 tua
3248 956 3525 1012 voluntate
3569 970 3669 1012 non
3713 971 3850 1013 exce-

2247 1048 2460 1114 damus,
2495 1046 2638 1102 sicut
2665 1060 2768 1102 nec
2801 1045 2881 1101 illi
2913 1045 3188 1102 excedunt
3216 1044 3310 1115 qui
3350 1049 3475 1100 sunt
3519 1045 3574 1099 in
3613 1044 3760 1110 cmlo,
3801 1044 3849 1100 id

2247 1143 2351 1203 est,
2381 1137 2631 1192 Christus
2660 1136 2779 1206 ipse
2808 1135 2978 1191 Filius
3008 1141 3155 1196 tuus.
3189 1134 3450 1190 Dominus
3478 1139 3676 1200 noster,
3698 1139 3747 1188 et
3771 1133 3850 1203 qui

2248 1241 2370 1283 cum
2401 1241 2468 1281 eo
2507 1232 2636 1281 sunt
2674 1239 2865 1281 omnes
2894 1224 3092 1281 sancti.
3134 1225 3200 1279 Et
3252 1229 3435 1293 potest
3486 1222 3643 1291 hujus
3677 1222 3835 1276 littera

2249 1323 2387 1373 tura:
2420 1316 2546 1371 talis
2583 1330 2705 1371 esse
2735 1315 3120 1371 continuatio:
3170 1312 3434 1369 Adveniet
3471 1326 3674 1381 regnum
3715 1315 3851 1375 tuum,

2248 1405 2532 1473 subaudis,
2568 1411 2628 1460 ut
2655 1405 2749 1475 ﬁat
2776 1403 3017 1459 voluntas
3062 1408 3173 1470 tua,
3220 1408 3275 1458 et
3331 1401 3563 1472 reliqua.
3611 1401 3856 1455 Verumta-

2251 1509 2376 1552 men
2410 1508 2519 1552 non
2549 1495 2855 1564 incongrue
2886 1493 3188 1549 membrum
3226 1505 3396 1547 unum
3442 1504 3541 1560 per
3585 1503 3640 1545 se
3684 1486 3857 1556 accipi-

2251 1593 2361 1640 tur.
2398 1583 2522 1639 Fiat
2558 1580 2798 1637 uoluntas
2827 1585 2936 1637 tua.
2979 1582 3138 1636 Prius
3185 1580 3330 1635 enim
3384 1577 3682 1648 optavimus
3713 1588 3860 1631 saecu-

2249 1673 2363 1729 lum
2393 1670 2540 1728 istud
2580 1669 2970 1737 consummari,
3013 1683 3240 1741 regnum
3286 1666 3548 1724 Ecclesiae
3592 1666 3696 1721 Deo
3737 1661 3859 1719 Patri

523 1767 775 1831 optamus
814 1766 870 1815 et
906 1759 1142 1829 petimus
1172 1761 1231 1813 ut
1260 1758 1316 1812 hi
1356 1750 1448 1827 qui
1488 1758 1753 1813 assistunt
1790 1759 1863 1825 ei,
1915 1758 2009 1827 qui
2040 1772 2161 1814 eum
2185 1771 2281 1830 Ba
2311 1761 2449 1818 Filio
2488 1760 2653 1817 tradi.
2693 1761 2824 1829 Qua:
2873 1773 2993 1815 cum
3035 1759 3191 1825 ﬁunt,
3240 1757 3451 1814 sanctis
3477 1754 3657 1828 gloria:
3698 1750 3860 1821 sempi-

525 1857 586 1906 ut
615 1856 699 1905 est
727 1847 1189 1918 contemplantur,
1240 1845 1335 1915 qui
1391 1859 1458 1901 eo
1497 1844 1735 1901 feliciter
1789 1844 2167 1916 perfruuntur,

527 1937 862 1995 conlaudent
890 1950 1012 1991 eum
1043 1942 1099 1991 et
1126 1932 1563 2005 cougloriﬁcent.
1605 1936 1681 1989 Ac
1704 1934 1751 1989 si
1787 1941 1976 2004 aperte
2024 1935 2173 1990 dica-

528 2041 685 2083 mus:
725 2027 862 2094 Quia
890 2039 1012 2091 nos,
1054 2025 1108 2078 in
1141 2023 1242 2078 hac
1279 2021 1575 2093 fragilitate
1605 2028 1661 2078 et
1690 2025 2048 2093 corruptione
2080 2024 2175 2080 de-

530 2116 689 2184 tenti,
711 2122 786 2181 te,
800 2116 963 2170 Pater
978 2119 1205 2179 aeterne,
1220 2110 1461 2183 perfecte
1482 2112 1706 2168 laudare
1728 2126 1837 2169 non
1861 2126 2173 2183 possumus,

2252 1857 2412 1907 terna
2438 1849 2719 1917 exaltatio,
2771 1855 2826 1905 et
2873 1847 3260 1904 contaminatis
3314 1843 3670 1902 criminaliter
3712 1852 3860 1911 pinnae

2256 1939 2581 1995 indeﬁciens
2619 1937 2949 1993 humiliatio.
2982 1937 3156 2008 Igitur
3182 1938 3445 1999 Joannes,
3484 1931 3657 1988 ﬁdelis
3682 1933 3864 1998 aposto-

2256 2028 2344 2084 lus
2372 2035 2428 2084 et
2466 2026 2736 2094 eruditor,
2778 2027 2961 2082 sciens
3006 2025 3171 2081 nobis
3218 2023 3514 2080 adventum
3553 2020 3695 2075 illius
3735 2014 3863 2086 regni

2258 2117 2554 2175 offuturum
2588 2116 2693 2172 nisi
2722 2118 2780 2172 in
2809 2115 3007 2171 diebus
3044 2114 3227 2171 carnis
3264 2100 3481 2171 nostri!
3518 2111 3576 2166 in
3613 2108 3758 2166 nobis
3786 2118 3866 2160 vo-

528 2207 598 2261 ab
627 2207 717 2261 his
742 2204 1031 2275 spiritibus
1050 2203 1169 2258 laus
1198 2208 1289 2258 tua
1319 2202 1655 2272 perﬁciatur,
1681 2216 1822 2273 quos
1850 2202 1953 2258 tibi
1981 2203 2178 2258 adhas-
2259 2208 2442 2264 luntas
2469 2206 2565 2261 Dei
2604 2205 2780 2272 ﬁeret,
2812 2204 3095 2275 subjungit
3131 2203 3313 2259 statim
3367 2201 3505 2258 illud
3551 2212 3666 2255 esse
3710 2201 3868 2266 peten-

530 2308 655 2350 rere
683 2293 1142 2350 indissolubiliter
1171 2292 1413 2357 voluisti,
1456 2298 1506 2346 et
1540 2305 1678 2361 quas
1716 2292 1927 2346 animas
1965 2292 2035 2346 de
2076 2291 2181 2346 hac

534 2383 842 2440 caenolenta
880 2380 1283 2436 inhabitatione
1317 2394 1483 2450 puras
1520 2385 1574 2435 et
1604 2379 1672 2434 ad
1702 2378 2048 2435 serviendum
2081 2378 2183 2434 tibi

535 2472 742 2528 liberas
770 2471 1040 2527 exemisti.
1069 2468 1225 2525 Unde
1264 2482 1385 2524 cum
1418 2482 1615 2539 magno
1646 2468 1924 2525 desiderio
1956 2482 2056 2539 per
2082 2481 2186 2524 nos

539 2562 703 2617 etiam
733 2560 875 2615 hanc
912 2559 1128 2614 laudem
1168 2557 1489 2629 perﬁciendi
1519 2557 1900 2628 subjungimus
1928 2578 1940 2612 :

1183 2683 1398 2739 CAPUT
1450 2682 1544 2736 III.

648 2801 727 2856 De
750 2798 1184 2871 petitione-tertia
1204 2818 1221 2851 :
1255 2815 1285 2848 «
1313 2796 1573 2852 Adueniat
1602 2811 1819 2865 regnum
1848 2801 2011 2852 tuum.
2050 2816 2079 2849 »

612 2915 872 2972 Adveniat
915 2928 1128 2983 regnum
1185 2918 1344 2968 tuum.
1404 2912 1603 2968 Sancta
1660 2911 1907 2967 Ecclesia
1963 2925 2189 2982 regnum

2263 2295 2412 2351 dum.
2446 2295 2530 2350 Fit
2553 2298 2734 2350 autem
2765 2293 2822 2348 in
2860 2293 3023 2349 nobis
3040 2292 3293 2348 voluntas
3322 2291 3442 2357 Dei,
3484 2302 3604 2345 cum
3640 2291 3691 2342 et
3723 2278 3868 2339 sancti

2265 2394 2321 2442 et
2358 2383 2690 2440 iminaculati
2719 2396 2908 2438 sumus
2937 2382 2992 2437 in
3032 2384 3334 2451 conspectu
3369 2381 3507 2450 ejus.
3540 2377 3671 2432 Hinc
3704 2369 3872 2429 Paulus

2266 2475 2384 2530 ait:
2417 2475 2513 2529 Est
2543 2473 2680 2545 enim
2715 2469 2956 2526 voluntas
3003 2471 3104 2525 Dei
3147 2469 3500 2547 sanctiﬁcatio
3547 2469 3727 2529 vestra,
3769 2470 3870 2528 quae

2268 2573 2384 2622 tum
2424 2560 2666 2634 perfecta
2704 2563 2812 2617 erit
2857 2575 2979 2616 cum
3021 2574 3120 2630 per
3164 2560 3390 2616 mundae
3438 2551 3767 2630 cogitationis
3804 2560 3877 2602 ar-

2269 2661 2537 2711 maturam
2577 2651 2883 2708 contrarias
2922 2658 3108 2720 pestes
3145 2664 3175 2705 e
3213 2650 3417 2720 spiritu
3465 2652 3648 2704 nostro
3692 2645 3876 2712 protur-

2270 2743 2618 2809 baverimus,
2689 2746 2744 2795 et
2809 2739 3220 2809 inquinamenta
3285 2738 3543 2808 superba:
3582 2731 3749 2790 carnis
3797 2738 3878 2796 per

2273 2830 2667 2889 continentiam
2700 2827 3179 2897 delimaverimus;
3228 2831 3284 2883 et
3332 2822 3720 2883 contumaciam
3754 2816 3876 2873 illius

2272 2922 2374 2978 sub
2407 2919 2545 2991 pede
2594 2916 2813 2974 tandem
2873 2916 3133 2988 perfectae
3191 2917 3493 2985 castitatis.
3522 2903 3878 2984 proculcaveri-

542 3004 745 3059 Christi
777 3009 881 3069 est.
922 3004 1080 3073 cuius
1110 3001 1228 3071 ipse
1267 3000 1526 3071 ρνίῐιοθρε
1573 3002 1698 3069 em,
1748 3014 2040 3072 quousque
2088 3001 2193 3056 ίηί·
2274 3025 2415 3067 mus.
2449 3009 2587 3063 Ilinc
2627 3006 2770 3063 idem
2801 3007 2912 3062 ait:
2954 3005 3265 3063 Mundemus
3312 3020 3414 3060 nos
3460 3002 3525 3059 ab
3574 2999 3701 3056 omni
3739 2992 3878 3065 inqui-

543 3094 720 3148 micos
747 3105 879 3147 suos
898 3090 1097 3160 partim
1127 3104 1227 3160 per
1262 3090 1453 3161 gratiae
1484 3090 1833 3156 electionem,
1869 3091 2064 3160 partim
2097 3104 2196 3160 per

2272 3105 2512 3155 nameiu'o
2543 3098 2724 3151 carnis
2755 3111 2820 3151 ac
2840 3095 3028 3167 spiritu
3056 3094 3390 3167 perﬁcientcs
3437 3085 3873 3160 sanctiﬁcationem.

541 3180 986 3251 reprobationem
1025 3179 1262 3248 pedibus
1297 3178 1411 3233 suis
1447 3179 1764 3249 subjecerit.
1807 3179 1946 3233 Hinc
1984 3177 2186 3234 Paulus
2214 3254 2219 3261 ι
2274 3190 2405 3244 Haec
2427 3187 2538 3257 jam
2570 3187 2625 3241 in
2656 3185 2744 3240 his
2772 3183 3015 3255 perfecta
3044 3190 3148 3251 est,
3181 3183 3275 3254 qui
3306 3198 3411 3254 per
3439 3180 3564 3238 ﬁdei
3592 3178 3875 3234 armaturam

541 3271 656 3326 ait:
690 3271 903 3341 Oportet
930 3267 1105 3335 illum;
1147 3267 1202 3323 id
1253 3272 1336 3322 est
1380 3267 1677 3337 Chrislnm,
1726 3282 1970 3337 regnare,
2024 3268 2188 3323 donec

2271 3275 2573 3332 incursanti
2613 3274 2755 3330 hosti
2806 3287 2865 3329 se
2896 3286 3239 3343 opposuere,
3273 3276 3330 3328 et
3362 3285 3430 3328 eo
3459 3271 3622 3333 victo,
3650 3266 3749 3321 imo
3776 3271 3879 3316 con-

535 3363 699 3431 ponat
729 3373 903 3414 omnes
929 3372 1052 3413 suos
1088 3356 1326 3412 inimicos
1362 3356 1457 3412 sub
1480 3356 1701 3428 pedibus
1728 3358 1857 3412 suis.
1897 3359 2012 3425 Qua
2048 3356 2186 3412 sub-

2274 3365 2513 3430 culcato,
2564 3362 2633 3418 ad
2672 3361 2875 3433 palatia
2912 3361 3109 3417 summi
3147 3360 3314 3432 Regis
3364 3360 3451 3417 sui
3491 3357 3644 3414 ducis
3678 3349 3878 3433 rediere.

536 3449 782 3519 jectione
811 3452 1208 3514 consummata,
1241 3451 1298 3503 et
1324 3460 1355 3501 a
1383 3446 1791 3517 sapientissimo
1840 3461 1970 3517 rege
2016 3459 2190 3517 regno
2275 3458 2331 3510 et
2369 3465 2606 3508 coronas
2644 3432 3015 3521 praemiorum,
3067 3449 3272 3521 virgam
3328 3453 3610 3520 perpetuae
3651 3432 3883 3497 libertatis

545 3537 951 3609 sapientissime
1008 3536 1288 3603 ordinato,
1346 3535 1550 3602 tradet,
1601 3536 1738 3591 illud
1787 3537 1900 3591 Deo
1948 3535 2096 3591 Patri
2137 3536 2192 3589 in

475 3680 478 3684 .
555 3634 803 3698 tempore
841 3625 1161 3692 novissimo,
1201 3631 1261 3680 ut
1290 3624 1491 3680 Paulus
1518 3624 1631 3680 ait:
1684 3625 1882 3680 Deinde
1908 3625 2048 3696 ﬁnis,
2081 3639 2196 3679 cum

558 3716 834 3774 tradiderit
861 3730 1075 3785 regnum
1103 3716 1212 3770 Deo
1256 3720 1305 3769 et
1343 3716 1510 3769 Patri.
1555 3717 1615 3769 In
1655 3729 1766 3785 quo
1806 3728 1976 3786 regno
2015 3730 2047 3770 a
2084 3716 2197 3770 Deo

558 3807 718 3861 Patre
746 3809 1006 3874 suscepto
1036 3816 1138 3858 nos
1183 3803 1734 3872 comprehendamus,
1784 3810 1844 3859 ut
1885 3816 1988 3859 nos
2034 3802 2198 3860 modo

561 3893 945 3963 comprehensi
983 3906 1208 3957 sumus;
1252 3905 1668 3961 cognoscemus,
1698 3896 1760 3948 ut
1787 3892 1953 3948 modo
1992 3891 2200 3963 cogniti

559 3994 766 4046 sumus,
801 3981 958 4048 cujus
986 3979 1150 4034 modo
1180 3977 1575 4047 perfectionem
1604 3994 1716 4036 non
1746 3981 2028 4040 habemus.
2064 3982 2202 4035 Hinc

562 4069 762 4125 Paulus
790 4070 897 4124 ait:
932 4070 1001 4123 Et
1031 4068 1079 4120 si
1114 4067 1239 4138 quid
1288 4066 1443 4122 aliter
1496 4069 1702 4140 sapitis,
1752 4075 1801 4124 et
1855 4069 1952 4124 hoc
2005 4083 2204 4140 quoque

559 4158 704 4214 vobis
732 4160 873 4213 Deus
895 4154 1165 4212 reuelabit.
1196 4155 1255 4211 Id
1287 4160 1405 4211 est:
1458 4157 1503 4210 si
1537 4155 1776 4226 perfecte
1826 4159 1994 4212 Deum
2041 4157 2206 4213 Chri-

558 4252 812 4317 stumque
841 4259 997 4303 suum
1029 4258 1140 4301 non
1179 4243 1509 4315 intelligitis,
1535 4246 1630 4315 qui
1669 4245 1825 4301 dedit
1855 4246 1908 4302 id
1949 4245 2097 4317 quod
2129 4253 2207 4302 te-

557 4339 722 4404 netis,
757 4337 874 4406 ipse
913 4335 969 4390 in
999 4347 1172 4406 regno
1199 4334 1296 4389 illo
1325 4333 1591 4389 revelabit
1640 4335 1861 4390 residua
1910 4334 2206 4405 perfectio-

2276 3557 2398 3599 cum
2466 3541 2802 3597 exultatione
2866 3553 3200 3610 suscepere:
3233 3552 3435 3611 magno
3474 3541 3649 3593 tamen
3686 3522 3883 3586 consilio

2278 3630 2686 3702 Dispensatoris
2736 3642 2945 3685 summa
2983 3628 3163 3684 adhuc
3227 3628 3512 3683 subtracta
3577 3616 3883 3702 praemiorum

2279 3700 2398 3778 sine
2438 3732 2713 3774 murmure
2753 3724 2808 3774 et
2847 3717 3189 3787 impatientia
3227 3717 3607 3772 emeritorum.
3645 3706 3738 3776 Qui
3767 3700 3885 3787 enim

2280 3809 2411 3866 hinc
2444 3809 2510 3863 ad
2550 3807 2723 3863 caelos
2760 3786 3275 3877 commigraverunt,
3308 3811 3523 3876 partem
3573 3786 3889 3877 beatitudinis

2283 3900 2671 3968 perceperunt,
2726 3896 2781 3951 in
2820 3871 3025 3951 caetero
3072 3908 3174 3951 nos
3218 3871 3623 3965 exspectantes,
3670 3889 3725 3941 ut
3756 3871 3891 3974 sim-ul

2285 3964 2539 4044 omnibus
2593 3986 3014 4050 consummatis,
3058 3991 3113 4040 et
3159 3964 3333 4040 simul
3354 3975 3762 4040 exsultantibus,
3791 3964 3893 4062 talis.

2285 4077 2493 4133 laetitia:
2533 4080 2835 4131 concentus
2874 4076 2929 4129 in
2968 4074 3132 4130 domo
3191 4074 3388 4129 aeterni
3429 4070 3594 4141 Regis
3637 4070 3689 4121 et
3733 4065 3893 4129 spOIISI

2287 4166 2516 4231 oriatur,
2586 4163 2766 4235 qualis
2821 4163 2981 4220 decet
3029 4158 3642 4233 incomprehensibilem
3679 4148 3896 4242 majesta-

2290 4262 2419 4322 ῐθῐη»
2451 4252 2710 4309 familiam
2749 4253 2897 4309 omni
2945 4253 3149 4309 decore
3195 4250 3527 4323 fulgentem,
3577 4249 3819 4315 sponsum
3851 4241 3896 4286 In

2289 4345 2440 4401 omni
2469 4344 2720 4400 castitate
2759 4342 3171 4414 procedentem,
3221 4341 3488 4412 virginem
3537 4326 3897 4414 inﬁnaculataiu

557 4428 664 4482 nis.
694 4428 754 4482 In
785 4426 892 4482 hoc
921 4404 1143 4495 quoque
1173 4425 1589 4494 persecutiones
1628 4404 2048 4482 hominuminon
2080 4440 2206 4497 per-
2226 4426 2348 4487 Din
2378 4431 2662 4502 amplexus
2691 4404 2810 4501 ejus
2839 4404 3242 4487 occurrentem.
3285 4404 3428 4484 Iiinc
3457 4423 3654 4482 Paulus
3698 4416 3800 4473 ait:
3843 4404 3898 4502 fit

526 4514 916 4580 timescimus,
970 4512 1133 4579 fame,
1174 4512 1265 4567 siti
1315 4525 1425 4568 non
1473 4513 1793 4580 arescimus,
1846 4512 2050 4584 frigore
2089 4527 2201 4570 non

557 4604 943 4674 torpescimus,
1011 4615 1115 4656 nec
1153 4602 1357 4656 erimus
1415 4602 1665 4657 servituti
1717 4603 1899 4657 carnis
1954 4603 2200 4669 obnoxii,

558 4693 656 4749 sed
689 4694 744 4749 in
775 4692 938 4749 laude
978 4690 1073 4747 Dei
1112 4690 1314 4757 liberi;
1341 4704 1446 4746 nec
1477 4692 1736 4761 antiquus
1773 4692 1949 4748 hostis
1976 4692 2205 4748 insulta-

562 4782 663 4848 bit,
698 4796 819 4836 cum
858 4781 1128 4847 Christus,
1169 4784 1231 4836 ut
1258 4779 1458 4835 Paulus
1486 4781 1583 4847 ait,
1615 4796 1814 4836 omnem
1859 4782 2205 4854 principatum

565 4876 614 4927 et
636 4875 946 4942 potestatem
973 4876 1021 4926 et
1048 4871 1288 4926 uirtutem
1325 4870 1671 4925 evacuaverit.
1720 4872 1853 4926 Cum
1901 4885 2054 4943 ergo,
2103 4871 2209 4927 ad-

561 4959 817 5016 veniente
847 4960 943 5014 Dei
981 4959 1159 5013 Patris
1197 4970 1388 5028 regno,
1421 4958 1490 5014 de
1520 4959 1670 5014 omni
1719 4959 2047 5015 necessitate
2095 4960 2209 5015 exi-

564 5063 795 5116 mamur,
826 5052 883 5103 et
911 5048 1091 5103 omnis
1127 5048 1319 5117 gratiae
1350 5045 1619 5116 perfectio
1668 5048 1829 5103 nobis
1870 5047 2206 5115 conferatur,

565 5143 628 5193 ut
654 5143 710 5192 et
738 5126 795 5191 in
833 5135 996 5192 nobis
1033 5134 1148 5205 qui,
1182 5135 1539 5205 corruptione
1577 5134 1760 5191 carnis
1806 5136 2078 5206 impediti,
2108 5149 2208 5192 vo-

567 5225 764 5282 luntati
802 5239 916 5282 sua:
965 5238 1066 5295 per
1116 5223 1299 5280 omnia
1357 5223 1668 5280 subservire
1724 5238 1836 5279 non
1895 5238 2206 5294 possumus,

567 5314 713 5371 sicut
739 5313 819 5369 illi
848 5327 991 5384 quos
1012 5314 1123 5382 jam
1155 5312 1212 5368 in
1261 5326 1389 5369 arce
1435 5312 1559 5369 cmli
1599 5313 1907 5380 constituit,
1958 5312 2211 5369 voluntas

567 5417 664 5459 sua
686 5403 800 5469 ﬁat,
841 5401 975 5473 quid
1014 5401 1197 5473 potuit
1224 5406 1435 5473 petere,
1467 5401 1601 5472 quid
1630 5402 1865 5471 amplius
1895 5401 2210 5458 desiderare

564 5498 788 5562 oportet
815 5506 976 5563 quam
1013 5491 1179 5562 hujus
1207 5490 1362 5560 regni
1400 5488 1737 5547 adventum?
1780 5491 2015 5561 Propter
2061 5490 2211 5561 quod

560 5580 905 5641 subinfertur
926 5601 940 5638 :

2283 4536 2388 4578 non
2444 4524 2753 4592 acceperunt
2790 4519 3240 4592 repromissionem
3288 4517 3474 4573 melius
3512 4505 3708 4582 aliquid
3747 4496 3900 4575 praui-

2286 4611 2437 4666 dente
2474 4611 2693 4666 Domino
2727 4624 2826 4681 pro
2864 4608 3033 4677 nobis,
3073 4621 3139 4663 ne
3173 4607 3286 4662 sine
3332 4605 3484 4661 nobis
3525 4599 3903 4657 consummare»-

2287 4698 2590 4755 tur.Melius
2646 4699 2792 4755 enim
2842 4697 2948 4753 erit
3004 4696 3262 4754 omnibus
3316 4693 3503 4761 nobis,
3561 4701 3682 4745 cum
3718 4689 3769 4739 et
3817 4684 3902 4747 Ρτο

2288 4794 2478 4843 nostra
2542 4792 2597 4842 et
2646 4799 2746 4857 pro
2801 4784 3032 4842 aliorum
3098 4784 3441 4841 beatitudine
3479 4776 3638 4837 simul
3700 4768 3903 4861 invicem

2291 4853 2659 4934 communiter
2694 4874 3109 4932 exsultabimus.
3140 4874 3314 4946 Igitur
3350 4886 3475 4929 cum
3515 4867 3770 4926 dicimus:
3800 4853 3907 4911 Fiat

2289 4965 2528 5021 voluntas
2559 4969 2650 5020 tua
2677 4964 2810 5018 sicut
2839 4963 2894 5018 in
2923 4961 3050 5019 caelo
3088 4967 3137 5019 et
3184 4963 3238 5018 in
3285 4967 3451 5027 terra,
3492 4957 3550 5014 id
3588 4950 3906 5039 obsecramus

2291 5055 2372 5110 uti
2402 5068 2525 5120 nos,
2565 5053 2660 5122 qui
2690 5052 2871 5108 adhuc
2901 5053 2957 5107 in
2997 5052 3194 5108 castris
3231 5050 3443 5107 militiae
3492 5043 3667 5102 ﬁdelis
3710 5035 3905 5125 ίωρθξξς

2292 5157 2434 5209 mur,
2493 5114 2671 5196 sancti
2709 5145 2765 5196 et
2809 5138 3142 5196 immaculati
3191 5148 3601 5200 conservemur,
3659 5128 3790 5184 sicut
3838 5114 3904 5173 illi

2292 5208 2519 5300 spiritus
2547 5229 2642 5299 qui
2673 5227 2909 5285 claritati
2939 5230 3123 5285 vultus
3160 5230 3280 5299 ejus
3308 5227 3592 5289 assistunt,
3626 5219 3780 5306 prout
3805 5208 3904 5306 1159.0
3956 5258 3966 5279 κ

2292 5296 2511 5375 terrena
2549 5296 2869 5373 cmlestibus
2898 5296 3204 5388 comparari
3245 5316 3448 5373 valent.
3480 5308 3624 5369 Nihil
3671 5303 3801 5362 enim
3829 5296 3904 5352 hic

2294 5406 2780 5464 consummationis
2833 5406 3347 5479 comprehenditur,
3406 5402 3505 5460 sed
3563 5411 3660 5470 per
3715 5388 3902 5448 arrham

2293 5496 2483 5567 gratiae
2513 5496 2816 5567 spiritualis
2843 5497 2933 5552 hic
2973 5504 3251 5567 perceptae
3289 5493 3358 5552 ad
3387 5488 3771 5563 perfectionem
3797 5484 3903 5546 P9P“

2294 5586 2596 5656 sequimur.
2638 5585 2777 5642 Hinc
2822 5585 3023 5643 Paulus
3077 5586 3190 5642 ait:
3251 5586 3495 5648 Fratres,
3550 5592 3654 5633 non
3704 5567 3902 5626 arbitror
