4100 6166
253 278 346 335 337

1446 289 1515 345 IN
1552 291 1936 350 ORATIONEM
1976 292 2363 351 DOMINICAM.

3483 304 3592 362 338

253 420 320 461 ne
349 403 508 459 adhuc
544 404 996 477 comprehendisse
1019 424 1246 480 :sequar
1275 417 1465 480 autem,
1510 415 1558 469 si
1603 417 1925 487 quomodoA
1945 418 2110 489 eﬁ‘ecti
2146 434 2343 488 sumus,
2375 421 2424 475 si
2452 421 2672 489 initium,
2702 422 2758 477 id
2810 428 2893 478 est
2923 423 3105 490 ﬁdem,
3136 426 3440 486 substantia:
3467 432 3589 489 reti-

214 530 219 539 .
251 492 676 565 conprehendam.
700 495 873 551 Porro
901 496 969 553 ad
1000 501 1308 556 sanctitatis
1335 506 1863 562 consummationem

251 582 387 648 ﬁdes,
418 596 541 652 qua
570 582 843 639 bonorum
881 588 1121 642 omnium
1162 596 1246 643 est
1273 590 1508 658 initium,
1541 609 1749 651 summe
1781 601 1865 652 est

251 670 553 736 necessaria,
597 684 696 740 per
748 686 909 741 quam
939 681 994 729 et
1025 674 1273 744 patribus
1312 680 1775 750 pracedentibus,
1808 690 1863 740 et

249 760 485 817 fratribus
515 762 903 831 prasentibus,
935 771 991 819 et
1019 764 1146 820 ﬁliis
1172 771 1513 826 successuris
1550 771 1865 829 conferetur

242 849 453 920 justitia.
478 849 617 904 Hinc
640 850 904 920 scriptum
936 858 1019 907 est
1052 873 1065 907 :
1096 855 1274 910 Justus
1293 871 1363 911 ex
1379 858 1484 929 ﬁde
1512 859 1654 925 vivit,
1680 860 1735 916 id
1757 867 1860 928 est,

239 939 403 1008 justus
430 944 531 993 est.
563 939 912 1010 Quapropter
930 941 1191 997 Dominus
1208 946 1368 1000 Jesus
1396 946 1574 1003 ﬁdelis
1594 950 1861 1018 eruditor,

244 1034 292 1082 et
316 1026 548 1082 omnium
595 1027 652 1083 in
696 1027 926 1083 salutem
977 1037 1221 1087 nostram
1271 1042 1551 1105 operator,
1583 1039 1863 1108 quomodo

242 1128 346 1170 eam
371 1120 684 1185 peteremus
711 1115 937 1173 edocuit
964 1117 1159 1175 dicens
1191 1140 1204 1176 :

884 1242 1099 1298 CAPUT
1146 1245 1209 1299 V.

237 1359 305 1411 De
342 1355 594 1426 petitione
640 1357 822 1429 quinta
864 1380 880 1413 :
934 1380 959 1408 α
1000 1362 1195 1416 Panem
1232 1368 1464 1420 nostrum
1505 1366 1869 1437 quotidianum

789 1447 861 1503 da
887 1447 1037 1504 nobis
1064 1449 1237 1508 hodie.
1279 1467 1311 1507 »

300 1562 491 1615 Panem
520 1565 753 1616 nostrum
781 1562 1143 1632 quotidianum
1188 1565 1259 1620 da
1297 1566 1447 1622 nobis
1493 1568 1666 1625 hodie.
1709 1572 1872 1627 Panis

235 1648 389 1715 enim,
418 1648 475 1704 id
514 1655 598 1705 est
624 1652 975 1717 sustentatio,
1007 1666 1170 1722 quem
1201 1654 1293 1710 hic
1336 1656 1593 1725 petimus,
1625 1658 1763 1715 ﬁdes
1790 1662 1874 1716 in-

1945 510 2225 565 nuerimus.
2259 510 2325 565 Et
2350 525 2565 566 rursum
2608 531 2621 566 :
2662 512 2938 583 Ediﬁeati
2981 528 3138 585 super
3171 516 3585 589 fundamentum,

1946 598 2001 653 id
2032 604 2116 654 est
2147 598 2328 668 ﬁdem,
2351 600 2723 672 apostolorum.
2746 603 2850 658 Sed
2883 617 3003 659 cum
3037 602 3197 660 ﬁdem
3227 605 3427 662 Christi
3460 623 3590 678 pro-

1945 688 2181 756 ﬁtemur,
2216 696 2269 745 et
2294 692 2353 746 in
2386 692 2710 762 baptismate
2741 695 2982 763 peccatis
3012 695 3401 767 cruciﬁgimur,
3443 707 3496 753 et
3526 700 3583 755 in

1944 778 2242 847 sepultura
2273 780 2571 836 Dominica
2600 781 2814 851 signum
2845 783 2920 838 ibi
2951 783 3298 854 sepeliemur,
3333 786 3459 843 inde
3490 802 3583 843 re-

1945 874 2253 935 surgentes,
2289 868 2574 925 nobiscum
2616 871 2957 927 resuscitatis
2983 872 3278 928 virtutibus
3308 873 3362 929 in
3392 874 3585 931 simili-

1945 955 2188 1011 tudinem
2221 958 2643 1014 resurrectionis
2672 968 3011 1017 mortuorum
3041 976 3164 1018 cum
3192 963 3432 1031 Christo,
3466 964 3586 1019 uni-

1945 1058 2115 1101 versa
2164 1045 2448 1116 religionis
2476 1046 2800 1105 Christiana
2839 1050 3119 1107 debitores
3164 1051 3343 1108 effecti
3376 1067 3583 1109 sumus.

1947 1135 2098 1190 Sicut
2125 1136 2268 1190 enim
2321 1136 2595 1191 carnalem
2641 1138 2890 1194 ludaum
2941 1140 3289 1198 circumcisio
3338 1142 3393 1197 in
3424 1157 3593 1198 carne

1950 1222 2105 1293 legis,
2156 1222 2298 1279 data
2339 1238 2438 1293 per
2482 1225 2724 1295 Moysen,
2765 1225 3070 1283 debitorem
3122 1230 3427 1298 constituit,
3461 1245 3597 1301 quo-

1950 1312 2115 1368 modo
2143 1312 2483 1383 spiritualem
2516 1313 2866 1371 conﬁtentem
2904 1317 3267 1375 sanctiﬁcatio
3307 1320 3361 1375 in
3399 1322 3597 1391 spiritu
3660 1310 3675 1327 ’

1952 1402 2141 1458 debito
2170 1402 2381 1473 gratia,
2425 1417 2524 1473 per
2551 1403 2826 1459 Christum
2870 1405 3272 1476 evangelizata,
3306 1423 3417 1465 non
3447 1409 3595 1466 obli-

1952 1492 2139 1562 gavit?
2166 1492 2304 1547 Hinc
2333 1493 2534 1547 Paulus
2553 1493 2627 1547 ait
2652 1513 2665 1548 :
2696 1494 2965 1564 Testiﬁeor
2992 1497 3131 1550 omni
3157 1497 3353 1552 homini
3379 1500 3597 1554 circum-

1953 1580 2143 1635 cidenti
2171 1596 2228 1635 se
2257 1581 2379 1653 quia
2409 1581 2610 1637 debitor
2637 1587 2715 1636 est
2744 1582 2997 1638 universa:
3023 1582 3151 1653 legis
3176 1586 3453 1655 facienda.
3486 1588 3593 1645 Sed

1958 1684 2081 1726 cum
2114 1669 2425 1740 persolvere
2456 1673 2751 1742 pergimus,
2784 1681 3112 1742 persecutor
3150 1675 3378 1741 invadit,
3411 1690 3593 1746 oppu-

240 1737 516 1833 telligitur.
553 1740 667 1833 Per
695 1739 837 1833 hanc
866 1754 1001 1833 vero
1025 1742 1082 1795 in
1111 1742 1300 1833 saculi
1340 1750 1500 1833 atate
1530 1748 1704 1817 prima
1734 1750 1866 1806 Abel
1887 1741 1937 1800 Β
1956 1737 2675 1829 εζηειῐξῖιδθίιυθῐηθιίνὶῐίοίῐ,
2702 1737 2972 1817 violenter
2999 1776 3122 1833 qua
3151 1737 3408 1819 vehimus-
3425 1737 3592 1833 rapit,

234 1826 421 1896 justus,
464 1833 522 1883 et
553 1828 740 1883 Enoch
789 1830 901 1885 Deo
950 1829 1174 1900 placens
1218 1832 1352 1888 salvi
1401 1832 1530 1890 facti
1573 1843 1721 1892 sunt.
1754 1840 1869 1895 Noe

240 1930 448 1987 quoque
487 1926 655 1988 caput
703 1918 884 1974 atatis
928 1921 1210 1988 secunda,
1248 1937 1457 1994 suaque
1502 1925 1718 1995 domus,
1772 1944 1872 1999 per

239 2004 387 2061 ﬁdem
417 2006 674 2063 baredes
697 2008 929 2076 justitia
971 2015 1100 2066 sunt
1128 2011 1385 2068 instituti.
1419 2014 1619 2071 Eadem
1648 2032 1871 2089 quoque

239 2094 573 2163 patriarchas
600 2096 763 2151 tertia
793 2104 956 2154 atate
980 2098 1225 2171 insignes
1252 2102 1308 2157 in
1339 2104 1721 2172 promissionis
1749 2123 1873 2178 gra-

238 2181 357 2238 tiam
385 2184 661 2241 subvexit.
691 2186 909 2252 Quarta
956 2189 1136 2243 atatis
1182 2190 1426 2260 Moysen,
1467 2195 1675 2262 quinta
1705 2198 1870 2254 David

237 2272 516 2343 principes
560 2275 678 2343 ipsa
727 2277 1031 2333 coronavit.
1065 2279 1125 2333 In
1174 2287 1326 2335 sexta
1373 2296 1525 2349 vero,
1557 2298 1720 2354 quam
1753 2287 1873 2356 ipse

238 2366 430 2418 auctor
459 2364 706 2420 omnium
750 2364 1005 2433 initiavit,
1037 2373 1093 2422 et
1138 2371 1432 2438 prasentia
1474 2372 1559 2427 sui
1602 2374 1878 2432 condeco-

237 2451 391 2516 ravit,
431 2451 675 2520 apostoli
705 2459 761 2507 et
790 2466 978 2508 eorum
1028 2455 1332 2513 imitatores
1370 2473 1470 2528 per
1496 2460 1659 2517 ﬁdem
1709 2463 1878 2532 parti-

237 2539 391 2608 cipes
410 2539 620 2595 Christi
648 2547 777 2595 sunt
805 2540 1003 2597 eﬁ‘ecti.
1028 2545 1203 2615 Atque
1224 2545 1278 2600 in
1305 2548 1456 2602 omni
1485 2556 1647 2605 atate
1664 2551 1875 2620 saculi,

236 2633 521 2699 quotquot
552 2629 710 2698 justi,
744 2643 842 2699 per
887 2629 1046 2686 ﬁdem
1083 2634 1239 2702 justi,
1273 2643 1546 2706 quotquot
1595 2639 1749 2706 salvi,
1781 2654 1880 2710 per

230 2717 387 2773 ﬁdem
420 2716 561 2772 salvi
586 2737 600 2773 :
629 2717 760 2774 Sine
787 2718 891 2789 ﬁde
931 2721 1066 2776 enim
1108 2722 1426 2793 impossibile
1452 2730 1548 2793 est,
1572 2741 1880 2798 quemquam

226 2804 435 2875 placere
466 2806 607 2861 Deo.
630 2807 803 2862 Porro
828 2821 926 2862 sex
946 2806 1312 2867 discretiones
1334 2811 1453 2868 ista
1473 2813 1661 2869 saculi
1684 2821 1739 2869 et
1757 2829 1879 2885 sep-

228 2894 350 2949 tima
403 2893 788 2961 interminata,
830 2909 1030 2950 vacans
1074 2900 1224 2954 omni
1274 2902 1597 2970 operatione
1648 2902 1875 2971 laboris,

228 2981 591 3040 hebdomada
608 2999 708 3055 per
728 2984 848 3040 dies
862 3000 957 3041 sex
968 2986 1036 3041 ad
1057 3000 1216 3056 opus,
1231 2990 1516 3059 septimam
1538 2990 1607 3045 ad
1630 2993 1876 3062 requiem

1952 1855 2013 1904 ut
2042 1863 2165 1918 qua
2196 1848 2485 1905 debuimus
2513 1850 2567 1905 in
2599 1850 2797 1906 horrea
2827 1851 3040 1907 Domini
3073 1852 3245 1908 nostri
3274 1857 3588 1923 opportuno

1953 1944 2203 2007 tempore
2242 1952 2351 1995 non
2379 1937 2737 2009 proferamus.
2769 1940 2907 2008 Quid
2939 1940 3108 2012 igitur
3137 1941 3367 1998 Domino
3395 1949 3588 1999 nostro

1953 2027 2242 2084 dicemus?
2270 2028 2588 2099 lllud__certe
2618 2030 2767 2099 quod
2792 2029 3043 2100 sequitur
3075 2051 3087 2085 :

2601 2189 2818 2243 CAPUT
2859 2189 2941 2244 Vl.

1956 2333 2035 2387 De
2077 2333 2325 2403 petitione
2368 2335 2523 2385 serta
2555 2352 2571 2385 :
2608 2350 2636 2382 ‹‹
2676 2333 2744 2386 Et
2786 2332 2985 2403 dimitte
3013 2332 3162 2388 nobis
3188 2332 3365 2389 debita
3392 2340 3597 2402 nostra,

2124 2403 2257 2457 sicut
2285 2409 2334 2457 et
2364 2418 2457 2456 nos
2486 2403 2787 2457 dimittimus
2807 2402 3126 2459 debitoribus
3144 2406 3356 2460 nostris.
3402 2424 3431 2457 ›)

2031 2548 2242 2603 Dimitte
2269 2547 2418 2604 nobis
2447 2547 2623 2605 debita
2669 2553 2871 2615 nostra,
2902 2563 3026 2619 qua
3077 2563 3188 2607 non
3236 2551 3601 2621 reddidimus,

1961 2637 2105 2691 sicut
2151 2636 2252 2691 tibi
2302 2636 2668 2706 promisimus.
2699 2638 2921 2692 Dimitte
2968 2639 3149 2706 nobis,
3196 2640 3443 2707 Domine,
3476 2642 3604 2712 quia

1962 2725 2229 2780 donamus
2256 2726 2449 2779 nostris
2487 2724 2805 2780 debitoribus
2851 2728 2905 2781 in
2936 2734 3032 2783 tuo
3061 2730 3304 2785 nomine.
3338 2730 3443 2785 Sed
3477 2745 3602 2788 cum
3696 2760 3707 2773 ο

1962 2813 2138 2869 hostis
2185 2811 2420 2868 fructum
2465 2820 2711 2869 nostrum
2760 2814 3148 2884 depopulatur,
3175 2819 3308 2888 jugo
3356 2833 3470 2875 sua
3501 2821 3604 2875 iui-

1960 2903 2187 2973 quitatis
2208 2909 2440 2958 conatur
2459 2916 2561 2959 nos
2594 2916 2846 2969 onerare,
2871 2912 2944 2969 et,
2979 2918 3047 2959 ne
3068 2905 3135 2960 ad
3157 2908 3444 2963 Dominum
3473 2921 3603 2965 uos-

1961 2999 2103 3046 trum
2147 3006 2247 3061 pro
2277 2992 2435 3046 venia
2473 2991 2814 3060 imploranda
2845 2990 3185 3062 festinemus,
3225 3010 3446 3052 cursum
3478 3012 3603 3054 uos-

225 3071 576 3141 destiuatam,
602 3074 953 3131 distinctioni
981 3074 1190 3131 similes
1218 3084 1367 3132 sunt.
1401 3080 1533 3134 Cum
1555 3093 1688 3150 ergo
1715 3081 1871 3151 panis
1894 3071 1936 3130 C
1956 3086 2097 3136 trum
2121 3081 2409 3151 impedire.
2433 3082 2600 3151 Cujus
2619 3082 2836 3137 astutia
2860 3089 2919 3136 ut
2939 3088 3069 3137 sunt
3088 3085 3593 3154 perniciosissima,

224 3161 339 3231 iste,
371 3163 427 3219 id
464 3170 557 3219 est
586 3164 741 3231 ﬁdes,
766 3179 890 3235 qua
920 3172 1005 3220 est
1032 3167 1360 3223 sustentatio
1391 3174 1446 3223 et
1470 3168 1867 3226 ﬁrmamentum

223 3250 284 3306 ad
311 3252 548 3308 salutem
583 3253 638 3308 in
669 3253 818 3309 omni
848 3254 960 3320 die,
995 3253 1050 3309 id
1101 3261 1185 3310 est
1234 3260 1395 3312 atate
1433 3257 1621 3313 saculi
1653 3272 1866 3328 prace-

224 3337 399 3403 dente,
430 3339 608 3397 fuerit
638 3342 1000 3407 necessarius,
1036 3343 1161 3421 jure
1192 3358 1311 3399 eum
1354 3346 1735 3415 quotidianum
1775 3361 1870 3417 ap.

226 3427 506 3496 pellautes,
542 3444 578 3484 a
607 3431 718 3486 Deo
769 3434 923 3486 Patre
954 3432 1167 3502 erogari
1198 3431 1370 3499 hodie,
1414 3434 1467 3489 id
1500 3441 1583 3491 est
1613 3436 1719 3491 hoc
1748 3450 1872 3506 gra-

228 3516 307 3573 tia
336 3524 596 3590 tempore
626 3520 931 3590 ﬂagitamus
955 3541 968 3588 ;
1000 3535 1063 3575 ac
1084 3521 1128 3575 si
1150 3527 1339 3591 aperte
1361 3521 1605 3578 dicamus
1630 3544 1642 3578 :
1666 3526 1710 3579 Ο
1730 3526 1872 3581 Deus

228 3607 394 3676 Pater,
427 3609 600 3665 ﬁdem
631 3611 796 3664 nobis
824 3610 892 3666 da
923 3611 978 3665 in
1011 3611 1115 3666 hoc
1145 3611 1336 3682 gratia
1361 3619 1605 3682 tempore
1637 3614 1875 3669 existen-

227 3696 380 3764 tibus,
433 3713 552 3770 qua
600 3700 790 3754 Patres
836 3705 1059 3755 nostros
1102 3714 1294 3755 omnes
1339 3699 1601 3767 refecisti,
1635 3714 1775 3771 quos
1804 3702 1873 3756 ad

226 3783 441 3853 gloriam
490 3796 647 3842 tuam
696 3787 751 3842 in
800 3793 1010 3844 aterno
1041 3802 1211 3858 regno
1250 3795 1345 3844 tuo
1380 3789 1785 3857 praordinasti.
1818 3790 1873 3846 Si

228 3874 340 3943 quis
366 3883 556 3932 autem
609 3874 750 3932 forte
789 3877 891 3932 ista
940 3876 1155 3947 legerit,
1191 3885 1245 3931 et
1274 3878 1328 3932 in
1360 3878 1545 3948 aliquo
1576 3886 1873 3936 tractatore

226 3966 355 4020 sacri
384 3965 606 4038 eloquii
655 3966 843 4021 eadem
891 3965 1054 4021 aliter
1098 3966 1344 4036 exposita
1391 3968 1721 4035 meminerit,
1762 3983 1872 4025 non

228 4055 395 4107 tamen
424 4055 533 4110 ista
574 4053 917 4123 prajudicet,
950 4053 1018 4109 de
1056 4054 1228 4126 gratia
1276 4056 1514 4125 Spiritus
1545 4058 1871 4113 sententiam

227 4140 324 4196 non
352 4143 696 4213 pracipitet.
726 4141 954 4198 Conﬁdo
985 4143 1128 4198 enim
1169 4144 1419 4199 eumdem
1458 4146 1741 4215 Spiritum,
1775 4146 1869 4217 qui

228 4227 399 4286 divisit
426 4231 563 4287 aliis
595 4245 693 4301 pro
731 4245 829 4286 sua
856 4231 1155 4296 voluntate,
1197 4237 1253 4287 et
1281 4233 1412 4288 mihi
1444 4248 1665 4305 quoque
1709 4240 1875 4305 prout

227 4317 406 4385 voluit,
428 4321 715 4377 divisisse.
745 4321 866 4375 Non
913 4328 997 4375 est
1044 4321 1298 4376 omnibus
1328 4322 1488 4378 nobis
1516 4324 1660 4379 idem
1699 4324 1871 4379 intel-

1951 3170 2026 3224 ita
2054 3177 2183 3225 sunt
2214 3177 2269 3225 et
2300 3170 2483 3225 varia.
2518 3170 2757 3224 Primum
2788 3169 2932 3225 enim
2963 3185 3062 3226 nos
3091 3172 3146 3227 in
3178 3174 3467 3243 passiones
3497 3176 3597 3233 de-

1951 3260 2140 3315 siderii
2173 3258 2360 3324 tradit,
2400 3257 2600 3313 deinde
2631 3258 2688 3313 in
2736 3260 3131 3327 patractionem
3164 3263 3393 3319 sceleris
3424 3279 3597 3337 usque

1952 3348 2275 3413 succendit;
2310 3347 2433 3403 exin
2467 3352 2679 3403 mentes
2709 3354 2926 3404 nostras
2946 3350 3192 3404 tenebris
3212 3352 3494 3417 obvolvit;
3538 3361 3599 3410 ut

1954 3452 2075 3494 cum
2107 3437 2336 3494 mortale
2386 3437 2647 3508 ﬂagitium
2698 3445 3097 3505 perpetremus,
3130 3439 3214 3492 vel
3262 3454 3507 3509 parvum,
3542 3448 3599 3497 et

1954 3541 2065 3583 non
2154 3526 2478 3596 poenitentia
2564 3524 2787 3593 dignum
2856 3524 3228 3594 aestimemus,
3286 3528 3371 3582 vel
3434 3531 3598 3585 etiam

1956 3617 2254 3686 quidquam
2311 3613 2649 3669 commisisse
2707 3612 3040 3681 ignoremus.
3091 3614 3228 3669 Sunt
3292 3616 3436 3671 enim
3504 3619 3600 3688 qui

1955 3703 2197 3760 avaritia
2247 3702 2443 3772 laqueo
2486 3701 2836 3768 intricantur,
2884 3700 2968 3755 vel
3016 3701 3114 3772 qui
3169 3702 3365 3761 illicito
3412 3719 3599 3765 amore

1956 3793 2321 3858 delectantur,
2354 3791 2446 3861 qui
2479 3800 2580 3845 nec
2607 3803 2885 3860 peccasse,
2916 3803 3018 3845 nec
3047 3804 3107 3846 se
3145 3805 3176 3846 a
3207 3806 3376 3863 regno
3406 3796 3502 3851 Dei
3526 3797 3599 3853 ob

1956 3884 2075 3938 hac
2108 3887 2316 3953 patrata
2348 3879 2682 3950 rejiciendos
2710 3878 3065 3935 arbitrantur.
3097 3883 3166 3937 At
3194 3881 3250 3937 in
3280 3884 3448 3940 Paulo
3479 3885 3602 3956 Spi-

1958 3973 2096 4028 ritus
2125 3977 2347 4028 sanctus
2385 3974 2536 4033 erat;
2567 3969 2644 4024 ait
2673 3967 2817 4023 enim
2853 3989 2864 4023 :
2900 3970 3029 4025 Puto
3060 3971 3183 4042 quia
3213 3972 3469 4044 Spiritum
3496 3976 3599 4032 Dei

1955 4062 2139 4117 habeo.
2174 4063 2240 4116 Et
2288 4061 2342 4115 in
2393 4060 2512 4129 ipso
2560 4058 2810 4113 Christus
2862 4057 3230 4129 loquebatur:
3264 4064 3391 4119 Non
3440 4066 3596 4133 enim,

1956 4152 2155 4223 inquit,
2187 4150 2354 4205 audio
2384 4148 2666 4221 quidquam
2686 4146 2825 4219 loqui
2854 4149 2990 4221 quod
3015 4165 3113 4221 per
3140 4167 3219 4206 me
3246 4168 3351 4208 non
3377 4154 3603 4225 eﬂ'ecerit

1955 4242 2206 4299 Christus.
2238 4241 2304 4295 Et
2331 4237 2460 4293 alibi
2496 4257 2507 4291 :
2541 4240 2625 4292 An
2670 4238 3077 4307 etperimentum
3115 4241 3346 4309 quiet-itis
3370 4242 3481 4312 ejus
3510 4245 3600 4314 qui

1952 4335 2009 4387 in
2034 4346 2115 4385 me
2139 4328 2365 4399 loquitur
2391 4327 2667 4384 Christus?
2686 4325 2857 4396 Igitur
2876 4326 3008 4394 quid
3030 4326 3098 4380 de
3118 4341 3301 4392 avaro,
3327 4334 3383 4383 et
3401 4331 3597 4389 illicito

228 4404 414 4473 lectus,
444 4410 602 4466 sicut
630 4421 739 4464 non
772 4409 1027 4464 omnibus
1056 4410 1315 4465 membris
1343 4411 1489 4466 idem
1520 4420 1699 4467 actus.
1733 4413 1871 4467 Hinc
1891 4403 2139 4475 Damore
2168 4416 2404 4487 polluto,
2446 4420 2502 4470 et
2548 4414 2637 4468 his
2682 4411 2974 4479 similibus,
3025 4413 3387 4481 prasidentes
3434 4416 3597 4475 beato

230 4495 418 4553 Paulus
446 4499 529 4554 ait
568 4517 582 4553 :
612 4496 764 4553 Alius
790 4497 886 4564 sic,
919 4497 1055 4553 alius
1084 4503 1255 4554 autem
1282 4499 1380 4555 sic.
1414 4500 1482 4554 Et
1512 4500 1644 4569 quid
1676 4500 1873 4556 mirum

233 4585 320 4641 Dei
345 4587 682 4658 sapientiam
714 4586 912 4642 multas
940 4586 1158 4643 divitias
1188 4588 1242 4642 in
1272 4587 1456 4643 verbis
1484 4590 1659 4644 sacris
1681 4602 1877 4645 recon-

232 4672 451 4745 didisse,
486 4676 590 4747 qui
634 4675 688 4729 in
733 4688 843 4731 uno
890 4689 1061 4746 grano
1111 4676 1278 4732 multa
1325 4676 1395 4732 de
1444 4691 1505 4732 se
1545 4677 1874 4748 procreandi

237 4755 473 4819 naturam
506 4772 569 4821 et
596 4764 852 4819 virtutem
901 4763 1168 4833 reposuit,
1211 4764 1315 4820 etsi
1360 4764 1576 4821 diversa
1605 4779 1774 4836 grana
1804 4765 1873 4821 ab

235 4863 336 4907 uno
367 4853 668 4924 progenita
696 4865 857 4907 unam
904 4853 1125 4923 generis
1164 4853 1250 4908 sui
1297 4853 1537 4924 speciem
1570 4868 1877 4924 reprasen-

235 4944 383 4996 tant?
410 4941 562 5009 Quid
593 4941 790 4997 mirum
819 4942 865 4997 si
903 4942 1135 4998 diversa
1163 4943 1452 5000 sententia
1481 4944 1753 4999 sermonis
1771 4945 1877 4999 Do-

236 5027 412 5085 minici
436 5032 495 5086 in
520 5043 685 5087 unam
708 5031 864 5100 quasi
884 5029 1111 5087 formam
1136 5032 1381 5087 veritatis
1401 5032 1785 5089 concordant?
1810 5034 1879 5089 Et

234 5118 320 5185 qui
350 5133 517 5175 omne
540 5120 892 5174 seminarium
924 5118 1182 5175 fecundat
1212 5121 1598 5178 benedictione
1629 5136 1746 5189 sua,
1780 5137 1881 5179 cur

234 5218 410 5263 semen
463 5209 621 5264 verbi
651 5208 735 5263 sui
766 5209 821 5264 in
855 5209 1016 5264 unius
1046 5208 1360 5265 intellectus
1386 5212 1681 5282 stringeret
1711 5226 1880 5281 penu-

235 5295 306 5349 ria
326 5302 350 5351 ?
380 5299 495 5354 Nec
528 5298 829 5367 incongrue
855 5298 1013 5369 panis
1061 5297 1280 5352 nomine
1321 5297 1459 5355 ﬁdes
1488 5314 1589 5369 per
1616 5300 1880 5357 similitu-

236 5382 412 5442 dinem
463 5386 806 5458 designatur.
848 5388 1002 5443 Sicut
1049 5387 1192 5442 enim
1246 5388 1402 5457 panis
1456 5389 1627 5445 robur
1682 5397 1766 5445 est
1822 5391 1879 5446 in

237 5472 371 5529 cibis
402 5475 812 5544 corporalibus,
846 5476 927 5532 sic
953 5475 1090 5531 ﬁdes
1116 5483 1200 5532 est
1229 5475 1445 5530 initium
1476 5484 1531 5532 et
1558 5476 1884 5535 fundamen-

238 5569 345 5619 tum
367 5562 424 5620 in
445 5564 849 5635 spiritualibus.
873 5565 1014 5621 Hinc
1034 5564 1232 5621 Paulus
1250 5564 1353 5620 ait:
1373 5565 1662 5636 Participes
1691 5568 1887 5625 Christi

1957 4506 2123 4563 Paulo
2155 4520 2253 4576 per
2286 4518 2410 4560 eum
2431 4502 2813 4567 testiﬁcentur,
2846 4501 3143 4557 videamus.
3167 4503 3257 4558 Ait
3277 4504 3422 4559 enim
3453 4506 3598 4562 scri-

1957 4599 2095 4654 bens
2121 4595 2191 4651 ad
2221 4592 2508 4664 Ephesios,
2548 4592 2617 4647 ab
2649 4591 2735 4647 his
2780 4590 2874 4660 qui
2922 4591 3195 4646 seducunt
3236 4592 3404 4647 corda
3443 4594 3602 4652 inno-

1957 4686 2219 4752 centium,
2244 4688 2299 4739 et
2327 4682 2421 4752 qui
2452 4695 2511 4737 se
2540 4679 2927 4737 commendant
2954 4680 3095 4735 mala
3123 4694 3292 4750 opera
3320 4680 3601 4741 laudando

1957 4777 2190 4834 aliorum
2222 4773 2486 4842 deceptos
2521 4790 2533 4826 :
2566 4772 2733 4826 Nemo
2764 4784 2855 4824 vos
2880 4769 3095 4823 seducat
3120 4769 3360 4825 inanibus
3388 4771 3559 4830 verbis
3582 4795 3599 4830 .-

1956 4866 2246 4937 fornicutor
2275 4866 2366 4917 aut
2395 4874 2589 4916 avarus
2617 4873 2835 4929 regnum
2863 4858 2959 4912 Dei
2987 4872 3092 4912 non
3112 4859 3473 4929 possidebunt.
3506 4864 3603 4920 Est

1958 4968 2088 5010 vero
2117 4950 2408 5009 fornicatio
2439 4947 2707 5018 quidquid
2753 4946 2808 5001 in
2839 4945 2945 5001 hoc
2976 4950 3223 5016 patratur
3249 4964 3450 5020 genere
3482 4953 3602 5009 sine

1961 5042 2202 5114 legitima
2233 5038 2494 5095 connubii
2526 5034 2925 5093 contractione.
2949 5035 3008 5089 In
3030 5050 3191 5104 quem
3214 5036 3468 5108 laqueum
3490 5040 3604 5097 dia-

1962 5133 2075 5189 boli
2105 5144 2228 5188 cum
2259 5126 2573 5193 incidimus,
2604 5123 2819 5180 scilicet
2848 5129 2908 5179 ut
2936 5123 3250 5195 ignoremus
3279 5129 3454 5184 nostri
3483 5144 3606 5188 sce-

1961 5222 2095 5279 leris
2123 5218 2507 5290 patrationem,
2541 5213 2734 5284 procul
2766 5213 2936 5269 dubio
2984 5213 3038 5269 in
3081 5221 3377 5273 extremam
3409 5233 3608 5278 sensus

1964 5308 2151 5366 traditi
2181 5319 2368 5363 sumus
2397 5301 2862 5383 reprobationem.
2885 5303 3229 5359 Enumeratis
3246 5304 3391 5360 enim
3422 5308 3609 5367 multis

1965 5397 2190 5470 ﬂagitiis
2219 5397 2273 5450 in
2306 5408 2430 5464 qua
2460 5391 2694 5463 gentiles
2736 5391 3183 5458 devolvebantur,
3217 5405 3611 5467 exaggerantes

1965 5488 2334 5559 iniquitatem,
2350 5496 2518 5551 super
2535 5480 3110 5551 iniquitatem,Paulus
3137 5495 3258 5537 eum
3294 5485 3442 5553 gravi
3465 5499 3605 5543 con-

1966 5576 2258 5650 questione
2279 5570 2599 5628 subintulit:
2626 5570 2729 5639 Qui
2755 5586 2870 5626 cum
2914 5572 3079 5627 Deum
3097 5572 3473 5645 cognovissent,
3502 5592 3606 5632 non
