4104 6172
459 258 568 318 339

1404 263 1842 321 BERTHOLDUS
1879 265 2269 323 PRESBYTER
2305 265 2877 323 CONSTANTIENSIS.

3722 262 3831 318 340

461 388 808 457 cognouerunt
817 406 838 453 ,~
859 387 947 457 qui
967 384 1099 443 talia
1119 389 1299 457 agunt,
1331 386 1476 457 digni
1492 391 1611 443 sunt
1629 392 1813 455 morte,
1836 386 1970 445 illud
1991 404 2093 446 ans-
2109 391 2163 452 Α
2182 395 2344 447 cutor
2371 396 2718 461 peccatorem
2746 388 2980 457 inducit,
3003 394 3063 446 ut
3082 390 3249 447 verba
3275 389 3395 458 Dei,
3415 388 3617 460 quibus
3635 403 3670 445 a
3688 389 3830 447 malo

460 476 662 534 timans
696 474 895 532 malum
918 475 1463 546 perniciosissimum,
1496 476 1625 533 dum
1656 478 1712 534 in
1743 478 2108 551 ignorantiam

464 564 759 623 incidimus
777 570 1089 623 nostrorum
1104 572 1473 636 peccatorum.
1489 566 1590 635 Qui
1610 567 1753 623 enim
1774 568 1829 623 in
1848 570 2107 641 voragine

460 654 719 713 vitiorum
733 656 1052 727 ignoranter
1071 655 1364 726 absorptus
1387 656 1554 725 jacet,
1587 657 1864 727 quomodo
1893 658 1963 714 ad
1983 673 2107 729 poe-

465 745 752 803 nitentiam
774 746 1049 817 suspiret?
1067 746 1198 814 Quis
1219 746 1363 801 enim
1385 746 1453 801 de
1468 745 1718 817 ignorato
1734 747 1960 804 crimine
1983 763 2105 818 pce-

465 837 680 892 niteat?
699 835 854 904 Quod
881 835 928 891 si
959 836 1184 891 Satanas
1214 835 1539 892 subtrahere
1570 849 1679 892 non
1701 837 1943 907 potuerit
1960 839 2110 909 agni-

466 925 673 983 tionem
699 926 912 997 ﬂagitii,
938 924 1259 996 plerumque
1281 924 1574 997 persuadet
1593 927 1870 995 peccatori
1892 932 1953 983 ut
1980 941 2104 984 con-

465 1015 641 1072 fessus
662 1023 966 1086 peccatum,
990 1014 1244 1081 aestimet,
1270 1014 1398 1071 dum
1418 1029 1518 1086 pro
1539 1021 1693 1072 reatu
1715 1015 1925 1072 hostias
1946 1017 2108 1073 oﬂ‘ert

467 1105 828 1175 pmnitentiae,
854 1102 1086 1160 licenter
1108 1117 1267 1174 posse
1288 1103 1345 1159 in
1377 1104 1620 1174 ejusdem
1652 1104 1841 1176 ﬂagitii
1870 1105 2104 1162 volutari

469 1193 889 1251 consuetudine.
920 1194 1059 1249 Sunt
1088 1192 1233 1249 enim
1281 1193 1375 1263 qui
1422 1194 1479 1249 in
1525 1206 1711 1251 amore
1741 1194 1936 1252 illicito
1966 1196 2107 1252 etin

462 1297 666 1355 genere
696 1282 863 1340 simili
891 1282 1241 1354 delinquunt,
1274 1289 1329 1339 et
1377 1288 1557 1339 tamen
1596 1284 1665 1340 ad
1705 1284 2107 1343 confessionem

462 1378 517 1429 et
547 1372 988 1429 emendationem
1037 1369 1382 1443 confugiunt.
1430 1372 1538 1429 Sed
1583 1372 1713 1429 dum
1761 1388 1860 1444 per
1897 1374 2109 1431 hostias

461 1476 589 1518 suas
619 1462 676 1519 in
706 1460 883 1532 culpae
933 1461 1263 1533 purgatione
1307 1466 1556 1529 currunt,
1589 1474 1701 1518 non
1741 1463 1964 1535 segnius
2014 1478 2107 1522 eo-

462 1551 588 1608 dem
620 1564 780 1608 cmno
805 1549 1114 1607 voluntarie
1145 1564 1266 1606 sese
1298 1564 1488 1607 rursus
1516 1550 1788 1619 inﬁciunt,
1820 1550 1956 1609 falso
1999 1568 2108 1624 pu-

465 1645 646 1698 tantes
683 1645 745 1697 ut
783 1654 883 1711 per
906 1639 1115 1696 hostias
1144 1645 1330 1696 reatus
1370 1640 1644 1709 abluatur,
1676 1656 1800 1698 cum
1845 1655 2020 1711 mens,
2052 1648 2108 1700 et

2190 480 2535 551 prohibetur,
2566 479 2758 536 audire
2810 478 2969 546 nolit,
3001 484 3062 535 ut
3091 479 3248 549 quasi
3296 478 3554 535 licentius
3601 492 3830 547 peccare

2190 570 2383 640 possit.
2415 569 2570 638 Quod
2600 569 2800 626 Paulus
2844 568 3002 624 valde
3051 567 3301 624 terribile
3331 566 3593 634 ostendit,
3637 567 3732 637 qui
3760 567 3828 623 ad

2188 659 2504 717 Corinthios
2547 658 2796 716 scribens
2824 658 2901 714 ait
2934 678 2946 714 :
2979 657 3043 713 Si
3072 658 3187 729 quia
3222 658 3449 727 ignorat,
3481 655 3828 726 ignorabitur.

2826 783 3044 839 CAPUT
3080 782 3191 837 VII.

2187 901 2265 957 De
2292 899 2537 972 petitione
2562 900 2783 972 septima
2814 920 2829 953 .-
2864 917 2892 949 «
2930 900 3000 955 Et
3027 913 3092 953 nc
3119 912 3214 953 nos
3243 895 3461 953 inducas
3509 896 3566 951 in
3593 896 3837 953 temtatio-

2434 1004 2551 1044 nem
2582 1010 2598 1044 :
2627 988 2721 1044 sed
2749 987 2914 1043 libera
2942 1002 3036 1043 nos
3066 1002 3099 1043 a
3130 984 3288 1043 mata.
3329 986 3514 1042 Amen.
3548 1004 3576 1038 »

2260 1108 2405 1178 Ergo
2436 1119 2558 1161 cum
2591 1110 2672 1161 tot
2700 1104 2919 1160 insidiis
2961 1103 3029 1159 ab
3059 1102 3289 1173 antiquo
3328 1102 3486 1159 hoste
3525 1103 3834 1159 circumve-

2188 1195 2422 1263 niamur,
2464 1196 2520 1250 in
2550 1194 2751 1266 quibus
2788 1193 3119 1263 deprehensi
3151 1192 3375 1260 erimus,
3408 1198 3585 1248 morte
3625 1192 3836 1249 morie-

2188 1300 2328 1351 mur,
2370 1298 2595 1341 necesse
2626 1288 2710 1340 est
2736 1282 3068 1353 adjutorium
3090 1280 3248 1337 ducis
3268 1286 3323 1336 et
3343 1281 3637 1338 Salvatoris
3657 1283 3835 1338 nostri

2189 1374 2392 1432 Christi
2418 1375 2546 1430 Jesu
2577 1374 2852 1430 invocare.
2886 1372 3058 1444 Igitur
3105 1384 3324 1427 oramus
3370 1370 3641 1438 dicentes,
3673 1374 3742 1428 Et
3770 1388 3838 1428 ne

2189 1479 2285 1521 nos
2314 1463 2560 1527 inducas,
2590 1462 2646 1518 id
2688 1468 2771 1518 est
2816 1461 3103 1532 permittas
3146 1459 3355 1527 induci,
3396 1460 3834 1529 intentationem,

2189 1552 2403 1609 scilicet
2427 1557 2488 1608 ut
2515 1551 2574 1607 in
2602 1552 2710 1608 hoc
2743 1565 2853 1622 quo
2894 1553 3168 1607 tentamur
3195 1564 3228 1605 a
3256 1548 3500 1617 diabolo,
3532 1556 3714 1606 mente
3744 1550 3839 1606 de-

2189 1642 2476 1699 lectemur.
2500 1641 2611 1699 Sed
2636 1640 2803 1697 libera
2830 1655 2927 1696 nos
2946 1655 2980 1695 a
3003 1638 3163 1706 malo,
3185 1639 3243 1696 id
3260 1643 3344 1695 est
3364 1652 3394 1694 a
3416 1638 3629 1710 peccati
3656 1638 3841 1697 delec-

463 1729 738 1798 voluntas,
778 1734 835 1785 et
884 1729 1133 1800 Operatio
1191 1730 1249 1786 in
1300 1729 1490 1787 eadem
1537 1731 1703 1788 sorde
1748 1732 2103 1802 pervolvitur.
2126 1741 2174 1799 Β
2198 1736 2462 1798 tamento,
2492 1735 2602 1787 tam
2633 1729 2808 1786 nostri
2844 1742 3007 1799 quam
3035 1727 3220 1785 alieni.
3261 1728 3445 1784 Amen.
3476 1730 3552 1784 Ac
3591 1728 3639 1783 si
3678 1728 3837 1785 dica-

375 1850 379 1861 -
466 1820 606 1875 Hinc
637 1818 836 1876 Paulus
862 1819 940 1876 ait
972 1834 986 1873 :
1029 1817 1328 1876 Voluntarie
1353 1821 1490 1876 enim
1512 1820 1848 1892 peccantibus
1866 1822 1984 1892 jam
2009 1836 2113 1878 non
2194 1835 2314 1878 mus
2347 1841 2359 1877 :
2394 1822 2499 1879 Per
2527 1826 2603 1887 te,
2633 1819 2728 1889 qui
2759 1832 2821 1876 es
2866 1818 3088 1886 veritas,
3120 1817 3390 1889 quidquid
3438 1816 3529 1873 hic
3576 1817 3835 1888 petimus,

468 1906 777 1981 relinquitur
803 1907 975 1965 hostia
998 1922 1097 1982 pro
1121 1912 1358 1982 peccato.
1384 1909 1711 1981 Plerumque
1740 1910 1902 1968 etiam
1930 1925 2114 1983 perse-

2195 1909 2467 1968 efﬁciatur
2493 1909 2713 1967 veritas.

484 2115 3843 2159 ω

1700 2303 1889 2367 _CIRCA
1926 2303 2117 2345 ANNUM
2155 2302 2349 2344 DOMINI
2387 2301 2584 2344 MLXXX.

1463 2472 2763 2618 BERTHOLDUS

1234 2737 2274 2855 CONSTANTIENSIS
2348 2734 3056 2851 PRESBYTER

1137 3050 1584 3136 NOTITIA
1659 3048 2242 3137 HISTORICA
2305 3048 2442 3134 ET
2516 3045 3183 3133 LITTERARIA

1001 3220 1180 3293 (Apud
1218 3222 1281 3278 D.
1315 3222 1507 3290 Punrz,
1538 3223 1875 3278 Monumenta
1897 3223 2191 3280 Germania:
2214 3220 2486 3290 historica,
2518 3219 2719 3292 Script.
2753 3225 2887 3277 tom.
2922 3220 2981 3286 V,
3014 3232 3136 3291 pag.
3168 3216 3317 3288 264.)

542 3481 858 3538 Herimanni
886 3480 1136 3552 Agiensis
1185 3480 1491 3551 discipulus
1521 3486 1577 3537 et
1604 3480 1832 3549 amicus,
1864 3480 2111 3538 Berthol-
2131 3484 2173 3541 C
2194 3479 2565 3552 Sangallensis
2594 3479 2867 3550 integrum
2898 3477 3180 3536 Bertholdi
3212 3481 3419 3534 textum
3442 3477 3711 3543 exhibuit,
3742 3476 3843 3532 sed

469 3571 573 3628 dus
615 3572 723 3643 (1),
755 3574 1038 3642 Anonymo
1059 3570 1357 3628 Mellicensi
1391 3570 1455 3642 (2)
1479 3576 1639 3638 teste,
1663 3571 1837 3628 Vitam
1863 3572 2107 3644 magistri

471 3667 527 3718 et
554 3660 878 3718 Chronicam
917 3661 1159 3731 scripsit,
1194 3662 1351 3732 cujus
1379 3661 1601 3717 nonnisi
1639 3660 1939 3733 fragmenta
1978 3676 2107 3732 ope.

469 3750 624 3807 ribus
653 3749 969 3806 Herimanni
1000 3757 1056 3806 et
1083 3749 1343 3807 Bernoldi
1374 3751 1657 3806 commista
1686 3752 1743 3806 in
1772 3751 1931 3807 libris
1960 3765 2106 3809 non-

470 3838 640 3895 nullis
666 3838 832 3895 hodie
863 3842 1098 3895 exstant.
1129 3840 1265 3895 Nam
1311 3839 1406 3909 qui
1435 3839 1639 3896 saeculo
1669 3855 1745 3895 xu
1776 3840 1958 3897 medio
1988 3855 2106 3897 coa-

472 3927 627 3984 nobii
655 3928 924 3984 Murensis
960 3928 1018 3983 in
1064 3942 1222 3985 usum
1252 3927 1499 3984 codicem
1531 3929 1881 4000 conscripsit,
1915 3931 1968 3986 in
2000 3944 2110 4001 quo

472 4016 757 4073 historiam
779 4015 865 4088 (3)
889 4016 957 4072 ab
984 4017 1119 4072 orbe
1149 4015 1374 4073 condito
1397 4031 1571 4087 usque
1592 4017 1659 4073 ad
1680 4032 1881 4075 annum
1910 4020 2112 4077 Christi

477 4105 609 4160 1091
662 4120 729 4162 ex
772 4107 1035 4176 operibus
1073 4105 1254 4173 Bedae,
1301 4107 1621 4176 Reginonis,
1655 4108 1809 4164 Pauli
1847 4109 1916 4165 de
1945 4112 2116 4182 gestis

474 4194 861 4266 episc0porum
891 4195 1256 4261 Mettensium,
1280 4194 1600 4266 genealogia
1629 4198 1684 4253 S.
1724 4198 1953 4267 Arnulﬂ,
1993 4201 2115 4256 His-

477 4283 619 4341 toria
650 4298 838 4356 regum
860 4285 1191 4340 Francorum
1223 4280 1334 4355 (4),
1369 4287 1481 4340 tum
1503 4298 1568 4340 ex
1599 4285 1755 4342 libris
1776 4287 2111 4356 Herimanni,

474 4374 759 4432 Bertholdi
790 4382 846 4430 et
875 4373 1134 4431 Bernoldi
1173 4373 1541 4442 concinnavit,
1574 4388 1687 4431 non
1734 4376 1906 4447 magis
1953 4392 2113 4448 quam

473 4464 714 4537 scriptor
743 4462 953 4521 codicis
982 4462 1111 4521 olim
1148 4463 1531 4521 Gottwicensis
1558 4464 1725 4522 hodie
1754 4465 2029 4538 deperditi
2060 4472 2116 4524 et

2191 3569 2321 3627 inde
2352 3570 2421 3625 ab
2452 3582 2596 3626 anno
2622 3567 2779 3632 1054,
2804 3582 2912 3638 quo
2936 3566 3253 3624 Herimanni
3273 3565 3587 3623 Chronicon
3609 3564 3834 3629 desinit,

2192 3674 2366 3731 usque
2419 3660 2487 3716 ad
2525 3673 2725 3715 annum
2786 3656 2911 3712 1091
2969 3672 3036 3714 ex
3092 3656 3390 3712 Bertholdo
3457 3658 3514 3711 et
3566 3653 3842 3710 Bernoldo

2193 3749 2652 3807 consarcinatum.
2703 3749 2870 3818 Cujus
2916 3747 2996 3804 rei
3045 3746 3223 3804 omnis
3274 3745 3522 3802 adhibito
3573 3744 3831 3801 Bernoldi

2193 3839 2385 3895 codice
2414 3838 2756 3910 autographo
2789 3836 3002 3894 tollitur
3031 3836 3326 3903 dubitatio,
3358 3840 3414 3892 et
3442 3834 3683 3891 narratio
3704 3833 3835 3889 anni

2200 3927 2334 3983 1065
2353 3929 2409 3983 in
2431 3942 2540 3985 uno
2563 3926 2836 3983 Bernoldo
2865 3926 3080 3997 integra
3109 3932 3273 3996 atque
3299 3927 3467 3995 justa,
3499 3925 3555 3980 in
3594 3923 3826 3993 reliquis

2196 4018 2451 4076 omnibus
2469 4016 2658 4073 eadem
2678 4014 2792 4072 fere
2816 4014 3028 4071 ratione
3049 4014 3363 4084 depravata,
3378 4026 3721 4083 quaecunque
3743 4026 3841 4070 co-

2197 4109 2414 4165 dicibus
2440 4106 2817 4174 Gottwiccnsi,
2849 4104 3085 4161 Murensi
3114 4110 3170 4160 et
3199 4102 3534 4174 Sangallensi
3565 4116 3685 4158 cum
3706 4103 3840 4159 Ber-

2197 4197 2365 4255 noldo
2380 4194 2689 4252 communia
2700 4201 2848 4263 sunt,
2863 4208 2927 4249 ea
2938 4193 3005 4249 ad
3024 4192 3376 4259 Bernoldum,
3394 4192 3489 4262 qui
3502 4205 3690 4248 eorum
3702 4192 3843 4262 seip-

2197 4291 2643 4360 sum.auctorem
2692 4284 2959 4356 praedicat
2986 4282 3060 4355 (5)
3092 4290 3148 4340 et
3195 4295 3339 4339 anno
3395 4279 3529 4335 1073
3558 4280 3842 4338 scribendi

2196 4378 2411 4434 initium
2460 4374 2610 4443 fecit,
2645 4373 2935 4432 referenda
2983 4388 3105 4430 esse
3146 4376 3416 4430 monstrat
3462 4370 3551 4442 (6).
3606 4370 3843 4441 Reliqua

2197 4467 2450 4525 codicum
2476 4480 2623 4537 pars,
2657 4480 2782 4537 quae
2819 4476 3071 4521 sermone
3102 4462 3301 4519 diﬁ‘uso
3345 4460 3592 4519 involuto
3622 4466 3679 4516 et
3704 4460 3845 4516 sub-

2053 4601 2272 4657 NOTAE.

547 4730 639 4817 (12
674 4729 1154 4817 Nomennprodidit
1180 4731 1308 4789 cod.
1332 4731 1601 4788 Murensis
1619 4745 1708 4787 an.
1735 4731 1834 4786 741
1870 4738 1928 4790 et
1952 4733 2170 4812 1054,D
2189 4733 2370 4817 tracti,
2404 4738 2459 4790 et
2489 4690 3842 4817 discipuliejus_Be‘rtholdi,:atque‘dqm_nimDer:

468 4819 522 4860 v.
555 4802 696 4859 infra
723 4806 842 4858 not.
884 4802 938 4858 3.

543 4873 628 4944 (2)
670 4875 730 4928 1n
756 4874 900 4929 libro
930 4873 1000 4930 de
1029 4875 1120 4930 SS.
1163 4873 1573 4942 ecclesiasticis,
1606 4888 1727 4944 cap.
1769 4874 1859 4929 92.

653 4944 733 5000 Ad
763 4958 853 4999 an.
883 4944 984 4998 741
1009 4946 1130 5002 hac
1149 4946 1379 5029 scribit:
1409 4964 1436 4994 ι
1466 4947 1762 5030 ﬂuensque
1793 4948 1936 5031 Deda
1955 4963 2116 5005 vene-

544 5032 586 5071 οι
612 5030 660 5071 ts
699 5016 989 5071 nresbvter
1027 5017 1345 5071 chronicam
1374 5030 1527 5071 suam
1556 5032 1613 5071 in
1643 5032 1836 5071 maiori
1869 5020 1937 5071 de
1968 5025 2112 5071 tem-

467 5016 660 5074 rabilis
699 5016 989 5087 presbyter
1027 5017 1345 5072 chronicam
1374 5030 1527 5072 suam
1556 5017 1613 5073 in
1643 5021 1836 5087 majori
1869 5020 1937 5075 de
1968 5025 2112 5075 tem-

466 5088 699 5160 poribus
728 5086 884 5160 libro
905 5087 1186 5160 produxit,
1230 5088 1607 5160 continentem
1637 5089 1705 5144 ab
1733 5086 1892 5147 initio
1925 5092 2113 5149 mundi

464 5159 773 5232 Secundum
799 5159 1112 5232 hebraicam
1133 5159 1418 5232 veritatem
1449 5172 1625 5215 annos
1651 5161 1738 5216 IV.
1776 5163 2111 5232 DCLXXX,

462 5237 548 5286 set
571 5230 739 5285 multa
758 5229 1067 5285 intermista
1088 5236 1216 5286 sunt
1237 5230 1306 5286 de
1331 5230 1611 5286 chronicis
1622 5233 1903 5300 cujusdam
1919 5229 2115 5300 Regin-

461 5302 629 5374 nonis
656 5301 968 5374 Bremensis
1002 5300 1130 5374 (lege
1160 5301 1512 5374 Prumiensis)
1561 5303 1796 5368 abbatis,
1829 5304 1923 5374 qui
1981 5300 2115 5362 des-

464 5372 661 5442 cripsit
688 5373 760 5447 ab_
780 5373 1159 5447 incarnatione
1178 5373 1393 5447 Domini
1415 5373 1690 5443 incipiens
1709 5388 1774 5431 ac
1794 5372 2115 5447 pertingens

461 5458 642 5513 usque
697 5443 762 5499 ad
806 5445 1152 5501 D.CCCC.VI.
1185 5444 1397 5501 Abhinc
1444 5451 1623 5501 autem
1665 5443 2109 5515 quaesecuntur.

461 5520 686 5584 sumpta
715 5523 844 5570 sunt
873 5529 939 5571 ex
968 5516 1217 5585 apicibus
1246 5523 1485 5586 quatuor
1516 5524 1827 5583 auctorum,
1859 5517 2115 5575 videlicet

458 5601 528 5658 pr
541 5586 856 5649 mnominati
877 5587 1159 5644 Bremonis
1177 5587 1411 5656 abbatis,
1434 5587 1622 5645 domni
1646 5588 1941 5646 Hermanni
1963 5590 2113 5647 Con-

2199 4804 2350 4862 noldi
2400 4800 2706 4875 presbyteri
2747 4802 2924 4875 sancti
2968 4800 3154 4875 Blasii.
3196 4800 3291 4875 Isti
3322 4812 3469 4875 vero
3519 4807 3852 4875 percurrunt

2198 4878 2312 4932 suis
2342 4870 2768 4945 scriptis'usque
2799 4874 2856 4927 in
2887 4871 3422 4942 annum'Dominicae
3453 4870 3853 4926 incarnationis

2198 4949 2358 4996 M_v1-
2404 4946 2561 4996 «Sed
2593 4944 3010 4996 intelligendum
3036 4943 3404 4996 essetvidetur
3441 4940 3595 4996 1091.

2197 4949 2358 5004 M.V1.
2404 4943 2562 5003 «Sed
2592 4944 3010 5015 intelligendum
3036 4943 3404 5012 esseivmelur
3441 4943 3595 4996 1091.

2270 5018 2344 5090 ‘4)
2388 5033 2439 5074 ν·
2478 5018 2573 5090 SS:
2597 5023 2658 5090 -ιο
2691 5017 2756 5083 ιιι
2790 5014 3021 5090 91.324.
3037 5014 3186 5070 325..
3224 5013 3231 5021 ·

2269 5085 2335 5162 (5)
2379 5087 2636 5162 Bernold.
2670 5100 2760 5141 an.
2799 5085 2953 5162 1086.
3032 5124 3051 5162 ρ-
3299 5130 3303 5134 .

2270 5154 2343 5228 (6)
2386 5161 2481 5215 His
2510 5161 2586 5214 ita
2613 5157 2911 5228 propositis
2938 5157 3404 5228 varias.priorum_
3422 5155 3757 5228 scriptorum
3783 5154 3853 5211 de

2198 5225 2497 5288 Bertholdo
2530 5225 2833 5285 sententias
2863 5225 3120 5298 repetere
3149 5225 3212 5283 et
3254 5225 3507 5283 refellere
3536 5225 3683 5281 haud
3731 5240 3851 5281 am-

2198 5302 2343 5372 plius
2401 5300 2770 5357 necessarium
2828 5300 3124 5355 videbitur.
3183 5301 3243 5354 V.
3285 5298 3638 5372 Ussermanni
3702 5311 3852 5372 pra;-

2196 5370 2434 5429 fationes
2462 5380 2503 5428 t.
2555 5375 2597 5436 1,
2639 5373 2724 5438 11;
2768 5372 3055 5427 Prodromi
3087 5372 3266 5426 Germ.
3309 5371 3511 5433 Sacrae,
3552 5370 3761 5424 Docen.
3798 5370 3851 5424 in

2194 5444 2414 5500 Archiv.
2448 5444 2540 5511 lll,
2573 5446 2615 5510 Ι,
2657 5457 2823 5514 sqq.;
2865 5444 3070 5513 Dumge
3121 5443 3413 5514 et_Mone,_
3439 5439 3577 5495 ibid.
3608 5439 3857 5514 _lll,_2_09

2404 5510 2636 5572 Stenzel.
2669 5510 2865 5572 Gesch.
2926 5514 2980 5570 d.
3010 5510 3249 5568 'Frauk.
3320 5511 3534 5579 Kaiser,
3599 5511 3654 5580 2,
3732 5510 3853 5579 100,
