4100 6166
1479 237 1746 296 ΝΟΤΙΤΙΑ
1781 239 1954 297 HIST.
1994 239 2077 298 ET
2114 241 2284 298 LlTT.
3461 246 3571 309 342

240 367 443 424 obscuro
471 377 502 418 a
529 361 796 419 brevitate
821 369 876 420 et
907 363 1296 434 perspicuitate
1327 363 1584 420 Bernoldi
1614 365 1847 433 recedit,
1858 366 2060 428 Anicae
2089 367 2220 423 inde
2248 368 2316 423 ab
2347 369 2481 424 orbe
2511 371 2736 427 condito
2785 373 3102 429 exhibuisse
3148 376 3385 445 videtur,
3431 379 3571 436 reli-

239 451 502 512 Bertholdo
548 452 839 509 tribuenda
873 458 1010 509 erat.
1045 455 1213 523 Cujus
1242 459 1503 522 quantum
1533 453 1652 508 ﬁeri
1685 461 1846 524 pote-
1931 457 2026 526 qui
2056 463 2262 513 textum
2293 457 2422 514 inde
2453 459 2520 514 ab
2549 473 2639 515 an.
2672 461 2875 518 Christi
2919 461 3018 516 144
3066 464 3268 520 sistunt
3297 480 3363 521 ex
3392 469 3568 525 Chro‘

239 550 308 600 rat
333 541 674 598 restituendae
704 542 1008 611 periculum
1030 541 1291 607 facturus,
1324 547 1530 598 textum
1559 542 1628 597 ab
1660 544 1848 599 Usser-
1931 546 2071 602 nicis
2096 547 2396 617 Reginonis
2426 547 2558 618 (14),
2596 550 2908 606 Herimanni
2942 557 3105 622 prout
3135 553 3190 608 in
3223 554 3415 610 codice
3446 559 3574 612 San-

239 645 408 689 manno
435 630 636 685 auxilio
661 631 937 700 praecipue
959 630 1170 686 codicis
1189 630 1456 686 Murensis
1477 631 1843 700 propositum,
1929 635 2159 708 gallensi
2185 638 2521 704 continetur,
2537 639 2818 696 Bertholdi
2839 641 3161 698 etBernoldi
3183 645 3569 713 compositum.

237 720 448 778 omnium
487 733 720 790 quorum
777 721 938 790 copia
986 721 1117 776 mihi
1156 719 1298 776 facta
1345 725 1429 775 est
1474 720 1846 776 subsidiorum
1929 725 1995 778 Et
2020 738 2085 780 ea
2113 725 2336 794 quidem
2370 734 2523 796 parte
2557 742 2679 784 cum
2717 731 3068 786 Cottwicensi
3108 747 3282 802 usque
3312 733 3378 789 ad
3411 734 3573 790 tinem

236 824 323 880 ope
349 807 642 864 emendavi.
676 811 814 864 Sunt
840 816 1021 864 autem
1050 809 1170 865 haec
1205 829 1218 864 :
1928 813 2058 868 anni
2092 812 2227 866 1079
2257 816 2553 882 consentit,
2606 824 2718 873 tum
2749 833 2876 874 vero
2908 819 3210 890 fragmento
3257 823 3385 878 anni
3439 821 3573 877 1080

298 896 366 968 1.)
397 896 529 954 Cod.
563 897 692 954 olim
726 897 1128 963 Gottwicensis,
1159 897 1228 952 ab
1260 899 1624 954 Ussermanno
1653 897 1846 954 lauda-
1930 901 2154 964 omisso,
2212 916 2379 958 unum
2436 905 2765 962 Bernoldum
2819 909 3101 975 exscribit,
3162 916 3217 966 et
3283 911 3338 967 in
3387 911 3572 966 verbis

235 997 307 1043 tus
333 986 569 1057 quidem,
619 987 716 1043 sed
767 1001 878 1044 non
925 987 1141 1057 integer
1169 986 1441 1054 evolutus,
1473 987 1639 1044 hodie
1670 988 1802 1044 latet
1832 1009 1846 1056 ;
1930 991 2058 1044 anni
2095 988 2222 1042 1091
2259 991 2354 1044 sub
2384 995 2738 1050 communione
2769 1000 3330 1055 excommunicatorum
3360 1001 3575 1072 deperi-

230 1077 320 1132 nisi
349 1075 596 1133 eumdem
625 1075 793 1133 fuisse
823 1077 1067 1146 opineris
1096 1075 1192 1146 qui
1930 1085 2043 1134 rent
2092 1080 2360 1135 subsistit.
2412 1082 2564 1137 Folia
2602 1084 2713 1140 duo
2763 1085 2952 1141 ultima
2990 1091 3292 1144 sententias
3323 1105 3390 1146 ex
3419 1091 3570 1146 Pauli

295 1166 382 1231 1'.)
409 1165 464 1221 in
514 1165 851 1222 bibliotheca
905 1165 1149 1222 Palatina
1205 1164 1618 1221 Vindobonensi
1676 1162 1845 1220 Catal.
1932 1168 2170 1225 Historia
2228 1169 2710 1240 Langobardorum
2740 1173 3032 1244 decerptas
3090 1178 3370 1236 exhibent.
3411 1181 3570 1237 Manu

240 238 321 296 341

226 1255 622 1312 Schwandtneri
673 1262 712 1310 t.
761 1257 829 1321 11,
864 1270 919 1325 p.
950 1254 1048 1308 451
1087 1255 1386 1324 inscriptus
1413 1259 1723 1309 asservatur
1757 1251 1844 1323 (7)

227 1353 290 1412 et,
320 1343 590 1401 referente
618 1344 864 1402 Chmelio
892 1352 1103 1411 nostro,
1134 1343 1340 1400 saeculo
1371 1359 1507 1398 xvm
1536 1343 1762 1399 ineunte
1792 1342 1848 1397 in

224 1434 393 1490 charta
439 1439 696 1490 exaratus
760 1439 862 1490 est.
913 1434 1138 1491 Orditur
1179 1448 1230 1490 a.
1285 1431 1439 1499 1053,
1489 1433 1579 1490 his
1619 1431 1847 1488 verbis:

1931 1257 2119 1313 sreculi
2150 1272 2241 1313 x1v
2272 1257 2414 1313 haud
2466 1273 2638 1328 pauca
2671 1262 2870 1330 passim
2918 1265 2974 1318 in
3022 1267 3266 1337 margine
3295 1269 3573 1336 adnotata,

1933 1353 1988 1401 et
2017 1347 2258 1402 carmina
2288 1347 2570 1418 complura
2619 1349 2759 1405 locis
2801 1352 2988 1408 vacuis
3019 1353 3225 1411 inserta
3255 1362 3403 1413 sunt.
3435 1357 3578 1413 Scri-

1934 1442 2110 1505 ptura:
2138 1436 2416 1506 specimen
2448 1437 2789 1508 subjicimus.

225 1526 505 1593 Imperator
531 1539 646 1580 cum
674 1524 861 1580 domno
886 1539 1031 1595 papa
1061 1524 1404 1580 Natiuitatem
1440 1522 1648 1578 Domini
1690 1524 1853 1576 Wor-
2004 1526 2082 1580 Ex
2111 1526 2369 1593 Murensi,
2402 1527 2598 1598 pagina
2645 1534 2824 1583 tamen
2880 1543 2987 1585 una
3034 1531 3235 1588 omissa
3267 1533 3580 1605 descriptus

224 1614 379 1668 mutue
406 1614 543 1685 egit,
574 1619 630 1669 et
684 1626 775 1668 an.
839 1612 972 1667 1080
1016 1614 1075 1669 in
1122 1613 1302 1670 media
1338 1612 1611 1668 sententia
1650 1611 1852 1680 Deiju-
1933 1621 2018 1669 est
2060 1633 2072 1669 :

224 1701 343 1757 dicio
366 1702 729 1772 pracipitatus
776 1706 874 1767 est,
928 1702 1201 1758 thesaurus
1248 1706 1420 1758 autem
1465 1705 1676 1772 propter
1703 1699 1919 1770 quemB
2004 1703 2108 1770 2'.)
2138 1703 2272 1759 Cod.
2323 1704 2803 1776 Engelbergensis,
2844 1721 3005 1777 quem
3038 1722 3196 1778 teque
3225 1722 3314 1765 an.
3354 1708 3490 1764 1837
3519 1713 3577 1768 in

224 1789 426 1845 desinit.
460 1791 638 1860 Eque
669 1805 732 1846 ac
761 1790 939 1846 codex
991 1791 1260 1848 Murensis
1307 1794 1566 1860 excerpta
1595 1787 1851 1846 Bernoldi
1934 1794 2271 1850 monasterio
2302 1808 2544 1850 summos
2591 1796 2738 1852 inter
2779 1797 2944 1866 Alpes
3001 1799 3306 1856 constituto
3356 1799 3574 1866 evolvi;

223 1884 269 1933 et
294 1878 576 1935 Bertholdi
634 1880 917 1935 commista
975 1879 1218 1945 exhibet,
1266 1880 1426 1935 annis
1462 1875 1597 1932 1068
1628 1884 1682 1933 et
1717 1876 1854 1932 1076
1934 1882 2076 1948 mbr,
2127 1897 2256 1939 δίει).
2305 1899 2382 1940 xu
2439 1885 2493 1940 in
2543 1883 2676 1941 folio
2731 1900 2947 1956 magno,
2991 1888 3086 1944 sed
3125 1889 3281 1959 cujus
3310 1889 3580 1946 lectiones

222 1968 396 2036 paucis
437 1966 624 2024 verbis
667 1967 856 2034 ditior,
919 1981 1064 2023 anno
1117 1966 1252 2021 1080
1307 1966 1668 2038 fragmentum
1724 1968 1852 2022 Ber-

221 2055 381 2113 tholdi
411 2071 557 2114 unus
585 2057 828 2114 omnium
857 2059 1110 2124 servavit,
1167 2063 1223 2114 et
1259 2071 1354 2112 an.
1399 2055 1534 2110 1727
1561 2058 1629 2112 ab
1657 2057 1850 2113 Hansi-

219 2145 291 2201 zio
324 2146 407 2218 (8)
439 2147 715 2214 laudatus,
750 2149 1115 2204 Ussermanno
1166 2147 1427 2204 innotuit.
1460 2146 1624 2203 Liber
1651 2147 1721 2202 ab
1753 2146 1853 2202 ho-

216 2235 348 2290 mine
396 2235 658 2306 imperito
712 2237 936 2307 quidem
981 2237 1065 2293 vel
1124 2237 1432 2308 negligente
1480 2235 1848 2305 conscriptus,

216 2322 422 2395 integer
474 2331 656 2381 tamen
703 2325 759 2381 in
819 2340 934 2382 rem
988 2333 1232 2382 nostram
1262 2325 1664 2382 convertendus
1692 2330 1847 2391 erat;

213 2425 308 2481 qua
332 2412 407 2469 de
443 2427 507 2469 re
553 2427 675 2469 cum
714 2413 783 2469 ad
829 2413 1131 2470 Cbmelium
1184 2419 1433 2470 nostrum
1481 2413 1846 2482 scripsissem,

212 2502 311 2557 voti
342 2503 462 2558 mei
493 2516 719 2572 compos
747 2501 924 2560 factus
951 2519 1091 2572 sum,
1124 2510 1180 2559 et
1211 2509 1478 2572 praeterea

273 2590 370 2659 1³.)
404 2591 658 2648 codicem
689 2591 1041 2648 bibliothecae
1073 2591 1316 2661 ejusdem
1363 2591 1509 2646 inter
1555 2590 1852 2647 historicos

211 2679 470 2748 profanos
503 2694 558 2737 n.
591 2681 699 2736 672
737 2683 952 2751 (recens
979 2695 1040 2738 ιι.
1066 2681 1197 2751 540)
1225 2681 1518 2752 signatum,
1551 2681 1647 2750 qui
1679 2680 1849 2735 Vitam

210 2769 524 2824 Herimanni
555 2771 824 2837 continet,
875 2784 998 2826 cum
1029 2770 1273 2826 editione
1302 2769 1584 2825 Muratorii
1620 2769 1685 2839 (9)
1719 2769 1848 2824 inde

212 2859 412 2925 proﬂua
441 2859 543 2914 sed
575 2859 732 2915 valde
763 2859 1025 2915 mendosa
1054 2859 1294 2915 conferri
1325 2858 1562 2914 obtinui.
1595 2859 1848 2914 Occurrit

208 2945 274 3001 ibi
303 2948 357 3003 in
387 2949 670 3004 Chronico
716 2949 932 3005 Ottonis
988 2947 1352 3020 Frisingensis
1412 2949 1558 3003 inter
1615 2947 1742 3002 libri
1789 2963 1843 3002 γι

1931 1970 2126 2026 afferre
2156 1985 2339 2041 operte
2373 1972 2608 2042 pretium
2639 1987 2748 2030 non
2780 1973 2968 2031 fuerit.
2993 1977 3204 2032 Desinit
3231 1977 3427 2034 iisdem
3457 1993 3577 2034 ver-

1933 2060 2018 2116 bis
2046 2074 2111 2116 ac
2141 2061 2428 2117 Murensis.

2003 2148 2089 2220 3.)
2121 2151 2257 2206 Cod.
2290 2150 2421 2206 olim
2469 2151 2859 2221 Sangallensis,
2892 2166 2923 2207 a
2965 2153 3174 2210 Joanne
3222 2154 3488 2211 Sichardo
3523 2147 3576 2210 in

1934 2239 2262 2296 collectione
2292 2239 2689 2295 Chronicorum
2731 2241 3027 2296 Basileensi
3058 2256 3147 2298 an.
3183 2242 3319 2297 1529
3347 2258 3580 2313 expres-

1933 2343 2046 2396 sus,
2075 2330 2232 2399 cujus
2261 2343 2418 2399 aeque
2448 2344 2512 2384 ac
2542 2329 2881 2399 reliquorum
2913 2344 3078 2399 supra
3111 2345 3233 2401 pag.
3291 2331 3360 2383 74
3418 2346 3577 2388 men-

1933 2418 2139 2473 tionem
2169 2417 2296 2484 feci,
2325 2420 2436 2488 jam
2465 2432 2555 2473 an.
2593 2417 2730 2472 1066
2759 2419 2814 2474 in
2847 2418 3025 2474 media
3052 2419 3324 2475 sententia
3354 2435 3421 2475 ex
3450 2422 3579 2477 Ber-

1933 2506 2102 2563 noldo
2133 2507 2418 2577 desumpta
2457 2505 2552 2562 alii
2581 2508 2683 2563 duo
2736 2523 2921 2563 manus
2965 2523 3092 2563 suos
3122 2507 3415 2564 lacerantes
3449 2509 3571 2581 (15)

1933 2595 2138 2660 deﬁcit,
2171 2610 2366 2667 magno
2396 2602 2545 2653 certe
2586 2597 2663 2652 rei
2696 2603 2899 2653 nostra:
2930 2597 3300 2665 incommodo,
3352 2613 3474 2654 cum
3518 2600 3574 2655 in

1933 2697 2000 2739 eo
2028 2689 2212 2739 textus
2260 2686 2458 2754 passim
2507 2686 2670 2754 paulo
2718 2686 2971 2756 amplior,
3005 2693 3059 2741 et
3097 2701 3258 2756 quem
3289 2687 3357 2743 ad
3397 2688 3575 2757 ipsum

1932 2773 2286 2828 Bertholdum
2335 2775 2580 2842 proxime
2609 2775 2875 2830 accedere
2912 2774 3034 2845 (16)
3067 2774 3225 2831 facile
3274 2776 3570 2846 intelligas,

1930 2869 2177 2916 servatus
2224 2862 2316 2925 sit,
2367 2863 2484 2917 Vita
2534 2867 2711 2917 tamen
2773 2863 3087 2918 Herimanni
3122 2871 3370 2935 excepta,
3419 2867 3575 2934 cujus

1929 2947 2150 3003 nonnisi
2174 2947 2366 3017 paucis
2391 2948 2574 3003 verbis
2611 2949 2942 3005 mentionem
2974 2950 3169 3019 injicit.

209 3037 374 3105 capita
404 3038 471 3092 15
502 3043 559 3093 et
597 3037 658 3092 l6
687 3039 912 3104 inserta,
937 3045 992 3094 et
1019 3039 1224 3094 saeculo
1256 3054 1352 3094 xm
1383 3038 1695 3108 conscripta
1725 3052 1845 3094 esse
1867 3025 1910 3084 C
2001 3038 2208 3104 Quibus
2253 3038 2515 3094 subsidiis
2560 3039 2799 3107 adjutus,
2833 3039 2887 3093 in
2943 3045 3094 3095 textu
3124 3040 3464 3096 restituendo
3495 3041 3570 3096 ita

207 3123 395 3194 legitur
423 3127 482 3182 in
515 3127 751 3182 Cbmelii
783 3127 1105 3183 recensione
1137 3126 1389 3183 codicum
1447 3141 1578 3182 mss.
1632 3125 1838 3182 biblio-

208 3212 367 3270 theca:
398 3215 851 3272 Vindobonensis
885 3214 1032 3286 (10).

263 3302 344 3374 2.)
378 3305 520 3361 Cod.
582 3305 897 3360 monasterii
936 3305 1204 3361 Murensis
1251 3306 1306 3360 in
1365 3305 1629 3372 Helvetia,
1675 3317 1839 3374 quem

206 3405 333 3449 anno
367 3393 506 3449 1837
538 3396 598 3451 in
630 3393 754 3451 loco
803 3402 932 3451 tunc
972 3393 1333 3451 celeberrimo
1365 3409 1610 3465 praesens
1640 3395 1837 3460 evolvi,

205 3483 648 3542 membranaceus
677 3485 733 3540 in
771 3483 926 3552 folio,
957 3484 1163 3541 saeculo
1193 3500 1269 3540 xu
1301 3485 1482 3540 medio
1506 3499 1537 3540 a
1567 3485 1839 3553 scriptore

204 3570 458 3644 diligenti,
492 3574 707 3646 quique
764 3574 984 3631 nonnisi
1035 3574 1225 3644 paucis
1273 3574 1556 3630 erroribus
1586 3573 1841 3628 commis-

204 3659 270 3716 sis
297 3661 416 3735 (11)
453 3673 511 3720 et
540 3663 772 3720 vocibus
801 3663 1011 3732 aliquot
1041 3677 1140 3718 suo
1171 3663 1334 3719 modo
1365 3661 1587 3730 scriptis
1617 3660 1725 3732 (12)
1757 3674 1843 3715 er-

206 3752 406 3818 raverit,
459 3758 722 3808 exoratus
769 3759 852 3806 est
908 3750 1029 3820 (13).
1100 3753 1326 3806 Constat
1384 3749 1842 3819 quaternionibus

203 3838 396 3908 viginti,
431 3856 677 3913 quorum
725 3847 905 3896 tamen
954 3840 1231 3896 secundus
1279 3839 1503 3906 excidit,
1553 3838 1742 3894 addito
1785 3838 1840 3892 in

203 3927 296 3982 line
348 3931 702 3997 duernione;
763 3931 970 4001 primus
1026 3930 1316 4000 quaternio
1372 3929 1579 3984 inserta
1645 3927 1839 3998 pagina

203 4017 398 4076 tabulas
454 4021 886 4090 chronologicas
941 4019 1069 4075 inde
1116 4033 1146 4073 a
1194 4018 1411 4074 Christo
1459 4023 1588 4072 nato
1639 4017 1706 4071 ad
1746 4030 1835 4071 an.

207 4104 325 4161 1175
374 4125 557 4181 usque
609 4109 875 4179 subjectis
924 4107 1168 4164 numeris
1213 4121 1481 4164 annorum
1527 4104 1839 4161 1176-1218

202 4194 438 4266 exhibet;
473 4198 774 4270 quaternio
803 4197 1080 4254 secundus
1099 4195 1420 4267 deperditus
1441 4196 1658 4252 initium
1679 4195 1840 4251 chro-

1925 3139 2250 3196 progressus
2277 3141 2418 3192 sum,
2453 3132 2511 3182 ut
2540 3127 2698 3182 annis
2760 3127 3070 3183 1054-1066
3117 3134 3171 3184 et
3216 3127 3567 3186 10801ectio-

1924 3228 2047 3270 nem
2079 3216 2357 3284 praecipue
2409 3215 2813 3286 Sangallensem
2874 3217 3260 3286 exprimerem,
3320 3231 3387 3273 ex
3435 3219 3564 3274 Ber-

1923 3303 2090 3360 noldo
2122 3304 2364 3360 derivata
2402 3306 2618 3360 cursivo
2671 3305 2988 3361 charactere
3045 3306 3243 3361 excudi
3293 3319 3562 3371 curarem,

1923 3392 1979 3446 in
2012 3393 2130 3448 Vita
2186 3397 2366 3448 autem
2407 3394 2724 3448 Herimanni
2755 3401 2810 3448 et
2849 3395 2907 3448 in
2939 3401 3093 3462 parte
3121 3395 3317 3461 Operis
3355 3393 3568 3461 reliqua

1922 3482 2080 3536 annis
2108 3482 2322 3537 scilicet
2351 3480 2672 3546 1067-1079,
2697 3486 2903 3536 textum
2933 3495 3038 3550 ope
3061 3481 3272 3536 codicis
3302 3482 3572 3536 Murensis

1923 3569 2310 3635 emendarem;
2344 3570 2491 3638 quod
2542 3581 2652 3624 non
2679 3569 2797 3623 sine
2828 3567 3010 3624 fructu
3046 3567 3300 3624 effectum
3331 3569 3570 3626 lectores

1922 3657 2081 3713 facile
2113 3657 2570 3712 animadvertant.

1995 3747 2323 3802 Bertholdus
2361 3761 2427 3802 ex
2476 3747 2761 3816 ipsiusmet
2789 3746 2972 3801 verbis
2998 3746 3330 3803 Alamannus
3361 3745 3484 3817 (l7)
3519 3752 3575 3803 et

1924 3836 2229 3893 dimceseos
2285 3837 2721 3893 Constantiensis
2781 3835 2964 3891 incola
3025 3835 3147 3907 (18)
3211 3837 3569 3908 agnoscitur;

1924 3932 2084 3982 aetate
2135 3927 2449 3982 llerimanni
2499 3926 2614 3983 fere
2663 3925 2892 3997 aequalis
2948 3924 3097 3997 (l9),
3149 3926 3217 3981 ab
3267 3941 3334 3984 eo
3379 3927 3569 4000 Augiae

1923 4015 2174 4082 edoctus,
2209 4023 2332 4086 post
2363 4017 2569 4072 obitum
2626 4016 2784 4071 amici
2845 4015 3024 4070 locum
3075 4016 3193 4086 ejus
3225 4014 3346 4088 (20)
3381 4017 3439 4072 in
3470 4017 3571 4073 do-

1922 4107 2112 4163 cendis
2163 4107 2508 4162 scholasticis
2558 4120 2782 4162 ornasse
2829 4105 3065 4171 videtur,
3117 4106 3322 4162 doctor
3358 4107 3573 4164 scilicet

1921 4196 2195 4267 egregius,
2231 4201 2286 4252 et
2317 4196 2372 4252 in
2413 4197 2585 4252 sacris
2643 4195 2844 4251 litteris
2906 4193 3030 4263 ('21)
3091 4195 3339 4264 apprime
3388 4196 3572 4252 erudi-

1764 4305 1978 4360 NOTrE.

262 4410 330 4477 ('7)
357 4413 610 4478 Archiv.,
644 4413 709 4477 11,
744 4427 797 4480 p.
829 4410 955 4465 461.

1853 4409 2393 4470 DContinuationem
2443 4407 2745 4478 Reginonis
2794 4419 2967 4475 usque
2996 4404 3075 4478 ad
3100 4417 3197 4478 an.
3225 4403 3332 4458 939
3361 4405 3567 4478 exscri-

260 4475 324 4553 (8)
353 4487 409 4539 In
439 4475 760 4541 Germania'
792 4485 955 4538 Sacra
979 4524 994 4548 ,
1029 4489 1070 4536 t.
1105 4483 1145 4546 l,
1179 4495 1234 4550 p.
1281 4479 1539 4546 264-266,
1571 4484 1832 4551 excerpta
1917 4487 2084 4553 ptam,
2118 4481 2172 4535 in
2217 4480 2446 4553 vocibus
2498 4475 2904 4553 Caprimontem
2956 4475 3246 4553 obsidione
3307 4475 3570 4553 relinquit

199 4564 448 4610 annorum
496 4554 808 4610 1076-1379
837 4555 1011 4610 dedit.

257 4623 541 4698 (911mm.
580 4627 844 4698 Italiae,_t.
881 4627 1066 4698 115p.
1100 4622 1226 4678 933.

259 4695 454 4768 (101T.
500 4695 546 4760 Ῑ,
592 4713 710 4768 pag.
752 4695 880 4764 550,
920 4696 1045 4750 551.

258 4763 357 4845 lli)
386 4763 606 4845 auditu
636 4763 876 4834 errante,
917 4783 967 4845 e.
1007 4783 1060 4837 g.
1102 4763 1226 4845 caelo
1258 4765 1381 4845 loco
1410 4763 1541 4820 zelo.
1775 4833 1786 4845 ο

258 4839 358 4904 (12)
393 4842 661 4897 Litteram
698 4856 727 4894 c
773 4846 828 4895 et
872 4855 906 4910 p
956 4836 1078 4895 loco
1106 4843 1130 4910 γι
1167 4842 1222 4892 et
1259 4836 1327 4910 Ab;
1350 4836 1826 4910 nonnunquamin

199 4910 406 4981 yocibus
429 4913 683 4981 justicia,
713 4905 932 4977 viciufn,
968 4909 1232 4979 precium,
1254 4907 1570 4981 inimicicia,
1603 4905 1826 4981 milicia,

197 4975 583 5046 blandiciosns,
632 4975 884 5038 nuncius.
920 4975 1381 5044 'Wormaciensis,
1432 4978 1679 5049 pigricia,
1715 4983 1825 5032 tum

197 5053 455 5129 optinere,
489 5055 860 5129 optenebrare
891 5060 1152 5124 usurpat;
1185 5051 1525 5108 Simoniacus
1554 5055 1610 5106 et
1637 5050 1828 5119 Symo-

197 5126 369 5180 niacus
397 5126 620 5180 scribit.

256 5193 352 5263 (l3)
416 5196 760 5266 Compendia
817 5211 914 5267 quo
985 5193 1109 5264 (τε
1156 5192 1440 5267 quoniam)
1488 5199 1544 5250 et
1597 5205 1828 5267 qncuque

199 5261 306 5338 (ζ
333 5261 839 5338 Quandocumque)"
861 5261 1189 5323 Ussermann
1228 5261 1508 5338 nonbene
1541 5261 1821 5338 explicuit.

258 5334 366 5406 (14)
388 5339 472 5394 Ad
506 5354 598 5394 an.
639 5334 731 5391 741
770 5334 1057 5406 inscriptio
1109 5349 1273 5404 supra
1324 5336 1600 5406 descripta
1652 5336 1827 5391 habe-

195 5410 274 5479 tur
297 5424 384 5465 an.
412 5411 526 5464 906
561 5431 572 5466 :
614 5429 640 5461 (ι
672 5405 964 5479 Hucusque
1018 5406 1278 5463 chronica
1326 5405 1637 5479 8881001116
1652 5407 1824 5479 abba-

195 5477 274 5540 tis,
324 5489 378 5535 et
427 5488 698 5538 secuntur
745 5476 1024 5538 chronica:
1075 5478 1369 5534 Hermanni
1411 5496 1426 5543 ;
1481 5491 1567 5532 an.
1626 5476 1760 5531 1054
1809 5498 1820 5532 :

193 5547 479 5625 ﬂuensque
510 5553 773 5611 chronica
801 5550 1172 5618 Hermmanni,
1193 5549 1393 5606 abhinc
1419 5547 1759 5605 Berctoldus.
1796 5567 1824 5600 »

1916 4546 2120 4616 scriba,
2153 4557 2207 4606 et
2236 4551 2414 4620 spatio
2455 4546 2647 4606 novem
2696 4549 2962 4605 linearum
2995 4548 3189 4603 relicto
3228 4560 3427 4601 annum
3459 4546 3566 4600 940

1916 4637 1982 4678 ex
2015 4623 2345 4678 tlerimanno
2377 4621 2488 4676 dat.

1991 4693 2111 4764 (15)
2146 4695 2222 4748 Ita
2255 4693 2425 4748 editio
2467 4691 2724 4764 princeps
2753 4705 2841 4746 an.
2883 4690 3035 4764 1529,
3071 4690 3125 4764 in
3159 4687 3562 4764 posterioribus

1915 4759 2178 4821 ver‘ba'ex
2205 4759 2480 4820 Bernoldo
2521 4764 2592 4820 ad
2647 4759 2880 4820 claustra
2934 4761 3124 4832 inferni
3186 4759 3559 4815 descenderunt

1913 4837 2098 4892 addita
2132 4837 2406 4906 leguntur.

1989 4907 2107 4978 (l6)
2142 4901 2276 4978 eIg.
2310 4920 2455 4962 anno
2510 4905 2664 4968 1056,
2716 4909 2915 4960 tenetur
2961 4903 3145 4965 habet,
3189 4903 3281 4958 ubi
3323 4901 3488 4958 codd.
3535 4901 3552 4954 1

1912 4985 1967 5034 et
1993 4981 2029 5032 2
2058 4979 2327 5035 tenebatur
2354 4979 2560 5047 legunt.

2021 5049 2107 5105 17)
2142 5046 2470 5105 Alamannds
2498 5062 2589 5103 an.
2628 5046 2763 5100 1075
2792 5050 3051 5101 nostrates
3077 5052 3256 5102 vocat.

2021 5052 2078 5103 17
2142 5050 2470 5105 Alamannos
2498 5062 2589 5103 an.
2628 5049 2763 5100 1075
2792 5050 3051 5101 nostrates
3077 5052 3256 5102 vocat.

1986 5049 2109 5194 E17)
2144 5125 2244 5178 An.
2312 5119 2466 5186 1069,
2524 5124 2716 5174 nostra:
2771 5118 3054 5183 cathedrae,
3114 5113 3551 5172 Constantiensis

1909 5195 2276 5335 sugg-Dum
2308 5275 2401 5335 an.
2438 5259 2572 5314 1088
2593 5262 2657 5335 in
2687 5265 2970 5335 senectute
3013 5260 3155 5315 bona
3213 5257 3408 5328 plenus
3435 5257 3553 5314 die-

1910 5331 2028 5392 rum
2061 5331 2266 5391 obiisse
2296 5333 2500 5390 dicitur
2527 5347 2559 5387 a
2589 5331 2882 5388 Bernoldo.

1987 5405 2107 5533 (20?
2159 5405 2438 5488 Sententia
2481 5417 2570 5458 an.
2628 5402 2764 5456 1076
2811 5402 2886 5485 de.
2927 5401 3174 5485 partibus
3223 5400 3462 5482 ﬂeinrici
3495 5397 3560 5456 et‘

1987 5479 2069 5533 ldo
2095 5478 2126 5533 f1
2157 5483 2290 5533 cura
2320 5476 2548 5532 Rhenum
2575 5474 2718 5533 apud
2749 5474 3097 5533 Opmnbetm,
3131 5480 3186 5527 et
3215 5487 3289 5527 cis
3318 5472 3549 5528 Rhenum

1909 5472 2126 5535 Rudolﬂ
2157 5479 2290 5534 citra
2320 5476 2548 5532 Rhenum
2575 5474 2718 5544 apud
2749 5473 3097 5544 Oppinheim,
3131 5480 3186 5544 et
3215 5473 3289 5527 cis
3318 5472 3549 5528 Rhenum

1909 5550 2038 5607 huic
2067 5550 2146 5606 rei
2176 5545 2535 5606 conficiendae
2561 5542 2670 5603 non
2701 5542 2964 5614 inservit;
2997 5559 3046 5599 v.
3080 5542 3243 5602 infra.
