4100 6166
421 251 528 308 347

1395 249 1780 306 BERTHOLDI
1817 249 2231 306 PRESBYTER!
2270 250 2832 307 CONSTANTIENSIS

3681 257 3774 314 348

495 377 610 432 Hoc
639 387 783 431 anno
817 373 1030 445 lapides
1074 374 1227 431 mirae
1271 374 1682 444 magnitudinis,
1716 373 1868 430 mixti
1918 376 2143 445 gran-A
2228 375 2588 432 Chounradus
2630 377 2975 431 Nemetensis
3021 376 3318 447 episcopus
3368 381 3587 436 moritur
3627 381 3681 450 ⁸⁸,
3726 384 3773 437 in

425 465 575 531 dine,
626 463 695 519 de
743 463 883 519 coelo
931 463 1275 530 ceciderunt,
1309 470 1365 519 et
1409 462 1455 494 ⁵⁵
1501 463 1753 518 nonnulli
1798 463 2078 520 hominum

428 553 655 610 fulmine
687 554 989 623 perierunt.
1375 603 1392 615 ,

1106 643 1315 698 MLVlll
1338 640 1400 696 ⁵⁵.

508 731 634 803 [111.]
680 733 869 787 Romae
917 730 1225 800 Stephanus
1264 743 1404 799 papa
1443 728 1602 786 obiit.
1633 727 1866 785 Romani
1898 735 2080 784 autem

431 830 656 893 accepta
705 821 936 892 pecunia
988 821 1259 891 quendam
1304 820 1607 876 Johannem
1638 819 1740 890 (47)
1771 825 1963 876 contra
1992 833 2082 875 ca-

433 926 608 968 nones
649 911 955 982 elegerunt,
1006 911 1101 980 qui
1144 910 1264 965 sine
1313 909 1698 966 conseratione
1745 923 1845 980 per
1872 909 2083 979 aliquot

431 1001 552 1057 dies
598 1001 818 1066 sedens,
857 1015 888 1056 a
936 997 1216 1055 Gotefrido
1247 999 1386 1054 duce
1417 999 1728 1069 expellitur,
1761 1005 1926 1068 atque
1964 998 2083 1054 Flo~

433 1091 666 1146 rentinaa
714 1089 948 1144 civitatis
995 1089 1290 1157 episcopus
1341 1087 1494 1142 156ιιι
1539 1101 1679 1158 papa
1727 1089 2080 1155 constitutus,

432 1179 690 1236 Nicolaus
718 1177 996 1234 secundus
1025 1181 1110 1233 est
1132 1184 1378 1233 vocatus.

504 1268 705 1324 Eodem
747 1265 790 1297 ⁵⁸
839 1271 1088 1336 tempore
1136 1266 1428 1322 Heinricus
1473 1267 1832 1336 Augustensis
1873 1265 2082 1336 episco-

435 1372 538 1427 pus
586 1355 729 1424 apud
780 1356 1184 1426 imperatricem
1216 1370 1484 1412 summum
1522 1357 1739 1412 consilii
1777 1355 1959 1412 locum
1989 1356 2085 1411 ha-

433 1446 589 1513 buit;
623 1445 771 1515 quod
804 1445 1085 1502 nonnullis
1104 1445 1258 1516 regni
1293 1444 1654 1515 principibus,
1687 1447 1807 1515 ejus
1834 1444 2081 1501 insolen-

431 1535 562 1591 tiam
604 1548 714 1592 non
743 1533 1067 1600 ferentibus,
1101 1535 1330 1589 multum
1362 1534 1664 1604 displicuit.

1170 1624 1353 1678 MLIX.

2164 465 2320 536 cujus
2376 464 2553 521 locum
2612 464 2922 521 Einhardus
2965 466 3326 537 Augustensis
3377 466 3418 498 ⁸³
3479 472 3778 539 praepositus

2163 561 2515 625 promovetur
2543 554 2602 610 7°.
2652 554 2964 610 Mahthilt'“
3017 568 3177 610 soror
3220 555 3366 626 regis
3403 556 3506 627 (50)
3537 559 3665 614 obiit
3689 561 3773 630 [V].

2233 646 2526 701 Heinricus
2572 645 2851 701 Palatinus
2897 659 3083 701 comes
3138 646 3195 701 in
3246 647 3529 702 amentiam
3571 663 3776 717 versus,

2164 748 2286 790 cum
2333 735 2436 789 sub
2483 733 2670 804 specie
2719 733 3005 805 religionis
3052 733 3210 803 quasi
3267 734 3506 790 seculum
3563 735 3779 793 derelin-

2163 838 2358 894 quens,
2391 824 2445 877 in
2478 823 2865 879 monasterium
2895 820 3248 891 Epftirnacha
3284 822 3325 853 "'
3369 836 3428 878 se
3457 823 3776 893 contulisset,

2164 913 2294 969 inde
2323 913 2653 978 abstractus,
2682 913 2972 982 conjugem
3003 925 3155 966 suam
3188 911 3410 967 occidit.

2236 1002 2302 1058 Et
2346 1002 2388 1033 ⁷³
2439 1002 2546 1058 hoc
2592 1013 2758 1068 anno,
2798 1001 2943 1056 sicut
2992 1000 3049 1056 in
3097 999 3291 1070 priori,
3332 1000 3626 1058 mortalitas
3661 1003 3786 1058 mul-

2167 1099 2255 1147 tos
2303 1091 2553 1147 extinxit.
2604 1092 2805 1160 Hyems
2851 1089 2984 1145 satis
3031 1089 3167 1146 dura
3216 1096 3270 1146 et
3319 1091 3525 1156 nivosa,
3573 1097 3625 1146 et
3677 1090 3786 1160 plus

2165 1181 2330 1238 solito
2383 1180 2632 1250 prolixa,
2687 1178 2944 1235 frumenti
2996 1179 3220 1250 vinique
3277 1181 3562 1236 maximum
3625 1178 3788 1235 attulit

2166 1272 2442 1327 damnum.

2356 1357 2570 1416 Codices
2606 1357 2683 1428 1*,
2714 1359 2769 1414 2.
3281 1357 3462 1414 Cod-ea:
3495 1355 3550 1409 3.

2239 1449 2297 1502 1n
2327 1447 2563 1518 Ungaria
2581 1447 2803 1518 quidam
2832 1446 2962 1502 Belo
3087 1445 3334 1502 Andreas
3380 1459 3476 1502 rex
3511 1443 3791 1500 Pannonia-

2169 1536 2389 1592 l‘ratrem
2463 1549 2620 1592 suum
2689 1537 2963 1592 Andream
3018 1548 3168 1602 rum,
3224 1549 3348 1590 cum
3405 1550 3437 1590 a
3491 1533 3653 1589 fratre
3703 1545 3792 1587 suo

2168 1639 2351 1696 regem
2427 1627 2534 1695 jam
2610 1625 2962 1696 grandaevum
3019 1636 3246 1694 regnum
3311 1624 3420 1680 sibi
3485 1623 3792 1691 circunqua-

510 1713 632 1783 [ιιι]
691 1714 806 1768 Hoc
844 1726 988 1768 anno
1020 1726 1213 1783 magna
1260 1712 1566 1769 mortalitas
1611 1712 1892 1768 hominum
1942 1718 1997 1768 et
2037 1711 2338 1784 "Bregno
2391 1714 2619 1784 expulit,
2679 1721 2734 1771 et
2790 1727 2963 1784 usque
3019 1726 3127 1782 que
3173 1718 3420 1768 vastante
3475 1711 3665 1767 multas
3714 1709 3794 1764 in-

436 1803 607 1872 pestis
635 1815 891 1872 pecorum
916 1801 1058 1857 facta
1097 1808 1198 1858 est.
1233 1804 1364 1858 Orto
1393 1801 1436 1833 ³⁵⁸
1465 1803 1610 1858 inter
1648 1802 2085 1859 Mediolanenses

437 1897 492 1946 et
538 1891 856 1946 Ticinenses
900 1891 1067 1958 bello,
1104 1891 1260 1946 multi
1309 1906 1375 1946 ex
1425 1898 1654 1960 utraque
1687 1897 1839 1960 parte
1869 1891 2086 1947 cecide-

437 1987 584 2035 runt.
620 1979 926 2036 Roudolfus
952 1981 1376 2036 Alemannorum
1414 1979 1457 2010 ⁵⁸
1504 1980 1614 2035 dux
1653 1979 2080 2047 Mahthildam“,

438 2068 739 2124 11einrici°t
772 2069 919 2140 regis
944 2082 1215 2136 sororem,
1248 2070 1404 2125 duxit
1434 2082 1678 2125 uxorem.

506 2158 692 2214 Fuldis
736 2159 1087 2215 Eberhardus
1141 2159 1311 2215 abbas
1358 2159 1617 2225 decessit,
1663 2158 1752 2214 cui
1772 2159 1814 2190 ⁸³
1865 2158 2087 2231 Sigefri-

436 2245 542 2301 dus
571 2248 858 2304 successit.
921 2262 926 2266 ‘

506 2337 749 2392 Andreas
780 2337 1076 2395 Pannoniae
1109 2352 1224 2405 rex,
1266 2352 1388 2394 cum
1421 2337 1573 2407 prius
1616 2352 1803 2408 pacem
1836 2343 2085 2407 pactum-

437 2439 544 2495 que
599 2440 697 2495 per
740 2426 951 2496 legatos
982 2441 1105 2483 cum
1164 2425 1426 2482 Heinrico
1482 2440 1612 2496 rege
1669 2426 2066 2496 conﬁrmasset,

441 2515 603 2571 etiam
653 2529 900 2572 sororem
951 2517 1070 2584 ejus
1117 2515 1384 2572 minorem
1430 2515 1707 2571 Juditham
1743 2515 1784 2546 ⁸³
1830 2515 1941 2572 ﬁlio
1986 2531 2088 2573 suo

443 2603 785 2660 Salomoni“
833 2604 1012 2659 adhuc
1063 2617 1236 2674 puero
1277 2617 1533 2674 sponsam
1597 2605 1854 2662 obtinuit.
1903 2605 2092 2662 Fride-

437 2691 577 2746 ricus
604 2696 653 2746 et
679 2691 875 2761 fratres
903 2693 1014 2762 ejus
1052 2693 1116 2748 de
1147 2691 1486 2761 Glieheberga
1512 2693 1756 2749 Heinrieo
1785 2695 1896 2764 regi
1923 2693 2090 2750 rebel-

440 2779 569 2848 lant,
601 2789 656 2837 et
687 2788 812 2852 post
841 2796 903 2838 ea
935 2781 1013 2838 illi
1044 2783 1113 2838 ad
1144 2781 1482 2838 deditionem
1511 2783 1755 2838 veniunt.

1185 2872 1340 2927 MLX.
1928 2932 1930 2934 _

512 2960 805 3016 l-leinricus
849 2960 1139 3016 Galliarum
1190 2976 1287 3018 rex
1323 2961 1480 3026 obiit,
1514 2967 1570 3017 et
1618 2961 1762 3016 filius
1809 2962 1928 3030 ejus
1966 2960 2090 3016 Phi-

2167 1803 2234 1856 ad
2283 1809 2514 1859 mortem
2559 1804 2833 1873 perduxit.
2864 1805 2964 1860 Hic
3014 1802 3188 1871 jurias
3246 1815 3541 1872 perpessus
3593 1797 3791 1862 fuisset,

2169 1891 2418 1948 Andreas
2471 1907 2501 1948 a
2568 1891 2735 1948 fratre
2801 1894 2966 1948 nimis
3021 1891 3241 1946 tandem
3325 1889 3480 1947 febre
3570 1887 3794 1958 pulsatus

2168 1981 2487 2050 injuriatus,
2542 1982 2761 2038 tandem
2812 1982 2965 2038 febre
3021 1993 3212 2036 omnes
3251 1979 3544 2035 thesauros
3585 1987 3708 2031 suos
3747 1974 3794 2026 in

2169 2069 2416 2140 pulsatus
2451 2083 2642 2128 omnes
2679 2072 2967 2128 thesauros
3021 2078 3257 2126 castrum
3302 2066 3634 2126 Medilhecka
3679 2059 3794 2133 (51).

2168 2174 2298 2215 suos
2361 2159 2416 2214 in
2485 2168 2720 2216 castrum
2787 2161 2964 2217 Mede-
3022 2173 3124 2216 nec
3172 2173 3282 2215 non
3333 2165 3390 2214 et
3446 2156 3609 2212 ﬁlium
3658 2162 3795 2207 suum

2170 2248 2325 2303 lekka
2373 2247 2434 2314 7‘,
2491 2262 2593 2304 nec
2641 2262 2749 2304 non
2800 2257 2856 2305 et
2908 2249 2967 2303 li-
3023 2248 3281 2304 Heinrico
3341 2246 3458 2318 regi
3513 2257 3608 2315 per
3656 2237 3796 2295 Tied-

2169 2337 2299 2393 lium
2347 2351 2504 2393 suum
2554 2337 2812 2393 Heinrico
2852 2339 2968 2410 regi
3025 2337 3245 2393 baldum
3312 2335 3569 2394 comitem
3639 2336 3796 2385 trans-

2171 2440 2270 2496 per
2317 2426 2659 2496 'l'ietpaldum
2710 2427 2967 2483 comitem
3025 2427 3192 2483 misit.

2172 2515 2492 2570 transmisit.

2873 2607 2920 2662 Μ
2928 2607 3033 2662 LXI
3056 2605 3117 2661 ⁷⁸.

2247 2693 2368 2763 [VL]
2431 2695 2619 2765 Magna
2662 2693 2832 2751 fames
2889 2695 3092 2752 multos
3145 2694 3496 2763 consumpsit
3541 2689 3602 2745 ⁷⁸,
3649 2685 3802 2742 Gebe-

2172 2782 2378 2838 hardus
2430 2782 2553 2853 (52)
2604 2784 3022 2854 Ratisponensis
3077 2783 3387 2853 episcopus
3439 2779 3601 2844 obiit,
3647 2773 3726 2831 cui
3768 2771 3803 2801 ⁷⁷

2171 2874 2298 2927 Otto
2336 2871 2622 2927 successit.

2243 2959 2623 3026 Chounradus,
2657 2961 2752 3030 qui
2787 2958 3167 3017 Carantanis"
3195 2959 3315 3015 solo
3351 2958 3581 3015 nomine
3610 2935 3807 3010 ducis”

443 3047 626 3116 lippus
654 3048 694 3078 ⁸⁵
733 3048 912 3104 adhuc
956 3063 1092 3117 puer
1134 3049 1241 3119 (48)
1275 3063 1504 3120 regnum
1534 3062 1657 3105 cum
1688 3055 1858 3105 matre
1888 3045 2152 3120 guber-C
2174 3049 2394 3120 praefuit
2417 3093 2431 3116 ,
2493 3050 2734 3106 moriens
2789 3050 2971 3107 locum
3029 3049 3183 3105 dedit
3222 3048 3299 3116 ⁸⁰;
3364 3051 3529 3118 cujus
3574 3045 3804 3100 ducatum

445 3136 681 3191 nandum
711 3138 974 3206 suscepit.

514 3223 850 3296 Liudpaldus
883 3226 925 3258 ⁸⁸
992 3227 1341 3298 Mogontinus
1392 3225 1847 3296 archiepiscopus
1903 3227 2096 3283 deces-

439 3312 512 3368 sit
531 3313 572 3344 ⁸⁷
604 3313 710 3386 (49)
737 3337 752 3384 ;
784 3315 872 3372 cui
901 3315 1203 3387 Sigefridus
1225 3315 1513 3372 Fuldensis
1542 3315 1712 3371 abbas
1734 3316 2033 3372 successit.-

2175 3139 2506 3196 Berhtoldus
2525 3138 2563 3170 ⁸¹
2596 3153 2782 3195 comes
2800 3138 2843 3171 ⁸³
2874 3140 3174 3210 Suevigena
3199 3140 3426 3208 accepit
3453 3136 3514 3191 ⁸⁸.

2249 3229 2438 3284 Romae
2466 3227 2510 3258 ⁸⁸
2554 3227 2781 3285 Nicolao
2811 3243 2952 3299 papa
2989 3226 3271 3293 defuncto,
3305 3225 3544 3285 Romani
3572 3229 3805 3279 coronam

2181 3323 2236 3372 et
2282 3316 2389 3372 alia
2436 3330 2660 3376 munera
2709 3318 2969 3374 Heinrico
3018 3317 3135 3387 regi
3183 3317 3629 3379 transmiserunt,
3667 3319 3805 3366 eum-

1799 3441 2023 3497 VARUE
2062 3441 2445 3498 LECTIONES.

509 3556 551 3587 ⁵⁵
606 3563 660 3612 et
707 3569 762 3611 ιι.
813 3556 868 3612 h.
919 3556 957 3612 f.
1012 3572 1064 3627 p.
1112 3557 1296 3612 desunt
1348 3555 1416 3610 1*.
1465 3557 1519 3612 2.

441 3644 540 3700 que
595 3627 706 3684 loco
758 3627 996 3699 quadam
1043 3645 1111 3683 ea:
1156 3627 1418 3700 Bemoldo
1469 3628 1730 3699 descripta
1778 3627 2033 3684 habentur
2075 3649 2091 3683 :

1631 3556 1673 3586 ⁵⁵
1711 3571 1953 3629 numerus
2001 3556 2144 3614 deest
2189 3555 2244 3612 3.
2299 3572 2413 3628 quw
2457 3561 2739 3629 sequuntur
2780 3557 2837 3612 in
2892 3557 2971 3610 1".
3023 3562 3088 3629 et,
3117 3555 3172 3613 2.
3217 3556 3421 3613 omissa
3447 3560 3585 3619 sunt,
3617 3563 3802 3629 eorum-

2147 3630 2335 3684 Romze
2391 3628 2537 3698 post
2569 3628 2903 3698 Stephanum
2959 3628 3183 3698 quidam
3243 3629 3592 3698 benedictus
3625 3628 3798 3698 contra

443 3690 684 3756 canones
731 3690 939 3769 privata
987 3699 1347 3770 quorumdam
1394 3701 1566 3769 gratia
1615 3690 1843 3765 electus,
1902 3701 2021 3756 sine
2072 3690 2489 3756 consecratione
2542 3690 2823 3756 mensibus
2867 3690 3078 3769 septem
3125 3697 3347 3770 praefuit
3383 3690 3796 3770 παιδίῳ-ΩΨ

440 3787 473 3827 a
521 3761 972 3847 Gotifrido__du_ce
1005 3761 1303 3840 'expulsus,
1353 3761 2520 3847 atquegerardus‘Elorentiae_episcopus
2570 3761 3421 3847 [Burgundus'nacioneglossa
3468 3784 3571 3826 sese
3607 3761 3792 3847 XfV.].

439 3842 718 3899 secundus
755 3841 1013 3919 Nicolaus
1045 3849 1296 3919 vocatus,
1340 3840 1478 3911 papa
1524 3841 1674 3919 156$ll
1722 3840 1943 3911 praefuit
1988 3844 2147 3919 annis
2181 3841 2294 3919 fere
2331 3845 2528 3899 tribus.
2573 3840 2678 3909 Qui
2710 3843 3230 3919 constituit,_ut_qui
3260 3849 3397 3919 tunc
3427 3857 3457 3897 a
3487 3840 3796 3919 symoniacts

445 3921 628 3969 essent
675 3915 934 3984 promoti,
987 3903 1293 3984 ministerio
1340 3903 1442 3968 suo
1491 3903 1940 3982 permitterentur
1967 3914 2067 3969 uti.
2101 3915 2372 3984 Deinceps
2410 3903 2960 3984 autem'quicumque
2990 3903 3057 3968 ab
3089 3903 3170 3970 eis
3197 3903 3612 3984 ordinarentur,
3643 3903 3794 3964 nichil

449 3984 544 4040 tali
600 3983 950 4055 promotione
1003 3983 1367 4039 lucrarentur.
1429 3985 1583 4038 Hunc
1640 3986 1802 4040 etiam
1861 4000 2053 4055 papam
2111 3983 2314 4041 Petrus
2363 3983 2653 4051 Damiani,’
2685 3985 2790 4054 piae
2840 3987 3118 4041 memoria?
3173 3985 3447 4041 Ostiensis
3493 3983 3791 4055 episcopU§.

446 4055 514 4111 ad
554 4046 935 4124 corrigendam
969 4055 1124 4123 juxta
1165 4069 1406 4126 canones
1435 4055 1759 4112 clericorum
1800 4046 2253 4113 incontinentiam
2283 4046 2620 4126 provocavit
2685 4046 2749 4086 ’⁸⁸
2779 4056 2983 4112 Eodem
3013 4087 3084 4096 -—
3119 4056 3409 4126 displicuit
3437 4046 3716 4126 desunt}?
3744 4046 3792 4126 27

445 4127 486 4158 ⁵⁷
601 4132 655 4182 et
687 4140 738 4194 p.
776 4141 829 4194 p.
853 4125 1036 4182 desunt
1072 4127 1146 4192 1*,
1179 4127 1233 4183 2.

450 4198 520 4266 1’,
544 4196 599 4252 2.
675 4197 715 4226 ⁶⁰
747 4196 1099 4253 mahthildam
1129 4200 1268 4254 Ann.
1292 4197 1607 4268 Engetberg.

441 4269 483 4353 ῗῗ
511 4269 952 4353 .¹.υΡ.ι)9¹5¹υ⁵.¹Ϊι
997 4269 1256 4353 Ψρξηάυδ
1301 4269 1354 4353 2:
1422 4269 1540 4353 ."_
1562 4269 1902 4353 ωριτες

441 4486 584 4541 deest
620 4486 695 4540 1*.
810 4483 852 4514 ⁷⁸
891 4485 1097 4540 occidit
1139 4484 1214 4549 1*,
1266 4483 1319 4539 2.

439 4557 480 4588 ⁸¹
511 4555 837 4612 bertboldus
873 4553 949 4622 1*,
981 4557 1035 4611 2.

1434 4484 1474 4513 ⁷⁷
1505 4487 1649 4541 etO.
1680 4485 1730 4540 ei
1761 4500 1807 4540 s.
1845 4485 1922 4550 1*,
1953 4486 2007 4539 2.

1149 4555 1191 4585 δ’
1240 4555 1382 4612 deest
1427 4554 1481 4608 3.

1345 4125 1386 4157 ³⁸
1415 4127 1625 4183 Seditio
1654 4127 1800 4183 inter
1829 4130 1896 4182 Μ.
1929 4136 1984 4184 et
2012 4129 2071 4183 T.
2105 4127 2246 4185 facta
2275 4125 2378 4193 est,
2412 4136 2468 4183 et
2499 4129 2571 4182 ibi
2604 4128 2789 4197 plures
2819 4127 2964 4183 bello
2985 4125 3310 4184 ceciderunt
3345 4128 3423 4195 1*,
3446 4126 3501 4180 2.

1345 4197 1587 4229 nnnllmqm
1720 4199 1757 4229 ϐι
1793 4199 1931 4229 Amm!
1969 4200 2017 4229 1*
2072 4200 2106 4229 0
2239 4199 2279 4229 GI
2311 4208 2359 4229 ne
2404 4199 2452 4229 ι·
2507 4198 2540 4229 ί)
2673 4197 2714 4229 63
2745 4200 2884 4229 Amm:
2916 4198 2948 4229 '2
3085 4198 3129 4229 οι
3159 4199 3300 4229 Amm!
3329 4197 3363 4229 ⁸)

1791 4199 1932 4256 deest
1967 4200 2040 4264 1‘,
2072 4200 2126 4254 2.
2239 4199 2279 4230 ⁶²
2310 4208 2364 4254 et
2402 4199 2418 4250 1

1791 4277 1817 4336 τ,
1850 4271 1902 4326 2.
2016 4271 2059 4302 ⁸⁸
2099 4271 2237 4328 obiit
2273 4269 2347 4337 1*,
2375 4271 2429 4325 2.

441 4341 800 4423 7_‘_blathil_das
828 4338 1115 4423 3,.Math'ill
1146 4355 1285 4423 uxor
1308 4339 1466 4423 ducis
1500 4341 1756 4423 Roudolﬁ
1787 4342 1925 4398 obiit
1959 4341 2031 4423 1_‘,
2062 4341 2114 4398 2.

441 4413 752 4471 Mahthitdis
799 4411 990 4468 obitum
1035 4411 1293 4482 leguntur.
1345 4415 1542 4483 Hyems
1569 4444 1640 4454 —
1673 4413 1929 4468 damnum
1963 4414 2145 4470 desunt
2181 4413 2256 4480 1*,
2288 4411 2348 4466 2.
2420 4414 2462 4445 ⁷⁵
2522 4413 2805 4470 medeleka
2855 4412 2933 4480 1*,
2966 4412 3283 4470 medelekka
3319 4413 3374 4468 2.

441 4486 584 4541 deest
620 4486 695 4540 1*.
810 4483 852 4514 ⁷⁸
891 4485 1097 4540 occidit
1139 4484 1214 4541 1*.
1266 4483 1319 4539 2.
1434 4484 1474 4513 ⁷⁷
1505 4487 1649 4541 etO.
1680 4485 1730 4540 ei
1761 4500 1807 4540 s.
1845 4485 1922 4541 1*.
1953 4486 2007 4539 2.
2119 4484 2161 4516 ⁷⁸
2207 4486 2519 4541 carentauis
2571 4485 2645 4541 1*.
2694 4484 2749 4539 2.
2861 4483 2902 4514 ⁷³
2949 4484 3091 4539 deest
3137 4484 3182 4539 1.
3296 4483 3374 4538 ⁸ο]

1594 4499 1649 4540 υ.
1680 4499 1730 4540 e1
1761 4500 1807 4540 s.
1845 4499 1922 4550 1*,
1953 4499 2007 4539 2.
2125 4499 2161 4516 ὀ
2207 4499 2519 4541 carentams
2571 4499 2645 4550 1',
2694 4499 2749 4539 κ.

1594 4555 1637 4588 ⁸³
1683 4558 1927 4626 suscepit
1969 4555 2046 4623 1*,
2077 4557 2132 4610 2.
2243 4556 2287 4587 3"
2334 4559 2462 4612 Haec
2506 4556 2561 4611 in
2615 4557 2691 4622 1*,
2723 4555 2749 4608 2

3610 4121 3648 4154 ⁵⁸
3669 4120 3797 4177 deest

2239 4199 2279 4230 ⁶²
2310 4187 2376 4254 εί
2402 4199 2473 4268 1',
2507 4198 2559 4253 2.
2604 4187 2619 4197 ’
2673 4197 2714 4229 ⁸³
2743 4200 2884 4254 deest
2915 4198 2968 4253 3.
3085 4198 3129 4230 “
3157 4199 3300 4254 deest
3329 4187 3421 4254 3.,
3503 4195 3544 4226 ⁸⁵
3576 4194 3711 4250 deest
3740 4187 3790 4242 3.

2273 4269 2347 4327 1*.
2375 4271 2429 4325 2.
2542 4268 2583 4300 δ’
2628 4272 2690 4326 Α.
2725 4285 2778 4327 u.
2812 4271 2996 4327 desunt
3023 4269 3078 4325 3.
3192 4271 3233 4301 ⁷⁰
3263 4269 3622 4326 substituitur
3652 4263 3715 4327 1‘,
3747 4258 3790 4312 2.

2229 4283 2237 4326 ;
2275 4283 2347 4337 ιπ,
2375 4283 2429 4325 2.
2542 4283 2583 4300 θ’
2628 4283 2690 4326 Α.
2725 4285 2778 4340 p.
2812 4283 2996 4327 desunt
3023 4283 3078 4325 δ.
3196 4283 3233 4301 ’ν
3263 4283 3622 4326 substituitur
3652 4283 3715 4328 ιη,
3748 4283 3795 4312 ι-

2229 4343 2270 4373 ⁷²
2299 4341 2659 4412 ephtirnacha
2685 4341 2740 4396 3.
2853 4341 2893 4372 ⁷³
2925 4343 2994 4397 Et
3019 4371 3093 4382 -—
3129 4343 3363 4397 extinxit
3393 4343 3449 4397 tu
3483 4340 3554 4405 1‘,
3593 4337 3646 4391 2.
3684 4333 3797 4403 post

2229 4421 2254 4459 τ-
2288 4413 2342 4459 2-
2420 4414 2462 4445 7*
2525 4413 2802 4459 mednleka
2855 4412 2930 4459 1*-
2966 4412 3280 4459 medelekka
3320 4413 3374 4459 2-
3490 4410 3531 4442 ⁷⁵
3576 4415 3800 4459 numerus

2861 4420 2933 4480 1",
2966 4420 3283 4470 medelekka
3319 4420 3374 4468 2.
3491 4420 3531 4442 "'
3576 4420 3793 4464 sument:

2861 4483 2902 4514 ⁷³
2949 4484 3091 4539 deest
3137 4484 3182 4539 1.
3296 4483 3338 4514 ⁸ο
3369 4483 3605 4539 moritur
3641 4477 3716 4539 1*,
3745 4472 3793 4526 2.

2243 4556 2287 4587 ⁸³⁸
2334 4559 2462 4612 Ηιεο
2506 4556 2561 4611 in
2615 4557 2691 4622 1*,
2723 4555 2777 4609 2.
2810 4556 2882 4610 ad
2908 4554 3160 4610 Bern-aldi
3188 4560 3386 4611 temtum
3416 4551 3793 4624 exprimuntur:

439 4630 628 4685 Romae
658 4627 884 4684 Nicolao
915 4641 1055 4697 papa
1079 4625 1352 4699 defuncto
1383 4626 1437 4682 6.
1474 4627 1589 4683 Kal.
1623 4631 1758 4699 Aug.
1811 4625 2041 4684 Romani
2089 4627 2206 4698 regi
2245 4629 2504 4684 Heinrico
2545 4640 2805 4683 coronam
2835 4633 2887 4682 et
2921 4627 3025 4699 alia
3061 4641 3287 4699 munera
3318 4627 3624 4699 mittentes,
3656 4629 3796 4675 eum-

441 4715 548 4769 que
579 4700 646 4754 de
677 4699 873 4755 summi
906 4698 1181 4771 pontiﬁcis
1227 4699 1499 4755 electione
1547 4697 2053 4769 interpellaverunt.
2102 4697 2202 4771 Qui
2250 4700 2492 4771 generali
2540 4699 2778 4771 concilio
2817 4698 3041 4753 Basileae
3073 4698 3283 4771 habito,
3312 4697 3571 4771 imposita
3601 4699 3793 4748 corona

437 4785 466 4826 a
516 4771 775 4826 Romanis
814 4770 1151 4836 transmissa,
1198 4771 1460 4840 patricius
1508 4772 1877 4826 Romanorum
1925 4776 2008 4826 est
2043 4769 2370 4840 appellatus.
2420 4770 2627 4827 Deinde
2665 4771 2940 4826 communi
2971 4770 3213 4825 omnium
3254 4769 3490 4825 consilio
3523 4769 3782 4840 Romano-

441 4855 672 4910 rumque
720 4842 913 4912 legatis
964 4834 1314 4913 eligentibus,
1366 4841 1674 4898 Chadalous
1720 4843 2027 4898 Parmensis
2075 4834 2368 4913 episcopus
2394 4842 2429 4894 7
2460 4842 2575 4898 Kal.
2611 4843 2743 4896 Nov.
2783 4855 2923 4910 papa
2954 4840 3139 4896 multis
3170 4840 3411 4911 pramiis
3439 4834 3782 4913 quibusdam.

443 4921 500 4969 ut
530 4901 704 4978 aiunt,
738 4901 902 4979 datis,
935 4901 1248 4984 symvoniace
1276 4901 1497 4984 eligitur
1527 4921 1581 4969 et
1631 4914 1906 4969 Honorius
1943 4901 2282 4984 appellatur;
2319 4922 2574 4983 papatum
2624 4901 2916 4982 numquam
2970 4901 3325 4981 possessurus
3347 4933 3362 4979 ;
3387 4901 3509 4984 sed
3544 4907 3654 4984 :27“
3698 4901 3781 4984 dig

439 4993 567 5042 ante
614 4985 776 5042 istius
823 4980 1225 5056 promotionem
1273 4980 1536 5056 Lucensis
1582 4985 1878 5054 episcopus
1925 4980 2142 5041 nomine
2188 4980 2535 5054 Anslielmus,
2583 4998 2614 5040 a
2664 4980 3015 5041 Nortmannis
3059 4989 3116 5040 et
3165 4981 3492 5055 quibusdam
3543 4980 3792 5036 Romanis

437 5071 577 5128 papa
622 5058 776 5113 157‘"
817 5055 1104 5114 Ordinatus
1150 5063 1206 5113 et.
1241 5055 1552 5114 Alexander
1589 5064 1834 5125 vocatus,
1861 5056 2006 5113 sedit
2034 5071 2210 5113 annos
2243 5057 2328 5111 12.

2020 5172 2237 5229 NOTAE.

509 5269 621 5342 (4T)
680 5273 919 5328 Joannes
966 5269 1289 5326 Velitrensis
1345 5268 1640 5340 episcopus
1696 5270 1798 5326 sub
1859 5269 2080 5326 nomine

432 5343 722 5399 Benedicti
770 5345 842 5414 Χ,
884 5343 953 5399 de
1002 5356 1112 5414 quo
1156 5345 1214 5398 Β.
1257 5343 1450 5414 Petrus
1487 5342 1752 5414 Damiani,
1793 5348 1829 5396 t.
1868 5344 2078 5413 10pp.,

431 5413 471 5471 l.
506 5430 588 5479 111,
621 5415 782 5484 epist.
815 5413 868 5476 4,
911 5420 965 5470 et
994 5411 1105 5470 Leo
1133 5415 1370 5470 Ostiens.
1407 5413 1442 5469 1.
1476 5429 1557 5480 ιιι,
1591 5428 1639 5468 c.
1681 5411 1762 5468 13.
1796 5415 1916 5470 Uss.

505 5485 613 5551 (48)
646 5485 928 5556 Philippus
955 5488 976 5542 1
1008 5493 1138 5542 tunc
1167 5492 1294 5542 octo
1324 5499 1612 5542 annorum.
1638 5487 1759 5542 Uss.

502 5556 614 5630 (49)
646 5572 742 5613 V111
767 5557 848 5614 1d.
873 5558 1005 5616 Dec.
1038 5564 1178 5617 teste
1201 5557 1529 5629 Necrologio
1552 5556 1831 5616 Fuldensi.

2235 5267 2341 5338 (50)
2386 5270 2529 5324 Uxor
2558 5267 2773 5325 Rudolti
2805 5269 2982 5326 ducis.
3021 5271 3143 5325 Uss.

2235 5339 2336 5416 (ἑὲ)
2378 5340 2517 5416 Μέθη(
2537 5340 2602 5416 ἔτι
2641 5341 2907 5416 Austris
3082 5409 3100 5416 -
3558 5404 3568 5416 .

2197 5395 2339 5540 αξξ)
2380 5411 2480 5540 Eia
2524 5395 3026 5482 δθητέδίῖῗίίίίίωρο
3076 5409 3245 5468 frater
3291 5421 3435 5466 anno
3486 5404 3670 5477 priore
3718 5395 3806 5451 de-

2164 5498 2194 5539 θ
2289 5498 2349 5540 l.
2429 5498 2502 5538 SS.
