4100 6166
296 267 389 324 349

1481 273 1806 331 ΑΝΝΑιΕδ.
1846 302 1919 318 -·
1953 276 2062 331 AN.
2108 272 2431 333 1058-1066.

3533 287 3642 345 350

295 407 390 464 que
434 405 533 461 pro
580 391 837 462 eligendo
864 407 1077 450 summo
1107 394 1368 464 pontiﬁce
1405 396 1911 466 interpellaverunt.
1940 400 2287 472 Aregressus
2334 406 2437 468 est,
2469 402 2591 459 solo
2621 405 2843 460 nomine
2872 407 3179 476 apostolico
3207 409 3313 467 sibi
3352 418 3635 486 usurpato,

292 482 379 549 Qui
422 480 486 536 ad
532 495 594 536 se
623 483 941 538 convocatis
990 484 1245 539 omnibus
1282 484 1452 540 Italia
1489 486 1789 558 episcopis,
1821 502 1919 558 ge—

293 570 554 640 neralique
594 576 865 627 conventu
914 573 1139 629 Basilea
1190 573 1399 640 habito,
1443 574 1633 631 eadem
1664 575 1919 645 imposita

291 673 477 717 corona
524 659 779 730 patritius
820 663 1191 718 Romanorum
1238 663 1545 734 appellatus
1573 670 1676 720 est.
1708 664 1917 720 Deinde

290 763 400 806 cum
429 748 700 805 communi
761 751 996 808 consilio
1051 751 1293 807 omnium
1322 754 1667 808 Parmensem
1705 756 1917 825 episcm

291 851 427 908 pum,
475 837 665 893 multis
694 836 737 868 ⁸⁵
777 840 1021 907 pramiis
1069 840 1417 909 quibusdam,
1450 846 1510 897 ut
1538 842 1710 909 aiunt,
1751 843 1915 911 datis,

286 927 595 997 Symoniace
641 941 907 983 summum
957 930 1217 985 Romana
1265 929 1527 987 Ecclesia
1575 931 1741 1002 elegit
1782 945 1919 1002 pon-

287 1015 495 1071 tiﬁcem.
537 1016 761 1071 interim
809 1016 938 1073 dum
986 1017 1106 1074 hac
1136 1021 1393 1090 aguntur,
1442 1020 1767 1076 Anshelmus
1803 1020 1920 1091 epi-

283 1117 473 1174 scopus
528 1104 597 1160 de
655 1106 819 1172 Luca,
873 1106 1201 1175 quibusdam
1256 1108 1520 1165 Romanis
1585 1108 1914 1178 faventibus,

283 1192 628 1263 apostolicam
659 1193 846 1249 sedem
875 1194 980 1249 sibi
1003 1194 1366 1265 usurpavit“.

346 1281 689 1338 Burchardus
706 1282 750 1312 ⁸⁷
778 1291 834 1339 et
871 1284 1038 1340 Wezil
1086 1284 1156 1341 de
1189 1284 1409 1341 Zolorin
1440 1285 1787 1342 occiduntur.
1821 1288 1917 1344 Ec-

282 1370 438 1427 clesia
468 1372 815 1427 Nemetensis
832 1371 1140 1429 dedicatur.

1002 1515 1209 1571 MLXll.

341 1637 435 1693 llis
483 1638 891 1708 temporibus”
938 1642 1091 1712 Agna
1138 1640 1477 1711 imperatrix,
1537 1640 1805 1712 depositis
1838 1655 1923 1697 re~

278 1725 483 1795 galibus
549 1728 895 1783 vestimentis
958 1742 1118 1785 sacro
1174 1728 1441 1786 velamine
1497 1730 1817 1786 circundata
1848 1728 1985 1802 ",B

275 1813 449 1870 sese”
486 1814 709 1871 Christo
759 1815 1054 1885 dedicavit,
1108 1817 1163 1872 in
1221 1818 1484 1888 oppidum
1546 1818 1918 1875 Fructuariam

275 1902 308 1932 "
346 1902 450 1973 (53)
490 1918 554 1959 se
583 1904 839 1960 contulit.
880 1904 935 1960 6.
960 1905 1002 1937 ⁹²
1040 1906 1169 1961 ldus
1207 1907 1491 1963 Februarii
1550 1913 1917 1977 terramotus,

275 1990 481 2062 fulgura
523 1998 579 2048 et
627 1994 869 2050 tonitrua
906 1993 1049 2051 facta
1079 1999 1225 2051 sunt.
1269 1997 1589 2053 Pestilentia
1635 2002 1692 2053 et
1720 2003 1919 2055 morta-

276 2081 395 2136 litas
450 2082 769 2150 subsecuta,
837 2084 1041 2141 multos
1094 2085 1328 2141 extinxit
1349 2085 1411 2140 ⁸³.
1460 2087 1752 2145 Heinricus
1824 2100 1920 2143 rex
1988 2119 2007 2129 κ

270 2170 411 2239 apud
442 2171 773 2241 Traiectum,
804 2173 993 2230 Frisia
1025 2174 1215 2231 urbem
1237 2174 1299 2243 “,
1347 2175 1493 2232 diem
1534 2176 1755 2234 Pascha
1794 2189 1918 2233 cuin

270 2265 440 2315 matre
472 2260 820 2330 imperatrice
851 2264 982 2332 egit.

336 2347 462 2404 Hiis
514 2349 711 2406 diebus
760 2349 978 2406 Anno”
1026 2351 1340 2423 Agrippina
1377 2352 1689 2411 Colonia”
1743 2353 1921 2411 archi-

265 2436 592 2508 episcopus,
633 2439 1011 2496 annitentibus
1064 2441 1390 2511 quibusdam
1438 2443 1597 2514 regni
1656 2442 1918 2514 principi-

262 2525 389 2593 bus,
426 2527 742 2583 Heinricum
776 2542 960 2599 regem
988 2543 1113 2585 cum
1145 2530 1334 2587 lancea
1383 2536 1439 2587 et
1486 2532 1610 2588 aliis
1638 2532 1917 2604 imperii"

261 2614 584 2685 insignibus
629 2629 660 2671 a
706 2623 878 2672 matre
915 2617 1266 2687 imperatrice
1302 2620 1354 2674 vi
1412 2620 1665 2690 arripuit,
1706 2633 1919 2677 secum-

264 2716 372 2773 que
412 2702 703 2760 Coloniam
742 2704 1048 2763 adduxit”.

334 2793 655 2849 Parmensis
720 2794 1036 2866 episcopus,
1106 2795 1312 2853 dudum
1379 2796 1611 2864 electus,
1689 2798 1915 2854 Romam

266 2882 682 2939 consecrandus
712 2884 886 2951 adiit;
929 2884 1019 2940 cui
1068 2899 1191 2941 cum
1221 2887 1453 2942 Romani
1482 2886 1677 2942 armati
1731 2900 1920 2943 occur-

270 2976 456 3027 rerent
497 2971 918 3043 ingressumque
948 2972 1330 3044 prohiberent,
1371 2974 1666 3031 multitudo
1695 2974 1916 3032 illorum

2000 488 2068 546 ad
2099 489 2260 546 ﬁnem
2298 490 2424 548 vita
2456 489 2751 548 infeliciter
2775 506 2875 563 per
2892 493 3137 565 durans.)

2704 601 2751 655 Μ
2758 601 2915 657 LXIII
2952 599 3014 657 ⁹⁹.

2071 706 2337 776 Tempore
2402 706 2566 775 veris,
2635 706 2815 764 medio
2854 722 3039 765 mense
3092 709 3317 781 Aprilis,
3359 726 3459 782 per
3512 729 3645 785 qua-

2001 804 2128 849 tuor
2155 794 2274 849 dies
2311 794 2504 866 hyems
2532 810 2695 864 sava,
2727 802 2951 854 ventosa
2970 803 3028 855 et
3057 799 3267 866 nivosa,
3299 815 3426 857 aves
3456 807 3513 858 et
3540 817 3648 873 pe—

2000 895 2130 937 cora
2160 880 2363 953 frigore
2403 884 2655 950 extinxit,
2697 886 2955 943 arborum
2980 886 3039 919 ¹⁰⁰
3076 894 3132 944 et
3168 889 3447 947 vinearum
3478 891 3648 948 maxi-

2000 985 2140 1026 mam
2171 984 2392 1041 quoque
2432 980 2641 1042 partem
2672 974 2935 1044 perdidit.

2071 1058 2517 1130 Engilhardus‘“
2568 1062 2863 1132 episc0pus
2911 1064 2979 1121 de
3019 1065 3337 1139 Magdiburg
3366 1068 3524 1135 obiit,
3557 1069 3645 1127 cui

2000 1146 2168 1205 frater
2196 1148 2543 1206 Coloniensis
2580 1150 2987 1224 archiepiscopi
3016 1155 3396 1214 Werinharius
3427 1156 3486 1189 ’θ’
3525 1173 3649 1215 suc-

2001 1238 2188 1294 cessit.
2220 1238 2498 1294 Heinrz'cus
2540 1242 2882 1309 Augustatsis
2928 1243 3198 1316 episcopus
3228 1245 3376 1314 obiit,
3419 1248 3505 1304 cui
3536 1250 3647 1305 Im-

2000 1326 2141 1383 brico
2165 1326 2225 1358 ¹ο³
2253 1327 2648 1398 Mogontiensis
2677 1330 2978 1387 canonicus
3014 1335 3282 1391 successit
3319 1335 3398 1393 ¹⁰⁵.

2072 1415 2277 1472 Eodem
2315 1431 2460 1474 anno
2519 1417 2770 1487 quadam
2832 1420 3030 1477 mulier
3072 1423 3228 1492 juxta
3278 1425 3649 1482 Constantiam

2001 1503 2261 1561 infantem
2310 1505 2420 1563 duo
2453 1505 2631 1576 capita
2661 1521 2764 1563 nec
2814 1522 2924 1565 non
2972 1514 3029 1565 et
3058 1518 3259 1567 cateia
3298 1514 3541 1570 membra
3579 1513 3646 1571 ad

2002 1607 2177 1664 usque
2206 1593 2397 1651 clunes
2430 1593 2673 1666 duplicia
2700 1595 2993 1653 habentem
3023 1598 3258 1669 peperit.

2076 1789 2369 1846 Heinricus
2397 1804 2493 1846 rex
2534 1702 3013 1847 nataleniinLﬁtli‘ilnini
3040 1790 3286 1848 Colonia
3328 1792 3649 1862 celebravit,

2001 1879 2145 1935 diem
2168 1879 2393 1936 Pascha
2418 1879 2477 1911 ¹⁰⁸
2501 1886 2685 1937 autem
2713 1880 2904 1937 Leodii
2928 1881 3006 1936 ¹⁰⁶.
3040 1881 3294 1953 Synodus
3319 1883 3575 1940 Mantua.

2072 2075 2403 2132 Heinricbus
2460 2090 2556 2132 rex
2602 2076 2838 2133 natalem
2886 2078 3102 2135 Domini
3148 2079 3471 2148 Coslare‘",
3502 2079 3647 2136 diem

1999 2169 2180 2222 autem
2212 2165 2437 2222 Pascha
2489 2166 2805 2222 Wormatia
2854 2166 3172 2224 celebravit.
3229 2170 3426 2224 Domus
3446 2168 3509 2201 ¹⁸⁸
3565 2183 3651 2224 re-

1999 2253 2136 2324 galis
2184 2252 2397 2312 Gestari
2442 2259 2776 2311 concremata
2820 2261 2898 2311 est
2928 2255 3027 2322 i”;
3077 2257 3216 2328 quod
3252 2262 3301 2313 et
3335 2258 3533 2327 factum
3570 2262 3650 2314 est

1996 2344 2054 2399 in
2073 2344 2134 2376 ¹¹⁸
2160 2342 2215 2399 6.
2247 2343 2377 2400 Kal.
2407 2343 2631 2414 Aprilis,
2660 2344 2945 2401 indictione
2970 2346 3026 2400 3.
3057 2349 3129 2403 Et
3155 2346 3350 2401 ibidem
3383 2347 3649 2402 deductus

1998 2439 2076 2490 est
2122 2433 2320 2504 gladio,
2372 2448 2511 2490 anno
2540 2435 2689 2505 regni
2724 2436 2810 2490 sui
2835 2434 2871 2489 9
2902 2436 2961 2469 “i
2990 2437 3163 2492 letalis
3200 2440 3377 2492 autem
3419 2450 3530 2492 sum
3562 2434 3648 2503 l4,

1999 2528 2055 2579 et
2083 2522 2193 2578 dux
2220 2521 2522 2579 Gotifridus
2550 2524 2824 2580 scutarius
2849 2526 2973 2594 ejus
3006 2524 3334 2596 eligebatur.

1994 2654 2001 2659 .
2071 2612 2399 2667 Patauiensis
2443 2613 2716 2684 episcopus
2743 2612 2890 2681 obiit,
2939 2615 3026 2669 cui
3070 2613 3382 2670 Altmamms
3426 2613 3654 2686 impera-

2001 2698 2148 2753 tricis
2167 2698 2473 2769 capellanus
2498 2701 2767 2756 successit.
2799 2702 2915 2757 Hoc
2950 2706 3179 2773 tempore
3199 2701 3487 2772 Sigiﬁ'idus
3523 2702 3655 2759 Μο-

2000 2788 2283 2857 gontieusis
2341 2789 2782 2861 archiepiscopus,
2848 2789 3152 2846 Wilhetinus
3183 2790 3244 2822 “’
3303 2789 3651 2860 Trajectensis

1999 2877 2293 2948 episcopus,
2360 2882 2411 2933 et
2479 2878 2800 2935 Guntharius
2854 2878 3293 2949 Babiabergensis
3356 2879 3650 2951 episcopus.

2000 2967 2121 3023 Otto
2152 2968 2547 3039 Ratisponensis
2574 2968 2872 3040 episcopus,
2913 2983 3030 3024 cum
3064 2984 3252 3039 magno
3282 2974 3546 3039 apparatu
3594 2974 3653 3024 et

267 3074 295 3113 a
324 3058 598 3115 militibus
635 3060 753 3131 ejus
790 3068 854 3117 et
890 3062 1224 3119 occiduntur
1260 3069 1316 3119 et
1362 3064 1420 3119 in
1457 3064 1641 3120 Tiberi
1671 3064 1916 3120 submer-

2015 3054 2261 3112 :omitatu
2306 3056 2598 3113 Jerusalem
2639 3058 3051 3130 proﬁciscentes,
3083 3059 3138 3114 in
3165 3072 3226 3113 eo
3267 3058 3456 3114 itinere
3482 3072 3518 3113 α
3548 3071 3652 3129 pa-

266 3156 487 3220 guntur,
532 3151 724 3207 cateri
752 3149 1030 3223 fugantur.

1995 3146 2146 3214 gauis
2173 3144 2475 3201 multasunt
2497 3147 2755 3218 perpessi.
2785 3148 2929 3204 Nam
2956 3151 3009 3203 et
3038 3146 3227 3203 bellum
3262 3163 3378 3204 cum
3413 3148 3491 3203 eis
3509 3146 3645 3203 inire

333 3239 522 3307 (Codd.
572 3238 664 3294 1-2
721 3240 873 3311 [anno
929 3240 1102 3312 1061.]
1148 3244 1456 3300 Parmensis
1502 3257 1632 3301 vero
1678 3244 1912 3301 collecta
1992 3237 2111 3289 8W1
2158 3234 2346 3291 οοασιὶ.
2378 3237 2445 3290 In
2489 3234 2673 3291 eadem
2719 3235 2809 3291 υἱα
2838 3236 3160 3293 Gunthaﬂ'us
3188 3236 3337 3304 obiit.
3386 3236 3472 3292 cui
3509 3235 3648 3293 Rici-

270 3328 656 3402 undecumque
694 3330 887 3402 grandi
935 3331 1148 3400 militia,
1181 3334 1233 3389 vi
1265 3333 1559 3390 destinavit
1590 3334 1910 3392 kathedram

2015 3336 2215 3378 naeuus
2233 3324 2554 3395 Symouiace
2573 3325 2844 3381 successit.

270 3416 552 3486 invadere,
585 3424 641 3475 et
677 3420 744 3476 ad
787 3421 978 3477 urbem
1025 3422 1251 3479 Romam
1303 3423 1384 3479 sic
1419 3423 1765 3494 perveniens,
1798 3437 1910 3480 non

270 3508 572 3576 permissus
600 3514 684 3565 est
712 3523 742 3565 a
767 3511 1026 3566 Romanis
1064 3511 1304 3579 intrare;
1338 3512 1484 3568 unde
1521 3526 1713 3585 magna
1733 3512 1917 3569 cades

2068 3517 2221 3573 Multi
2251 3517 2313 3549 ¹¹³
2363 3518 2579 3574 nobiles
2627 3430 2970 3573 civhigdﬁ‘elllo
3023 3516 3329 3587 perierunt.
3361 3517 3651 3573 Heinricus

268 3595 464 3654 ibidem
497 3604 728 3670 peracta
766 3604 868 3656 est.
902 3601 969 3656 Et
1004 3600 1085 3657 sic
1132 3615 1241 3658 non
1272 3601 1391 3658 sine
1428 3602 1658 3659 victoria
1688 3607 1915 3659 cruenta
1998 3618 2093 3661 rex
2126 3610 2363 3661 natatem
2392 3606 2728 3663 Domini.....
2763 3605 2845 3673 ³³⁸,
2894 3606 3103 3662 Pascha
3132 3611 3313 3661 autem
3341 3605 3485 3676 apud
3525 3606 3652 3662 Tra-

267 3687 443 3745 muitis
472 3688 742 3746 Romanis
788 3688 1100 3746 interfectis
1135 3690 1203 3746 ad
1236 3692 1482 3747 Parmam
1539 3705 1690 3747 suam
1740 3691 1916 3747 tristis
1991 3694 2199 3762 jectum
2232 3694 2363 3766 egit.

1544 3843 1555 3849 ’
1637 3836 1859 3892 VARI/fl
1895 3837 2279 3893 LEGTlONES.

333 3956 374 3989 ⁸⁵
403 3973 475 4015 m.
526 3975 585 4030 p.
631 3974 687 4029 q.
733 3974 789 4014 u.
834 3974 886 4014 a.
933 3959 987 4015 d.
1036 3974 1083 4013 s.
1118 3959 1303 4016 desunt
1330 3959 1384 4015 3.

1495 3958 1558 4036 '_'_
1585 3959 1691 4036 hic
1713 3960 1764 4036 1‘
1794 3966 1843 4017 et
1878 3960 1920 4036 2
1930 3951 2174 4036 inserunt
2212 3962 2451 4036 quadam
2498 3963 2564 4018 de
2601 3962 2873 4036 Parmensi
2918 3962 3159 4036 episcopo
3197 3963 3339 4033 infra
3366 3962 3599 4021 sistenda
3635 3986 3649 4021 :

278 4029 688 4108 Parmensis—
718 4031 1043 4108 perdurans.
1077 4034 1204 4108 Tum
1231 4048 1302 4108 ea:
1329 4031 1591 4108 Baucide
1622 4031 1824 4087 addunt
1854 4055 1874 4089 .-
1904 4029 2341 4108 Hic_Alexai_ider
2369 4033 2566 4091 doctor
2613 4033 2900 4100 katolicus,
2942 4029 3336 4092 satis'strenue
3373 4037 3648 4108 symonia—

274 4112 383 4175 cam
416 4103 664 4159 heresim
704 4103 998 4169 destruxit,
1031 4108 1088 4159 et
1114 4105 1384 4161 ministris
1411 4104 1602 4159 altaris
1629 4117 1753 4161 cum
1782 4105 2112 4175 conjugibus
2140 4106 2291 4161 coire
2325 4106 2479 4173 juxta
2527 4118 2796 4161 canonum
2827 4113 3028 4162 statuta
3058 4121 3181 4164 cum
3211 4103 3651 4166 excommunica-

277 4171 427 4250 tione
438 4175 770 4250 interdixit,
813 4175 1075 4250 ipsosque
1124 4175 1297 4250 laicos
1335 4175 1667 4250 clericorum
1693 4171 1903 4250 aperte
1928 4171 2391 4250 incontinentium
2440 4177 2622 4233 ofﬁcia
2658 4177 2849 4233 audire
2879 4193 2979 4247 per
3008 4193 3244 4249 pannum
3281 4180 3543 4248 (bannum
3574 4180 3650 4250 2.)

275 4244 595 4319 prohibuit,
618 4253 672 4301 et
701 4245 781 4319 sic
812 4244 1029 4301 illorum
1062 4247 1515 4302 incontinentiam
1547 4244 2010 4319 satisprudenter
2039 4246 2357 4319 refrenavit.
2390 4250 2564 4319 Hujus
2592 4256 2771 4304 autem
2796 4244 3209 4305 constitutionis
3230 4244 3461 4307 maxime
3487 4244 3649 4307 autor

275 4312 369 4368 fuit
411 4317 847 4379 llildebrandus,
872 4324 1003 4373 tunc
1032 4319 1293 4374 Romana
1323 4319 1572 4373 ecclesia
1598 4312 2039 4385 archidiaconus,
2072 4318 2335 4375 hereticis
2365 4312 2595 4375 maxime
2617 4318 2866 4374 infestus.
2942 4319 2984 4349 ⁸⁷
3012 4320 3360 4376 Burchardus
3385 4351 3458 4361 —
3485 4322 3647 4376 dedi-

277 4393 435 4441 catur
464 4390 660 4444 desunt
691 4388 761 4453 1',
795 4388 849 4441 2.

342 4455 383 4487 ⁹²
417 4458 583 4514 1062.
617 4458 671 4512 6.
703 4460 833 4514 ldus
876 4458 948 4512 1‘.

275 4526 454 4586 hanno
473 4530 533 4587 3.

960 4387 1004 4419 ⁸⁸
1034 4388 1095 4460 (1.
1124 4397 1181 4444 et
1215 4392 1397 4460 Agnes
1412 4389 1468 4444 3.

640 4530 683 4560 ⁹⁶
710 4534 868 4586 Anno
901 4530 1247 4586 Coloniensis
1281 4531 1351 4596 1',
1382 4530 1437 4586 2.

1572 4388 1615 4421 ⁸9
1645 4390 1785 4421 Hnno!
1821 4389 1874 4421 1⁸
1926 4389 1943 4421 ε

1060 4389 1089 4443 I.
1124 4397 1181 4444 et
1215 4392 1397 4460 Agnes
1412 4389 1468 4444 3.
1572 4389 1615 4421 ⁸⁸
1644 4390 1786 4445 deest
1821 4389 1893 4455 1‘,
1925 4389 1978 4443 2.
2079 4389 2121 4420 9°
2140 4404 2262 4445 sese
2285 4421 2356 4430 —
2386 4398 2507 4447 cont

1060 4459 1103 4490 "
1130 4466 1185 4515 et
1212 4460 1382 4516 fames
1411 4473 1603 4531 magna
1633 4459 1770 4515 facta
1803 4469 1888 4515 est
1922 4460 1993 4527 1‘,
2037 4461 2092 4527 2,
2123 4476 2193 4516 ex
2224 4462 2507 4518 Bernoldo.

1060 4531 1247 4586 tiensis
1281 4531 1351 4596 1',
1382 4530 1437 4586 2.
1540 4531 1581 4561 ⁹⁷
1611 4532 1987 4601 imperialibus
2022 4531 2091 4599 1',
2133 4533 2185 4588 2.
2291 4532 2334 4563 ⁸⁸
2361 4548 2411 4589 a.
2448 4534 2507 4588 Di

1611 4546 1987 4599 imperialibus
2023 4546 2091 4599 Γ,
2133 4546 2185 4588 z.

3088 4389 3126 4421 ⁹¹
3171 4389 3518 4446 fructerciam
3555 4390 3650 4444 1'?

2628 4461 2671 4492 “
2698 4475 2754 4516 u.
2797 4460 2997 4530 pascha
3036 4460 3196 4516 simul
3243 4475 3291 4516 c.
3334 4462 3407 4527 1*,
3439 4460 3492 4514 2.
3603 4460 3649 4492 ⁸⁸

2291 4532 2334 4563 ⁸⁸
2361 4548 2411 4589 a.
2448 4533 2727 4589 Dissensio
2748 4546 2941 4603 magna
2960 4532 3103 4589 facta
3131 4537 3216 4588 est
3244 4532 3389 4587 inter
3417 4532 3649 4601 impera-

2079 4389 2121 4420 ⁹⁰
2140 4404 2262 4445 sese
2285 4421 2356 4430 —
2386 4392 2621 4447 contulit
2649 4392 2831 4445 desu’nt
2850 4387 2903 4455 2,
2931 4387 2985 4455 3.

277 4598 466 4684 triceni
502 4608 562 4657 et
591 4598 1925 4686 Cuntharium.Babinbergensen‘episcopumnif,
1956 4603 2012 4669 2,
2044 4618 2114 4657 ea:
2150 4603 2432 4686 Bernoldo.
2487 4675 2503 4686 _
2526 4603 2569 4635 θ’
2596 4605 2669 4673 1*,
2702 4603 2761 4686 2,
2788 4598 2863 4686 ea?
2886 4603 3149 4659 Bernotdo
3174 4624 3190 4657 :
3233 4598 3523 4686 Reinricus
3552 4616 3647 4686 rex

283 4673 587 4746 exercitum
618 4673 675 4728 in
720 4674 1054 4746 Pannoniam
1089 4674 1417 4742 (pannonias
1443 4674 1494 4746 2)
1528 4687 1772 4746 movens,
1812 4673 2157 4729 Salomonem
2188 4674 2357 4730 ﬁlium
2387 4675 2620 4732 Andrea
2650 4677 2794 4745 regis
2823 4676 2878 4730 in
2907 4688 3131 4746 regnum
3173 4674 3346 4744 patris
3377 4675 3463 4729 sui
3494 4673 3651 4746 resti-

278 4743 394 4797 tuit.
428 4746 662 4813 Hiemps
707 4744 870 4800 nimis
899 4746 1033 4799 dura
1065 4758 1192 4800 aves
1221 4753 1295 4800 ct.
1321 4784 1335 4799 .
1360 4788 1373 4800 .

283 4817 440 4885 tantis
467 4816 721 4885 archiep.
762 4815 833 4880 1‘,
867 4814 921 4869 2.
1037 4817 1095 4846 ¹⁰²
1125 4816 1268 4871 deest
1298 4816 1351 4872 3.

280 4884 467 4958 Gades
500 4884 696 4958 magna
734 4887 962 4943 Goslare
988 4888 1190 4942 accidit
1233 4890 1288 4943 in
1321 4888 1570 4943 acclesia
1602 4902 1729 4958 rege
1762 4896 2035 4957 presciite.

1454 4745 1514 4776 ¹⁰⁰
1542 4744 1755 4815 frugum
1789 4746 1978 4816 etvini
2006 4758 2253 4816 magnam
2285 4748 2568 4816 penuriam
2609 4744 2789 4804 eﬁ‘ecit
2825 4747 2897 4813 1‘,
2928 4744 2983 4800 2.

1468 4816 1527 4846 ὀδ
1549 4816 1815 4872 imbricko
1836 4815 1889 4880 2,
1917 4815 2178 4873 imbricus
2206 4815 2471 4874 successit
2499 4818 2554 4872 3.

3060 4746 3115 4777 ¹⁰¹
3148 4748 3207 4801 Ε.
3236 4745 3650 4801 Parthenonoli-

2668 4818 2729 4850 ¹⁰⁴
2772 4819 2844 4883 1*,
2893 4818 2947 4883 2,
2997 4816 3194 4872 addunt
3231 4832 3301 4872 ex
3336 4816 3597 4872 Bernoldo
3631 4837 3643 4872 :

2152 4888 2212 4919 ¹⁰³
2242 4903 2291 4943 c.
2325 4890 2525 4959 pascha
2572 4890 2647 4955 1*,
2679 4889 2732 4944 2.

2849 4888 2910 4918 ¹⁰⁸
2949 4888 3050 4942 Hic
3082 4887 3156 4953 1*,
3201 4888 3255 4957 2,
3286 4904 3356 4944 ea:
3383 4887 3645 4944 Bernoldo

279 4954 508 5031 iit-serant
544 4978 560 5011 :
589 4954 785 5031 Magna
813 4958 1015 5013 seditio
1062 4958 1204 5031 facta
1253 4966 1337 5031 est
1374 4960 1519 5031 inter
1541 4954 1893 5014 Adal‘bertum
1938 4954 2451 5031 Haminburgin'sem
2489 4960 3047 5031 archiepiscopumet
3079 4954 3356 5030 principes
3393 4960 3570 5030 regni.
3669 4965 3673 4968 ’

282 5024 336 5099 ff
354 5028 414 5082 G.
452 5029 658 5097 pascha
684 5024 866 5085 autem
898 5031 981 5084 W.
1017 5031 1128 5099 egit
1163 5028 1237 5094 ν’
1271 5030 1323 5084 2-

282 5096 337 5125 ‘”
356 5099 563 5155 Eodem
596 5115 739 5156 anno
769 5101 837 5155 ab
869 5096 1247 5156 incarnatione
1268 5101 1483 5157 Domini
1529 5099 1683 5167 1065,
1708 5096 1928 5170 quando

282 5172 365 5221 tus
384 5174 710 5237 resurrexit,
736 5173 791 5227 in
816 5173 985 5227 tercia
1018 5173 1107 5227 die
1146 5172 1419 5241 paschalis
1448 5172 1770 5229 ebdomada
1790 5170 1844 5227 4.
1870 5173 1947 5228 Ka

282 5241 457 5313 atatis
483 5258 600 5298 sua
629 5244 713 5309 14,
738 5244 1021 5299 accinctus
1039 5242 1224 5313 gladio
1255 5244 1310 5298 in
1334 5245 1554 5299 nomine
1584 5244 1799 5299 Domini
1831 5252 1886 5299 et
1914 5244 2025 5299 dux
2053 5241 2113 5300 G.
2141 5259 2186 5299 s.
2213 5258 2262 5299 e.
2288 5259 2339 5300 e.
2369 5244 2422 5300 2.
2505 5245 2564 5276 ”°
2583 5245 2725 5301 deest
2762 5245 2837 5310 1*,
2869 5244 2923 5296 2.

282 5310 337 5363 Τ.
368 5326 418 5386 e.
452 5315 826 5386 Ratisponensi
852 5310 1233 5386 postpoimntur
1266 5313 1338 5381 1‘,
1378 5314 1433 5383 2,
1469 5314 1766 5372 Vilhelmus
1801 5315 1855 5369 1"

280 5382 493 5449 goslare
532 5382 864 5442 Ussermann.

1441 5029 1500 5061 ¹⁰⁸
1520 5032 1659 5103 ῌφᾳ
1688 5045 1832 5101 (eque
1860 5031 1914 5103 in
1963 5030 2037 5098 1’,
2070 5036 2117 5103 et
2153 5029 2209 5103 β,
2248 5029 2447 5103 scripta.
2485 5048 2555 5087 es:
2592 5030 2852 5103 Bemoldo
2882 5029 3328 5103 malle‘iutellecto
3358 5029 3643 5103 fluxerunt.

1996 5100 2166 5157 ascha
2190 5100 2526 5158 celebratum
2549 5110 2632 5159 est
2668 5102 2722 5156 6.
2756 5101 2873 5157 Kal.
2904 5100 3077 5171 April.
3110 5102 3167 5157 in
3196 5116 3303 5173 qua
3337 5100 3429 5173 die
3463 5101 3646 5173 Chris-

2008 5173 2226 5242 ‘Aprilis
2254 5174 2557 5231 indictione
2578 5174 2632 5242 3,
2661 5187 2758 5229 rex
2790 5172 3080 5229 Heinricus
3109 5171 3253 5231 anno
3280 5172 3434 5298 regni
3473 5172 3558 5229 sui
3586 5171 3642 5240 9,

2008 5246 2113 5300 ιϐ.
2141 5259 2186 5299 s.
2213 5258 2262 5299 e.
2288 5259 2339 5300 e.
2369 5244 2422 5300 2.
2505 5245 2564 5276 ”°
2583 5245 2725 5301 deest
2762 5245 2837 5301 1*.
2869 5244 2923 5296 2.
3003 5244 3058 5276 ¹¹¹
3091 5245 3178 5300 V1.
3216 5244 3294 5301 ια.
3375 5288 3390 5300 .
3469 5245 3529 5277 ¹¹²
3555 5245 3642 5301 W.

1967 5314 2026 5347 “'
2072 5316 2141 5371 Μ.
2192 5329 2248 5373 ii.
2291 5331 2342 5372 c.
2374 5317 2429 5374 b.
2465 5331 2520 5390 p.
2552 5331 2689 5373 anno
2738 5314 2889 5382 1065,
2925 5329 3204 5393 perperam
3231 5315 3380 5379 addit
3415 5314 3469 5375 3.
3584 5314 3647 5353 ηδ

1849 5485 2067 5544 ΝΟΤΔΕ.

354 5582 473 5656 (53)
507 5587 567 5645 in
592 5588 821 5662 Alpibus
847 5588 989 5648 infra
1017 5587 1298 5648 diacesim
1329 5589 1780 5661 Eporediensem.
