  <div class='ocr_page' id='page_1' title='image "/cluster/home/n/w/nwhite01/storage/ocr_20150623/147/hvd.32044073505281/181.png"; bbox 0 0 4100 6166; ppageno 0'>
   <div class='ocr_carea' id='block_1_1' title="bbox 448 241 547 300">
    <p class='ocr_par' dir='ltr' id='par_1_1' title="bbox 448 241 547 300">
     <span class='ocr_line' id='line_1_1' title="bbox 448 241 547 300; baseline 0 0"><span class='ocrx_word' id='word_1_1' title='bbox 448 241 547 300; x_wconf 84' lang='grc'><strong><em>351</em></strong></span> 
     </span>
    </p>
   </div>
   <div class='ocr_carea' id='block_1_2' title="bbox 1392 238 2815 302">
    <p class='ocr_par' dir='ltr' id='par_1_2' title="bbox 1392 238 2815 302">
     <span class='ocr_line' id='line_1_2' title="bbox 1392 238 2815 302; baseline -0.005 -1"><span class='ocrx_word' id='word_1_2' title='bbox 1392 244 1769 302; x_wconf 85' lang='lat' dir='ltr'><strong><em>BERTHOLDI</em></strong></span> <span class='ocrx_word' id='word_1_3' title='bbox 1809 242 2220 301; x_wconf 74' lang='lat' dir='ltr'><strong><em>PBESBYTERI</em></strong></span> <span class='ocrx_word' id='word_1_4' title='bbox 2258 238 2815 298; x_wconf 80' lang='lat' dir='ltr'><strong><em>CONSTANTIENSIS</em></strong></span> 
     </span>
    </p>
   </div>
   <div class='ocr_carea' id='block_1_3' title="bbox 3669 247 3760 304">
    <p class='ocr_par' dir='ltr' id='par_1_3' title="bbox 3669 247 3760 304">
     <span class='ocr_line' id='line_1_3' title="bbox 3669 247 3760 304; baseline 0 0"><span class='ocrx_word' id='word_1_5' title='bbox 3669 247 3760 304; x_wconf 81' lang='lat'><strong><em>352</em></strong></span> 
     </span>
    </p>
   </div>
   <div class='ocr_carea' id='block_1_4' title="bbox 518 356 3764 442">
    <p class='ocr_par' dir='ltr' id='par_1_4' title="bbox 518 356 3764 442">
     <span class='ocr_line' id='line_1_4' title="bbox 518 356 3764 442; baseline 0.001 -17"><span class='ocrx_word' id='word_1_6' title='bbox 518 368 859 427; x_wconf 85' lang='lat' dir='ltr'><strong><em>Eberhardus</em></strong></span> <span class='ocrx_word' id='word_1_7' title='bbox 892 369 1221 427; x_wconf 71' lang='lat' dir='ltr'><strong><em>Treverensis</em></strong></span> <span class='ocrx_word' id='word_1_8' title='bbox 1254 368 1673 442; x_wconf 74' lang='lat' dir='ltr'><strong><em>archiepiscopus</em></strong></span> <span class='ocrx_word' id='word_1_9' title='bbox 1705 368 1773 423; x_wconf 89' lang='lat' dir='ltr'><strong><em>l7</em></strong></span> <span class='ocrx_word' id='word_1_10' title='bbox 1797 368 1922 426; x_wconf 86' lang='lat' dir='ltr'><strong><em>Kal.</em></strong></span> <span class='ocrx_word' id='word_1_11' title='bbox 1953 367 2164 429; x_wconf 75' lang='lat' dir='ltr'><strong><em>MaiiA</em></strong></span> <span class='ocrx_word' id='word_1_12' title='bbox 2244 365 2341 423; x_wconf 86' lang='lat' dir='ltr'><strong><em>His</em></strong></span> <span class='ocrx_word' id='word_1_13' title='bbox 2365 364 2708 435; x_wconf 81' lang='lat' dir='ltr'><strong><em>temporibus</em></strong></span> <span class='ocrx_word' id='word_1_14' title='bbox 2730 362 2852 436; x_wconf 81' lang='lat'><strong>(54)</strong></span> <span class='ocrx_word' id='word_1_15' title='bbox 2885 362 3107 434; x_wconf 88' lang='lat' dir='ltr'><strong><em>quidam</em></strong></span> <span class='ocrx_word' id='word_1_16' title='bbox 3137 356 3389 422; x_wconf 81' lang='lat' dir='ltr'><strong><em>monachi</em></strong></span> <span class='ocrx_word' id='word_1_17' title='bbox 3417 367 3482 424; x_wconf 91' lang='lat' dir='ltr'><strong><em>de</em></strong></span> <span class='ocrx_word' id='word_1_18' title='bbox 3507 369 3633 426; x_wconf 84' lang='lat' dir='ltr'><strong><em>valle</em></strong></span> <span class='ocrx_word' id='word_1_19' title='bbox 3658 386 3764 441; x_wconf 70' lang='lat' dir='ltr'><strong><em>quae</em></strong></span> 
     </span>
    </p>
   </div>
   <div class='ocr_carea' id='block_1_5' title="bbox 447 457 2096 530">
    <p class='ocr_par' dir='ltr' id='par_1_5' title="bbox 447 457 2096 530">
     <span class='ocr_line' id='line_1_5' title="bbox 447 457 2096 530; baseline 0.001 -17"><span class='ocrx_word' id='word_1_20' title='bbox 447 457 667 515; x_wconf 87' lang='lat' dir='ltr'><strong><em>sabbato</em></strong></span> <span class='ocrx_word' id='word_1_21' title='bbox 686 462 867 514; x_wconf 89' lang='lat' dir='ltr'><strong><em>sancto</em></strong></span> <span class='ocrx_word' id='word_1_22' title='bbox 892 458 951 491; x_wconf 82' lang='grc'><strong><em>¹¹⁸</em></strong></span> <span class='ocrx_word' id='word_1_23' title='bbox 979 458 1215 525; x_wconf 79' lang='lat' dir='ltr'><strong><em>Pasclue,</em></strong></span> <span class='ocrx_word' id='word_1_24' title='bbox 1246 457 1512 530; x_wconf 86' lang='lat' dir='ltr'><strong><em>completis</em></strong></span> <span class='ocrx_word' id='word_1_25' title='bbox 1541 473 1576 513; x_wconf 92' lang='lat' dir='ltr'><strong><em>a</em></strong></span> <span class='ocrx_word' id='word_1_26' title='bbox 1592 473 1651 513; x_wconf 88' lang='lat' dir='ltr'><strong><em>se</em></strong></span> <span class='ocrx_word' id='word_1_27' title='bbox 1678 458 1841 529; x_wconf 80' lang='lat' dir='ltr'><strong><em>ipsius</em></strong></span> <span class='ocrx_word' id='word_1_28' title='bbox 1870 458 1979 514; x_wconf 86' lang='lat' dir='ltr'><strong><em>diei</em></strong></span> <span class='ocrx_word' id='word_1_29' title='bbox 2015 458 2096 530; x_wconf 84' lang='lat' dir='ltr'><strong><em>of-</em></strong></span> 
     </span>
    </p>
   </div>
   <div class='ocr_carea' id='block_1_6' title="bbox 448 546 2096 620">
    <p class='ocr_par' dir='ltr' id='par_1_6' title="bbox 448 546 2096 620">
     <span class='ocr_line' id='line_1_6' title="bbox 448 546 2096 620; baseline 0 -17"><span class='ocrx_word' id='word_1_30' title='bbox 448 548 603 620; x_wconf 74' lang='lat' dir='ltr'><strong><em>ficiis,</em></strong></span> <span class='ocrx_word' id='word_1_31' title='bbox 634 547 763 619; x_wconf 89' lang='lat' dir='ltr'><strong><em>ipsis</em></strong></span> <span class='ocrx_word' id='word_1_32' title='bbox 790 546 1209 603; x_wconf 75' lang='lat' dir='ltr'><strong><em>sacerdotalibus</em></strong></span> <span class='ocrx_word' id='word_1_33' title='bbox 1235 547 1550 602; x_wconf 71' lang='lat' dir='ltr'><strong><em>vestimentis</em></strong></span> <span class='ocrx_word' id='word_1_34' title='bbox 1577 546 1805 614; x_wconf 89' lang='lat' dir='ltr'><strong><em>indutus,</em></strong></span> <span class='ocrx_word' id='word_1_35' title='bbox 1846 547 2096 619; x_wconf 77' lang='lat' dir='ltr'><strong><em>requievit</em></strong></span> 
     </span>
    </p>
   </div>
   <div class='ocr_carea' id='block_1_7' title="bbox 450 633 2097 714">
    <p class='ocr_par' dir='ltr' id='par_1_7' title="bbox 450 633 2097 714">
     <span class='ocr_line' id='line_1_7' title="bbox 450 633 2097 714; baseline -0.001 -22"><span class='ocrx_word' id='word_1_36' title='bbox 450 637 506 692; x_wconf 92' lang='lat' dir='ltr'><strong><em>in</em></strong></span> <span class='ocrx_word' id='word_1_37' title='bbox 530 650 681 708; x_wconf 89' lang='lat' dir='ltr'><strong><em>pace.</em></strong></span> <span class='ocrx_word' id='word_1_38' title='bbox 711 636 809 693; x_wconf 85' lang='lat' dir='ltr'><strong><em>Cui</em></strong></span> <span class='ocrx_word' id='word_1_39' title='bbox 835 635 1183 714; x_wconf 84' lang='lat' dir='ltr'><strong><em>Chaunradus</em></strong></span> <span class='ocrx_word' id='word_1_40' title='bbox 1205 633 1525 692; x_wconf 85' lang='lat' dir='ltr'><strong><em>Coloniensis</em></strong></span> <span class='ocrx_word' id='word_1_41' title='bbox 1550 635 1882 707; x_wconf 75' lang='lat' dir='ltr'><strong><em>prwpositus,</em></strong></span> <span class='ocrx_word' id='word_1_42' title='bbox 1904 634 2097 692; x_wconf 89' lang='lat' dir='ltr'><strong><em>electus</em></strong></span> 
     </span>
    </p>
   </div>
   <div class='ocr_carea' id='block_1_8' title="bbox 452 723 2099 795">
    <p class='ocr_par' dir='ltr' id='par_1_8' title="bbox 452 723 2099 795">
     <span class='ocr_line' id='line_1_8' title="bbox 452 723 2099 795; baseline -0.001 -14"><span class='ocrx_word' id='word_1_43' title='bbox 452 741 486 781; x_wconf 91' lang='lat' dir='ltr'><strong><em>a</em></strong></span> <span class='ocrx_word' id='word_1_44' title='bbox 520 738 661 795; x_wconf 84' lang='lat' dir='ltr'><strong><em>rege,</em></strong></span> <span class='ocrx_word' id='word_1_45' title='bbox 701 724 977 780; x_wconf 78' lang='lat' dir='ltr'><strong><em>succedere</em></strong></span> <span class='ocrx_word' id='word_1_46' title='bbox 1024 723 1238 790; x_wconf 80' lang='lat' dir='ltr'><strong><em>debuit;</em></strong></span> <span class='ocrx_word' id='word_1_47' title='bbox 1275 727 1354 779; x_wconf 89' lang='lat' dir='ltr'><strong><em>set</em></strong></span> <span class='ocrx_word' id='word_1_48' title='bbox 1382 740 1416 779; x_wconf 92' lang='lat' dir='ltr'><strong><em>a</em></strong></span> <span class='ocrx_word' id='word_1_49' title='bbox 1444 723 1582 780; x_wconf 91' lang='lat' dir='ltr'><strong><em>clero</em></strong></span> <span class='ocrx_word' id='word_1_50' title='bbox 1622 729 1671 781; x_wconf 88' lang='lat' dir='ltr'><strong><em>et</em></strong></span> <span class='ocrx_word' id='word_1_51' title='bbox 1698 724 1892 781; x_wconf 88' lang='lat' dir='ltr'><strong><em>civibus</em></strong></span> <span class='ocrx_word' id='word_1_52' title='bbox 1923 725 2099 781; x_wconf 90' lang='lat' dir='ltr'><strong><em>Trevi-</em></strong></span> 
     </span>
    </p>
   </div>
   <div class='ocr_carea' id='block_1_9' title="bbox 451 813 2098 885">
    <p class='ocr_par' dir='ltr' id='par_1_9' title="bbox 451 813 2098 885">
     <span class='ocr_line' id='line_1_9' title="bbox 451 813 2098 885; baseline 0 -15"><span class='ocrx_word' id='word_1_53' title='bbox 451 814 686 870; x_wconf 88' lang='lat' dir='ltr'><strong><em>rensibus</em></strong></span> <span class='ocrx_word' id='word_1_54' title='bbox 722 814 981 884; x_wconf 85' lang='lat' dir='ltr'><strong><em>refutatus</em></strong></span> <span class='ocrx_word' id='word_1_55' title='bbox 1011 817 1109 870; x_wconf 85' lang='lat' dir='ltr'><strong><em>est.</em></strong></span> <span class='ocrx_word' id='word_1_56' title='bbox 1174 813 1321 869; x_wconf 89' lang='lat' dir='ltr'><strong><em>Unde</em></strong></span> <span class='ocrx_word' id='word_1_57' title='bbox 1350 813 1561 885; x_wconf 90' lang='lat' dir='ltr'><strong><em>quidam</em></strong></span> <span class='ocrx_word' id='word_1_58' title='bbox 1599 829 1770 870; x_wconf 88' lang='lat' dir='ltr'><strong><em>comes</em></strong></span> <span class='ocrx_word' id='word_1_59' title='bbox 1818 815 1883 870; x_wconf 89' lang='lat' dir='ltr'><strong><em>de</em></strong></span> <span class='ocrx_word' id='word_1_60' title='bbox 1910 814 2098 871; x_wconf 87' lang='lat' dir='ltr'><strong><em>militia</em></strong></span> 
     </span>
    </p>
   </div>
   <div class='ocr_carea' id='block_1_10' title="bbox 458 901 2097 970">
    <p class='ocr_par' dir='ltr' id='par_1_10' title="bbox 458 901 2097 970">
     <span class='ocr_line' id='line_1_10' title="bbox 458 901 2097 970; baseline 0 -12"><span class='ocrx_word' id='word_1_61' title='bbox 458 902 766 970; x_wconf 80' lang='lat' dir='ltr'><strong><em>Trevirensi,</em></strong></span> <span class='ocrx_word' id='word_1_62' title='bbox 797 902 1001 957; x_wconf 89' lang='lat' dir='ltr'><strong><em>nomine</em></strong></span> <span class='ocrx_word' id='word_1_63' title='bbox 1051 901 1415 969; x_wconf 67' lang='lat' dir='ltr'><strong><em>Theodericus,</em></strong></span> <span class='ocrx_word' id='word_1_64' title='bbox 1466 901 1682 957; x_wconf 89' lang='lat' dir='ltr'><strong><em>eundem</em></strong></span> <span class='ocrx_word' id='word_1_65' title='bbox 1730 903 2097 959; x_wconf 85' lang='lat' dir='ltr'><strong><em>Chounradum</em></strong></span> 
     </span>
    </p>
   </div>
   <div class='ocr_carea' id='block_1_11' title="bbox 458 989 2099 1061">
    <p class='ocr_par' dir='ltr' id='par_1_11' title="bbox 458 989 2099 1061">
     <span class='ocr_line' id='line_1_11' title="bbox 458 989 2099 1061; baseline 0 -14"><span class='ocrx_word' id='word_1_66' title='bbox 458 991 706 1047; x_wconf 86' lang='lat' dir='ltr'><strong><em>Trevirim</em></strong></span> <span class='ocrx_word' id='word_1_67' title='bbox 745 990 1029 1047; x_wconf 87' lang='lat' dir='ltr'><strong><em>tendentem</em></strong></span> <span class='ocrx_word' id='word_1_68' title='bbox 1068 989 1469 1061; x_wconf 82' lang='lat' dir='ltr'><strong><em>comprehendit,</em></strong></span> <span class='ocrx_word' id='word_1_69' title='bbox 1501 995 1552 1046; x_wconf 91' lang='lat' dir='ltr'><strong><em>et</em></strong></span> <span class='ocrx_word' id='word_1_70' title='bbox 1590 991 1681 1046; x_wconf 87' lang='lat' dir='ltr'><strong><em>diu</em></strong></span> <span class='ocrx_word' id='word_1_71' title='bbox 1719 990 1814 1047; x_wconf 90' lang='lat' dir='ltr'><strong><em>sub</em></strong></span> <span class='ocrx_word' id='word_1_72' title='bbox 1862 992 2099 1047; x_wconf 88' lang='lat' dir='ltr'><strong><em>custodia</em></strong></span> 
     </span>
    </p>
   </div>
   <div class='ocr_carea' id='block_1_12' title="bbox 454 1076 2099 1149">
    <p class='ocr_par' dir='ltr' id='par_1_12' title="bbox 454 1076 2099 1149">
     <span class='ocr_line' id='line_1_12' title="bbox 454 1076 2099 1149; baseline 0.001 -15"><span class='ocrx_word' id='word_1_73' title='bbox 454 1084 771 1135; x_wconf 90' lang='lat' dir='ltr'><strong><em>maceratum</em></strong></span> <span class='ocrx_word' id='word_1_74' title='bbox 808 1083 1031 1149; x_wconf 83' lang='lat' dir='ltr'><strong><em>quatuor</em></strong></span> <span class='ocrx_word' id='word_1_75' title='bbox 1058 1076 1308 1133; x_wconf 81' lang='lat' dir='ltr'><strong><em>militibus</em></strong></span> <span class='ocrx_word' id='word_1_76' title='bbox 1346 1078 1664 1134; x_wconf 88' lang='lat' dir='ltr'><strong><em>enecandum</em></strong></span> <span class='ocrx_word' id='word_1_77' title='bbox 1692 1079 1964 1135; x_wconf 86' lang='lat' dir='ltr'><strong><em>commisit.</em></strong></span> <span class='ocrx_word' id='word_1_78' title='bbox 1999 1080 2099 1148; x_wconf 83' lang='lat' dir='ltr'><strong><em>Qui</em></strong></span> 
     </span>
    </p>
   </div>
   <div class='ocr_carea' id='block_1_13' title="bbox 454 1167 2100 1240">
    <p class='ocr_par' dir='ltr' id='par_1_13' title="bbox 454 1167 2100 1240">
     <span class='ocr_line' id='line_1_13' title="bbox 454 1167 2100 1240; baseline 0.002 -18"><span class='ocrx_word' id='word_1_79' title='bbox 454 1168 575 1223; x_wconf 89' lang='lat' dir='ltr'><strong><em>dum</em></strong></span> <span class='ocrx_word' id='word_1_80' title='bbox 615 1184 729 1223; x_wconf 86' lang='lat' dir='ltr'><strong><em>eum</em></strong></span> <span class='ocrx_word' id='word_1_81' title='bbox 765 1172 845 1223; x_wconf 88' lang='lat' dir='ltr'><strong><em>ter</em></strong></span> <span class='ocrx_word' id='word_1_82' title='bbox 881 1182 982 1238; x_wconf 87' lang='lat' dir='ltr'><strong><em>per</em></strong></span> <span class='ocrx_word' id='word_1_83' title='bbox 1018 1167 1276 1238; x_wconf 88' lang='lat' dir='ltr'><strong><em>quoddam</em></strong></span> <span class='ocrx_word' id='word_1_84' title='bbox 1317 1168 1646 1240; x_wconf 68' lang='lat' dir='ltr'><strong><em>praccipitum</em></strong></span> <span class='ocrx_word' id='word_1_85' title='bbox 1682 1168 2007 1239; x_wconf 87' lang='lat' dir='ltr'><strong><em>dejccissent,</em></strong></span> <span class='ocrx_word' id='word_1_86' title='bbox 2050 1173 2100 1225; x_wconf 92' lang='lat' dir='ltr'><strong><em>et</em></strong></span> 
     </span>
    </p>
   </div>
   <div class='ocr_carea' id='block_1_14' title="bbox 453 1254 2102 1328">
    <p class='ocr_par' dir='ltr' id='par_1_14' title="bbox 453 1254 2102 1328">
     <span class='ocr_line' id='line_1_14' title="bbox 453 1254 2102 1328; baseline 0.002 -18"><span class='ocrx_word' id='word_1_87' title='bbox 453 1254 614 1311; x_wconf 80' lang='lat' dir='ltr'><strong><em>nichil</em></strong></span> <span class='ocrx_word' id='word_1_88' title='bbox 637 1255 738 1311; x_wconf 89' lang='lat' dir='ltr'><strong><em>sibi</em></strong></span> <span class='ocrx_word' id='word_1_89' title='bbox 773 1256 876 1312; x_wconf 87' lang='lat' dir='ltr'><strong><em>nisi</em></strong></span> <span class='ocrx_word' id='word_1_90' title='bbox 916 1255 1181 1312; x_wconf 85' lang='lat' dir='ltr'><strong><em>brachium</em></strong></span> <span class='ocrx_word' id='word_1_91' title='bbox 1211 1254 1459 1312; x_wconf 84' lang='lat' dir='ltr'><strong><em>collidere</em></strong></span> <span class='ocrx_word' id='word_1_92' title='bbox 1474 1262 1705 1328; x_wconf 84' lang='lat' dir='ltr'><strong><em>possent,</em></strong></span> <span class='ocrx_word' id='word_1_93' title='bbox 1737 1272 1869 1313; x_wconf 90' lang='lat' dir='ltr'><strong><em>unus</em></strong></span> <span class='ocrx_word' id='word_1_94' title='bbox 1898 1273 1968 1313; x_wconf 79' lang='lat' dir='ltr'><strong><em>ea:</em></strong></span> <span class='ocrx_word' id='word_1_95' title='bbox 1994 1256 2102 1313; x_wconf 84' lang='lat' dir='ltr'><strong><em>illis</em></strong></span> 
     </span>
    </p>
   </div>
   <div class='ocr_carea' id='block_1_15' title="bbox 453 1343 2102 1417">
    <p class='ocr_par' dir='ltr' id='par_1_15' title="bbox 453 1343 2102 1417">
     <span class='ocr_line' id='line_1_15' title="bbox 453 1343 2102 1417; baseline 0.001 -18"><span class='ocrx_word' id='word_1_96' title='bbox 453 1344 753 1414; x_wconf 74' lang='lat' dir='ltr'><strong><em>prenitentia</em></strong></span> <span class='ocrx_word' id='word_1_97' title='bbox 776 1345 978 1412; x_wconf 88' lang='lat' dir='ltr'><strong><em>ductus,</em></strong></span> <span class='ocrx_word' id='word_1_98' title='bbox 1004 1343 1071 1399; x_wconf 90' lang='lat' dir='ltr'><strong><em>ab</em></strong></span> <span class='ocrx_word' id='word_1_99' title='bbox 1091 1360 1149 1400; x_wconf 88' lang='lat' dir='ltr'><strong><em>eo</em></strong></span> <span class='ocrx_word' id='word_1_100' title='bbox 1176 1344 1378 1400; x_wconf 84' lang='lat' dir='ltr'><strong><em>veniam</em></strong></span> <span class='ocrx_word' id='word_1_101' title='bbox 1404 1345 1717 1417; x_wconf 88' lang='lat' dir='ltr'><strong><em>impetravit.</em></strong></span> <span class='ocrx_word' id='word_1_102' title='bbox 1746 1345 1899 1402; x_wconf 80' lang='lat' dir='ltr'><strong><em>Alius</em></strong></span> <span class='ocrx_word' id='word_1_103' title='bbox 1928 1353 2102 1403; x_wconf 88' lang='lat' dir='ltr'><strong><em>autem</em></strong></span> 
     </span>
    </p>
   </div>
   <div class='ocr_carea' id='block_1_16' title="bbox 453 1432 2103 1504">
    <p class='ocr_par' dir='ltr' id='par_1_16' title="bbox 453 1432 2103 1504">
     <span class='ocr_line' id='line_1_16' title="bbox 453 1432 2103 1504; baseline 0.002 -17"><span class='ocrx_word' id='word_1_104' title='bbox 453 1433 630 1489; x_wconf 86' lang='lat' dir='ltr'><strong><em>volens</em></strong></span> <span class='ocrx_word' id='word_1_105' title='bbox 648 1448 763 1489; x_wconf 85' lang='lat' dir='ltr'><strong><em>eum</em></strong></span> <span class='ocrx_word' id='word_1_106' title='bbox 786 1432 1068 1501; x_wconf 84' lang='lat' dir='ltr'><strong><em>decollare,</em></strong></span> <span class='ocrx_word' id='word_1_107' title='bbox 1100 1432 1374 1489; x_wconf 63' lang='lat' dir='ltr'><strong><em>mamillam</em></strong></span> <span class='ocrx_word' id='word_1_108' title='bbox 1402 1434 1515 1504; x_wconf 88' lang='lat' dir='ltr'><strong><em>ejus</em></strong></span> <span class='ocrx_word' id='word_1_109' title='bbox 1534 1439 1733 1489; x_wconf 88' lang='lat' dir='ltr'><strong><em>tantum</em></strong></span> <span class='ocrx_word' id='word_1_110' title='bbox 1760 1435 2000 1491; x_wconf 80' lang='lat' dir='ltr'><strong><em>abscidit.</em></strong></span> <span class='ocrx_word' id='word_1_111' title='bbox 2032 1438 2103 1492; x_wconf 88' lang='lat' dir='ltr'><strong><em>Et</em></strong></span> 
     </span>
    </p>
   </div>
   <div class='ocr_carea' id='block_1_17' title="bbox 450 1521 2106 1593">
    <p class='ocr_par' dir='ltr' id='par_1_17' title="bbox 450 1521 2106 1593">
     <span class='ocr_line' id='line_1_17' title="bbox 450 1521 2106 1593; baseline -0.001 -17"><span class='ocrx_word' id='word_1_112' title='bbox 450 1522 532 1577; x_wconf 87' lang='lat' dir='ltr'><strong><em>sic</em></strong></span> <span class='ocrx_word' id='word_1_113' title='bbox 550 1521 663 1592; x_wconf 86' lang='lat' dir='ltr'><strong><em>ipse</em></strong></span> <span class='ocrx_word' id='word_1_114' title='bbox 694 1522 801 1576; x_wconf 88' lang='lat' dir='ltr'><strong><em>Deo</em></strong></span> <span class='ocrx_word' id='word_1_115' title='bbox 832 1522 1020 1591; x_wconf 85' lang='lat' dir='ltr'><strong><em>dignus</em></strong></span> <span class='ocrx_word' id='word_1_116' title='bbox 1056 1526 1257 1592; x_wconf 83' lang='lat' dir='ltr'><strong><em>martyr</em></strong></span> <span class='ocrx_word' id='word_1_117' title='bbox 1284 1522 1355 1577; x_wconf 87' lang='lat' dir='ltr'><strong><em>ad</em></strong></span> <span class='ocrx_word' id='word_1_118' title='bbox 1384 1522 1656 1578; x_wconf 89' lang='lat' dir='ltr'><strong><em>Dominum</em></strong></span> <span class='ocrx_word' id='word_1_119' title='bbox 1682 1524 1940 1593; x_wconf 82' lang='lat' dir='ltr'><strong><em>migravit.</em></strong></span> <span class='ocrx_word' id='word_1_120' title='bbox 1978 1527 2106 1578; x_wconf 68' lang='lat' dir='ltr'><strong><em>Pax:-</em></strong></span> 
     </span>
    </p>
   </div>
   <div class='ocr_carea' id='block_1_18' title="bbox 450 1608 2105 1667">
    <p class='ocr_par' dir='ltr' id='par_1_18' title="bbox 450 1608 2105 1667">
     <span class='ocr_line' id='line_1_18' title="bbox 450 1608 2105 1667; baseline 0.001 -1"><span class='ocrx_word' id='word_1_121' title='bbox 450 1625 543 1666; x_wconf 88' lang='lat' dir='ltr'><strong><em>sus</em></strong></span> <span class='ocrx_word' id='word_1_122' title='bbox 572 1615 649 1665; x_wconf 88' lang='lat' dir='ltr'><strong><em>est</em></strong></span> <span class='ocrx_word' id='word_1_123' title='bbox 678 1608 937 1665; x_wconf 85' lang='lat' dir='ltr'><strong><em>Kalendis</em></strong></span> <span class='ocrx_word' id='word_1_124' title='bbox 983 1611 1109 1666; x_wconf 84' lang='lat' dir='ltr'><strong><em>Jun.</em></strong></span> <span class='ocrx_word' id='word_1_125' title='bbox 1150 1625 1287 1665; x_wconf 88' lang='lat' dir='ltr'><strong><em>anno</em></strong></span> <span class='ocrx_word' id='word_1_126' title='bbox 1310 1609 1372 1640; x_wconf 84' lang='grc'><strong><em>¹¹⁶</em></strong></span> <span class='ocrx_word' id='word_1_127' title='bbox 1409 1609 1476 1665; x_wconf 91' lang='lat' dir='ltr'><strong><em>ab</em></strong></span> <span class='ocrx_word' id='word_1_128' title='bbox 1513 1611 1874 1667; x_wconf 86' lang='lat' dir='ltr'><strong><em>incarnatione</em></strong></span> <span class='ocrx_word' id='word_1_129' title='bbox 1899 1613 2105 1667; x_wconf 81' lang='lat' dir='ltr'><strong><em>Domini</em></strong></span> 
     </span>
    </p>
   </div>
   <div class='ocr_carea' id='block_1_19' title="bbox 2179 452 3767 529">
    <p class='ocr_par' dir='ltr' id='par_1_19' title="bbox 2179 452 3767 529">
     <span class='ocr_line' id='line_1_19' title="bbox 2179 452 3767 529; baseline 0.003 -17"><span class='ocrx_word' id='word_1_130' title='bbox 2179 464 2403 512; x_wconf 79' lang='lat' dir='ltr'><strong><em>vocatur</em></strong></span> <span class='ocrx_word' id='word_1_131' title='bbox 2431 454 2718 519; x_wconf 87' lang='lat' dir='ltr'><strong><em>Umbrosa,</em></strong></span> <span class='ocrx_word' id='word_1_132' title='bbox 2759 452 2816 509; x_wconf 91' lang='lat' dir='ltr'><strong><em>in</em></strong></span> <span class='ocrx_word' id='word_1_133' title='bbox 2866 452 3185 509; x_wconf 77' lang='lat' dir='ltr'><strong><em>Florentino</em></strong></span> <span class='ocrx_word' id='word_1_134' title='bbox 3229 453 3553 525; x_wconf 87' lang='lat' dir='ltr'><strong><em>episcopatu,</em></strong></span> <span class='ocrx_word' id='word_1_135' title='bbox 3582 459 3767 529; x_wconf 83' lang='lat' dir='ltr'><strong><em>episco-</em></strong></span> 
     </span>
    </p>
   </div>
   <div class='ocr_carea' id='block_1_20' title="bbox 2178 540 3770 615">
    <p class='ocr_par' dir='ltr' id='par_1_20' title="bbox 2178 540 3770 615">
     <span class='ocr_line' id='line_1_20' title="bbox 2178 540 3770 615; baseline 0.003 -16"><span class='ocrx_word' id='word_1_136' title='bbox 2178 558 2307 615; x_wconf 85' lang='lat' dir='ltr'><strong><em>pum</em></strong></span> <span class='ocrx_word' id='word_1_137' title='bbox 2352 557 2511 599; x_wconf 90' lang='lat' dir='ltr'><strong><em>suum</em></strong></span> <span class='ocrx_word' id='word_1_138' title='bbox 2540 543 2613 599; x_wconf 93' lang='lat' dir='ltr'><strong><em>ob</em></strong></span> <span class='ocrx_word' id='word_1_139' title='bbox 2657 540 3037 613; x_wconf 83' lang='lat' dir='ltr'><strong><em>Symoniacam</em></strong></span> <span class='ocrx_word' id='word_1_140' title='bbox 3074 540 3308 597; x_wconf 83' lang='lat' dir='ltr'><strong><em>heresim</em></strong></span> <span class='ocrx_word' id='word_1_141' title='bbox 3340 545 3572 614; x_wconf 83' lang='lat' dir='ltr'><strong><em>recipere</em></strong></span> <span class='ocrx_word' id='word_1_142' title='bbox 3608 547 3770 603; x_wconf 86' lang='lat' dir='ltr'><strong><em>nolue-</em></strong></span> 
     </span>
    </p>
   </div>
   <div class='ocr_carea' id='block_1_21' title="bbox 2178 630 3770 701">
    <p class='ocr_par' dir='ltr' id='par_1_21' title="bbox 2178 630 3770 701">
     <span class='ocr_line' id='line_1_21' title="bbox 2178 630 3770 701; baseline 0.001 -12"><span class='ocrx_word' id='word_1_143' title='bbox 2178 639 2326 699; x_wconf 91' lang='lat' dir='ltr'><strong><em>runt,</em></strong></span> <span class='ocrx_word' id='word_1_144' title='bbox 2348 639 2404 687; x_wconf 88' lang='lat' dir='ltr'><strong><em>et</em></strong></span> <span class='ocrx_word' id='word_1_145' title='bbox 2432 631 2640 687; x_wconf 91' lang='lat' dir='ltr'><strong><em>clerum</em></strong></span> <span class='ocrx_word' id='word_1_146' title='bbox 2666 630 3039 701; x_wconf 80' lang='lat' dir='ltr'><strong><em>populumque</em></strong></span> <span class='ocrx_word' id='word_1_147' title='bbox 3076 630 3133 686; x_wconf 90' lang='lat' dir='ltr'><strong><em>in</em></strong></span> <span class='ocrx_word' id='word_1_148' title='bbox 3164 636 3370 686; x_wconf 87' lang='lat' dir='ltr'><strong><em>tantum</em></strong></span> <span class='ocrx_word' id='word_1_149' title='bbox 3407 632 3472 687; x_wconf 91' lang='lat' dir='ltr'><strong><em>ab</em></strong></span> <span class='ocrx_word' id='word_1_150' title='bbox 3500 648 3562 690; x_wconf 92' lang='lat' dir='ltr'><strong><em>eo</em></strong></span> <span class='ocrx_word' id='word_1_151' title='bbox 3589 642 3770 691; x_wconf 87' lang='lat' dir='ltr'><strong><em>averte-</em></strong></span> 
     </span>
    </p>
   </div>
   <div class='ocr_carea' id='block_1_22' title="bbox 2178 718 3775 794">
    <p class='ocr_par' dir='ltr' id='par_1_22' title="bbox 2178 718 3775 794">
     <span class='ocr_line' id='line_1_22' title="bbox 2178 718 3775 794; baseline 0.001 -17"><span class='ocrx_word' id='word_1_152' title='bbox 2178 728 2327 787; x_wconf 89' lang='lat' dir='ltr'><strong><em>runt,</em></strong></span> <span class='ocrx_word' id='word_1_153' title='bbox 2360 727 2416 777; x_wconf 86' lang='lat' dir='ltr'><strong><em>et</em></strong></span> <span class='ocrx_word' id='word_1_154' title='bbox 2453 719 2605 776; x_wconf 91' lang='lat' dir='ltr'><strong><em>nullo</em></strong></span> <span class='ocrx_word' id='word_1_155' title='bbox 2662 719 2827 776; x_wconf 91' lang='lat' dir='ltr'><strong><em>modo</em></strong></span> <span class='ocrx_word' id='word_1_156' title='bbox 2874 718 3112 775; x_wconf 80' lang='lat' dir='ltr'><strong><em>ofﬁcium</em></strong></span> <span class='ocrx_word' id='word_1_157' title='bbox 3161 718 3309 775; x_wconf 91' lang='lat' dir='ltr'><strong><em>illius</em></strong></span> <span class='ocrx_word' id='word_1_158' title='bbox 3353 720 3587 792; x_wconf 86' lang='lat' dir='ltr'><strong><em>recipere</em></strong></span> <span class='ocrx_word' id='word_1_159' title='bbox 3613 723 3775 794; x_wconf 83' lang='lat' dir='ltr'><strong><em>digna-</em></strong></span> 
     </span>
    </p>
   </div>
   <div class='ocr_carea' id='block_1_23' title="bbox 2179 808 3776 877">
    <p class='ocr_par' dir='ltr' id='par_1_23' title="bbox 2179 808 3776 877">
     <span class='ocr_line' id='line_1_23' title="bbox 2179 808 3776 877; baseline 0.001 -11"><span class='ocrx_word' id='word_1_160' title='bbox 2179 816 2390 866; x_wconf 81' lang='lat' dir='ltr'><strong><em>rentur.</em></strong></span> <span class='ocrx_word' id='word_1_161' title='bbox 2423 809 2523 877; x_wconf 87' lang='lat' dir='ltr'><strong><em>Qui</em></strong></span> <span class='ocrx_word' id='word_1_162' title='bbox 2557 813 2613 865; x_wconf 87' lang='lat' dir='ltr'><strong><em>et</em></strong></span> <span class='ocrx_word' id='word_1_163' title='bbox 2640 812 3003 874; x_wconf 88' lang='lat' dir='ltr'><strong><em>sacramenta,</em></strong></span> <span class='ocrx_word' id='word_1_164' title='bbox 3042 822 3168 877; x_wconf 71' lang='lat' dir='ltr'><strong><em>quae</em></strong></span> <span class='ocrx_word' id='word_1_165' title='bbox 3196 808 3265 863; x_wconf 89' lang='lat' dir='ltr'><strong><em>ab</em></strong></span> <span class='ocrx_word' id='word_1_166' title='bbox 3293 822 3358 865; x_wconf 93' lang='lat' dir='ltr'><strong><em>eo</em></strong></span> <span class='ocrx_word' id='word_1_167' title='bbox 3386 810 3531 866; x_wconf 89' lang='lat' dir='ltr'><strong><em>etab</em></strong></span> <span class='ocrx_word' id='word_1_168' title='bbox 3555 812 3776 868; x_wconf 86' lang='lat' dir='ltr'><strong><em>omnibus</em></strong></span> 
     </span>
    </p>
   </div>
   <div class='ocr_carea' id='block_1_24' title="bbox 2178 897 3777 970">
    <p class='ocr_par' dir='ltr' id='par_1_24' title="bbox 2178 897 3777 970">
     <span class='ocr_line' id='line_1_24' title="bbox 2178 897 3777 970; baseline 0.001 -17"><span class='ocrx_word' id='word_1_169' title='bbox 2178 898 2523 970; x_wconf 81' lang='lat' dir='ltr'><strong><em>Symoniacis</em></strong></span> <span class='ocrx_word' id='word_1_170' title='bbox 2588 904 2643 953; x_wconf 89' lang='lat' dir='ltr'><strong><em>et</em></strong></span> <span class='ocrx_word' id='word_1_171' title='bbox 2701 898 2946 953; x_wconf 83' lang='lat' dir='ltr'><strong><em>uxoratis</em></strong></span> <span class='ocrx_word' id='word_1_172' title='bbox 3011 897 3334 967; x_wconf 88' lang='lat' dir='ltr'><strong><em>presbiteris</em></strong></span> <span class='ocrx_word' id='word_1_173' title='bbox 3395 898 3777 968; x_wconf 82' lang='lat' dir='ltr'><strong><em>conﬁcerentur,</em></strong></span> 
     </span>
    </p>
   </div>
   <div class='ocr_carea' id='block_1_25' title="bbox 2180 986 3782 1058">
    <p class='ocr_par' dir='ltr' id='par_1_25' title="bbox 2180 986 3782 1058">
     <span class='ocr_line' id='line_1_25' title="bbox 2180 986 3782 1058; baseline 0.001 -15"><span class='ocrx_word' id='word_1_174' title='bbox 2180 988 2329 1043; x_wconf 90' lang='lat' dir='ltr'><strong><em>nulla</em></strong></span> <span class='ocrx_word' id='word_1_175' title='bbox 2359 987 2584 1043; x_wconf 89' lang='lat' dir='ltr'><strong><em>omnino</em></strong></span> <span class='ocrx_word' id='word_1_176' title='bbox 2614 1000 2736 1043; x_wconf 90' lang='lat' dir='ltr'><strong><em>esse</em></strong></span> <span class='ocrx_word' id='word_1_177' title='bbox 2767 992 2823 1042; x_wconf 90' lang='lat' dir='ltr'><strong><em>et</em></strong></span> <span class='ocrx_word' id='word_1_178' title='bbox 2868 986 3056 1057; x_wconf 86' lang='lat' dir='ltr'><strong><em>sperni</em></strong></span> <span class='ocrx_word' id='word_1_179' title='bbox 3091 986 3317 1054; x_wconf 84' lang='lat' dir='ltr'><strong><em>debere,</em></strong></span> <span class='ocrx_word' id='word_1_180' title='bbox 3346 987 3559 1058; x_wconf 85' lang='lat' dir='ltr'><strong><em>scriptis</em></strong></span> <span class='ocrx_word' id='word_1_181' title='bbox 3584 989 3782 1058; x_wconf 84' lang='lat' dir='ltr'><strong><em>quibus-</em></strong></span> 
     </span>
    </p>
   </div>
   <div class='ocr_carea' id='block_1_26' title="bbox 2180 1074 3783 1146">
    <p class='ocr_par' dir='ltr' id='par_1_26' title="bbox 2180 1074 3783 1146">
     <span class='ocr_line' id='line_1_26' title="bbox 2180 1074 3783 1146; baseline 0 -14"><span class='ocrx_word' id='word_1_182' title='bbox 2180 1076 2302 1132; x_wconf 85' lang='lat' dir='ltr'><strong><em>dam</em></strong></span> <span class='ocrx_word' id='word_1_183' title='bbox 2326 1076 2544 1146; x_wconf 87' lang='lat' dir='ltr'><strong><em>publice</em></strong></span> <span class='ocrx_word' id='word_1_184' title='bbox 2567 1075 2855 1145; x_wconf 89' lang='lat' dir='ltr'><strong><em>protestati</em></strong></span> <span class='ocrx_word' id='word_1_185' title='bbox 2884 1079 3045 1142; x_wconf 87' lang='lat' dir='ltr'><strong><em>sunt;</em></strong></span> <span class='ocrx_word' id='word_1_186' title='bbox 3066 1080 3123 1130; x_wconf 90' lang='lat' dir='ltr'><strong><em>et</em></strong></span> <span class='ocrx_word' id='word_1_187' title='bbox 3144 1074 3273 1131; x_wconf 91' lang='lat' dir='ltr'><strong><em>inde</em></strong></span> <span class='ocrx_word' id='word_1_188' title='bbox 3294 1074 3517 1131; x_wconf 78' lang='lat' dir='ltr'><strong><em>maxima</em></strong></span> <span class='ocrx_word' id='word_1_189' title='bbox 3544 1075 3783 1132; x_wconf 87' lang='lat' dir='ltr'><strong><em>dissensio</em></strong></span> 
     </span>
    </p>
   </div>
   <div class='ocr_carea' id='block_1_27' title="bbox 2182 1164 3786 1231">
    <p class='ocr_par' dir='ltr' id='par_1_27' title="bbox 2182 1164 3786 1231">
     <span class='ocr_line' id='line_1_27' title="bbox 2182 1164 3786 1231; baseline -0.001 -11"><span class='ocrx_word' id='word_1_190' title='bbox 2182 1168 2239 1220; x_wconf 90' lang='lat' dir='ltr'><strong><em>et</em></strong></span> <span class='ocrx_word' id='word_1_191' title='bbox 2265 1164 2521 1221; x_wconf 84' lang='lat' dir='ltr'><strong><em>scismata</em></strong></span> <span class='ocrx_word' id='word_1_192' title='bbox 2552 1171 2743 1221; x_wconf 84' lang='lat' dir='ltr'><strong><em>exorta</em></strong></span> <span class='ocrx_word' id='word_1_193' title='bbox 2771 1170 2919 1231; x_wconf 87' lang='lat' dir='ltr'><strong><em>sunt,</em></strong></span> <span class='ocrx_word' id='word_1_194' title='bbox 2943 1177 3055 1221; x_wconf 91' lang='lat' dir='ltr'><strong><em>non</em></strong></span> <span class='ocrx_word' id='word_1_195' title='bbox 3075 1164 3253 1220; x_wconf 92' lang='lat' dir='ltr'><strong><em>solum</em></strong></span> <span class='ocrx_word' id='word_1_196' title='bbox 3275 1164 3330 1219; x_wconf 89' lang='lat' dir='ltr'><strong><em>in</em></strong></span> <span class='ocrx_word' id='word_1_197' title='bbox 3361 1164 3463 1221; x_wconf 90' lang='lat' dir='ltr'><strong><em>hoc</em></strong></span> <span class='ocrx_word' id='word_1_198' title='bbox 3490 1170 3572 1221; x_wconf 89' lang='lat' dir='ltr'><strong><em>set</em></strong></span> <span class='ocrx_word' id='word_1_199' title='bbox 3599 1164 3649 1219; x_wconf 91' lang='lat' dir='ltr'><strong><em>in</em></strong></span> <span class='ocrx_word' id='word_1_200' title='bbox 3681 1164 3786 1219; x_wconf 91' lang='lat' dir='ltr'><strong><em>aliis</em></strong></span> 
     </span>
    </p>
   </div>
   <div class='ocr_carea' id='block_1_28' title="bbox 2183 1250 3139 1325">
    <p class='ocr_par' dir='ltr' id='par_1_28' title="bbox 2183 1250 3139 1325">
     <span class='ocr_line' id='line_1_28' title="bbox 2183 1250 3139 1325; baseline -0.003 -16"><span class='ocrx_word' id='word_1_201' title='bbox 2183 1254 2331 1309; x_wconf 89' lang='lat' dir='ltr'><strong><em>circa</em></strong></span> <span class='ocrx_word' id='word_1_202' title='bbox 2360 1253 2636 1325; x_wconf 81' lang='lat' dir='ltr'><strong><em>contiguis</em></strong></span> <span class='ocrx_word' id='word_1_203' title='bbox 2673 1253 2834 1311; x_wconf 90' lang='lat' dir='ltr'><strong><em>locis.</em></strong></span> <span class='ocrx_word' id='word_1_204' title='bbox 3136 1250 3139 1251; x_wconf 62' lang='grc'><strong><em>⁷</em></strong></span> 
     </span>
    </p>
   </div>
   <div class='ocr_carea' id='block_1_29' title="bbox 2254 1342 3790 1412">
    <p class='ocr_par' dir='ltr' id='par_1_29' title="bbox 2254 1342 3790 1412">
     <span class='ocr_line' id='line_1_29' title="bbox 2254 1342 3790 1412; baseline 0 -14"><span class='ocrx_word' id='word_1_205' title='bbox 2254 1342 2561 1398; x_wconf 77' lang='lat' dir='ltr'><strong><em>Alexander</em></strong></span> <span class='ocrx_word' id='word_1_206' title='bbox 2605 1348 2785 1398; x_wconf 87' lang='lat' dir='ltr'><strong><em>autem</em></strong></span> <span class='ocrx_word' id='word_1_207' title='bbox 2836 1355 2974 1412; x_wconf 90' lang='lat' dir='ltr'><strong><em>papa</em></strong></span> <span class='ocrx_word' id='word_1_208' title='bbox 3022 1342 3125 1398; x_wconf 85' lang='lat' dir='ltr'><strong><em>hac</em></strong></span> <span class='ocrx_word' id='word_1_209' title='bbox 3165 1342 3352 1399; x_wconf 87' lang='lat' dir='ltr'><strong><em>audita</em></strong></span> <span class='ocrx_word' id='word_1_210' title='bbox 3388 1356 3547 1400; x_wconf 88' lang='lat' dir='ltr'><strong><em>causa</em></strong></span> <span class='ocrx_word' id='word_1_211' title='bbox 3576 1349 3627 1398; x_wconf 91' lang='lat' dir='ltr'><strong><em>et</em></strong></span> <span class='ocrx_word' id='word_1_212' title='bbox 3678 1355 3790 1412; x_wconf 89' lang='lat' dir='ltr'><strong><em>que-</em></strong></span> 
     </span>
    </p>
   </div>
   <div class='ocr_carea' id='block_1_30' title="bbox 2183 1430 3783 1502">
    <p class='ocr_par' dir='ltr' id='par_1_30' title="bbox 2183 1430 3783 1502">
     <span class='ocr_line' id='line_1_30' title="bbox 2183 1430 3783 1502; baseline -0.001 -15"><span class='ocrx_word' id='word_1_213' title='bbox 2183 1430 2385 1498; x_wconf 87' lang='lat' dir='ltr'><strong><em>stione,</em></strong></span> <span class='ocrx_word' id='word_1_214' title='bbox 2418 1437 2474 1487; x_wconf 91' lang='lat' dir='ltr'><strong><em>et</em></strong></span> <span class='ocrx_word' id='word_1_215' title='bbox 2502 1432 2819 1502; x_wconf 87' lang='lat' dir='ltr'><strong><em>episcopum</em></strong></span> <span class='ocrx_word' id='word_1_216' title='bbox 2834 1430 3201 1487; x_wconf 90' lang='lat' dir='ltr'><strong><em>etmonachos</em></strong></span> <span class='ocrx_word' id='word_1_217' title='bbox 3227 1432 3451 1487; x_wconf 79' lang='lat' dir='ltr'><strong><em>Romam</em></strong></span> <span class='ocrx_word' id='word_1_218' title='bbox 3479 1430 3544 1486; x_wconf 90' lang='lat' dir='ltr'><strong><em>ad</em></strong></span> <span class='ocrx_word' id='word_1_219' title='bbox 3572 1443 3783 1486; x_wconf 85' lang='lat' dir='ltr'><strong><em>sevoca-</em></strong></span> 
     </span>
    </p>
   </div>
   <div class='ocr_carea' id='block_1_31' title="bbox 2183 1519 3791 1591">
    <p class='ocr_par' dir='ltr' id='par_1_31' title="bbox 2183 1519 3791 1591">
     <span class='ocr_line' id='line_1_31' title="bbox 2183 1519 3791 1591; baseline -0.001 -15"><span class='ocrx_word' id='word_1_220' title='bbox 2183 1520 2281 1585; x_wconf 83' lang='lat' dir='ltr'><strong><em>vit,</em></strong></span> <span class='ocrx_word' id='word_1_221' title='bbox 2314 1527 2373 1576; x_wconf 91' lang='lat' dir='ltr'><strong><em>ut</em></strong></span> <span class='ocrx_word' id='word_1_222' title='bbox 2401 1521 2458 1576; x_wconf 91' lang='lat' dir='ltr'><strong><em>in</em></strong></span> <span class='ocrx_word' id='word_1_223' title='bbox 2488 1522 2731 1577; x_wconf 78' lang='lat' dir='ltr'><strong><em>Romana</em></strong></span> <span class='ocrx_word' id='word_1_224' title='bbox 2749 1519 2963 1591; x_wconf 85' lang='lat' dir='ltr'><strong><em>synodo</em></strong></span> <span class='ocrx_word' id='word_1_225' title='bbox 2984 1520 3257 1575; x_wconf 89' lang='lat' dir='ltr'><strong><em>sententia</em></strong></span> <span class='ocrx_word' id='word_1_226' title='bbox 3287 1534 3454 1590; x_wconf 87' lang='lat' dir='ltr'><strong><em>super</em></strong></span> <span class='ocrx_word' id='word_1_227' title='bbox 3480 1519 3563 1574; x_wconf 91' lang='lat' dir='ltr'><strong><em>his</em></strong></span> <span class='ocrx_word' id='word_1_228' title='bbox 3582 1519 3791 1575; x_wconf 84' lang='lat' dir='ltr'><strong><em>tenenda</em></strong></span> 
     </span>
    </p>
   </div>
   <div class='ocr_carea' id='block_1_32' title="bbox 2187 1607 3795 1680">
    <p class='ocr_par' dir='ltr' id='par_1_32' title="bbox 2187 1607 3795 1680">
     <span class='ocr_line' id='line_1_32' title="bbox 2187 1607 3795 1680; baseline -0.002 -15"><span class='ocrx_word' id='word_1_229' title='bbox 2187 1608 2458 1666; x_wconf 76' lang='lat' dir='ltr'><strong><em>catholico</em></strong></span> <span class='ocrx_word' id='word_1_230' title='bbox 2477 1607 2829 1665; x_wconf 82' lang='lat' dir='ltr'><strong><em>difﬁniretur.</em></strong></span> <span class='ocrx_word' id='word_1_231' title='bbox 2853 1610 2995 1680; x_wconf 85' lang='lat' dir='ltr'><strong><em>Ergo</em></strong></span> <span class='ocrx_word' id='word_1_232' title='bbox 3026 1623 3090 1665; x_wconf 88' lang='lat' dir='ltr'><strong><em>ea</em></strong></span> <span class='ocrx_word' id='word_1_233' title='bbox 3118 1608 3234 1665; x_wconf 87' lang='lat' dir='ltr'><strong><em>illic</em></strong></span> <span class='ocrx_word' id='word_1_234' title='bbox 3263 1608 3533 1665; x_wconf 79' lang='lat' dir='ltr'><strong><em>sententia</em></strong></span> <span class='ocrx_word' id='word_1_235' title='bbox 3551 1607 3795 1678; x_wconf 86' lang='lat' dir='ltr'><strong><em>episc0pis</em></strong></span> 
     </span>
    </p>
   </div>
   <div class='ocr_carea' id='block_1_33' title="bbox 459 1696 3794 1772">
    <p class='ocr_par' dir='ltr' id='par_1_33' title="bbox 459 1696 3794 1772">
     <span class='ocr_line' id='line_1_33' title="bbox 459 1696 3794 1772; baseline 0 -21"><span class='ocrx_word' id='word_1_236' title='bbox 459 1697 615 1764; x_wconf 88' lang='lat'><strong><em>1066,</em></strong></span> <span class='ocrx_word' id='word_1_237' title='bbox 648 1697 796 1766; x_wconf 82' lang='lat' dir='ltr'><strong><em>regni</em></strong></span> <span class='ocrx_word' id='word_1_238' title='bbox 838 1712 960 1753; x_wconf 90' lang='lat' dir='ltr'><strong><em>vero</em></strong></span> <span class='ocrx_word' id='word_1_239' title='bbox 1014 1699 1229 1754; x_wconf 86' lang='lat' dir='ltr'><strong><em>Henrici</em></strong></span> <span class='ocrx_word' id='word_1_240' title='bbox 1273 1698 1414 1768; x_wconf 89' lang='lat' dir='ltr'><strong><em>regis</em></strong></span> <span class='ocrx_word' id='word_1_241' title='bbox 1457 1698 1542 1766; x_wconf 91' lang='lat' dir='ltr'><strong><em>lO,</em></strong></span> <span class='ocrx_word' id='word_1_242' title='bbox 1580 1698 1811 1771; x_wconf 87' lang='lat' dir='ltr'><strong><em>sepultus</em></strong></span> <span class='ocrx_word' id='word_1_243' title='bbox 1866 1700 2006 1772; x_wconf 85' lang='lat' dir='ltr'><strong><em>apud</em></strong></span> <span class='ocrx_word' id='word_1_244' title='bbox 2038 1698 2167 1760; x_wconf 85' lang='grc' dir='ltr'><strong><em>¹¹⁷Β</em></strong></span> <span class='ocrx_word' id='word_1_245' title='bbox 2193 1699 2253 1729; x_wconf 78' lang='grc'><strong><em>¹¹⁸</em></strong></span> <span class='ocrx_word' id='word_1_246' title='bbox 2309 1697 2789 1768; x_wconf 82' lang='lat' dir='ltr'><strong><em>expostulantibus</em></strong></span> <span class='ocrx_word' id='word_1_247' title='bbox 2833 1696 3067 1754; x_wconf 79' lang='lat' dir='ltr'><strong><em>difﬁnita</em></strong></span> <span class='ocrx_word' id='word_1_248' title='bbox 3119 1702 3224 1764; x_wconf 89' lang='lat' dir='ltr'><strong><em>est,</em></strong></span> <span class='ocrx_word' id='word_1_249' title='bbox 3284 1704 3347 1753; x_wconf 89' lang='lat' dir='ltr'><strong><em>ut</em></strong></span> <span class='ocrx_word' id='word_1_250' title='bbox 3385 1697 3568 1768; x_wconf 88' lang='lat' dir='ltr'><strong><em>judice</em></strong></span> <span class='ocrx_word' id='word_1_251' title='bbox 3611 1697 3794 1751; x_wconf 85' lang='lat' dir='ltr'><strong><em>ﬂamma</em></strong></span> 
     </span>
    </p>
   </div>
   <div class='ocr_carea' id='block_1_34' title="bbox 456 1785 2105 1857">
    <p class='ocr_par' dir='ltr' id='par_1_34' title="bbox 456 1785 2105 1857">
     <span class='ocr_line' id='line_1_34' title="bbox 456 1785 2105 1857; baseline 0.002 -17"><span class='ocrx_word' id='word_1_252' title='bbox 456 1785 721 1841; x_wconf 89' lang='lat' dir='ltr'><strong><em>abbatiam</em></strong></span> <span class='ocrx_word' id='word_1_253' title='bbox 741 1786 944 1841; x_wconf 86' lang='lat' dir='ltr'><strong><em>nomine</em></strong></span> <span class='ocrx_word' id='word_1_254' title='bbox 964 1785 1024 1818; x_wconf 83' lang='grc'><strong><em>¹¹⁸</em></strong></span> <span class='ocrx_word' id='word_1_255' title='bbox 1042 1785 1301 1857; x_wconf 85' lang='lat' dir='ltr'><strong><em>Dolejam.</em></strong></span> <span class='ocrx_word' id='word_1_256' title='bbox 1337 1789 1463 1843; x_wconf 85' lang='lat' dir='ltr'><strong><em>Tres</em></strong></span> <span class='ocrx_word' id='word_1_257' title='bbox 1490 1793 1661 1843; x_wconf 90' lang='lat' dir='ltr'><strong><em>autem</em></strong></span> <span class='ocrx_word' id='word_1_258' title='bbox 1689 1787 1897 1852; x_wconf 86' lang='lat' dir='ltr'><strong><em>milites,</em></strong></span> <span class='ocrx_word' id='word_1_259' title='bbox 1923 1789 2105 1852; x_wconf 82' lang='lat' dir='ltr'><strong><em>mortis</em></strong></span> 
     </span>
    </p>
   </div>
   <div class='ocr_carea' id='block_1_35' title="bbox 455 1873 2102 1947">
    <p class='ocr_par' dir='ltr' id='par_1_35' title="bbox 455 1873 2102 1947">
     <span class='ocr_line' id='line_1_35' title="bbox 455 1873 2102 1947; baseline 0.001 -18"><span class='ocrx_word' id='word_1_260' title='bbox 455 1873 598 1929; x_wconf 84' lang='lat' dir='ltr'><strong><em>illius</em></strong></span> <span class='ocrx_word' id='word_1_261' title='bbox 646 1879 888 1930; x_wconf 81' lang='lat' dir='ltr'><strong><em>auctores</em></strong></span> <span class='ocrx_word' id='word_1_262' title='bbox 936 1875 1097 1945; x_wconf 80' lang='lat' dir='ltr'><strong><em>digna</em></strong></span> <span class='ocrx_word' id='word_1_263' title='bbox 1124 1875 1252 1931; x_wconf 87' lang='lat' dir='ltr'><strong><em>ultio</em></strong></span> <span class='ocrx_word' id='word_1_264' title='bbox 1298 1876 1626 1947; x_wconf 83' lang='lat' dir='ltr'><strong><em>postmodum</em></strong></span> <span class='ocrx_word' id='word_1_265' title='bbox 1680 1876 1953 1933; x_wconf 88' lang='lat' dir='ltr'><strong><em>subsecuta</em></strong></span> <span class='ocrx_word' id='word_1_266' title='bbox 2004 1881 2102 1933; x_wconf 89' lang='lat' dir='ltr'><strong><em>est.</em></strong></span> 
     </span>
    </p>
   </div>
   <div class='ocr_carea' id='block_1_36' title="bbox 458 1964 2102 2036">
    <p class='ocr_par' dir='ltr' id='par_1_36' title="bbox 458 1964 2102 2036">
     <span class='ocr_line' id='line_1_36' title="bbox 458 1964 2102 2036; baseline 0.001 -16"><span class='ocrx_word' id='word_1_267' title='bbox 458 1966 599 2020; x_wconf 89' lang='lat' dir='ltr'><strong><em>Nam</em></strong></span> <span class='ocrx_word' id='word_1_268' title='bbox 628 1978 760 2019; x_wconf 84' lang='lat' dir='ltr'><strong><em>unus</em></strong></span> <span class='ocrx_word' id='word_1_269' title='bbox 788 1978 965 2020; x_wconf 90' lang='lat' dir='ltr'><strong><em>eorum</em></strong></span> <span class='ocrx_word' id='word_1_270' title='bbox 994 1969 1262 2035; x_wconf 88' lang='lat' dir='ltr'><strong><em>acceptum</em></strong></span> <span class='ocrx_word' id='word_1_271' title='bbox 1289 1964 1457 2020; x_wconf 88' lang='lat' dir='ltr'><strong><em>cibum</em></strong></span> <span class='ocrx_word' id='word_1_272' title='bbox 1485 1964 1742 2036; x_wconf 85' lang='lat' dir='ltr'><strong><em>deglutire</em></strong></span> <span class='ocrx_word' id='word_1_273' title='bbox 1770 1981 1874 2021; x_wconf 89' lang='lat' dir='ltr'><strong><em>non</em></strong></span> <span class='ocrx_word' id='word_1_274' title='bbox 1901 1964 2102 2032; x_wconf 87' lang='lat' dir='ltr'><strong><em>valens,</em></strong></span> 
     </span>
    </p>
   </div>
   <div class='ocr_carea' id='block_1_37' title="bbox 458 2050 2103 2126">
    <p class='ocr_par' dir='ltr' id='par_1_37' title="bbox 458 2050 2103 2126">
     <span class='ocr_line' id='line_1_37' title="bbox 458 2050 2103 2126; baseline 0.002 -19"><span class='ocrx_word' id='word_1_275' title='bbox 458 2050 557 2107; x_wconf 76' lang='lat' dir='ltr'><strong><em>alii</em></strong></span> <span class='ocrx_word' id='word_1_276' title='bbox 611 2052 713 2108; x_wconf 90' lang='lat' dir='ltr'><strong><em>duo</em></strong></span> <span class='ocrx_word' id='word_1_277' title='bbox 752 2067 938 2108; x_wconf 88' lang='lat' dir='ltr'><strong><em>manus</em></strong></span> <span class='ocrx_word' id='word_1_278' title='bbox 972 2068 1099 2108; x_wconf 84' lang='lat' dir='ltr'><strong><em>suas</em></strong></span> <span class='ocrx_word' id='word_1_279' title='bbox 1143 2052 1436 2109; x_wconf 85' lang='lat' dir='ltr'><strong><em>lacerantes</em></strong></span> <span class='ocrx_word' id='word_1_280' title='bbox 1458 2052 1517 2085; x_wconf 83' lang='lat'><strong><em>“’</em></strong></span> <span class='ocrx_word' id='word_1_281' title='bbox 1563 2054 1640 2109; x_wconf 90' lang='lat' dir='ltr'><strong><em>sic</em></strong></span> <span class='ocrx_word' id='word_1_282' title='bbox 1685 2054 2103 2126; x_wconf 69' lang='lat' dir='ltr'><strong><em>exspiravcrunt,</em></strong></span> 
     </span>
    </p>
   </div>
   <div class='ocr_carea' id='block_1_38' title="bbox 457 2139 2106 2214">
    <p class='ocr_par' dir='ltr' id='par_1_38' title="bbox 457 2139 2106 2214">
     <span class='ocr_line' id='line_1_38' title="bbox 457 2139 2106 2214; baseline 0.002 -18"><span class='ocrx_word' id='word_1_283' title='bbox 457 2141 531 2195; x_wconf 85' lang='lat' dir='ltr'><strong><em>ad</em></strong></span> <span class='ocrx_word' id='word_1_284' title='bbox 569 2139 805 2198; x_wconf 86' lang='lat' dir='ltr'><strong><em>claustra</em></strong></span> <span class='ocrx_word' id='word_1_285' title='bbox 850 2141 1040 2213; x_wconf 77' lang='lat' dir='ltr'><strong><em>inferni</em></strong></span> <span class='ocrx_word' id='word_1_286' title='bbox 1086 2142 1483 2200; x_wconf 81' lang='lat' dir='ltr'><strong><em>descenderunt.</em></strong></span> <span class='ocrx_word' id='word_1_287' title='bbox 1544 2144 1753 2200; x_wconf 67' lang='lat' dir='ltr'><strong><em>Praeter</em></strong></span> <span class='ocrx_word' id='word_1_288' title='bbox 1790 2143 1910 2200; x_wconf 65' lang='lat' dir='ltr'><strong><em>haec</em></strong></span> <span class='ocrx_word' id='word_1_289' title='bbox 1947 2143 2106 2214; x_wconf 91' lang='lat' dir='ltr'><strong><em>plura</em></strong></span> 
     </span>
    </p>
   </div>
   <div class='ocr_carea' id='block_1_39' title="bbox 459 2229 2105 2302">
    <p class='ocr_par' dir='ltr' id='par_1_39' title="bbox 459 2229 2105 2302">
     <span class='ocr_line' id='line_1_39' title="bbox 459 2229 2105 2302; baseline 0 -16"><span class='ocrx_word' id='word_1_290' title='bbox 459 2230 720 2286; x_wconf 85' lang='lat' dir='ltr'><strong><em>miracula</em></strong></span> <span class='ocrx_word' id='word_1_291' title='bbox 750 2231 818 2286; x_wconf 89' lang='lat' dir='ltr'><strong><em>ad</em></strong></span> <span class='ocrx_word' id='word_1_292' title='bbox 848 2230 1200 2301; x_wconf 87' lang='lat' dir='ltr'><strong><em>sepulchrum</em></strong></span> <span class='ocrx_word' id='word_1_293' title='bbox 1230 2229 1372 2286; x_wconf 87' lang='lat' dir='ltr'><strong><em>facta</em></strong></span> <span class='ocrx_word' id='word_1_294' title='bbox 1400 2237 1551 2299; x_wconf 88' lang='lat' dir='ltr'><strong><em>sunt,</em></strong></span> <span class='ocrx_word' id='word_1_295' title='bbox 1582 2245 1681 2301; x_wconf 89' lang='lat' dir='ltr'><strong><em>per</em></strong></span> <span class='ocrx_word' id='word_1_296' title='bbox 1709 2246 1834 2302; x_wconf 67' lang='lat' dir='ltr'><strong><em>quae</em></strong></span> <span class='ocrx_word' id='word_1_297' title='bbox 1864 2232 1925 2263; x_wconf 74' lang='lat'><strong><em>“°</em></strong></span> <span class='ocrx_word' id='word_1_298' title='bbox 1955 2245 2105 2288; x_wconf 90' lang='lat' dir='ltr'><strong><em>mar-</em></strong></span> 
     </span>
    </p>
   </div>
   <div class='ocr_carea' id='block_1_40' title="bbox 459 2318 2109 2389">
    <p class='ocr_par' dir='ltr' id='par_1_40' title="bbox 459 2318 2109 2389">
     <span class='ocr_line' id='line_1_40' title="bbox 459 2318 2109 2389; baseline 0.002 -16"><span class='ocrx_word' id='word_1_299' title='bbox 459 2320 659 2388; x_wconf 82' lang='lat' dir='ltr'><strong><em>tyrium</em></strong></span> <span class='ocrx_word' id='word_1_300' title='bbox 699 2318 851 2375; x_wconf 87' lang='lat' dir='ltr'><strong><em>illius</em></strong></span> <span class='ocrx_word' id='word_1_301' title='bbox 894 2319 1264 2376; x_wconf 82' lang='lat' dir='ltr'><strong><em>venerandum</em></strong></span> <span class='ocrx_word' id='word_1_302' title='bbox 1322 2320 1606 2389; x_wconf 86' lang='lat' dir='ltr'><strong><em>probatur.</em></strong></span> <span class='ocrx_word' id='word_1_303' title='bbox 1657 2322 1762 2377; x_wconf 91' lang='lat' dir='ltr'><strong><em>Uto</em></strong></span> <span class='ocrx_word' id='word_1_304' title='bbox 1809 2321 2109 2377; x_wconf 89' lang='lat' dir='ltr'><strong><em>canonicus</em></strong></span> 
     </span>
    </p>
   </div>
   <div class='ocr_carea' id='block_1_41' title="bbox 458 2407 2111 2480">
    <p class='ocr_par' dir='ltr' id='par_1_41' title="bbox 458 2407 2111 2480">
     <span class='ocr_line' id='line_1_41' title="bbox 458 2407 2111 2480; baseline 0.001 -17"><span class='ocrx_word' id='word_1_305' title='bbox 458 2408 799 2464; x_wconf 86' lang='lat' dir='ltr'><strong><em>Trevirensis</em></strong></span> <span class='ocrx_word' id='word_1_306' title='bbox 828 2416 952 2478; x_wconf 87' lang='lat' dir='ltr'><strong><em>post</em></strong></span> <span class='ocrx_word' id='word_1_307' title='bbox 994 2407 1437 2465; x_wconf 84' lang='lat' dir='ltr'><strong><em>interfectionem</em></strong></span> <span class='ocrx_word' id='word_1_308' title='bbox 1484 2408 1632 2465; x_wconf 91' lang='lat' dir='ltr'><strong><em>illius</em></strong></span> <span class='ocrx_word' id='word_1_309' title='bbox 1659 2409 2111 2480; x_wconf 90' lang='lat' dir='ltr'><strong><em>archiepiscopus</em></strong></span> 
     </span>
    </p>
   </div>
   <div class='ocr_carea' id='block_1_42' title="bbox 461 2495 1307 2554">
    <p class='ocr_par' dir='ltr' id='par_1_42' title="bbox 461 2495 1307 2554">
     <span class='ocr_line' id='line_1_42' title="bbox 461 2495 1307 2554; baseline 0 -3"><span class='ocrx_word' id='word_1_310' title='bbox 461 2495 671 2553; x_wconf 86' lang='lat' dir='ltr'><strong><em>electus</em></strong></span> <span class='ocrx_word' id='word_1_311' title='bbox 695 2511 725 2552; x_wconf 89' lang='lat' dir='ltr'><strong><em>a</em></strong></span> <span class='ocrx_word' id='word_1_312' title='bbox 761 2497 912 2553; x_wconf 91' lang='lat' dir='ltr'><strong><em>clero</em></strong></span> <span class='ocrx_word' id='word_1_313' title='bbox 932 2497 1307 2554; x_wconf 88' lang='lat' dir='ltr'><strong><em>constituitur.</em></strong></span> 
     </span>
    </p>
   </div>
   <div class='ocr_carea' id='block_1_43' title="bbox 533 2585 2107 2651">
    <p class='ocr_par' dir='ltr' id='par_1_43' title="bbox 533 2585 2107 2651">
     <span class='ocr_line' id='line_1_43' title="bbox 533 2585 2107 2651; baseline 0.002 -10"><span class='ocrx_word' id='word_1_314' title='bbox 533 2587 756 2641; x_wconf 66' lang='lat' dir='ltr'><strong><em>Cometes</em></strong></span> <span class='ocrx_word' id='word_1_315' title='bbox 793 2590 910 2640; x_wconf 84' lang='lat' dir='ltr'><strong><em>sunt</em></strong></span> <span class='ocrx_word' id='word_1_316' title='bbox 957 2585 1082 2641; x_wconf 69' lang='lat' dir='ltr'><strong><em>visre</em></strong></span> <span class='ocrx_word' id='word_1_317' title='bbox 1117 2585 1174 2641; x_wconf 90' lang='lat' dir='ltr'><strong><em>in</em></strong></span> <span class='ocrx_word' id='word_1_318' title='bbox 1219 2587 1415 2641; x_wconf 88' lang='lat' dir='ltr'><strong><em>octavis</em></strong></span> <span class='ocrx_word' id='word_1_319' title='bbox 1461 2585 1700 2651; x_wconf 66' lang='lat' dir='ltr'><strong><em>Pascha,</em></strong></span> <span class='ocrx_word' id='word_1_320' title='bbox 1731 2586 1788 2641; x_wconf 89' lang='lat' dir='ltr'><strong><em>id</em></strong></span> <span class='ocrx_word' id='word_1_321' title='bbox 1814 2590 1891 2642; x_wconf 91' lang='lat' dir='ltr'><strong><em>est</em></strong></span> <span class='ocrx_word' id='word_1_322' title='bbox 1918 2586 1955 2640; x_wconf 89' lang='lat'>9</span> <span class='ocrx_word' id='word_1_323' title='bbox 1981 2585 2107 2644; x_wconf 87' lang='lat' dir='ltr'><strong><em>Kal.</em></strong></span> 
     </span>
    </p>
   </div>
   <div class='ocr_carea' id='block_1_44' title="bbox 461 2674 2111 2747">
    <p class='ocr_par' dir='ltr' id='par_1_44' title="bbox 461 2674 2111 2747">
     <span class='ocr_line' id='line_1_44' title="bbox 461 2674 2111 2747; baseline 0.002 -17"><span class='ocrx_word' id='word_1_324' title='bbox 461 2674 618 2739; x_wconf 76' lang='lat' dir='ltr'><strong><em>Maii,</em></strong></span> <span class='ocrx_word' id='word_1_325' title='bbox 658 2678 709 2729; x_wconf 90' lang='lat' dir='ltr'><strong><em>et</em></strong></span> <span class='ocrx_word' id='word_1_326' title='bbox 732 2688 830 2745; x_wconf 84' lang='lat' dir='ltr'><strong><em>per</em></strong></span> <span class='ocrx_word' id='word_1_327' title='bbox 854 2674 967 2745; x_wconf 79' lang='lat' dir='ltr'><strong><em>dies</em></strong></span> <span class='ocrx_word' id='word_1_328' title='bbox 994 2674 1066 2730; x_wconf 89' lang='lat'><strong><em>30</em></strong></span> <span class='ocrx_word' id='word_1_329' title='bbox 1094 2674 1433 2731; x_wconf 84' lang='lat' dir='ltr'><strong><em>duraverunt.</em></strong></span> <span class='ocrx_word' id='word_1_330' title='bbox 1465 2677 1680 2747; x_wconf 65' lang='lat' dir='ltr'><strong><em>Nuptias</em></strong></span> <span class='ocrx_word' id='word_1_331' title='bbox 1705 2676 1945 2732; x_wconf 82' lang='lat' dir='ltr'><strong><em>Heinrici</em></strong></span> <span class='ocrx_word' id='word_1_332' title='bbox 1971 2676 2111 2745; x_wconf 86' lang='lat' dir='ltr'><strong><em>regis</em></strong></span> 
     </span>
    </p>
   </div>
   <div class='ocr_carea' id='block_1_45' title="bbox 462 2761 2111 2837">
    <p class='ocr_par' dir='ltr' id='par_1_45' title="bbox 462 2761 2111 2837">
     <span class='ocr_line' id='line_1_45' title="bbox 462 2761 2111 2837; baseline 0.002 -20"><span class='ocrx_word' id='word_1_333' title='bbox 462 2761 605 2832; x_wconf 85' lang='lat' dir='ltr'><strong><em>apud</em></strong></span> <span class='ocrx_word' id='word_1_334' title='bbox 636 2763 968 2819; x_wconf 85' lang='lat' dir='ltr'><strong><em>Triburiam.</em></strong></span> <span class='ocrx_word' id='word_1_335' title='bbox 1002 2767 1133 2819; x_wconf 88' lang='lat' dir='ltr'><strong><em>Item</em></strong></span> <span class='ocrx_word' id='word_1_336' title='bbox 1172 2768 1372 2819; x_wconf 87' lang='lat' dir='ltr'><strong><em>cometa</em></strong></span> <span class='ocrx_word' id='word_1_337' title='bbox 1400 2764 1515 2820; x_wconf 84' lang='lat' dir='ltr'><strong><em>visa</em></strong></span> <span class='ocrx_word' id='word_1_338' title='bbox 1543 2770 1640 2820; x_wconf 89' lang='lat' dir='ltr'><strong><em>est.</em></strong></span> <span class='ocrx_word' id='word_1_339' title='bbox 1671 2765 1770 2820; x_wconf 85' lang='lat' dir='ltr'><strong><em>His</em></strong></span> <span class='ocrx_word' id='word_1_340' title='bbox 1798 2764 2111 2837; x_wconf 87' lang='lat' dir='ltr'><strong><em>temporibus</em></strong></span> 
     </span>
    </p>
   </div>
   <div class='ocr_carea' id='block_1_46' title="bbox 462 2851 2112 2925">
    <p class='ocr_par' dir='ltr' id='par_1_46' title="bbox 462 2851 2112 2925">
     <span class='ocr_line' id='line_1_46' title="bbox 462 2851 2112 2925; baseline 0.001 -19"><span class='ocrx_word' id='word_1_341' title='bbox 462 2851 775 2908; x_wconf 84' lang='lat' dir='ltr'><strong><em>venerabilis</em></strong></span> <span class='ocrx_word' id='word_1_342' title='bbox 803 2855 989 2909; x_wconf 89' lang='lat' dir='ltr'><strong><em>Petrus</em></strong></span> <span class='ocrx_word' id='word_1_343' title='bbox 1016 2854 1262 2910; x_wconf 72' lang='grc' dir='ltr'><em>Βαναίαπὶ</em></span> <span class='ocrx_word' id='word_1_344' title='bbox 1298 2868 1369 2908; x_wconf 80' lang='lat' dir='ltr'><strong><em>ea:</em></strong></span> <span class='ocrx_word' id='word_1_345' title='bbox 1394 2852 1645 2910; x_wconf 89' lang='lat' dir='ltr'><strong><em>heremita</em></strong></span> <span class='ocrx_word' id='word_1_346' title='bbox 1673 2852 1964 2910; x_wconf 85' lang='lat' dir='ltr'><strong><em>cardinalis</em></strong></span> <span class='ocrx_word' id='word_1_347' title='bbox 1993 2855 2112 2925; x_wconf 85' lang='lat' dir='ltr'><strong><em>epi-</em></strong></span> 
     </span>
    </p>
   </div>
   <div class='ocr_carea' id='block_1_47' title="bbox 459 2941 2112 3014">
    <p class='ocr_par' dir='ltr' id='par_1_47' title="bbox 459 2941 2112 3014">
     <span class='ocr_line' id='line_1_47' title="bbox 459 2941 2112 3014; baseline 0.001 -19"><span class='ocrx_word' id='word_1_348' title='bbox 459 2956 648 3012; x_wconf 87' lang='lat' dir='ltr'><strong><em>scopus</em></strong></span> <span class='ocrx_word' id='word_1_349' title='bbox 684 2941 847 2997; x_wconf 87' lang='lat' dir='ltr'><strong><em>multa</em></strong></span> <span class='ocrx_word' id='word_1_350' title='bbox 876 2944 1204 3014; x_wconf 85' lang='lat' dir='ltr'><strong><em>conscripsit,</em></strong></span> <span class='ocrx_word' id='word_1_351' title='bbox 1236 2947 1285 2998; x_wconf 87' lang='lat' dir='ltr'><strong><em>et</em></strong></span> <span class='ocrx_word' id='word_1_352' title='bbox 1325 2944 1752 2998; x_wconf 85' lang='lat' dir='ltr'><strong><em>incontinentiam</em></strong></span> <span class='ocrx_word' id='word_1_353' title='bbox 1780 2943 2112 2999; x_wconf 85' lang='lat' dir='ltr'><strong><em>sacerdotum</em></strong></span> 
     </span>
    </p>
   </div>
   <div class='ocr_carea' id='block_1_48' title="bbox 2190 1785 3794 1859">
    <p class='ocr_par' dir='ltr' id='par_1_48' title="bbox 2190 1785 3794 1859">
     <span class='ocr_line' id='line_1_48' title="bbox 2190 1785 3794 1859; baseline -0.002 -15"><span class='ocrx_word' id='word_1_354' title='bbox 2190 1787 2354 1859; x_wconf 82' lang='lat' dir='ltr'><strong><em>ignis,</em></strong></span> <span class='ocrx_word' id='word_1_355' title='bbox 2384 1788 2587 1842; x_wconf 89' lang='lat' dir='ltr'><strong><em>veritas</em></strong></span> <span class='ocrx_word' id='word_1_356' title='bbox 2614 1793 2821 1844; x_wconf 64' lang='lat' dir='ltr'><strong><em>sanctae</em></strong></span> <span class='ocrx_word' id='word_1_357' title='bbox 2869 1787 3136 1844; x_wconf 73' lang='lat' dir='ltr'><strong><em>aecclesiaa</em></strong></span> <span class='ocrx_word' id='word_1_358' title='bbox 3185 1786 3455 1857; x_wconf 88' lang='lat' dir='ltr'><strong><em>patefacta</em></strong></span> <span class='ocrx_word' id='word_1_359' title='bbox 3505 1785 3794 1842; x_wconf 86' lang='lat' dir='ltr'><strong><em>innotuerit.</em></strong></span> 
     </span>
    </p>
   </div>
   <div class='ocr_carea' id='block_1_49' title="bbox 2186 1874 3798 1947">
    <p class='ocr_par' dir='ltr' id='par_1_49' title="bbox 2186 1874 3798 1947">
     <span class='ocr_line' id='line_1_49' title="bbox 2186 1874 3798 1947; baseline -0.002 -15"><span class='ocrx_word' id='word_1_360' title='bbox 2186 1876 2342 1944; x_wconf 86' lang='lat' dir='ltr'><strong><em>Quod</em></strong></span> <span class='ocrx_word' id='word_1_361' title='bbox 2372 1875 2442 1931; x_wconf 90' lang='lat' dir='ltr'><strong><em>ab</em></strong></span> <span class='ocrx_word' id='word_1_362' title='bbox 2473 1881 2706 1947; x_wconf 90' lang='lat' dir='ltr'><strong><em>utraque</em></strong></span> <span class='ocrx_word' id='word_1_363' title='bbox 2728 1884 2882 1946; x_wconf 87' lang='lat' dir='ltr'><strong><em>parte</em></strong></span> <span class='ocrx_word' id='word_1_364' title='bbox 2911 1875 3152 1933; x_wconf 84' lang='lat' dir='ltr'><strong><em>flendum</em></strong></span> <span class='ocrx_word' id='word_1_365' title='bbox 3182 1876 3310 1932; x_wconf 93' lang='lat' dir='ltr'><strong><em>dum</em></strong></span> <span class='ocrx_word' id='word_1_366' title='bbox 3332 1874 3660 1941; x_wconf 88' lang='lat' dir='ltr'><strong><em>laudaretur,</em></strong></span> <span class='ocrx_word' id='word_1_367' title='bbox 3681 1887 3798 1930; x_wconf 84' lang='lat' dir='ltr'><strong><em>unus</em></strong></span> 
     </span>
    </p>
   </div>
   <div class='ocr_carea' id='block_1_50' title="bbox 2187 1964 3800 2035">
    <p class='ocr_par' dir='ltr' id='par_1_50' title="bbox 2187 1964 3800 2035">
     <span class='ocr_line' id='line_1_50' title="bbox 2187 1964 3800 2035; baseline -0.002 -16"><span class='ocrx_word' id='word_1_368' title='bbox 2187 1964 2410 2034; x_wconf 87' lang='lat' dir='ltr'><strong><em>quidam</em></strong></span> <span class='ocrx_word' id='word_1_369' title='bbox 2439 1964 2509 2021; x_wconf 91' lang='lat' dir='ltr'><strong><em>de</em></strong></span> <span class='ocrx_word' id='word_1_370' title='bbox 2547 1965 2833 2023; x_wconf 88' lang='lat' dir='ltr'><strong><em>monachis</em></strong></span> <span class='ocrx_word' id='word_1_371' title='bbox 2851 1978 2973 2021; x_wconf 91' lang='lat' dir='ltr'><strong><em>sese</em></strong></span> <span class='ocrx_word' id='word_1_372' title='bbox 3002 1964 3145 2021; x_wconf 89' lang='lat' dir='ltr'><strong><em>idem</em></strong></span> <span class='ocrx_word' id='word_1_373' title='bbox 3169 1964 3443 2035; x_wconf 84' lang='lat' dir='ltr'><strong><em>judicium</em></strong></span> <span class='ocrx_word' id='word_1_374' title='bbox 3477 1965 3585 2020; x_wconf 91' lang='lat' dir='ltr'><strong><em>Deo</em></strong></span> <span class='ocrx_word' id='word_1_375' title='bbox 3613 1968 3739 2019; x_wconf 87' lang='lat' dir='ltr'><strong><em>teste</em></strong></span> <span class='ocrx_word' id='word_1_376' title='bbox 3755 1966 3800 2017; x_wconf 89' lang='lat' dir='ltr'><strong><em>et</em></strong></span> 
     </span>
    </p>
   </div>
   <div class='ocr_carea' id='block_1_51' title="bbox 2188 2051 3801 2123">
    <p class='ocr_par' dir='ltr' id='par_1_51' title="bbox 2188 2051 3801 2123">
     <span class='ocr_line' id='line_1_51' title="bbox 2188 2051 3801 2123; baseline -0.002 -15"><span class='ocrx_word' id='word_1_377' title='bbox 2188 2052 2494 2109; x_wconf 89' lang='lat' dir='ltr'><strong><em>discretore</em></strong></span> <span class='ocrx_word' id='word_1_378' title='bbox 2522 2067 2637 2109; x_wconf 70' lang='lat' dir='ltr'><strong><em>sua:</em></strong></span> <span class='ocrx_word' id='word_1_379' title='bbox 2653 2053 2884 2123; x_wconf 73' lang='lat' dir='ltr'><strong><em>justitia:</em></strong></span> <span class='ocrx_word' id='word_1_380' title='bbox 2913 2053 3220 2109; x_wconf 90' lang='lat' dir='ltr'><strong><em>subiturum</em></strong></span> <span class='ocrx_word' id='word_1_381' title='bbox 3244 2051 3527 2123; x_wconf 89' lang='lat' dir='ltr'><strong><em>professus</em></strong></span> <span class='ocrx_word' id='word_1_382' title='bbox 3554 2056 3650 2109; x_wconf 90' lang='lat' dir='ltr'><strong><em>est.</em></strong></span> <span class='ocrx_word' id='word_1_383' title='bbox 3672 2052 3732 2106; x_wconf 87' lang='lat' dir='ltr'><strong><em>Et</em></strong></span> <span class='ocrx_word' id='word_1_384' title='bbox 3747 2062 3801 2105; x_wconf 89' lang='lat' dir='ltr'><strong><em>eo</em></strong></span> 
     </span>
    </p>
   </div>
   <div class='ocr_carea' id='block_1_52' title="bbox 2186 2139 3801 2213">
    <p class='ocr_par' dir='ltr' id='par_1_52' title="bbox 2186 2139 3801 2213">
     <span class='ocr_line' id='line_1_52' title="bbox 2186 2139 3801 2213; baseline -0.002 -16"><span class='ocrx_word' id='word_1_385' title='bbox 2186 2146 2395 2198; x_wconf 86' lang='lat' dir='ltr'><strong><em>statuto</em></strong></span> <span class='ocrx_word' id='word_1_386' title='bbox 2441 2156 2473 2197; x_wconf 88' lang='lat' dir='ltr'><strong><em>a</em></strong></span> <span class='ocrx_word' id='word_1_387' title='bbox 2519 2156 2660 2211; x_wconf 90' lang='lat' dir='ltr'><strong><em>papa</em></strong></span> <span class='ocrx_word' id='word_1_388' title='bbox 2707 2140 3073 2213; x_wconf 81' lang='lat' dir='ltr'><strong><em>promulgata,</em></strong></span> <span class='ocrx_word' id='word_1_389' title='bbox 3116 2141 3474 2208; x_wconf 89' lang='lat' dir='ltr'><strong><em>Florentiam,</em></strong></span> <span class='ocrx_word' id='word_1_390' title='bbox 3515 2147 3572 2196; x_wconf 92' lang='lat' dir='ltr'><strong><em>ut</em></strong></span> <span class='ocrx_word' id='word_1_391' title='bbox 3615 2140 3720 2195; x_wconf 91' lang='lat' dir='ltr'><strong><em>illic</em></strong></span> <span class='ocrx_word' id='word_1_392' title='bbox 3755 2139 3801 2193; x_wconf 89' lang='lat' dir='ltr'><strong><em>in</em></strong></span> 
     </span>
    </p>
   </div>
   <div class='ocr_carea' id='block_1_53' title="bbox 2191 2229 3805 2302">
    <p class='ocr_par' dir='ltr' id='par_1_53' title="bbox 2191 2229 3805 2302">
     <span class='ocr_line' id='line_1_53' title="bbox 2191 2229 3805 2302; baseline -0.003 -15"><span class='ocrx_word' id='word_1_393' title='bbox 2191 2231 2485 2301; x_wconf 70' lang='lat' dir='ltr'><strong><em>praesentia</em></strong></span> <span class='ocrx_word' id='word_1_394' title='bbox 2512 2231 2647 2286; x_wconf 84' lang='lat' dir='ltr'><strong><em>cieri</em></strong></span> <span class='ocrx_word' id='word_1_395' title='bbox 2687 2237 2743 2286; x_wconf 88' lang='lat' dir='ltr'><strong><em>et</em></strong></span> <span class='ocrx_word' id='word_1_396' title='bbox 2773 2230 2962 2301; x_wconf 88' lang='lat' dir='ltr'><strong><em>populi</em></strong></span> <span class='ocrx_word' id='word_1_397' title='bbox 3002 2231 3387 2301; x_wconf 79' lang='lat' dir='ltr'><strong><em>perﬁceretur,</em></strong></span> <span class='ocrx_word' id='word_1_398' title='bbox 3433 2229 3661 2302; x_wconf 74' lang='lat' dir='ltr'><strong><em>regressi</em></strong></span> <span class='ocrx_word' id='word_1_399' title='bbox 3697 2234 3805 2283; x_wconf 86' lang='lat' dir='ltr'><strong><em>sunt</em></strong></span> 
     </span>
    </p>
   </div>
   <div class='ocr_carea' id='block_1_54' title="bbox 2260 2316 3806 2390">
    <p class='ocr_par' dir='ltr' id='par_1_54' title="bbox 2260 2316 3806 2390">
     <span class='ocr_line' id='line_1_54' title="bbox 2260 2316 3806 2390; baseline -0.003 -15"><span class='ocrx_word' id='word_1_400' title='bbox 2260 2320 2508 2390; x_wconf 89' lang='lat' dir='ltr'><strong><em>Denique</em></strong></span> <span class='ocrx_word' id='word_1_401' title='bbox 2536 2333 2648 2376; x_wconf 90' lang='lat' dir='ltr'><strong><em>non</em></strong></span> <span class='ocrx_word' id='word_1_402' title='bbox 2687 2318 2907 2376; x_wconf 91' lang='lat' dir='ltr'><strong><em>modico</em></strong></span> <span class='ocrx_word' id='word_1_403' title='bbox 2953 2319 3156 2375; x_wconf 90' lang='lat' dir='ltr'><strong><em>ibidem</em></strong></span> <span class='ocrx_word' id='word_1_404' title='bbox 3206 2317 3356 2376; x_wconf 87' lang='lat' dir='ltr'><strong><em>facto</em></strong></span> <span class='ocrx_word' id='word_1_405' title='bbox 3404 2317 3655 2385; x_wconf 90' lang='lat' dir='ltr'><strong><em>concilio,</em></strong></span> <span class='ocrx_word' id='word_1_406' title='bbox 3684 2316 3806 2388; x_wconf 88' lang='lat' dir='ltr'><strong><em>ignis</em></strong></span> 
     </span>
    </p>
   </div>
   <div class='ocr_carea' id='block_1_55' title="bbox 2192 2405 3809 2480">
    <p class='ocr_par' dir='ltr' id='par_1_55' title="bbox 2192 2405 3809 2480">
     <span class='ocr_line' id='line_1_55' title="bbox 2192 2405 3809 2480; baseline -0.003 -16"><span class='ocrx_word' id='word_1_407' title='bbox 2192 2408 2562 2480; x_wconf 84' lang='lat' dir='ltr'><strong><em>flammigerus</em></strong></span> <span class='ocrx_word' id='word_1_408' title='bbox 2591 2408 2716 2478; x_wconf 88' lang='lat' dir='ltr'><strong><em>plus</em></strong></span> <span class='ocrx_word' id='word_1_409' title='bbox 2739 2421 2900 2478; x_wconf 90' lang='lat' dir='ltr'><strong><em>quam</em></strong></span> <span class='ocrx_word' id='word_1_410' title='bbox 2938 2409 3007 2465; x_wconf 90' lang='lat' dir='ltr'><strong><em>ad</em></strong></span> <span class='ocrx_word' id='word_1_411' title='bbox 3045 2414 3307 2465; x_wconf 88' lang='lat' dir='ltr'><strong><em>staturam</em></strong></span> <span class='ocrx_word' id='word_1_412' title='bbox 3345 2408 3585 2465; x_wconf 88' lang='lat' dir='ltr'><strong><em>hominis</em></strong></span> <span class='ocrx_word' id='word_1_413' title='bbox 3613 2405 3743 2462; x_wconf 86' lang='lat' dir='ltr'><strong><em>altus</em></strong></span> <span class='ocrx_word' id='word_1_414' title='bbox 3762 2410 3809 2460; x_wconf 88' lang='lat' dir='ltr'><strong><em>et</em></strong></span> 
     </span>
    </p>
   </div>
   <div class='ocr_carea' id='block_1_56' title="bbox 2191 2496 3808 2569">
    <p class='ocr_par' dir='ltr' id='par_1_56' title="bbox 2191 2496 3808 2569">
     <span class='ocr_line' id='line_1_56' title="bbox 2191 2496 3808 2569; baseline -0.003 -16"><span class='ocrx_word' id='word_1_415' title='bbox 2191 2496 2485 2554; x_wconf 89' lang='lat' dir='ltr'><strong><em>duodecim</em></strong></span> <span class='ocrx_word' id='word_1_416' title='bbox 2528 2496 2727 2567; x_wconf 88' lang='lat' dir='ltr'><strong><em>pedum</em></strong></span> <span class='ocrx_word' id='word_1_417' title='bbox 2757 2496 3100 2569; x_wconf 82' lang='lat' dir='ltr'><strong><em>longitudine</em></strong></span> <span class='ocrx_word' id='word_1_418' title='bbox 3131 2503 3469 2568; x_wconf 87' lang='lat' dir='ltr'><strong><em>protractus,</em></strong></span> <span class='ocrx_word' id='word_1_419' title='bbox 3496 2497 3808 2564; x_wconf 89' lang='lat' dir='ltr'><strong><em>duorumque</em></strong></span> 
     </span>
    </p>
   </div>
   <div class='ocr_carea' id='block_1_57' title="bbox 2192 2584 3809 2656">
    <p class='ocr_par' dir='ltr' id='par_1_57' title="bbox 2192 2584 3809 2656">
     <span class='ocr_line' id='line_1_57' title="bbox 2192 2584 3809 2656; baseline -0.004 -13"><span class='ocrx_word' id='word_1_420' title='bbox 2192 2586 2393 2656; x_wconf 88' lang='lat' dir='ltr'><strong><em>pedum</em></strong></span> <span class='ocrx_word' id='word_1_421' title='bbox 2423 2586 2723 2643; x_wconf 87' lang='lat' dir='ltr'><strong><em>interstitio</em></strong></span> <span class='ocrx_word' id='word_1_422' title='bbox 2753 2601 2786 2642; x_wconf 90' lang='lat' dir='ltr'><strong><em>a</em></strong></span> <span class='ocrx_word' id='word_1_423' title='bbox 2814 2601 2874 2643; x_wconf 93' lang='lat' dir='ltr'><strong><em>se</em></strong></span> <span class='ocrx_word' id='word_1_424' title='bbox 2895 2586 3125 2653; x_wconf 89' lang='lat' dir='ltr'><strong><em>distans,</em></strong></span> <span class='ocrx_word' id='word_1_425' title='bbox 3152 2602 3219 2641; x_wconf 84' lang='lat' dir='ltr'><strong><em>ex</em></strong></span> <span class='ocrx_word' id='word_1_426' title='bbox 3239 2586 3572 2643; x_wconf 89' lang='lat' dir='ltr'><strong><em>aridissimis</em></strong></span> <span class='ocrx_word' id='word_1_427' title='bbox 3597 2584 3747 2656; x_wconf 78' lang='lat' dir='ltr'><strong><em>lignis</em></strong></span> <span class='ocrx_word' id='word_1_428' title='bbox 3763 2584 3809 2638; x_wconf 90' lang='lat' dir='ltr'><strong><em>in</em></strong></span> 
     </span>
    </p>
   </div>
   <div class='ocr_carea' id='block_1_58' title="bbox 2192 2674 3812 2739">
    <p class='ocr_par' dir='ltr' id='par_1_58' title="bbox 2192 2674 3812 2739">
     <span class='ocr_line' id='line_1_58' title="bbox 2192 2674 3812 2739; baseline -0.003 -9"><span class='ocrx_word' id='word_1_429' title='bbox 2192 2675 2334 2731; x_wconf 89' lang='lat' dir='ltr'><strong><em>atrio</em></strong></span> <span class='ocrx_word' id='word_1_430' title='bbox 2401 2674 2671 2731; x_wconf 70' lang='lat' dir='ltr'><strong><em>mcclesiae</em></strong></span> <span class='ocrx_word' id='word_1_431' title='bbox 2728 2674 3129 2731; x_wconf 90' lang='lat' dir='ltr'><strong><em>studiosissime</em></strong></span> <span class='ocrx_word' id='word_1_432' title='bbox 3166 2675 3631 2732; x_wconf 87' lang='lat' dir='ltr'><strong><em>succendebatur.</em></strong></span> <span class='ocrx_word' id='word_1_433' title='bbox 3665 2674 3812 2739; x_wconf 87' lang='lat' dir='ltr'><strong><em>Quem</em></strong></span> 
     </span>
    </p>
   </div>
   <div class='ocr_carea' id='block_1_59' title="bbox 2192 2763 3816 2834">
    <p class='ocr_par' dir='ltr' id='par_1_59' title="bbox 2192 2763 3816 2834">
     <span class='ocr_line' id='line_1_59' title="bbox 2192 2763 3816 2834; baseline -0.003 -14"><span class='ocrx_word' id='word_1_434' title='bbox 2192 2778 2316 2820; x_wconf 90' lang='lat' dir='ltr'><strong><em>cum</em></strong></span> <span class='ocrx_word' id='word_1_435' title='bbox 2338 2763 2632 2833; x_wconf 89' lang='lat' dir='ltr'><strong><em>episcopus</em></strong></span> <span class='ocrx_word' id='word_1_436' title='bbox 2658 2765 2854 2820; x_wconf 90' lang='lat' dir='ltr'><strong><em>Petrus</em></strong></span> <span class='ocrx_word' id='word_1_437' title='bbox 2874 2763 3244 2829; x_wconf 85' lang='lat' dir='ltr'><strong><em>Florentinus,</em></strong></span> <span class='ocrx_word' id='word_1_438' title='bbox 3270 2770 3337 2821; x_wconf 90' lang='lat' dir='ltr'><strong><em>ut</em></strong></span> <span class='ocrx_word' id='word_1_439' title='bbox 3355 2779 3416 2820; x_wconf 91' lang='lat' dir='ltr'><strong><em>se</em></strong></span> <span class='ocrx_word' id='word_1_440' title='bbox 3435 2777 3670 2834; x_wconf 91' lang='lat' dir='ltr'><strong><em>suosque</em></strong></span> <span class='ocrx_word' id='word_1_441' title='bbox 3687 2774 3816 2818; x_wconf 86' lang='lat' dir='ltr'><strong><em>com-</em></strong></span> 
     </span>
    </p>
   </div>
   <div class='ocr_carea' id='block_1_60' title="bbox 2196 2853 3815 2923">
    <p class='ocr_par' dir='ltr' id='par_1_60' title="bbox 2196 2853 3815 2923">
     <span class='ocr_line' id='line_1_60' title="bbox 2196 2853 3815 2923; baseline -0.002 -14"><span class='ocrx_word' id='word_1_442' title='bbox 2196 2868 2357 2923; x_wconf 90' lang='lat' dir='ltr'><strong><em>pares</em></strong></span> <span class='ocrx_word' id='word_1_443' title='bbox 2387 2853 2456 2909; x_wconf 91' lang='lat' dir='ltr'><strong><em>de</em></strong></span> <span class='ocrx_word' id='word_1_444' title='bbox 2478 2854 2775 2923; x_wconf 69' lang='lat' dir='ltr'><strong><em>praeposita</em></strong></span> <span class='ocrx_word' id='word_1_445' title='bbox 2805 2853 2969 2923; x_wconf 90' lang='lat' dir='ltr'><strong><em>culpa</em></strong></span> <span class='ocrx_word' id='word_1_446' title='bbox 2988 2858 3046 2908; x_wconf 91' lang='lat' dir='ltr'><strong><em>et</em></strong></span> <span class='ocrx_word' id='word_1_447' title='bbox 3064 2853 3380 2911; x_wconf 86' lang='lat' dir='ltr'><strong><em>intentione</em></strong></span> <span class='ocrx_word' id='word_1_448' title='bbox 3411 2854 3685 2910; x_wconf 86' lang='lat' dir='ltr'><strong><em>innoxium</em></strong></span> <span class='ocrx_word' id='word_1_449' title='bbox 3712 2862 3815 2906; x_wconf 87' lang='lat' dir='ltr'><strong><em>esse</em></strong></span> 
     </span>
    </p>
   </div>
   <div class='ocr_carea' id='block_1_61' title="bbox 2193 2940 3821 3014">
    <p class='ocr_par' dir='ltr' id='par_1_61' title="bbox 2193 2940 3821 3014">
     <span class='ocr_line' id='line_1_61' title="bbox 2193 2940 3821 3014; baseline -0.002 -16"><span class='ocrx_word' id='word_1_450' title='bbox 2193 2949 2542 3014; x_wconf 79' lang='lat' dir='ltr'><strong><em>expurgaret,</em></strong></span> <span class='ocrx_word' id='word_1_451' title='bbox 2577 2942 2791 3014; x_wconf 81' lang='lat' dir='ltr'><strong><em>ingredi</em></strong></span> <span class='ocrx_word' id='word_1_452' title='bbox 2831 2942 3071 3000; x_wconf 90' lang='lat' dir='ltr'><strong><em>medium</em></strong></span> <span class='ocrx_word' id='word_1_453' title='bbox 3102 2956 3214 2999; x_wconf 91' lang='lat' dir='ltr'><strong><em>non</em></strong></span> <span class='ocrx_word' id='word_1_454' title='bbox 3247 2943 3508 3011; x_wconf 88' lang='lat' dir='ltr'><strong><em>auderet,</em></strong></span> <span class='ocrx_word' id='word_1_455' title='bbox 3548 2940 3821 3000; x_wconf 84' lang='lat' dir='ltr'><strong><em>monachus</em></strong></span> 
     </span>
    </p>
   </div>
   <div class='ocr_carea' id='block_1_62' title="bbox 462 3028 3819 3103">
    <p class='ocr_par' dir='ltr' id='par_1_62' title="bbox 462 3028 3819 3103">
     <span class='ocr_line' id='line_1_62' title="bbox 462 3028 3819 3103; baseline 0 -21"><span class='ocrx_word' id='word_1_456' title='bbox 462 3033 593 3083; x_wconf 82' lang='lat' dir='ltr'><strong><em>satis</em></strong></span> <span class='ocrx_word' id='word_1_457' title='bbox 630 3029 1016 3085; x_wconf 83' lang='lat' dir='ltr'><strong><em>rationabiliter</em></strong></span> <span class='ocrx_word' id='word_1_458' title='bbox 1042 3030 1098 3085; x_wconf 90' lang='lat' dir='ltr'><strong><em>in</em></strong></span> <span class='ocrx_word' id='word_1_459' title='bbox 1123 3031 1335 3101; x_wconf 88' lang='lat' dir='ltr'><strong><em>scriptis</em></strong></span> <span class='ocrx_word' id='word_1_460' title='bbox 1361 3033 1473 3085; x_wconf 87' lang='lat' dir='ltr'><strong><em>suis</em></strong></span> <span class='ocrx_word' id='word_1_461' title='bbox 1500 3031 1810 3101; x_wconf 79' lang='lat' dir='ltr'><strong><em>confutavit,</em></strong></span> <span class='ocrx_word' id='word_1_462' title='bbox 1842 3028 2172 3092; x_wconf 81' lang='lat' dir='ltr'><strong><em>ordinatosC.</em></strong></span> <span class='ocrx_word' id='word_1_463' title='bbox 2193 3031 2288 3087; x_wconf 90' lang='lat' dir='ltr'><strong><em>ille</em></strong></span> <span class='ocrx_word' id='word_1_464' title='bbox 2315 3030 2616 3102; x_wconf 68' lang='lat' dir='ltr'><strong><em>praedictus</em></strong></span> <span class='ocrx_word' id='word_1_465' title='bbox 2658 3030 2780 3103; x_wconf 82' lang='grc'><strong><em>(55)</em></strong></span> <span class='ocrx_word' id='word_1_466' title='bbox 2823 3032 3223 3088; x_wconf 90' lang='lat' dir='ltr'><strong><em>communicata</em></strong></span> <span class='ocrx_word' id='word_1_467' title='bbox 3251 3031 3467 3089; x_wconf 88' lang='lat' dir='ltr'><strong><em>Christi</em></strong></span> <span class='ocrx_word' id='word_1_468' title='bbox 3496 3028 3819 3101; x_wconf 73' lang='lat' dir='ltr'><strong><em>eucharistia,</em></strong></span> 
     </span>
    </p>
   </div>
   <div class='ocr_carea' id='block_1_63' title="bbox 466 3117 2110 3186">
    <p class='ocr_par' dir='ltr' id='par_1_63' title="bbox 466 3117 2110 3186">
     <span class='ocr_line' id='line_1_63' title="bbox 466 3117 2110 3186; baseline 0.003 -16"><span class='ocrx_word' id='word_1_469' title='bbox 466 3120 638 3170; x_wconf 85' lang='lat' dir='ltr'><strong><em>autem</em></strong></span> <span class='ocrx_word' id='word_1_470' title='bbox 666 3130 700 3170; x_wconf 92' lang='lat' dir='ltr'><strong><em>a</em></strong></span> <span class='ocrx_word' id='word_1_471' title='bbox 729 3117 1083 3186; x_wconf 79' lang='lat' dir='ltr'><strong><em>Symoniacis,</em></strong></span> <span class='ocrx_word' id='word_1_472' title='bbox 1124 3123 1180 3172; x_wconf 91' lang='lat' dir='ltr'><strong><em>ut</em></strong></span> <span class='ocrx_word' id='word_1_473' title='bbox 1223 3119 1391 3184; x_wconf 91' lang='lat' dir='ltr'><strong><em>aiunt,</em></strong></span> <span class='ocrx_word' id='word_1_474' title='bbox 1424 3117 1635 3173; x_wconf 87' lang='lat' dir='ltr'><strong><em>nimium</em></strong></span> <span class='ocrx_word' id='word_1_475' title='bbox 1663 3118 1938 3175; x_wconf 87' lang='lat' dir='ltr'><strong><em>clementer</em></strong></span> <span class='ocrx_word' id='word_1_476' title='bbox 1965 3124 2110 3175; x_wconf 83' lang='lat' dir='ltr'><strong><em>trac-</em></strong></span> 
     </span>
    </p>
   </div>
   <div class='ocr_carea' id='block_1_64' title="bbox 463 3203 613 3259">
    <p class='ocr_par' dir='ltr' id='par_1_64' title="bbox 463 3203 613 3259">
     <span class='ocr_line' id='line_1_64' title="bbox 463 3203 613 3259; baseline 0 0"><span class='ocrx_word' id='word_1_477' title='bbox 463 3203 613 3259; x_wconf 86' lang='lat' dir='ltr'><strong><em>tavit.</em></strong></span> 
     </span>
    </p>
   </div>
   <div class='ocr_carea' id='block_1_65' title="bbox 540 3294 2114 3368">
    <p class='ocr_par' dir='ltr' id='par_1_65' title="bbox 540 3294 2114 3368">
     <span class='ocr_line' id='line_1_65' title="bbox 540 3294 2114 3368; baseline 0.003 -20"><span class='ocrx_word' id='word_1_478' title='bbox 540 3294 689 3362; x_wconf 84' lang='lat' dir='ltr'><strong><em>Hugo</em></strong></span> <span class='ocrx_word' id='word_1_479' title='bbox 707 3294 1060 3349; x_wconf 72' lang='lat' dir='ltr'><strong><em>Bitantiensis</em></strong></span> <span class='ocrx_word' id='word_1_480' title='bbox 1079 3294 1521 3366; x_wconf 80' lang='lat' dir='ltr'><strong><em>archiepiscopus,</em></strong></span> <span class='ocrx_word' id='word_1_481' title='bbox 1554 3296 1637 3351; x_wconf 89' lang='lat' dir='ltr'><strong><em>vir</em></strong></span> <span class='ocrx_word' id='word_1_482' title='bbox 1664 3295 1959 3368; x_wconf 85' lang='lat' dir='ltr'><strong><em>religiosus</em></strong></span> <span class='ocrx_word' id='word_1_483' title='bbox 1983 3296 2114 3354; x_wconf 84' lang='lat' dir='ltr'><strong><em>ﬁde-</em></strong></span> 
     </span>
    </p>
   </div>
   <div class='ocr_carea' id='block_1_66' title="bbox 464 3381 2114 3457">
    <p class='ocr_par' dir='ltr' id='par_1_66' title="bbox 464 3381 2114 3457">
     <span class='ocr_line' id='line_1_66' title="bbox 464 3381 2114 3457; baseline 0.004 -20"><span class='ocrx_word' id='word_1_484' title='bbox 464 3381 533 3437; x_wconf 91' lang='lat' dir='ltr'><strong><em>lis</em></strong></span> <span class='ocrx_word' id='word_1_485' title='bbox 560 3390 616 3438; x_wconf 89' lang='lat' dir='ltr'><strong><em>et</em></strong></span> <span class='ocrx_word' id='word_1_486' title='bbox 634 3382 877 3453; x_wconf 88' lang='lat' dir='ltr'><strong><em>prudens</em></strong></span> <span class='ocrx_word' id='word_1_487' title='bbox 894 3384 1111 3439; x_wconf 89' lang='lat' dir='ltr'><strong><em>Domini</em></strong></span> <span class='ocrx_word' id='word_1_488' title='bbox 1142 3398 1354 3451; x_wconf 90' lang='lat' dir='ltr'><strong><em>servus,</em></strong></span> <span class='ocrx_word' id='word_1_489' title='bbox 1376 3385 1635 3457; x_wconf 87' lang='lat' dir='ltr'><strong><em>gaudium</em></strong></span> <span class='ocrx_word' id='word_1_490' title='bbox 1665 3386 1880 3442; x_wconf 91' lang='lat' dir='ltr'><strong><em>Domini</em></strong></span> <span class='ocrx_word' id='word_1_491' title='bbox 1913 3387 1997 3442; x_wconf 89' lang='lat' dir='ltr'><strong><em>sui</em></strong></span> <span class='ocrx_word' id='word_1_492' title='bbox 2020 3401 2114 3444; x_wconf 90' lang='lat' dir='ltr'><strong><em>su-</em></strong></span> 
     </span>
    </p>
   </div>
   <div class='ocr_carea' id='block_1_67' title="bbox 466 3472 2116 3542">
    <p class='ocr_par' dir='ltr' id='par_1_67' title="bbox 466 3472 2116 3542">
     <span class='ocr_line' id='line_1_67' title="bbox 466 3472 2116 3542; baseline 0.004 -15"><span class='ocrx_word' id='word_1_493' title='bbox 466 3486 566 3542; x_wconf 93' lang='lat' dir='ltr'><strong><em>per</em></strong></span> <span class='ocrx_word' id='word_1_494' title='bbox 582 3472 751 3528; x_wconf 91' lang='lat' dir='ltr'><strong><em>multa</em></strong></span> <span class='ocrx_word' id='word_1_495' title='bbox 773 3473 1201 3530; x_wconf 90' lang='lat' dir='ltr'><strong><em>constituendus</em></strong></span> <span class='ocrx_word' id='word_1_496' title='bbox 1220 3472 1458 3530; x_wconf 85' lang='lat' dir='ltr'><strong><em>feliciter</em></strong></span> <span class='ocrx_word' id='word_1_497' title='bbox 1475 3473 1720 3531; x_wconf 84' lang='lat' dir='ltr'><strong><em>intravit.</em></strong></span> <span class='ocrx_word' id='word_1_498' title='bbox 1734 3476 1831 3532; x_wconf 83' lang='lat' dir='ltr'><strong><em>Cui</em></strong></span> <span class='ocrx_word' id='word_1_499' title='bbox 1847 3477 2116 3533; x_wconf 89' lang='lat' dir='ltr'><strong><em>successit</em></strong></span> 
     </span>
    </p>
   </div>
   <div class='ocr_carea' id='block_1_68' title="bbox 466 3561 2110 3633">
    <p class='ocr_par' dir='ltr' id='par_1_68' title="bbox 466 3561 2110 3633">
     <span class='ocr_line' id='line_1_68' title="bbox 466 3561 2110 3633; baseline 0.001 -16"><span class='ocrx_word' id='word_1_500' title='bbox 466 3577 500 3617; x_wconf 93' lang='lat' dir='ltr'><strong><em>a</em></strong></span> <span class='ocrx_word' id='word_1_501' title='bbox 515 3561 771 3633; x_wconf 74' lang='lat' dir='ltr'><strong><em>fratribus</em></strong></span> <span class='ocrx_word' id='word_1_502' title='bbox 799 3564 1048 3618; x_wconf 88' lang='lat' dir='ltr'><strong><em>canonice</em></strong></span> <span class='ocrx_word' id='word_1_503' title='bbox 1069 3561 1261 3618; x_wconf 87' lang='lat' dir='ltr'><strong><em>electus</em></strong></span> <span class='ocrx_word' id='word_1_504' title='bbox 1288 3562 1517 3632; x_wconf 86' lang='lat' dir='ltr'><strong><em>ejusdem</em></strong></span> <span class='ocrx_word' id='word_1_505' title='bbox 1544 3561 1793 3619; x_wconf 62' lang='lat' dir='ltr'><strong><em>(ecclesiis</em></strong></span> <span class='ocrx_word' id='word_1_506' title='bbox 1810 3565 2110 3622; x_wconf 85' lang='lat' dir='ltr'><strong><em>canonicus.</em></strong></span> 
     </span>
    </p>
   </div>
   <div class='ocr_carea' id='block_1_69' title="bbox 1167 3653 1418 3707">
    <p class='ocr_par' dir='ltr' id='par_1_69' title="bbox 1167 3653 1418 3707">
     <span class='ocr_line' id='line_1_69' title="bbox 1167 3653 1418 3707; baseline -0.008 0"><span class='ocrx_word' id='word_1_507' title='bbox 1167 3653 1418 3707; x_wconf 84' lang='lat' dir='ltr'><strong><em>MLXVII.</em></strong></span> 
     </span>
    </p>
   </div>
   <div class='ocr_carea' id='block_1_70' title="bbox 539 3739 2111 3813">
    <p class='ocr_par' dir='ltr' id='par_1_70' title="bbox 539 3739 2111 3813">
     <span class='ocr_line' id='line_1_70' title="bbox 539 3739 2111 3813; baseline 0.003 -19"><span class='ocrx_word' id='word_1_508' title='bbox 539 3739 828 3795; x_wconf 86' lang='lat' dir='ltr'><strong><em>Heinricus</em></strong></span> <span class='ocrx_word' id='word_1_509' title='bbox 885 3754 981 3795; x_wconf 83' lang='lat' dir='ltr'><strong><em>rex</em></strong></span> <span class='ocrx_word' id='word_1_510' title='bbox 1028 3740 1262 3796; x_wconf 84' lang='lat' dir='ltr'><strong><em>natalem</em></strong></span> <span class='ocrx_word' id='word_1_511' title='bbox 1302 3741 1515 3797; x_wconf 91' lang='lat' dir='ltr'><strong><em>Domini</em></strong></span> <span class='ocrx_word' id='word_1_512' title='bbox 1568 3741 1742 3812; x_wconf 73' lang='lat' dir='ltr'><strong><em>Spirae</em></strong></span> <span class='ocrx_word' id='word_1_513' title='bbox 1793 3740 2111 3813; x_wconf 86' lang='lat' dir='ltr'><strong><em>celebravit,</em></strong></span> 
     </span>
    </p>
   </div>
   <div class='ocr_carea' id='block_1_71' title="bbox 466 3828 1116 3884">
    <p class='ocr_par' dir='ltr' id='par_1_71' title="bbox 466 3828 1116 3884">
     <span class='ocr_line' id='line_1_71' title="bbox 466 3828 1116 3884; baseline 0.005 -3"><span class='ocrx_word' id='word_1_514' title='bbox 466 3828 672 3883; x_wconf 88' lang='lat' dir='ltr'><strong><em>Pascha</em></strong></span> <span class='ocrx_word' id='word_1_515' title='bbox 702 3835 999 3884; x_wconf 89' lang='lat' dir='ltr'><strong><em>autem.....</em></strong></span> <span class='ocrx_word' id='word_1_516' title='bbox 1036 3830 1116 3884; x_wconf 86' lang='grc'><strong><em>¹²¹.</em></strong></span> 
     </span>
    </p>
   </div>
   <div class='ocr_carea' id='block_1_72' title="bbox 539 3908 2116 3986">
    <p class='ocr_par' dir='ltr' id='par_1_72' title="bbox 539 3908 2116 3986">
     <span class='ocr_line' id='line_1_72' title="bbox 539 3908 2116 3986; baseline 0.003 -15"><span class='ocrx_word' id='word_1_517' title='bbox 539 3916 784 3971; x_wconf 71' lang='lat' dir='ltr'><strong><em>Saxonia</em></strong></span> <span class='ocrx_word' id='word_1_518' title='bbox 828 3915 972 3971; x_wconf 86' lang='lat' dir='ltr'><strong><em>civili</em></strong></span> <span class='ocrx_word' id='word_1_519' title='bbox 1007 3916 1217 3972; x_wconf 89' lang='lat' dir='ltr'><strong><em>laborat</em></strong></span> <span class='ocrx_word' id='word_1_520' title='bbox 1265 3918 1554 3986; x_wconf 86' lang='lat' dir='ltr'><strong><em>discordia,</em></strong></span> <span class='ocrx_word' id='word_1_521' title='bbox 1594 3908 1935 3976; x_wconf 82' lang='lat' dir='ltr'><strong><em>Burchardus</em></strong></span> <span class='ocrx_word' id='word_1_522' title='bbox 1980 3920 2116 3977; x_wconf 85' lang='lat' dir='ltr'><strong><em>Hal-</em></strong></span> 
     </span>
    </p>
   </div>
   <div class='ocr_carea' id='block_1_73' title="bbox 464 4001 2116 4077">
    <p class='ocr_par' dir='ltr' id='par_1_73' title="bbox 464 4001 2116 4077">
     <span class='ocr_line' id='line_1_73' title="bbox 464 4001 2116 4077; baseline 0.005 -20"><span class='ocrx_word' id='word_1_523' title='bbox 464 4001 796 4059; x_wconf 85' lang='lat' dir='ltr'><strong><em>berstetensis</em></strong></span> <span class='ocrx_word' id='word_1_524' title='bbox 832 4006 1104 4077; x_wconf 75' lang='lat' dir='ltr'><strong><em>episcopus</em></strong></span> <span class='ocrx_word' id='word_1_525' title='bbox 1138 4011 1338 4076; x_wconf 88' lang='lat' dir='ltr'><strong><em>gentem</em></strong></span> <span class='ocrx_word' id='word_1_526' title='bbox 1378 4006 1705 4063; x_wconf 81' lang='lat' dir='ltr'><strong><em>Leuticorum</em></strong></span> <span class='ocrx_word' id='word_1_527' title='bbox 1752 4008 1972 4065; x_wconf 76' lang='lat' dir='ltr'><strong><em>viriliter</em></strong></span> <span class='ocrx_word' id='word_1_528' title='bbox 2026 4010 2116 4066; x_wconf 84' lang='lat' dir='ltr'><strong><em>de-</em></strong></span> 
     </span>
    </p>
   </div>
   <div class='ocr_carea' id='block_1_74' title="bbox 468 4094 715 4148">
    <p class='ocr_par' dir='ltr' id='par_1_74' title="bbox 468 4094 715 4148">
     <span class='ocr_line' id='line_1_74' title="bbox 468 4094 715 4148; baseline 0.008 -2"><span class='ocrx_word' id='word_1_529' title='bbox 468 4094 715 4148; x_wconf 89' lang='lat' dir='ltr'><strong><em>vastavit.</em></strong></span> 
     </span>
    </p>
   </div>
   <div class='ocr_carea' id='block_1_75' title="bbox 538 4181 2114 4257">
    <p class='ocr_par' dir='ltr' id='par_1_75' title="bbox 538 4181 2114 4257">
     <span class='ocr_line' id='line_1_75' title="bbox 538 4181 2114 4257; baseline 0.004 -19"><span class='ocrx_word' id='word_1_530' title='bbox 538 4181 842 4238; x_wconf 84' lang='lat' dir='ltr'><strong><em>Einhardus</em></strong></span> <span class='ocrx_word' id='word_1_531' title='bbox 896 4183 1164 4255; x_wconf 85' lang='lat' dir='ltr'><strong><em>Spirensis</em></strong></span> <span class='ocrx_word' id='word_1_532' title='bbox 1210 4183 1482 4257; x_wconf 88' lang='lat' dir='ltr'><strong><em>episcopus</em></strong></span> <span class='ocrx_word' id='word_1_533' title='bbox 1536 4185 1593 4241; x_wconf 90' lang='lat' dir='ltr'><strong><em>in</em></strong></span> <span class='ocrx_word' id='word_1_534' title='bbox 1646 4186 1829 4242; x_wconf 89' lang='lat' dir='ltr'><strong><em>itinere</em></strong></span> <span class='ocrx_word' id='word_1_535' title='bbox 1883 4189 2114 4245; x_wconf 88' lang='lat' dir='ltr'><strong><em>Romano</em></strong></span> 
     </span>
    </p>
   </div>
   <div class='ocr_carea' id='block_1_76' title="bbox 468 4270 2118 4346">
    <p class='ocr_par' dir='ltr' id='par_1_76' title="bbox 468 4270 2118 4346">
     <span class='ocr_line' id='line_1_76' title="bbox 468 4270 2118 4346; baseline 0.005 -21"><span class='ocrx_word' id='word_1_536' title='bbox 468 4270 594 4326; x_wconf 85' lang='lat' dir='ltr'><strong><em>obiit</em></strong></span> <span class='ocrx_word' id='word_1_537' title='bbox 650 4279 706 4327; x_wconf 93' lang='lat' dir='ltr'><strong><em>et</em></strong></span> <span class='ocrx_word' id='word_1_538' title='bbox 750 4272 929 4329; x_wconf 71' lang='lat' dir='ltr'><strong><em>Siena:</em></strong></span> <span class='ocrx_word' id='word_1_539' title='bbox 984 4272 1237 4344; x_wconf 89' lang='lat' dir='ltr'><strong><em>sepultus</em></strong></span> <span class='ocrx_word' id='word_1_540' title='bbox 1279 4280 1383 4341; x_wconf 93' lang='lat' dir='ltr'><strong><em>est,</em></strong></span> <span class='ocrx_word' id='word_1_541' title='bbox 1443 4274 1526 4330; x_wconf 90' lang='lat' dir='ltr'><strong><em>cui</em></strong></span> <span class='ocrx_word' id='word_1_542' title='bbox 1582 4274 1803 4346; x_wconf 91' lang='lat' dir='ltr'><strong><em>quidam</em></strong></span> <span class='ocrx_word' id='word_1_543' title='bbox 1840 4276 2118 4333; x_wconf 84' lang='lat' dir='ltr'><strong><em>Heinricus</em></strong></span> 
     </span>
    </p>
   </div>
   <div class='ocr_carea' id='block_1_77' title="bbox 465 4361 736 4417">
    <p class='ocr_par' dir='ltr' id='par_1_77' title="bbox 465 4361 736 4417">
     <span class='ocr_line' id='line_1_77' title="bbox 465 4361 736 4417; baseline 0 -2"><span class='ocrx_word' id='word_1_544' title='bbox 465 4361 736 4417; x_wconf 73' lang='lat' dir='ltr'><strong><em>successit.</em></strong></span> 
     </span>
    </p>
   </div>
   <div class='ocr_carea' id='block_1_78' title="bbox 2193 3117 3826 3190">
    <p class='ocr_par' dir='ltr' id='par_1_78' title="bbox 2193 3117 3826 3190">
     <span class='ocr_line' id='line_1_78' title="bbox 2193 3117 3826 3190; baseline -0.004 -14"><span class='ocrx_word' id='word_1_545' title='bbox 2193 3121 2270 3176; x_wconf 89' lang='lat' dir='ltr'><strong><em>ita</em></strong></span> <span class='ocrx_word' id='word_1_546' title='bbox 2297 3126 2520 3190; x_wconf 89' lang='lat' dir='ltr'><strong><em>paratus</em></strong></span> <span class='ocrx_word' id='word_1_547' title='bbox 2547 3119 2711 3175; x_wconf 90' lang='lat' dir='ltr'><strong><em>sicuti</em></strong></span> <span class='ocrx_word' id='word_1_548' title='bbox 2761 3119 2966 3175; x_wconf 91' lang='lat' dir='ltr'><strong><em>ibidem</em></strong></span> <span class='ocrx_word' id='word_1_549' title='bbox 3009 3120 3204 3176; x_wconf 90' lang='lat' dir='ltr'><strong><em>missas</em></strong></span> <span class='ocrx_word' id='word_1_550' title='bbox 3231 3118 3392 3188; x_wconf 87' lang='lat' dir='ltr'><strong><em>fecit,</em></strong></span> <span class='ocrx_word' id='word_1_551' title='bbox 3428 3120 3590 3177; x_wconf 90' lang='lat' dir='ltr'><strong><em>nudis</em></strong></span> <span class='ocrx_word' id='word_1_552' title='bbox 3617 3117 3826 3190; x_wconf 86' lang='lat' dir='ltr'><strong><em>pedibus</em></strong></span> 
     </span>
    </p>
   </div>
   <div class='ocr_carea' id='block_1_79' title="bbox 2192 3205 3826 3278">
    <p class='ocr_par' dir='ltr' id='par_1_79' title="bbox 2192 3205 3826 3278">
     <span class='ocr_line' id='line_1_79' title="bbox 2192 3205 3826 3278; baseline -0.004 -13"><span class='ocrx_word' id='word_1_553' title='bbox 2192 3213 2531 3278; x_wconf 85' lang='lat' dir='ltr'><strong><em>acceptaque</em></strong></span> <span class='ocrx_word' id='word_1_554' title='bbox 2586 3222 2750 3264; x_wconf 90' lang='lat' dir='ltr'><strong><em>cruce</em></strong></span> <span class='ocrx_word' id='word_1_555' title='bbox 2780 3208 2836 3264; x_wconf 93' lang='lat' dir='ltr'><strong><em>in</em></strong></span> <span class='ocrx_word' id='word_1_556' title='bbox 2877 3208 3128 3264; x_wconf 91' lang='lat' dir='ltr'><strong><em>manibus</em></strong></span> <span class='ocrx_word' id='word_1_557' title='bbox 3171 3209 3275 3265; x_wconf 91' lang='lat' dir='ltr'><strong><em>sub</em></strong></span> <span class='ocrx_word' id='word_1_558' title='bbox 3329 3207 3711 3266; x_wconf 82' lang='lat' dir='ltr'><strong><em>sacramentali</em></strong></span> <span class='ocrx_word' id='word_1_559' title='bbox 3739 3205 3826 3260; x_wconf 82' lang='lat' dir='ltr'><strong><em>bac</em></strong></span> 
     </span>
    </p>
   </div>
   <div class='ocr_carea' id='block_1_80' title="bbox 2193 3294 3828 3369">
    <p class='ocr_par' dir='ltr' id='par_1_80' title="bbox 2193 3294 3828 3369">
     <span class='ocr_line' id='line_1_80' title="bbox 2193 3294 3828 3369; baseline -0.003 -16"><span class='ocrx_word' id='word_1_560' title='bbox 2193 3298 2289 3354; x_wconf 91' lang='lat' dir='ltr'><strong><em>Dei</em></strong></span> <span class='ocrx_word' id='word_1_561' title='bbox 2313 3296 2544 3368; x_wconf 64' lang='lat' dir='ltr'><strong><em>justitiaa</em></strong></span> <span class='ocrx_word' id='word_1_562' title='bbox 2591 3302 2648 3352; x_wconf 90' lang='lat' dir='ltr'><strong><em>et</em></strong></span> <span class='ocrx_word' id='word_1_563' title='bbox 2674 3297 2922 3353; x_wconf 87' lang='lat' dir='ltr'><strong><em>veritatis</em></strong></span> <span class='ocrx_word' id='word_1_564' title='bbox 2961 3297 3175 3354; x_wconf 86' lang='lat' dir='ltr'><strong><em>ratione</em></strong></span> <span class='ocrx_word' id='word_1_565' title='bbox 3214 3298 3275 3330; x_wconf 80' lang='grc'><strong><em>¹²³</em></strong></span> <span class='ocrx_word' id='word_1_566' title='bbox 3303 3295 3754 3369; x_wconf 66' lang='lat' dir='ltr'><strong><em>comprobanda,</em></strong></span> <span class='ocrx_word' id='word_1_567' title='bbox 3781 3294 3828 3348; x_wconf 88' lang='lat' dir='ltr'><strong><em>in</em></strong></span> 
     </span>
    </p>
   </div>
   <div class='ocr_carea' id='block_1_81' title="bbox 2193 3385 3831 3457">
    <p class='ocr_par' dir='ltr' id='par_1_81' title="bbox 2193 3385 3831 3457">
     <span class='ocr_line' id='line_1_81' title="bbox 2193 3385 3831 3457; baseline -0.003 -15"><span class='ocrx_word' id='word_1_568' title='bbox 2193 3386 2472 3443; x_wconf 88' lang='lat' dir='ltr'><strong><em>audientia</em></strong></span> <span class='ocrx_word' id='word_1_569' title='bbox 2504 3386 2673 3442; x_wconf 87' lang='lat' dir='ltr'><strong><em>totius</em></strong></span> <span class='ocrx_word' id='word_1_570' title='bbox 2712 3385 2979 3442; x_wconf 63' lang='lat' dir='ltr'><strong><em>ecclesia:</em></strong></span> <span class='ocrx_word' id='word_1_571' title='bbox 3026 3387 3080 3441; x_wconf 92' lang='lat' dir='ltr'><strong><em>in</em></strong></span> <span class='ocrx_word' id='word_1_572' title='bbox 3127 3386 3355 3444; x_wconf 80' lang='lat' dir='ltr'><strong><em>Christo</em></strong></span> <span class='ocrx_word' id='word_1_573' title='bbox 3403 3389 3488 3444; x_wconf 89' lang='lat' dir='ltr'><strong><em>sic</em></strong></span> <span class='ocrx_word' id='word_1_574' title='bbox 3517 3390 3831 3457; x_wconf 86' lang='lat' dir='ltr'><strong><em>protestatus</em></strong></span> 
     </span>
    </p>
   </div>
   <div class='ocr_carea' id='block_1_82' title="bbox 2194 3471 3832 3546">
    <p class='ocr_par' dir='ltr' id='par_1_82' title="bbox 2194 3471 3832 3546">
     <span class='ocr_line' id='line_1_82' title="bbox 2194 3471 3832 3546; baseline -0.002 -15"><span class='ocrx_word' id='word_1_575' title='bbox 2194 3482 2298 3542; x_wconf 88' lang='lat' dir='ltr'><strong><em>est,</em></strong></span> <span class='ocrx_word' id='word_1_576' title='bbox 2330 3474 2477 3546; x_wconf 91' lang='lat' dir='ltr'><strong><em>quod</em></strong></span> <span class='ocrx_word' id='word_1_577' title='bbox 2526 3474 2783 3531; x_wconf 91' lang='lat' dir='ltr'><strong><em>videlicet</em></strong></span> <span class='ocrx_word' id='word_1_578' title='bbox 2828 3476 3023 3531; x_wconf 90' lang='lat' dir='ltr'><strong><em>Petrus</em></strong></span> <span class='ocrx_word' id='word_1_579' title='bbox 3061 3474 3174 3542; x_wconf 89' lang='lat' dir='ltr'><strong><em>ille,</em></strong></span> <span class='ocrx_word' id='word_1_580' title='bbox 3224 3476 3322 3546; x_wconf 85' lang='lat' dir='ltr'><strong><em>qui</em></strong></span> <span class='ocrx_word' id='word_1_581' title='bbox 3357 3477 3706 3534; x_wconf 85' lang='lat' dir='ltr'><strong><em>Florentinus</em></strong></span> <span class='ocrx_word' id='word_1_582' title='bbox 3731 3471 3832 3543; x_wconf 87' lang='lat' dir='ltr'><strong><em>epi-</em></strong></span> 
     </span>
    </p>
   </div>
   <div class='ocr_carea' id='block_1_83' title="bbox 2193 3563 3833 3636">
    <p class='ocr_par' dir='ltr' id='par_1_83' title="bbox 2193 3563 3833 3636">
     <span class='ocr_line' id='line_1_83' title="bbox 2193 3563 3833 3636; baseline -0.004 -16"><span class='ocrx_word' id='word_1_583' title='bbox 2193 3577 2397 3634; x_wconf 91' lang='lat' dir='ltr'><strong><em>sc0pus</em></strong></span> <span class='ocrx_word' id='word_1_584' title='bbox 2424 3563 2605 3620; x_wconf 88' lang='lat' dir='ltr'><strong><em>dictus</em></strong></span> <span class='ocrx_word' id='word_1_585' title='bbox 2642 3564 2733 3631; x_wconf 92' lang='lat' dir='ltr'><strong><em>sit,</em></strong></span> <span class='ocrx_word' id='word_1_586' title='bbox 2774 3564 3096 3635; x_wconf 83' lang='lat' dir='ltr'><strong><em>Symoniace</em></strong></span> <span class='ocrx_word' id='word_1_587' title='bbox 3134 3563 3526 3636; x_wconf 80' lang='lat' dir='ltr'><strong><em>epi500patum</em></strong></span> <span class='ocrx_word' id='word_1_588' title='bbox 3576 3563 3833 3621; x_wconf 86' lang='lat' dir='ltr'><strong><em>obtineret</em></strong></span> 
     </span>
    </p>
   </div>
   <div class='ocr_carea' id='block_1_84' title="bbox 2193 3652 3834 3725">
    <p class='ocr_par' dir='ltr' id='par_1_84' title="bbox 2193 3652 3834 3725">
     <span class='ocr_line' id='line_1_84' title="bbox 2193 3652 3834 3725; baseline -0.001 -17"><span class='ocrx_word' id='word_1_589' title='bbox 2193 3652 2330 3725; x_wconf 87' lang='grc'><strong><em>(56),</em></strong></span> <span class='ocrx_word' id='word_1_590' title='bbox 2372 3659 2428 3709; x_wconf 90' lang='lat' dir='ltr'><strong><em>et</em></strong></span> <span class='ocrx_word' id='word_1_591' title='bbox 2464 3667 2588 3724; x_wconf 71' lang='lat' dir='ltr'><strong><em>quae</em></strong></span> <span class='ocrx_word' id='word_1_592' title='bbox 2626 3653 2695 3708; x_wconf 91' lang='lat' dir='ltr'><strong><em>ab</em></strong></span> <span class='ocrx_word' id='word_1_593' title='bbox 2725 3652 2849 3724; x_wconf 90' lang='lat' dir='ltr'><strong><em>ipso</em></strong></span> <span class='ocrx_word' id='word_1_594' title='bbox 2878 3659 2934 3709; x_wconf 93' lang='lat' dir='ltr'><strong><em>et</em></strong></span> <span class='ocrx_word' id='word_1_595' title='bbox 2952 3652 3156 3710; x_wconf 88' lang='lat' dir='ltr'><strong><em>ceteris</em></strong></span> <span class='ocrx_word' id='word_1_596' title='bbox 3179 3654 3532 3725; x_wconf 87' lang='lat' dir='ltr'><strong><em>Symoniacis</em></strong></span> <span class='ocrx_word' id='word_1_597' title='bbox 3559 3659 3616 3710; x_wconf 87' lang='lat' dir='ltr'><strong><em>et</em></strong></span> <span class='ocrx_word' id='word_1_598' title='bbox 3657 3663 3834 3709; x_wconf 82' lang='lat' dir='ltr'><strong><em>uxora-</em></strong></span> 
     </span>
    </p>
   </div>
   <div class='ocr_carea' id='block_1_85' title="bbox 2196 3740 3835 3815">
    <p class='ocr_par' dir='ltr' id='par_1_85' title="bbox 2196 3740 3835 3815">
     <span class='ocr_line' id='line_1_85' title="bbox 2196 3740 3835 3815; baseline -0.003 -15"><span class='ocrx_word' id='word_1_599' title='bbox 2196 3744 2268 3800; x_wconf 87' lang='lat' dir='ltr'><strong><em>tis</em></strong></span> <span class='ocrx_word' id='word_1_600' title='bbox 2299 3743 2621 3815; x_wconf 89' lang='lat' dir='ltr'><strong><em>presbiteris</em></strong></span> <span class='ocrx_word' id='word_1_601' title='bbox 2649 3743 3056 3800; x_wconf 78' lang='lat' dir='ltr'><strong><em>conﬁcerentur</em></strong></span> <span class='ocrx_word' id='word_1_602' title='bbox 3088 3751 3462 3812; x_wconf 89' lang='lat' dir='ltr'><strong><em>sacramenta,</em></strong></span> <span class='ocrx_word' id='word_1_603' title='bbox 3495 3744 3648 3800; x_wconf 90' lang='lat' dir='ltr'><strong><em>nullo</em></strong></span> <span class='ocrx_word' id='word_1_604' title='bbox 3687 3740 3835 3798; x_wconf 92' lang='lat' dir='ltr'><strong><em>modo</em></strong></span> 
     </span>
    </p>
   </div>
   <div class='ocr_carea' id='block_1_86' title="bbox 2196 3831 3836 3905">
    <p class='ocr_par' dir='ltr' id='par_1_86' title="bbox 2196 3831 3836 3905">
     <span class='ocr_line' id='line_1_86' title="bbox 2196 3831 3836 3905; baseline -0.003 -16"><span class='ocrx_word' id='word_1_605' title='bbox 2196 3850 2227 3889; x_wconf 91' lang='lat' dir='ltr'><strong><em>a</em></strong></span> <span class='ocrx_word' id='word_1_606' title='bbox 2258 3832 2547 3890; x_wconf 89' lang='lat' dir='ltr'><strong><em>catholicis</em></strong></span> <span class='ocrx_word' id='word_1_607' title='bbox 2594 3832 2912 3903; x_wconf 88' lang='lat' dir='ltr'><strong><em>recipienda</em></strong></span> <span class='ocrx_word' id='word_1_608' title='bbox 2960 3839 3165 3889; x_wconf 88' lang='lat' dir='ltr'><strong><em>essent.</em></strong></span> <span class='ocrx_word' id='word_1_609' title='bbox 3199 3834 3266 3889; x_wconf 88' lang='lat' dir='ltr'><strong><em>Et</em></strong></span> <span class='ocrx_word' id='word_1_610' title='bbox 3314 3848 3388 3891; x_wconf 93' lang='lat' dir='ltr'><strong><em>eo</em></strong></span> <span class='ocrx_word' id='word_1_611' title='bbox 3420 3841 3585 3905; x_wconf 91' lang='lat' dir='ltr'><strong><em>pacto</em></strong></span> <span class='ocrx_word' id='word_1_612' title='bbox 3614 3831 3836 3889; x_wconf 91' lang='lat' dir='ltr'><strong><em>medium</em></strong></span> 
     </span>
    </p>
   </div>
   <div class='ocr_carea' id='block_1_87' title="bbox 2196 3919 3840 3993">
    <p class='ocr_par' dir='ltr' id='par_1_87' title="bbox 2196 3919 3840 3993">
     <span class='ocr_line' id='line_1_87' title="bbox 2196 3919 3840 3993; baseline -0.003 -16"><span class='ocrx_word' id='word_1_613' title='bbox 2196 3923 2427 3978; x_wconf 65' lang='lat' dir='ltr'><strong><em>ﬂammae</em></strong></span> <span class='ocrx_word' id='word_1_614' title='bbox 2483 3920 2874 3992; x_wconf 89' lang='lat' dir='ltr'><strong><em>pedetemptim</em></strong></span> <span class='ocrx_word' id='word_1_615' title='bbox 2923 3920 3262 3991; x_wconf 87' lang='lat' dir='ltr'><strong><em>ingrediens,</em></strong></span> <span class='ocrx_word' id='word_1_616' title='bbox 3303 3923 3526 3993; x_wconf 88' lang='lat' dir='ltr'><strong><em>absque</em></strong></span> <span class='ocrx_word' id='word_1_617' title='bbox 3577 3921 3721 3978; x_wconf 90' lang='lat' dir='ltr'><strong><em>omni</em></strong></span> <span class='ocrx_word' id='word_1_618' title='bbox 3758 3919 3840 3973; x_wconf 68' lang='lat' dir='ltr'><strong><em>lae-</em></strong></span> 
     </span>
    </p>
   </div>
   <div class='ocr_carea' id='block_1_88' title="bbox 2197 4007 3839 4068">
    <p class='ocr_par' dir='ltr' id='par_1_88' title="bbox 2197 4007 3839 4068">
     <span class='ocr_line' id='line_1_88' title="bbox 2197 4007 3839 4068; baseline -0.002 -3"><span class='ocrx_word' id='word_1_619' title='bbox 2197 4010 2352 4067; x_wconf 90' lang='lat' dir='ltr'><strong><em>sione</em></strong></span> <span class='ocrx_word' id='word_1_620' title='bbox 2379 4009 2597 4065; x_wconf 91' lang='lat' dir='ltr'><strong><em>ardoris</em></strong></span> <span class='ocrx_word' id='word_1_621' title='bbox 2633 4014 2691 4065; x_wconf 92' lang='lat' dir='ltr'><strong><em>et</em></strong></span> <span class='ocrx_word' id='word_1_622' title='bbox 2719 4008 2961 4065; x_wconf 85' lang='lat' dir='ltr'><strong><em>incendii</em></strong></span> <span class='ocrx_word' id='word_1_623' title='bbox 3007 4010 3062 4065; x_wconf 90' lang='lat' dir='ltr'><strong><em>in</em></strong></span> <span class='ocrx_word' id='word_1_624' title='bbox 3110 4010 3335 4066; x_wconf 89' lang='lat' dir='ltr'><strong><em>nomine</em></strong></span> <span class='ocrx_word' id='word_1_625' title='bbox 3370 4011 3592 4068; x_wconf 90' lang='lat' dir='ltr'><strong><em>Domini</em></strong></span> <span class='ocrx_word' id='word_1_626' title='bbox 3620 4007 3839 4066; x_wconf 86' lang='lat' dir='ltr'><strong><em>feliciter</em></strong></span> 
     </span>
    </p>
   </div>
   <div class='ocr_carea' id='block_1_89' title="bbox 2200 4097 3841 4171">
    <p class='ocr_par' dir='ltr' id='par_1_89' title="bbox 2200 4097 3841 4171">
     <span class='ocr_line' id='line_1_89' title="bbox 2200 4097 3841 4171; baseline -0.001 -18"><span class='ocrx_word' id='word_1_627' title='bbox 2200 4098 2262 4131; x_wconf 73' lang='grc'>¹²⁸</span> <span class='ocrx_word' id='word_1_628' title='bbox 2290 4097 2706 4169; x_wconf 87' lang='lat' dir='ltr'><strong><em>perambulavit.</em></strong></span> <span class='ocrx_word' id='word_1_629' title='bbox 2741 4099 2834 4155; x_wconf 89' lang='lat' dir='ltr'><strong><em>Set</em></strong></span> <span class='ocrx_word' id='word_1_630' title='bbox 2880 4097 3060 4154; x_wconf 91' lang='lat' dir='ltr'><strong><em>omnis</em></strong></span> <span class='ocrx_word' id='word_1_631' title='bbox 3089 4098 3263 4168; x_wconf 89' lang='lat' dir='ltr'><strong><em>plebs,</em></strong></span> <span class='ocrx_word' id='word_1_632' title='bbox 3317 4106 3383 4157; x_wconf 92' lang='lat' dir='ltr'><strong><em>ut</em></strong></span> <span class='ocrx_word' id='word_1_633' title='bbox 3423 4101 3566 4157; x_wconf 89' lang='lat' dir='ltr'><strong><em>vidit</em></strong></span> <span class='ocrx_word' id='word_1_634' title='bbox 3587 4098 3841 4171; x_wconf 90' lang='lat' dir='ltr'><strong><em>judicium</em></strong></span> 
     </span>
    </p>
   </div>
   <div class='ocr_carea' id='block_1_90' title="bbox 2198 4186 3842 4260">
    <p class='ocr_par' dir='ltr' id='par_1_90' title="bbox 2198 4186 3842 4260">
     <span class='ocr_line' id='line_1_90' title="bbox 2198 4186 3842 4260; baseline -0.002 -16"><span class='ocrx_word' id='word_1_635' title='bbox 2198 4188 2325 4254; x_wconf 89' lang='lat' dir='ltr'><strong><em>hoc,</em></strong></span> <span class='ocrx_word' id='word_1_636' title='bbox 2357 4188 2469 4243; x_wconf 93' lang='lat' dir='ltr'><strong><em>Deo</em></strong></span> <span class='ocrx_word' id='word_1_637' title='bbox 2497 4186 2702 4257; x_wconf 89' lang='lat' dir='ltr'><strong><em>gratias</em></strong></span> <span class='ocrx_word' id='word_1_638' title='bbox 2738 4195 2795 4243; x_wconf 93' lang='lat' dir='ltr'><strong><em>et</em></strong></span> <span class='ocrx_word' id='word_1_639' title='bbox 2822 4186 3014 4243; x_wconf 90' lang='lat' dir='ltr'><strong><em>laudes</em></strong></span> <span class='ocrx_word' id='word_1_640' title='bbox 3042 4201 3284 4259; x_wconf 90' lang='lat' dir='ltr'><strong><em>superno</em></strong></span> <span class='ocrx_word' id='word_1_641' title='bbox 3319 4191 3483 4260; x_wconf 91' lang='lat' dir='ltr'><strong><em>justo</em></strong></span> <span class='ocrx_word' id='word_1_642' title='bbox 3510 4188 3692 4247; x_wconf 73' lang='lat' dir='ltr'><strong><em>iudici</em></strong></span> <span class='ocrx_word' id='word_1_643' title='bbox 3722 4200 3842 4243; x_wconf 91' lang='lat' dir='ltr'><strong><em>una-</em></strong></span> 
     </span>
    </p>
   </div>
   <div class='ocr_carea' id='block_1_91' title="bbox 2198 4276 2740 4335">
    <p class='ocr_par' dir='ltr' id='par_1_91' title="bbox 2198 4276 2740 4335">
     <span class='ocr_line' id='line_1_91' title="bbox 2198 4276 2740 4335; baseline -0.009 0"><span class='ocrx_word' id='word_1_644' title='bbox 2198 4278 2421 4335; x_wconf 89' lang='lat' dir='ltr'><strong><em>nimiter</em></strong></span> <span class='ocrx_word' id='word_1_645' title='bbox 2448 4276 2740 4333; x_wconf 82' lang='lat' dir='ltr'><strong><em>referebat.</em></strong></span> 
     </span>
    </p>
   </div>
   <div class='ocr_carea' id='block_1_92' title="bbox 2132 4336 3844 4439">
    <p class='ocr_par' dir='ltr' id='par_1_92' title="bbox 2132 4336 3844 4439">
     <span class='ocr_line' id='line_1_92' title="bbox 2132 4336 3844 4439; baseline -0.002 -17"><span class='ocrx_word' id='word_1_646' title='bbox 2132 4362 2184 4422; x_wconf 92' lang='lat' dir='ltr'><strong><em>D</em></strong></span> <span class='ocrx_word' id='word_1_647' title='bbox 2267 4368 2461 4423; x_wconf 86' lang='lat' dir='ltr'><strong><em>Petrus</em></strong></span> <span class='ocrx_word' id='word_1_648' title='bbox 2487 4379 2618 4422; x_wconf 87' lang='lat' dir='ltr'><strong><em>vero</em></strong></span> <span class='ocrx_word' id='word_1_649' title='bbox 2648 4364 2868 4423; x_wconf 88' lang='lat' dir='ltr'><strong><em>tandem</em></strong></span> <span class='ocrx_word' id='word_1_650' title='bbox 2906 4336 3131 4424; x_wconf 82' lang='lat' dir='ltr'><strong><em>Romam</em></strong></span> <span class='ocrx_word' id='word_1_651' title='bbox 3172 4380 3203 4422; x_wconf 91' lang='lat' dir='ltr'><strong><em>a</em></strong></span> <span class='ocrx_word' id='word_1_652' title='bbox 3242 4367 3458 4427; x_wconf 90' lang='lat' dir='ltr'><strong><em>domno</em></strong></span> <span class='ocrx_word' id='word_1_653' title='bbox 3509 4381 3653 4439; x_wconf 87' lang='lat' dir='ltr'><strong><em>papa</em></strong></span> <span class='ocrx_word' id='word_1_654' title='bbox 3680 4364 3844 4421; x_wconf 81' lang='lat' dir='ltr'><strong><em>advo-</em></strong></span> 
     </span>
    </p>
   </div>
   <div class='ocr_carea' id='block_1_93' title="bbox 1818 4519 2482 4579">
    <p class='ocr_par' dir='ltr' id='par_1_93' title="bbox 1818 4519 2482 4579">
     <span class='ocr_line' id='line_1_93' title="bbox 1818 4519 2482 4579; baseline 0.006 -6"><span class='ocrx_word' id='word_1_655' title='bbox 1818 4519 2062 4577; x_wconf 65' lang='lat' dir='ltr'><strong><em>VARLIE</em></strong></span> <span class='ocrx_word' id='word_1_656' title='bbox 2099 4522 2381 4579; x_wconf 83' lang='lat' dir='ltr'><strong><em>LECTION</em></strong></span> <span class='ocrx_word' id='word_1_657' title='bbox 2384 4522 2482 4578; x_wconf 85' lang='lat' dir='ltr'><strong><em>ES.</em></strong></span> 
     </span>
    </p>
   </div>
   <div class='ocr_carea' id='block_1_94' title="bbox 541 4655 1994 4731">
    <p class='ocr_par' dir='ltr' id='par_1_94' title="bbox 541 4655 1994 4731">
     <span class='ocr_line' id='line_1_94' title="bbox 541 4655 1994 4731; baseline -0.003 -10"><span class='ocrx_word' id='word_1_658' title='bbox 541 4655 600 4731; x_wconf 81' lang='lat'><strong><em>”_&#39;</em></strong></span> <span class='ocrx_word' id='word_1_659' title='bbox 625 4656 944 4731; x_wconf 51' lang='grc' dir='ltr'><strong><em>δεραίων.</em></strong></span> <span class='ocrx_word' id='word_1_660' title='bbox 1057 4657 1117 4689; x_wconf 86' lang='grc'><strong><em>¹¹⁶</em></strong></span> <span class='ocrx_word' id='word_1_661' title='bbox 1144 4670 1289 4731; x_wconf 82' lang='lat' dir='ltr'><strong><em>anno</em></strong></span> <span class='ocrx_word' id='word_1_662' title='bbox 1317 4687 1389 4699; x_wconf 93' lang='lat'><strong>—</strong></span> <span class='ocrx_word' id='word_1_663' title='bbox 1418 4659 1563 4731; x_wconf 88' lang='lat' dir='ltr'><strong><em>regis</em></strong></span> <span class='ocrx_word' id='word_1_664' title='bbox 1595 4659 1679 4715; x_wconf 93' lang='lat'><strong><em>10.</em></strong></span> <span class='ocrx_word' id='word_1_665' title='bbox 1723 4661 1908 4717; x_wconf 89' lang='lat' dir='ltr'><strong><em>desunt</em></strong></span> <span class='ocrx_word' id='word_1_666' title='bbox 1938 4661 1994 4716; x_wconf 92' lang='lat'><strong><em>3.</em></strong></span> 
     </span>
    </p>
   </div>
   <div class='ocr_carea' id='block_1_95' title="bbox 470 4796 797 4855">
    <p class='ocr_par' dir='ltr' id='par_1_95' title="bbox 470 4796 797 4855">
     <span class='ocr_line' id='line_1_95' title="bbox 470 4796 797 4855; baseline 0.006 -4"><span class='ocrx_word' id='word_1_667' title='bbox 470 4796 707 4855; x_wconf 79' lang='lat' dir='ltr'><strong><em>ﬁdeliter</em></strong></span> <span class='ocrx_word' id='word_1_668' title='bbox 740 4799 797 4853; x_wconf 95' lang='lat'><strong><em>2.</em></strong></span> 
     </span>
    </p>
   </div>
   <div class='ocr_carea' id='block_1_96' title="bbox 469 4660 2540 4806">
    <p class='ocr_par' dir='ltr' id='par_1_96' title="bbox 469 4660 2540 4806">
     <span class='ocr_line' id='line_1_96' title="bbox 541 4660 2540 4731; baseline 0.004 -19"><span class='ocrx_word' id='word_1_669' title='bbox 541 4660 600 4687; x_wconf 87' lang='lat'><strong>&quot;&#39;</strong></span> <span class='ocrx_word' id='word_1_670' title='bbox 627 4664 835 4714; x_wconf 61' lang='lat' dir='ltr'><strong><em>sanctae</em></strong></span> <span class='ocrx_word' id='word_1_671' title='bbox 870 4660 944 4710; x_wconf 81' lang='lat'><strong><em>1&#39;.</em></strong></span> <span class='ocrx_word' id='word_1_672' title='bbox 1057 4660 1117 4689; x_wconf 71' lang='grc' dir='ltr'><strong><em>ἰι</em></strong></span> <span class='ocrx_word' id='word_1_673' title='bbox 1144 4670 1289 4715; x_wconf 89' lang='lat' dir='ltr'><strong><em>anno</em></strong></span> <span class='ocrx_word' id='word_1_674' title='bbox 1317 4687 1389 4699; x_wconf 95' lang='lat'><strong>—</strong></span> <span class='ocrx_word' id='word_1_675' title='bbox 1418 4660 1563 4731; x_wconf 87' lang='lat' dir='ltr'><strong><em>regis</em></strong></span> <span class='ocrx_word' id='word_1_676' title='bbox 1595 4660 1679 4715; x_wconf 89' lang='lat'><strong><em>10.</em></strong></span> <span class='ocrx_word' id='word_1_677' title='bbox 1723 4661 1908 4717; x_wconf 85' lang='lat' dir='ltr'><strong><em>desunt</em></strong></span> <span class='ocrx_word' id='word_1_678' title='bbox 1938 4661 1994 4716; x_wconf 92' lang='lat'><strong><em>3.</em></strong></span> <span class='ocrx_word' id='word_1_679' title='bbox 2111 4661 2171 4693; x_wconf 82' lang='grc'><strong><em>¹¹⁷</em></strong></span> <span class='ocrx_word' id='word_1_680' title='bbox 2200 4661 2267 4718; x_wconf 91' lang='lat' dir='ltr'><strong><em>ad</em></strong></span> <span class='ocrx_word' id='word_1_681' title='bbox 2308 4660 2362 4718; x_wconf 91' lang='lat'><strong><em>3.</em></strong></span> <span class='ocrx_word' id='word_1_682' title='bbox 2479 4660 2540 4693; x_wconf 81' lang='grc'><strong><em>¹¹⁸</em></strong></span> 
     </span>
     <span class='ocr_line' id='line_1_97' title="bbox 469 4726 2500 4806; baseline 0.003 -24"><span class='ocrx_word' id='word_1_683' title='bbox 469 4726 655 4806; x_wconf 67' lang='lat' dir='ltr'><strong><em>desinit</em></strong></span> <span class='ocrx_word' id='word_1_684' title='bbox 692 4728 774 4806; x_wconf 66' lang='grc' dir='ltr'><strong><em>3.Δ</em></strong></span> <span class='ocrx_word' id='word_1_685' title='bbox 843 4728 905 4760; x_wconf 85' lang='grc'><strong><em>¹¹⁰</em></strong></span> <span class='ocrx_word' id='word_1_686' title='bbox 940 4742 1103 4801; x_wconf 89' lang='lat' dir='ltr'><strong><em>quam</em></strong></span> <span class='ocrx_word' id='word_1_687' title='bbox 1141 4730 1193 4786; x_wconf 88' lang='lat'><strong><em>2.</em></strong></span> <span class='ocrx_word' id='word_1_688' title='bbox 1293 4731 1351 4762; x_wconf 82' lang='grc'><strong><em>¹¹¹</em></strong></span> <span class='ocrx_word' id='word_1_689' title='bbox 1391 4731 1709 4803; x_wconf 72' lang='lat' dir='ltr'><strong><em>Ratisponae</em></strong></span> <span class='ocrx_word' id='word_1_690' title='bbox 1739 4731 2087 4806; x_wconf 86' lang='lat' dir='ltr'><strong><em>supplendum</em></strong></span> <span class='ocrx_word' id='word_1_691' title='bbox 2113 4733 2340 4790; x_wconf 85' lang='lat' dir='ltr'><strong><em>videtur.</em></strong></span> <span class='ocrx_word' id='word_1_692' title='bbox 2376 4735 2500 4791; x_wconf 89' lang='lat' dir='ltr'><strong><em>Uss.</em></strong></span> 
     </span>
    </p>
   </div>
   <div class='ocr_carea' id='block_1_97' title="bbox 2662 4656 3850 4719">
    <p class='ocr_par' dir='ltr' id='par_1_97' title="bbox 2662 4656 3850 4719">
     <span class='ocr_line' id='line_1_98' title="bbox 2662 4656 3850 4719; baseline -0.005 -3"><span class='ocrx_word' id='word_1_693' title='bbox 2662 4659 2856 4716; x_wconf 85' lang='lat' dir='ltr'><strong><em>audam</em></strong></span> <span class='ocrx_word' id='word_1_694' title='bbox 2895 4660 2949 4717; x_wconf 89' lang='lat'><strong><em>3.</em></strong></span> <span class='ocrx_word' id='word_1_695' title='bbox 3065 4660 3127 4692; x_wconf 86' lang='lat'><strong><em>“’</em></strong></span> <span class='ocrx_word' id='word_1_696' title='bbox 3154 4660 3239 4716; x_wconf 87' lang='lat' dir='ltr'><strong><em>hic</em></strong></span> <span class='ocrx_word' id='word_1_697' title='bbox 3274 4660 3331 4715; x_wconf 86' lang='lat' dir='ltr'><strong><em>in</em></strong></span> <span class='ocrx_word' id='word_1_698' title='bbox 3382 4663 3569 4719; x_wconf 87' lang='lat' dir='ltr'><strong><em>media</em></strong></span> <span class='ocrx_word' id='word_1_699' title='bbox 3604 4656 3850 4717; x_wconf 84' lang='lat' dir='ltr'><strong><em>sententia</em></strong></span> 
     </span>
    </p>
   </div>
   <div class='ocr_carea' id='block_1_98' title="bbox 2618 4727 3845 4802">
    <p class='ocr_par' dir='ltr' id='par_1_98' title="bbox 2618 4727 3845 4802">
     <span class='ocr_line' id='line_1_99' title="bbox 2618 4727 3845 4802; baseline -0.007 -14"><span class='ocrx_word' id='word_1_700' title='bbox 2618 4734 2659 4764; x_wconf 82' lang='grc'>¹¹</span> <span class='ocrx_word' id='word_1_701' title='bbox 2696 4731 2834 4802; x_wconf 86' lang='lat' dir='ltr'><strong><em>ipsis</em></strong></span> <span class='ocrx_word' id='word_1_702' title='bbox 2868 4731 2923 4787; x_wconf 91' lang='lat'><strong><em>2.</em></strong></span> <span class='ocrx_word' id='word_1_703' title='bbox 3020 4731 3082 4764; x_wconf 82' lang='grc'><strong><em>¹²⁸</em></strong></span> <span class='ocrx_word' id='word_1_704' title='bbox 3121 4745 3361 4789; x_wconf 66' lang='lat' dir='ltr'><strong><em>romana:</em></strong></span> <span class='ocrx_word' id='word_1_705' title='bbox 3401 4731 3481 4791; x_wconf 78' lang='grc' dir='ltr'><strong><em>ι’.</em></strong></span> <span class='ocrx_word' id='word_1_706' title='bbox 3582 4732 3645 4766; x_wconf 71' lang='grc'><strong><em>³⁸⁵</em></strong></span> <span class='ocrx_word' id='word_1_707' title='bbox 3668 4732 3744 4786; x_wconf 85' lang='lat' dir='ltr'><strong><em>ita</em></strong></span> <span class='ocrx_word' id='word_1_708' title='bbox 3777 4727 3845 4780; x_wconf 59' lang='grc' dir='ltr'><strong><em>ιε.</em></strong></span> 
     </span>
    </p>
   </div>
   <div class='ocr_carea' id='block_1_99' title="bbox 2047 4903 2264 4959">
    <p class='ocr_par' dir='ltr' id='par_1_99' title="bbox 2047 4903 2264 4959">
     <span class='ocr_line' id='line_1_100' title="bbox 2047 4903 2264 4959; baseline 0 0"><span class='ocrx_word' id='word_1_709' title='bbox 2047 4903 2264 4959; x_wconf 71' lang='lat' dir='ltr'><strong><em>NOTAE.</em></strong></span> 
     </span>
    </p>
   </div>
   <div class='ocr_carea' id='block_1_100' title="bbox 544 5049 2109 5126">
    <p class='ocr_par' dir='ltr' id='par_1_100' title="bbox 544 5049 2109 5126">
     <span class='ocr_line' id='line_1_101' title="bbox 544 5049 2109 5126; baseline 0.003 -21"><span class='ocrx_word' id='word_1_710' title='bbox 544 5049 657 5126; x_wconf 57' lang='lat' dir='ltr'><strong><em>Q4)</em></strong></span> <span class='ocrx_word' id='word_1_711' title='bbox 708 5051 980 5126; x_wconf 68' lang='lat' dir='ltr'><strong><em>Baronius</em></strong></span> <span class='ocrx_word' id='word_1_712' title='bbox 1032 5054 1331 5126; x_wconf 73' lang='lat' dir='ltr'><strong><em>caeterique</em></strong></span> <span class='ocrx_word' id='word_1_713' title='bbox 1385 5053 1596 5126; x_wconf 14' lang='lat' dir='ltr'><strong><em>passim,</em></strong></span> <span class='ocrx_word' id='word_1_714' title='bbox 1626 5053 1744 5126; x_wconf 59' lang='lat' dir='ltr'><strong><em>hinc</em></strong></span> <span class='ocrx_word' id='word_1_715' title='bbox 1782 5053 1850 5110; x_wconf 92' lang='lat' dir='ltr'><strong><em>ad</em></strong></span> <span class='ocrx_word' id='word_1_716' title='bbox 1903 5067 2109 5126; x_wconf 82' lang='lat' dir='ltr'><strong><em>annum</em></strong></span> 
     </span>
    </p>
   </div>
   <div class='ocr_carea' id='block_1_101' title="bbox 475 5120 2105 5197">
    <p class='ocr_par' dir='ltr' id='par_1_101' title="bbox 475 5120 2105 5197">
     <span class='ocr_line' id='line_1_102' title="bbox 475 5120 2105 5197; baseline 0.002 -20"><span class='ocrx_word' id='word_1_717' title='bbox 475 5120 611 5197; x_wconf 55' lang='lat'><strong><em>1063</em></strong></span> <span class='ocrx_word' id='word_1_718' title='bbox 633 5120 905 5197; x_wconf 68' lang='lat' dir='ltr'><strong><em>referunt.</em></strong></span> <span class='ocrx_word' id='word_1_719' title='bbox 938 5125 998 5197; x_wconf 69' lang='lat' dir='ltr'><strong><em>in</em></strong></span> <span class='ocrx_word' id='word_1_720' title='bbox 1027 5124 1133 5180; x_wconf 87' lang='lat' dir='ltr'><strong><em>alia</em></strong></span> <span class='ocrx_word' id='word_1_721' title='bbox 1154 5120 1334 5197; x_wconf 81' lang='lat' dir='ltr'><strong><em>tamen</em></strong></span> <span class='ocrx_word' id='word_1_722' title='bbox 1364 5120 1479 5182; x_wconf 74' lang='lat' dir='ltr'><strong><em>abit</em></strong></span> <span class='ocrx_word' id='word_1_723' title='bbox 1506 5125 1867 5197; x_wconf 83' lang='lat' dir='ltr'><strong><em>Mabillonius</em></strong></span> <span class='ocrx_word' id='word_1_724' title='bbox 1880 5124 2105 5197; x_wconf 81' lang='lat' dir='ltr'><strong><em>(Annal.</em></strong></span> 
     </span>
    </p>
   </div>
   <div class='ocr_carea' id='block_1_102' title="bbox 471 5193 2110 5267">
    <p class='ocr_par' dir='ltr' id='par_1_102' title="bbox 471 5193 2110 5267">
     <span class='ocr_line' id='line_1_103' title="bbox 471 5193 2110 5267; baseline 0.002 -19"><span class='ocrx_word' id='word_1_725' title='bbox 471 5193 672 5267; x_wconf 63' lang='grc' dir='ltr'><strong>βεηθᾴ</strong></span> <span class='ocrx_word' id='word_1_726' title='bbox 696 5201 737 5250; x_wconf 93' lang='lat' dir='ltr'><strong><em>t.</em></strong></span> <span class='ocrx_word' id='word_1_727' title='bbox 760 5196 831 5267; x_wconf 80' lang='grc' dir='ltr'><strong><em>ν,</em></strong></span> <span class='ocrx_word' id='word_1_728' title='bbox 858 5210 913 5266; x_wconf 89' lang='lat' dir='ltr'><strong><em>p.</em></strong></span> <span class='ocrx_word' id='word_1_729' title='bbox 942 5193 963 5247; x_wconf 90' lang='lat' dir='ltr'><strong><em>l</em></strong></span> <span class='ocrx_word' id='word_1_730' title='bbox 997 5198 1144 5267; x_wconf 88' lang='lat' dir='ltr'><strong><em>sqq.)</em></strong></span> <span class='ocrx_word' id='word_1_731' title='bbox 1172 5196 1264 5253; x_wconf 87' lang='lat' dir='ltr'><strong><em>ubi</em></strong></span> <span class='ocrx_word' id='word_1_732' title='bbox 1286 5212 1352 5254; x_wconf 84' lang='lat' dir='ltr'><strong><em>ex</em></strong></span> <span class='ocrx_word' id='word_1_733' title='bbox 1381 5211 1514 5254; x_wconf 90' lang='lat' dir='ltr'><strong><em>msc.</em></strong></span> <span class='ocrx_word' id='word_1_734' title='bbox 1543 5197 1735 5254; x_wconf 90' lang='lat' dir='ltr'><strong><em>codice</em></strong></span> <span class='ocrx_word' id='word_1_735' title='bbox 1757 5193 2110 5253; x_wconf 73' lang='lat' dir='ltr'><strong><em>bibliothecae</em></strong></span> 
     </span>
    </p>
   </div>
   <div class='ocr_carea' id='block_1_103' title="bbox 470 5263 2108 5339">
    <p class='ocr_par' dir='ltr' id='par_1_103' title="bbox 470 5263 2108 5339">
     <span class='ocr_line' id='line_1_104' title="bbox 470 5263 2108 5339; baseline 0.002 -19"><span class='ocrx_word' id='word_1_736' title='bbox 470 5263 652 5339; x_wconf 72' lang='lat' dir='ltr'><strong><em>Sancti</em></strong></span> <span class='ocrx_word' id='word_1_737' title='bbox 684 5263 916 5338; x_wconf 78' lang='lat' dir='ltr'><strong><em>Remigii</em></strong></span> <span class='ocrx_word' id='word_1_738' title='bbox 967 5263 1290 5339; x_wconf 75' lang='lat' dir='ltr'><strong><em>Bhemensis</em></strong></span> <span class='ocrx_word' id='word_1_739' title='bbox 1346 5269 1403 5325; x_wconf 91' lang='lat' dir='ltr'><strong><em>di</em></strong></span> <span class='ocrx_word' id='word_1_740' title='bbox 1466 5272 1666 5325; x_wconf 81' lang='lat' dir='ltr'><strong><em>factum</em></strong></span> <span class='ocrx_word' id='word_1_741' title='bbox 1716 5268 1914 5339; x_wconf 92' lang='lat' dir='ltr'><strong><em>probat</em></strong></span> <span class='ocrx_word' id='word_1_742' title='bbox 1971 5283 2108 5339; x_wconf 83' lang='lat' dir='ltr'><strong><em>anno</em></strong></span> 
     </span>
    </p>
   </div>
   <div class='ocr_carea' id='block_1_104' title="bbox 478 5334 2112 5412">
    <p class='ocr_par' dir='ltr' id='par_1_104' title="bbox 478 5334 2112 5412">
     <span class='ocr_line' id='line_1_105' title="bbox 478 5334 2112 5412; baseline 0.003 -23"><span class='ocrx_word' id='word_1_743' title='bbox 478 5334 631 5412; x_wconf 72' lang='lat'><strong><em>1067.</em></strong></span> <span class='ocrx_word' id='word_1_744' title='bbox 682 5334 867 5412; x_wconf 67' lang='lat' dir='ltr'><strong><em>mense</em></strong></span> <span class='ocrx_word' id='word_1_745' title='bbox 899 5338 1211 5412; x_wconf 66' lang='lat' dir='ltr'><strong><em>Februario,</em></strong></span> <span class='ocrx_word' id='word_1_746' title='bbox 1250 5340 1385 5411; x_wconf 81' lang='lat' dir='ltr'><strong><em>ferta</em></strong></span> <span class='ocrx_word' id='word_1_747' title='bbox 1427 5346 1623 5412; x_wconf 89' lang='lat' dir='ltr'><strong><em>quarta</em></strong></span> <span class='ocrx_word' id='word_1_748' title='bbox 1668 5334 1867 5412; x_wconf 75' lang='lat' dir='ltr'><strong><em>prioris</em></strong></span> <span class='ocrx_word' id='word_1_749' title='bbox 1922 5337 2112 5395; x_wconf 84' lang='lat' dir='ltr'><strong><em>hebdo-</em></strong></span> 
     </span>
    </p>
   </div>
   <div class='ocr_carea' id='block_1_105' title="bbox 473 5407 2110 5481">
    <p class='ocr_par' dir='ltr' id='par_1_105' title="bbox 473 5407 2110 5481">
     <span class='ocr_line' id='line_1_106' title="bbox 473 5407 2110 5481; baseline 0.003 -20"><span class='ocrx_word' id='word_1_750' title='bbox 473 5407 644 5481; x_wconf 59' lang='lat' dir='ltr'><strong><em>made;</em></strong></span> <span class='ocrx_word' id='word_1_751' title='bbox 694 5408 763 5481; x_wconf 82' lang='lat' dir='ltr'><strong><em>in</em></strong></span> <span class='ocrx_word' id='word_1_752' title='bbox 784 5407 1219 5480; x_wconf 81' lang='lat' dir='ltr'><strong><em>Quadragesima,</em></strong></span> <span class='ocrx_word' id='word_1_753' title='bbox 1250 5407 1375 5469; x_wconf 67' lang='lat' dir='ltr'><strong><em>&#39;seu</em></strong></span> <span class='ocrx_word' id='word_1_754' title='bbox 1406 5407 1497 5468; x_wconf 84' lang='lat' dir='ltr'><strong><em>die</em></strong></span> <span class='ocrx_word' id='word_1_755' title='bbox 1551 5411 1620 5466; x_wconf 87' lang='lat'><strong><em>28</em></strong></span> <span class='ocrx_word' id='word_1_756' title='bbox 1667 5407 1913 5481; x_wconf 78' lang='lat' dir='ltr'><strong><em>ejusdem</em></strong></span> <span class='ocrx_word' id='word_1_757' title='bbox 1944 5424 2110 5481; x_wconf 90' lang='lat' dir='ltr'><strong><em>men-</em></strong></span> 
     </span>
    </p>
   </div>
   <div class='ocr_carea' id='block_1_106' title="bbox 471 5478 2111 5554">
    <p class='ocr_par' dir='ltr' id='par_1_106' title="bbox 471 5478 2111 5554">
     <span class='ocr_line' id='line_1_107' title="bbox 471 5478 2111 5554; baseline 0.002 -19"><span class='ocrx_word' id='word_1_758' title='bbox 471 5478 565 5554; x_wconf 77' lang='lat' dir='ltr'><strong><em>sis.</em></strong></span> <span class='ocrx_word' id='word_1_759' title='bbox 601 5479 842 5554; x_wconf 67' lang='lat' dir='ltr'><strong><em>Haasius</em></strong></span> <span class='ocrx_word' id='word_1_760' title='bbox 879 5478 1022 5554; x_wconf 14' lang='lat' dir='ltr'><strong><em>vero,</em></strong></span> <span class='ocrx_word' id='word_1_761' title='bbox 1049 5482 1259 5554; x_wconf 90' lang='lat' dir='ltr'><strong><em>(Suppl.</em></strong></span> <span class='ocrx_word' id='word_1_762' title='bbox 1306 5483 1504 5539; x_wconf 86' lang='lat' dir='ltr'><strong><em>concil.</em></strong></span> <span class='ocrx_word' id='word_1_763' title='bbox 1555 5489 1594 5539; x_wconf 88' lang='lat' dir='ltr'><strong><em>t.</em></strong></span> <span class='ocrx_word' id='word_1_764' title='bbox 1646 5478 1710 5549; x_wconf 75' lang='grc' dir='ltr'><strong><em>Ι,’</em></strong></span> <span class='ocrx_word' id='word_1_765' title='bbox 1751 5497 1804 5554; x_wconf 93' lang='lat' dir='ltr'><strong><em>p.</em></strong></span> <span class='ocrx_word' id='word_1_766' title='bbox 1862 5480 2012 5554; x_wconf 79' lang='grc'>1360)</span> <span class='ocrx_word' id='word_1_767' title='bbox 2029 5496 2111 5554; x_wconf 78' lang='lat' dir='ltr'><strong><em>ex</em></strong></span> 
     </span>
    </p>
   </div>
   <div class='ocr_carea' id='block_1_107' title="bbox 472 5549 2108 5625">
    <p class='ocr_par' dir='ltr' id='par_1_107' title="bbox 472 5549 2108 5625">
     <span class='ocr_line' id='line_1_108' title="bbox 472 5549 2108 5625; baseline 0 -18"><span class='ocrx_word' id='word_1_768' title='bbox 472 5549 581 5607; x_wconf 88' lang='lat' dir='ltr'><strong><em>alio</em></strong></span> <span class='ocrx_word' id='word_1_769' title='bbox 613 5564 746 5606; x_wconf 88' lang='lat' dir='ltr'><strong><em>msc.</em></strong></span> <span class='ocrx_word' id='word_1_770' title='bbox 789 5549 1103 5612; x_wconf 80' lang='lat' dir='ltr'><strong><em>Florentino</em></strong></span> <span class='ocrx_word' id='word_1_771' title='bbox 1135 5549 1199 5609; x_wconf 84' lang='lat' dir='ltr'><strong><em>id</em></strong></span> <span class='ocrx_word' id='word_1_772' title='bbox 1227 5556 1526 5625; x_wconf 81' lang='lat' dir='ltr'><strong><em>contigisse</em></strong></span> <span class='ocrx_word' id='word_1_773' title='bbox 1553 5549 1915 5611; x_wconf 69' lang='lat' dir='ltr'><strong><em>scribit&#39;anno</em></strong></span> <span class='ocrx_word' id='word_1_774' title='bbox 1950 5552 2108 5622; x_wconf 82' lang='lat'><strong><em>1068,</em></strong></span> 
     </span>
    </p>
   </div>
   <div class='ocr_carea' id='block_1_108' title="bbox 2194 5052 3857 5126">
    <p class='ocr_par' dir='ltr' id='par_1_108' title="bbox 2194 5052 3857 5126">
     <span class='ocr_line' id='line_1_109' title="bbox 2194 5052 3857 5126; baseline -0.002 -17"><span class='ocrx_word' id='word_1_775' title='bbox 2194 5052 2375 5126; x_wconf 85' lang='lat' dir='ltr'><strong><em>Idibus</em></strong></span> <span class='ocrx_word' id='word_1_776' title='bbox 2421 5052 2721 5126; x_wconf 84' lang='lat' dir='ltr'><strong><em>Februarii,</em></strong></span> <span class='ocrx_word' id='word_1_777' title='bbox 2759 5053 2895 5124; x_wconf 81' lang='lat' dir='ltr'><strong><em>feria</em></strong></span> <span class='ocrx_word' id='word_1_778' title='bbox 2939 5058 3129 5126; x_wconf 87' lang='lat' dir='ltr'><strong><em>quarta</em></strong></span> <span class='ocrx_word' id='word_1_779' title='bbox 3170 5054 3357 5126; x_wconf 73' lang='lat' dir='ltr'><strong><em>prima:</em></strong></span> <span class='ocrx_word' id='word_1_780' title='bbox 3406 5052 3763 5126; x_wconf 66' lang='lat' dir='ltr'><strong><em>hebdomadis</em></strong></span> <span class='ocrx_word' id='word_1_781' title='bbox 3799 5052 3857 5126; x_wconf 61' lang='lat' dir='ltr'><strong><em>in</em></strong></span> 
     </span>
    </p>
   </div>
   <div class='ocr_carea' id='block_1_109' title="bbox 2193 5118 3855 5208">
    <p class='ocr_par' dir='ltr' id='par_1_109' title="bbox 2193 5118 3855 5208">
     <span class='ocr_line' id='line_1_110' title="bbox 2193 5118 3855 5208; baseline -0.006 -26"><span class='ocrx_word' id='word_1_782' title='bbox 2193 5125 2610 5208; x_wconf 61' lang='lat' dir='ltr'><strong><em>Quadragesima</em></strong></span> <span class='ocrx_word' id='word_1_783' title='bbox 2654 5118 2715 5181; x_wconf 11' lang='lat' dir='ltr'><strong><em>in,</em></strong></span> <span class='ocrx_word' id='word_1_784' title='bbox 2746 5118 3057 5181; x_wconf 76' lang='lat' dir='ltr'><strong><em>monasterio</em></strong></span> <span class='ocrx_word' id='word_1_785' title='bbox 3099 5118 3463 5197; x_wconf 56' lang='lat' dir='ltr'><strong><em>dc&#39;Septimo,</em></strong></span> <span class='ocrx_word' id='word_1_786' title='bbox 3516 5137 3620 5181; x_wconf 92' lang='lat' dir='ltr'><strong><em>seu</em></strong></span> <span class='ocrx_word' id='word_1_787' title='bbox 3662 5122 3754 5179; x_wconf 89' lang='lat' dir='ltr'><strong><em>die</em></strong></span> <span class='ocrx_word' id='word_1_788' title='bbox 3797 5118 3855 5173; x_wconf 89' lang='lat' dir='ltr'><strong><em>l3</em></strong></span> 
     </span>
    </p>
   </div>
   <div class='ocr_carea' id='block_1_110' title="bbox 2193 5196 3856 5339">
    <p class='ocr_par' dir='ltr' id='par_1_110' title="bbox 2193 5196 3856 5339">
     <span class='ocr_line' id='line_1_111' title="bbox 2193 5196 3283 5253; baseline -0.001 0"><span class='ocrx_word' id='word_1_789' title='bbox 2193 5196 2499 5253; x_wconf 86' lang='lat' dir='ltr'><strong><em>Februarii.</em></strong></span> <span class='ocrx_word' id='word_1_790' title='bbox 2536 5197 2655 5252; x_wconf 80' lang='lat' dir='ltr'><strong><em>L’ss.</em></strong></span> <span class='ocrx_word' id='word_1_791' title='bbox 3270 5196 3283 5197; x_wconf 33' lang='grc' dir='ltr'>ί</span> 
     </span>
     <span class='ocr_line' id='line_1_112' title="bbox 2270 5267 3856 5339; baseline -0.003 -17"><span class='ocrx_word' id='word_1_792' title='bbox 2270 5267 2383 5338; x_wconf 83' lang='grc'><strong><em>(55)</em></strong></span> <span class='ocrx_word' id='word_1_793' title='bbox 2430 5269 2642 5339; x_wconf 86' lang='lat' dir='ltr'><strong><em>Petrus,</em></strong></span> <span class='ocrx_word' id='word_1_794' title='bbox 2702 5268 2898 5339; x_wconf 83' lang='lat' dir='ltr'><strong><em>Igneus</em></strong></span> <span class='ocrx_word' id='word_1_795' title='bbox 2942 5273 3234 5338; x_wconf 87' lang='lat' dir='ltr'><strong><em>propterea</em></strong></span> <span class='ocrx_word' id='word_1_796' title='bbox 3281 5268 3746 5339; x_wconf 83' lang='lat' dir='ltr'><strong><em>cognominatus,</em></strong></span> <span class='ocrx_word' id='word_1_797' title='bbox 3796 5278 3856 5317; x_wconf 88' lang='lat' dir='ltr'><strong><em>ac</em></strong></span> 
     </span>
    </p>
   </div>
   <div class='ocr_carea' id='block_1_111' title="bbox 2193 5335 3857 5465">
    <p class='ocr_par' dir='ltr' id='par_1_111' title="bbox 2193 5335 3857 5465">
     <span class='ocr_line' id='line_1_113' title="bbox 2193 5335 3857 5465; baseline -0.004 -72"><span class='ocrx_word' id='word_1_798' title='bbox 2193 5335 2383 5465; x_wconf 51' lang='lat' dir='ltr'><strong><em>{igtea</em></strong></span> <span class='ocrx_word' id='word_1_799' title='bbox 2449 5335 2752 5409; x_wconf 73' lang='lat' dir='ltr'><strong><em>episcopus</em></strong></span> <span class='ocrx_word' id='word_1_800' title='bbox 2804 5335 3129 5395; x_wconf 80' lang='lat' dir='ltr'><strong><em>Albahensis</em></strong></span> <span class='ocrx_word' id='word_1_801' title='bbox 3176 5345 3231 5395; x_wconf 89' lang='lat' dir='ltr'><strong><em>et</em></strong></span> <span class='ocrx_word' id='word_1_802' title='bbox 3285 5335 3603 5395; x_wconf 81' lang='lat' dir='ltr'><strong><em>cardinalis</em></strong></span> <span class='ocrx_word' id='word_1_803' title='bbox 3662 5335 3857 5393; x_wconf 88' lang='lat' dir='ltr'><strong><em>factus.</em></strong></span> 
     </span>
    </p>
   </div>
   <div class='ocr_carea' id='block_1_112' title="bbox 2269 5477 3856 5551">
    <p class='ocr_par' dir='ltr' id='par_1_112' title="bbox 2269 5477 3856 5551">
     <span class='ocr_line' id='line_1_114' title="bbox 2269 5477 3856 5551; baseline -0.004 -15"><span class='ocrx_word' id='word_1_804' title='bbox 2269 5480 2379 5551; x_wconf 84' lang='grc'><strong><em>(56)</em></strong></span> <span class='ocrx_word' id='word_1_805' title='bbox 2413 5480 2561 5536; x_wconf 86' lang='lat' dir='ltr'><strong><em>Idem</em></strong></span> <span class='ocrx_word' id='word_1_806' title='bbox 2594 5480 2763 5538; x_wconf 89' lang='lat' dir='ltr'><strong><em>refert</em></strong></span> <span class='ocrx_word' id='word_1_807' title='bbox 2789 5480 3093 5537; x_wconf 89' lang='lat' dir='ltr'><strong><em>Bernoldus</em></strong></span> <span class='ocrx_word' id='word_1_808' title='bbox 3141 5495 3363 5551; x_wconf 23' lang='lat' dir='ltr'><strong><em>Opusct</em></strong></span> <span class='ocrx_word' id='word_1_809' title='bbox 3390 5495 3473 5551; x_wconf 65' lang='lat' dir='ltr'><strong><em>ix,</em></strong></span> <span class='ocrx_word' id='word_1_810' title='bbox 3506 5480 3567 5549; x_wconf 83' lang='grc'><strong><em>5,</em></strong></span> <span class='ocrx_word' id='word_1_811' title='bbox 3623 5495 3683 5551; x_wconf 89' lang='lat' dir='ltr'><strong><em>p.</em></strong></span> <span class='ocrx_word' id='word_1_812' title='bbox 3734 5477 3856 5533; x_wconf 84' lang='lat'><strong><em>376.</em></strong></span> 
     </span>
    </p>
   </div>
   <div class='ocr_carea' id='block_1_113' title="bbox 2192 5550 3481 5625">
    <p class='ocr_par' dir='ltr' id='par_1_113' title="bbox 2192 5550 3481 5625">
     <span class='ocr_line' id='line_1_115' title="bbox 2192 5550 3481 5625; baseline -0.002 -15"><span class='ocrx_word' id='word_1_813' title='bbox 2192 5550 2272 5610; x_wconf 84' lang='lat' dir='ltr'><strong><em>Ct.</em></strong></span> <span class='ocrx_word' id='word_1_814' title='bbox 2306 5550 2527 5625; x_wconf 88' lang='lat' dir='ltr'><strong><em>quoque</em></strong></span> <span class='ocrx_word' id='word_1_815' title='bbox 2555 5567 2751 5625; x_wconf 89' lang='lat' dir='ltr'><strong><em>opusc.</em></strong></span> <span class='ocrx_word' id='word_1_816' title='bbox 2781 5568 2879 5623; x_wconf 83' lang='lat' dir='ltr'><strong><em>xu,</em></strong></span> <span class='ocrx_word' id='word_1_817' title='bbox 2907 5551 2965 5622; x_wconf 89' lang='lat'><strong><em>3,</em></strong></span> <span class='ocrx_word' id='word_1_818' title='bbox 2995 5553 3053 5623; x_wconf 92' lang='lat' dir='ltr'><strong><em>b,</em></strong></span> <span class='ocrx_word' id='word_1_819' title='bbox 3085 5567 3140 5623; x_wconf 90' lang='lat' dir='ltr'><strong><em>p.</em></strong></span> <span class='ocrx_word' id='word_1_820' title='bbox 3171 5550 3299 5622; x_wconf 85' lang='lat'><strong><em>392,</em></strong></span> <span class='ocrx_word' id='word_1_821' title='bbox 3338 5550 3481 5607; x_wconf 78' lang='lat'><strong><em>395.</em></strong></span> 
     </span>
    </p>
   </div>
  </div>
