4100 6166
292 334 387 390 353

1474 332 1798 387 ANNALES.
1840 362 1911 372 —
1949 336 2058 390 AN.
2107 334 2428 392 1067-1070.

3532 343 3638 401 3'54

291 464 445 520 catus,
475 463 528 512 et
580 469 678 526 pro
729 455 955 510 haeresis
999 454 1277 524 prtedicta:
1328 460 1481 510 reatu
1521 454 1684 524 hujus
1719 455 2202 524 judiciiAintrare
2223 467 2481 530 coegerat
2503 459 2582 513 ηδ.
2617 461 2692 514 lta
2723 465 2937 530 emptor
2958 460 3048 515 ille
3080 461 3417 520 miserrimus
3437 469 3638 537 gehen-

288 552 591 618 argumento
631 545 935 612 convictus,
966 543 1169 614 virgam
1201 550 1255 599 et
1293 544 1512 598 anulum
1544 545 1917 614 episcopalem

289 634 576 706 apostolico
627 633 887 690 confusus
935 633 1195 697 reddidit,
1237 635 1427 703 sicque
1481 633 1768 704 dignitate,
1811 648 1918 702 qua

288 726 474 794 injuste
524 729 605 778 est
653 723 998 789 sublimatus,
1042 722 1269 777 recessit
1310 725 1457 791 juste
1507 723 1766 792 privatus.
1799 723 1917 777 Ali-

289 813 532 884 quamdiu
563 821 742 867 tamen
775 827 864 868 res
893 812 1139 867 ecclesize
1172 811 1320 866 illius
1351 826 1454 881 ope
1487 812 1643 866 ducis
1666 810 1917 866 Gotifridi

287 903 490 967 invasit,
523 915 750 970 sperans
780 916 838 956 se
878 901 1295 970 quomodolibet
1325 903 1381 956 in
1414 900 1728 956 cathedram
1767 915 1917 956 suam

288 1005 436 1062 posse
469 991 704 1045 restitui.
731 992 951 1045 Domum
973 1003 1104 1045 vero
1135 1004 1256 1045 cum
1279 990 1380 1045 hac
1411 1005 1507 1060 spe
1539 989 1916 1054 frustraretur,

288 1078 604 1134 renuncians
651 1078 906 1134 omnibus
956 1093 1078 1148 qum
1139 1078 1422 1147 possidere
1476 1079 1800 1142 videbatur,
1851 1075 1916 1131 ad

288 1167 689 1223 conversionem
721 1166 889 1232 venit,
923 1173 977 1221 et
1025 1167 1080 1221 in
1129 1167 1462 1222 monasterio
1507 1169 1775 1236 Pomposa
1808 1166 1920 1235 jam

286 1272 340 1312 se
366 1256 687 1312 monachum
718 1255 847 1312 fecit
879 1255 1010 1327 (57).
1051 1257 1367 1312 Nortmanni
1415 1258 1629 1311 Romam
1675 1255 1924 1310 invadere

283 1343 543 1400 uoluerunt
589 1344 863 1412 hostiliter,
895 1352 1039 1400 seta
1071 1345 1210 1401 duce
1246 1344 1516 1401 Gotifrido
1561 1345 1643 1400 eis
1682 1343 1925 1399 intermi-

286 1441 438 1489 nante
477 1440 852 1490 cessaverunt.

973 1559 1246 1613 MLXVIII.

350 1699 636 1755 lleinricus
678 1715 771 1757 rex
811 1700 1041 1755 natalem
1076 1701 1290 1756 Domini
1319 1699 1563 1756 Colonia:
1603 1700 1921 1767 celebravit,

1998 548 2138 602 nalis
2168 549 2424 614 miseriae,
2457 555 2648 604 contra
2677 547 2775 614 fas,
2809 555 3012 605 nostra:
3042 549 3320 606 cathedrae
3359 553 3637 612 inthroni-

1997 637 2106 690 zari
2157 637 2667 706 percupientissime
2718 637 3029 693 industrius
3066 638 3200 694 satis
3248 639 3542 710 nitebatur,
3585 653 3641 701 et

1999 723 2170 778 totius
2199 724 2333 780 cleri
2364 733 2419 780 et
2452 725 2640 794 populi
2680 725 2996 780 canonicam
3036 725 3276 796 Sigifridi
3311 728 3416 798 (59)
3455 728 3640 787 fratris

1999 811 2240 879 illorum,
2274 814 2410 884 regii
2443 828 2664 883 quoque
2695 814 2984 884 capellani,
3007 829 3168 885 quem
3195 817 3299 872 sibi
3330 819 3639 889 episcopari

2000 902 2394 970 expetiverant,
2427 901 2752 958 electionem
2783 901 3031 959 frustrari
3063 904 3402 962 omnifariam
3425 907 3485 938 ¹¹⁹
3524 922 3642 964 ωο-

1999 988 2256 1045 liebatur.

2069 1077 2371 1134 Gotifridus
2399 1079 2512 1133 diu:
2544 1078 2666 1150 (60)
2699 1081 2833 1136 inter
2877 1081 3141 1138 seculares
3182 1086 3642 1154 praestantissimus

2001 1171 2049 1222 et
2068 1167 2121 1220 in
2141 1167 2504 1222 recordatione
2528 1174 2861 1238 peccatorum
2887 1186 3098 1226 suorum
3119 1171 3188 1226 ad
3209 1175 3642 1244 compunctionem

2003 1254 2339 1312 lacrimarum
2365 1257 2667 1327 facillimus,
2699 1259 2753 1313 in
2782 1261 3082 1328 erogatione
3111 1260 3507 1318 elemosinarum
3535 1263 3644 1319 lar-

2003 1345 2262 1414 gissimus,
2296 1354 2403 1400 tam
2436 1361 2501 1401 ex
2532 1354 2650 1402 toto
2679 1347 2844 1402 rebus
2874 1355 2929 1403 et
2961 1348 3232 1405 thesauris
3261 1351 3378 1406 suis
3406 1352 3461 1407 in
3507 1367 3644 1422 pau-

2007 1449 2166 1504 peres
2205 1441 2260 1489 et
2299 1435 2578 1491 mcclesias
2617 1436 2949 1505 dispensatis
2979 1445 3037 1492 ut
3073 1436 3244 1494 ferme
3277 1441 3456 1497 nudus
3485 1443 3646 1498 nudae

2009 1523 2191 1578 crucis
2219 1523 2433 1592 bajulus
2472 1523 2758 1592 resideret,
2787 1532 2842 1580 et
2873 1534 2978 1580 tam
3020 1525 3259 1596 perfecta
3305 1537 3359 1585 et
3396 1530 3648 1588 lacrimo-

2004 1612 2220 1667 sissima
2251 1613 2573 1682 poenitentia
2602 1612 2740 1669 alter
2759 1613 2818 1644 ¹³⁰
2858 1628 2922 1668 ex
2952 1614 3125 1670 altero
3155 1616 3398 1684 effectus,
3431 1625 3492 1675 ut
3520 1621 3648 1676 hinc

2009 1699 2077 1756 ad
2125 1702 2536 1771 supercoelestis
2582 1703 2971 1772 municipatum
3015 1704 3183 1759 curia:
3231 1704 3467 1762 feliciter
3497 1708 3648 1764 illum

287 1789 478 1844 Pascha
505 1797 756 1844 autem...
788 1789 890 1844 Hic
921 1789 1284 1844 adolescentia
1310 1804 1419 1844 sua:
1448 1804 1628 1844 errore
1654 1789 1914 1855 seductus,
1940 1786 1988 1844 B
2010 1790 2306 1860 emigrasse
2355 1789 2434 1845 fas
2476 1803 2586 1845 non
2635 1792 2707 1846 sit
2739 1791 2794 1822 "'
2846 1790 3118 1858 dubitare,
3162 1793 3217 1848 in
3265 1793 3414 1850 illius
3460 1811 3651 1853 manus

282 1876 514 1945 legitimae
544 1879 777 1948 conjugis
807 1879 938 1933 adeo
969 1878 1309 1942 obliviscitur,
1342 1884 1390 1932 et
1422 1883 1529 1934 tam
1559 1879 1801 1949 nefandis
1831 1879 1930 1933 cri-

285 1966 498 2021 minibus
546 1966 804 2022 inuolutus
841 1983 956 2022 esse
1003 1967 1322 2037 diffamatur,
1367 1972 1418 2022 ut
1467 1968 1622 2022 etiam
1667 1969 1928 2038 pnncipes

281 2055 384 2123 ejus
431 2071 549 2111 eum
595 2071 752 2126 regno
797 2059 1009 2128 priuare
1059 2057 1379 2113 molirentur.
1433 2059 1586 2112 Totus
1625 2057 1713 2112 ille
1761 2073 1928 2112 annus

279 2142 522 2213 pluuialis
545 2146 624 2201 ³⁵.

990 2271 1216 2326 MLXIX.

345 2412 469 2466 Pax
499 2416 545 2466 el
576 2409 931 2466 reconciliatio
963 2412 1016 2465 in
1045 2410 1237 2482 populo
1266 2412 1322 2465 in
1350 2410 1516 2467 natali
1555 2411 1761 2468 Domini
1789 2411 1929 2482 apud

280 2497 510 2553 Goslare
545 2497 712 2566 regali
739 2498 906 2552 edicto
935 2497 1030 2552 sub
1067 2504 1394 2553 sacramento
1437 2505 1554 2554 sunt
1589 2501 1926 2569 conﬁrmata.

349 2587 636 2641 Heinricus
664 2601 763 2641 rex
791 2592 989 2655 gentem
1026 2588 1355 2642 Leuticorum
1385 2589 1644 2644 devastat.

346 2675 503 2730 Dedo
541 2675 772 2730 mare/tio
812 2676 1114 2730 Saxonicus
1158 2677 1272 2744 regi
1317 2675 1555 2744 rebellat,
1585 2681 1662 2731 set
1697 2681 1933 2747 postmo-

283 2765 401 2820 dum
432 2770 648 2818 coactus
676 2763 747 2818 ad
777 2763 1092 2819 deditionem
1119 2765 1275 2820 uenit.

351 2852 673 2909 Oudalricus
711 2853 877 2908 abbas
922 2855 1201 2922 Augiensis
1247 2853 1394 2921 obiit,
1432 2869 1530 2925 pro
1569 2869 1672 2924 quo
1711 2853 1932 2923 quidam

287 2943 675 3011 Meginwardus
705 2943 775 2998 de
824 2942 1194 2998 Hiltinisheim
1241 2943 1411 2998 abbas
1455 2944 1796 3012 Symoniace,
1830 2942 1936 2997 fra-

288 3031 459 3086 tribus
491 3031 908 3097 rebellantibus,
942 3045 971 3086 a
1003 3045 1130 3102 rege
1158 3031 1245 3086 vix
1275 3031 1646 3086 substituitur.

2009 1879 2206 1948 spiritu
2244 1893 2345 1934 suo
2383 1879 2786 1945 commendato,
2827 1882 2985 1950 cujus
3030 1881 3220 1951 gratia:
3267 1883 3652 1942 devotissimus

2009 1967 2322 2036 suspiravit,
2355 1967 2674 2023 coelestibus
2702 1982 2770 2023 ex
2808 1974 2924 2022 toto
2968 1982 3268 2037 suspensus
3313 1971 3653 2040 gratulanter

2009 2057 2296 2126 expiravit.
2351 2056 2449 2111 llic
2485 2056 2715 2130 demum
2761 2056 2905 2126 apud
2951 2057 3290 2125 Viridunum,
3343 2060 3436 2114 ubi
3487 2061 3650 2116 etiam

2010 2143 2302 2200 defunctus
2353 2151 2456 2210 est,
2507 2143 2543 2196 9
2587 2143 2817 2200 Kalend.
2875 2146 3098 2199 Januar.
3158 2147 3373 2203 idoneis
3427 2150 3652 2205 omnino

2011 2233 2260 2304 exequiis
2289 2233 2606 2297 tumulatus,
2635 2235 2693 2288 in
2716 2248 2850 2304 pace
2875 2233 3190 2304 requiescat.

2733 2377 2934 2432 MLXX.

2083 2502 2199 2556 Rex
2238 2500 2472 2554 natalem
2511 2499 2724 2554 Domini
2774 2499 3059 2570 Frisingiaa
3091 2500 3223 2571 egit,
3257 2501 3495 2571 indeque
3527 2518 3656 2573 par-

2015 2588 2162 2643 tibus
2194 2588 2303 2642 illis
2342 2588 2688 2656 pertransitis
2715 2588 2770 2642 in
2819 2587 3200 2657 purificatione
3230 2597 3435 2645 sanctae
3477 2593 3658 2648 Mariae

2014 2678 2307 2745 Augustam
2339 2676 2580 2743 pervenit
2607 2675 2688 2727 η’.
2721 2674 2855 2730 Illuc
2886 2689 3017 2746 ergo
3047 2675 3246 2732 fratres
3275 2678 3660 2736 Constantien-

2017 2777 2107 2818 ses
2147 2777 2246 2833 pro
2276 2777 2376 2818 suo
2408 2764 2586 2818 electo
2620 2777 2719 2832 per
2764 2765 2911 2833 regis
2957 2765 3271 2834 suffragium
3320 2770 3661 2838 acceptando

2017 2866 2140 2908 cum
2180 2852 2450 2918 venirent,
2503 2852 2768 2921 praedicto
2816 2854 3281 2922 Symmoniacom
3327 2856 3423 2912 illo
3461 2858 3663 2914 vellent

2017 2941 2230 2996 nollent
2276 2947 2526 3011 urgente,
2583 2943 2726 3012 regis
2773 2943 3188 2998 comminatoria
3234 2946 3367 3000 satis
3411 2948 3662 3016 jussione

2018 3044 2118 3099 pro
2149 3043 2216 3085 eo
2249 3029 2358 3084 illis
2405 3030 2812 3099 superinposita
2846 3031 3032 3086 tristes
3061 3032 3281 3088 domum
3323 3037 3658 3092 remeabant.

357 3119 660 3175 Rumatdus
688 3120 1126 3176 Constantiensis
1148 3119 1208 3151 ¹¹⁶
1237 3122 1550 3190 episcopus,
1586 3121 1709 3190 pius
1736 3120 1930 3176 admo-
1955 3108 2106 3174 CSic
2145 3118 2238 3174 ille
2283 3119 2714 3173 anathematicus
2757 3119 3126 3188 episcopalem
3167 3122 3482 3179 cathedram
3533 3140 3663 3196 per-

289 3205 410 3262 dum
442 3216 500 3263 et
535 3208 824 3273 humanus,
852 3209 946 3278 qui
977 3217 1032 3263 et
1062 3208 1258 3263 domus
1287 3207 1636 3277 episcopalis,
1680 3223 1804 3277 quae
1832 3222 1932 3264 suo

291 3302 538 3366 tempore
569 3299 797 3363 corruit,
829 3304 1184 3366 recuperator
1220 3297 1631 3362 solertissimus,
1666 3306 1721 3352 et
1742 3300 1936 3356 aeccle-

287 3385 487 3441 siastici
530 3386 774 3442 thesauri
806 3385 1097 3455 ampliator
1143 3392 1198 3440 et
1237 3387 1488 3454 provisor
1515 3388 1932 3456 attentissimus,

289 3472 444 3542 hujus
473 3475 672 3529 mundi
705 3474 1038 3528 umbraticas
1075 3475 1338 3528 deserens
1366 3475 1652 3539 vanitates,
1686 3475 1935 3531 ultimum

289 3561 423 3617 diem
453 3562 511 3616 2.
551 3563 692 3617 Non.
725 3562 1046 3618 Novembris
1083 3560 1320 3616 feliciter
1357 3562 1648 3627 clauserat,
1679 3570 1734 3617 et
1762 3563 1815 3616 in
1848 3579 1938 3618 ea-

291 3647 404 3704 dem
434 3651 611 3706 domo
649 3664 810 3719 quam
850 3656 1173 3705 construere
1206 3651 1318 3718 jam
1359 3650 1660 3718 inceperat,
1693 3649 1937 3706 officiose

290 3739 541 3807 sepultus
577 3746 678 3793 est.
708 3741 780 3793 Ea
811 3743 1136 3807 tempestate
1165 3739 1487 3808 Symoniaca
1517 3740 1727 3794 heresis
1747 3752 1856 3794 non
1880 3747 1939 3795 ut

293 3825 412 3882 olim
442 3827 816 3891 clandestina,
850 3827 983 3896 quin
1034 3826 1218 3895 potius
1267 3826 1484 3895 publica
1515 3834 1570 3881 et
1608 3827 1936 3882 inreverenti

294 3917 578 3986 majestate
609 3915 851 3986 undique
882 3915 1220 3970 nostratibus
1250 3922 1305 3970 et
1332 3915 1540 3984 absque
1581 3929 1936 3984 personarum

295 4007 617 4074 acceptione
673 4003 894 4060 efferata
946 4004 1397 4074 principabatur,
1458 4012 1513 4059 et
1569 4005 1936 4060 columbinam

295 4100 488 4150 sanctae
549 4095 738 4148 matris
782 4093 1046 4149 ecclesia:
1097 4093 1560 4162 pulchritudinem
1610 4093 1938 4162 purulentias

295 4195 399 4237 suae
431 4183 713 4252 contagiis
750 4196 911 4251 quam
942 4183 1327 4238 miserabiliter
1354 4181 1781 4250 confmdaverat,
1814 4198 1939 4252 quae

297 4270 531 4342 denique
584 4271 856 4341 quendam
915 4271 1336 4327 Karlomannum
1385 4271 1514 4338 (58),
1564 4273 1940 4342 Parthenopa-

298 4357 513 4418 litanum
561 4361 882 4416 canonicum
930 4361 1449 4430 llarcispurgensem
1497 4369 1677 4416 autem
1725 4374 1942 4431 praepo-

2017 3207 2171 3261 vicax
2219 3207 2437 3261 invasor
2480 3206 2586 3260 sibi
2639 3205 2933 3262 infeliciter
2981 3209 3279 3277 usurpavit.
3331 3212 3441 3266 Nec
3489 3227 3660 3278 mora,

2017 3309 2142 3350 mox
2173 3295 2238 3349 ad
2271 3294 2419 3364 quod
2450 3295 2597 3349 venit
2625 3308 2766 3363 opus
2803 3295 3206 3352 studiosissime
3243 3298 3662 3366 administravit,

2016 3384 2230 3439 scilicet
2262 3391 2320 3437 ut
2350 3383 2595 3438 deterius
2622 3382 2887 3437 venderet
2916 3383 3065 3450 quod
3117 3385 3255 3438 male
3303 3389 3660 3455 comparavit,

2018 3479 2073 3528 et
2103 3479 2162 3528 ut
2191 3472 2483 3535 furaretur,
2517 3477 2572 3524 et
2602 3476 2865 3524 mactaret
2893 3483 3023 3524 oves
3053 3469 3261 3525 alienas
3289 3479 3344 3527 et
3384 3474 3662 3541 perderet.

2019 3563 2154 3615 Vasa
2201 3574 2376 3624 sacra,
2408 3560 2732 3613 vestimenta
2779 3557 3038 3622 missalia,
3077 3558 3289 3613 tabulas
3335 3560 3524 3615 altaris
3572 3578 3664 3618 ar-

2019 3655 2186 3718 gento
2211 3653 2504 3715 coopertus
2533 3644 2728 3700 furtive
2759 3644 3122 3709 dilaminavit;
3158 3659 3370 3712 aurum,
3404 3662 3663 3718 gemmas,

2022 3743 2077 3791 et
2106 3748 2321 3791 omnem
2361 3733 2780 3788 wcclesiasticum
2810 3732 3107 3788 thesaurum
3134 3733 3188 3787 in
3214 3749 3338 3790 suos
3356 3751 3668 3808 suorumque

2019 3840 2146 3880 usus
2179 3828 2355 3894 utpote
2389 3824 2477 3892 fur
2513 3821 2814 3891 sacrilegus
2861 3829 3296 3891 prtesumptuose
3348 3824 3667 3896 disperserat

2025 3913 2214 3985 (BERN.
2239 3928 2291 3968 a.
2323 3911 2419 3966 107
2431 3911 2506 3982 l).
2553 3913 2666 3966 Hoc
2696 3925 2727 3965 a
2755 3910 3014 3966 fratribus
3042 3911 3350 3970 Alexandro
3383 3929 3537 3986 papa:
3569 3931 3668 3986 per

2020 4003 2232 4060 litteras
2261 4017 2327 4058 ex
2357 4008 2475 4057 toto
2507 4001 2796 4071 querelose
2842 4001 3113 4068 intimato,
3145 4003 3448 4072 apostolica
3479 4013 3668 4064 aucto-

2020 4093 2182 4148 ritate
2230 4089 2516 4147 interdixit
2561 4090 2661 4151 eis,
2699 4103 2765 4144 ne
2795 4089 3018 4145 omnino
3057 4093 3526 4148 communicarent
3573 4095 3664 4162 ei;

2020 4181 2291 4250 simulque
2357 4178 2779 4248 archiepiscopo
2846 4179 3163 4248 Mogontino
3230 4181 3431 4237 litteris
3486 4184 3668 4239 missis

2021 4269 2306 4339 praecepit,
2340 4268 2445 4322 nisi
2491 4282 2552 4322 se
2602 4267 2781 4321 heresi
2831 4266 3093 4334 praedicta
3135 4276 3465 4338 expurgaret
3503 4284 3668 4326 cano-

2021 4359 2165 4424 nice,
2199 4356 2348 4427 quod
2381 4369 2726 4426 nequaquam
2759 4353 3079 4421 episcopum
3119 4368 3242 4408 eum
3293 4363 3662 4412 consecraret.

297 4447 471 4514 situm,
523 4463 639 4504 non
690 4464 787 4518 per
833 4449 1031 4505 ostium
1081 4428 1167 4504 set
1211 4428 1455 4514 aliunde,
1503 4462 1604 4518 per
1651 4428 1937 4505 maceriam
1961 4428 2116 4504 DSet
2159 4448 2277 4516 ipse
2327 4445 2472 4515 regis
2501 4451 2557 4499 et
2587 4441 3048 4500 commercialium
3101 4457 3324 4497 suorum
3372 4457 3493 4499 sese
3542 4459 3669 4515 pro-

298 4537 548 4606 scilicet,
597 4538 781 4594 caulas
829 4539 1264 4594 Constantiensis
1310 4537 1608 4602 cathedrae,
1669 4539 1774 4608 ipsi
1825 4539 1939 4608 regi
2024 4537 2205 4592 missis
2260 4540 2316 4589 et
2371 4533 2700 4588 auctoritate
2756 4530 3228 4601 qualitercumque
3294 4529 3665 4600 defendendo,

301 4625 519 4697 ejusque
560 4627 619 4657 ¹²⁷
661 4626 994 4682 consiliariis
1023 4627 1148 4681 data
1191 4632 1246 4680 et
1276 4625 1546 4694 promissa
1576 4639 1686 4680 non
1727 4626 1942 4681 modica
2024 4637 2241 4681 causam
2272 4635 2424 4677 suam
2455 4621 2522 4676 ad
2554 4635 2728 4690 usque
2774 4619 3077 4675 secundum
3105 4631 3306 4674 annum
3357 4622 3665 4690 protelavit.

302 4715 563 4786 sacrilega
613 4714 844 4784 pecunia
893 4728 995 4769 nec
1040 4727 1148 4768 non
1196 4712 1480 4770 beneficiis
1510 4713 1937 4780 ecclesiasticis,
2095 4711 2328 4768 Francia
2373 4709 2515 4765 ciuili
2560 4707 2766 4766 laborat
2813 4708 3100 4764 discordia.
3131 4737 3203 4748 —
3247 4710 3373 4765 Otto
3403 4708 3515 4764 diu:
3553 4713 3670 4766 Ba-

1655 4832 1736 4884 VA
1747 4831 1878 4884 Rl/E
1935 4829 2319 4886 LECTIONES.

375 4930 434 4960 ’³⁸
473 4928 816 5002 Wernherus
843 4927 1119 5002 secundus
1147 4928 1317 5002 abbas
1345 4928 1400 4982 S.
1434 4926 1768 5002 Blasiigobi‘it
1797 4927 1996 5002 addunt
2021 4926 2080 5002 _l._
2118 4925 2194 4978 1*.
2274 4924 2334 4956 ¹’⁶
2363 4921 2778 5002 _xxxv1._adda
2814 4919 2922 5002 l*._
2951 4919 3029 5002 ,ξξτ
3067 4921 3312 5002 ejusdem
3337 4922 3396 5002 2.
3476 4921 3540 4955 "‘
3576 4937 3670 4980 co-

308 5008 455 5067 gerat
483 5001 538 5056 2.
621 4999 682 5031 ¹²⁹
721 4999 1008 5055 omnifaria
1037 4999 1091 5054 2.
1169 5000 1230 5031 "°
1267 4999 1438 5055 altera
1470 4997 1523 5053 2.
1605 4997 1659 5028 ¹³¹
1702 4997 1763 5053 fit
1789 4999 1843 5053 2.
1924 4999 1984 5030 ¹³¹
2020 4999 2328 5054 Dietmarus
2354 4995 2516 5051 Curie
2547 4994 2843 5064 episcopus
2872 4989 3030 5057 obiit,
3064 4992 3153 5048 cui
3185 4994 3454 5050 Henricus
3482 5008 3671 5052 mona-

307 5069 437 5126 chus
464 5071 755 5143 Augiensis
782 5071 1046 5127 successit
1075 5071 1221 5127 addit
1257 5069 1330 5125 1°.
1410 5069 1472 5102 ¹³³
1511 5069 1775 5139 praedicta
1805 5072 2126 5140 symoniana
2153 5069 2208 5125 2.

1882 5161 2097 5216 NOT/E.

2028 5256 2186 5311 tricis
2213 5253 2424 5310 Tusciae
2468 5249 2879 5307 marchionissas
2918 5249 3164 5322 maritus,
3196 5251 3265 5307 ad
3295 5265 3456 5322 quem
3495 5259 3672 5312 exstat

2028 5329 2176 5384 beati
2223 5326 2366 5381 Petri
2413 5323 2658 5379 Damiani
2706 5321 3028 5393 opusculum
3059 5337 3165 5393 Lvn
3206 5321 3360 5392 (Opp.
3393 5330 3434 5380 t.
3470 5325 3580 5393 Ill),
3613 5327 3670 5382 in

2029 5413 2140 5469 quo
2189 5394 2432 5469 ejusdem
2485 5393 2761 5469 lenitatem
2793 5392 2846 5446 in
2897 5391 3190 5469 puniendis
3215 5391 3674 5469 'criIminibus're-

2031 5464 2950 5556 ῥξθὲιθάάῗίτὲἓξη--ἓΡΡῗὲίέίέῗηέξ
2989 5477 3230 5556 3991³Ρέ
3272 5465 3671 5556 Εἱεὲἒξίέἒίρὲίῗ

2032 5535 2089 5618 i_d
2127 5541 2305 5618 ipsum
2339 5544 2517 5618 urget,
2552 5549 2867 5618 proponens
2897 5536 2948 5592 ei
2989 5535 3234 5618 ilugonis
3271 5539 3451 5609 magni
3481 5539 3670 5596 itidem

2032 5606 2243 5671 Tusciae
2273 5606 2605 5666 marchionis
2631 5606 2958 5677 exemplum.
2989 5607 3111 5662 Uss.

403 5326 501 5399 58)
544 5326 716 5399 vulgo
746 5329 975 5385 Carolus
1010 5326 1334 5399 appellatur.
1370 5329 1490 5382 Uss.

405 5397 503 5471 59)
547 5397 848 5471 Sigefridus
886 5400 1038 5471 regis
1079 5397 1396 5471 capellauus
1430 5404 1654 5453 notatur
1694 5399 1840 5456 inter
1871 5399 1948 5471 le-

313 5468 487 5542 gatos
514 5468 752 5527 Heihrici
801 5468 1045 5542 regis‘ad
1085 5468 1321 5525 rebelles
1366 5469 1629 5534 Saxones,
1660 5483 1749 5525 an.
1789 5470 1946 5538 1073,

315 5541 454 5609 apud
489 5543 814 5598 Brunonem.
848 5541 969 5599 Uss.

390 5610 512 5682 (60)
557 5614 920 5685 Lotharingize
967 5611 1246 5668 inferioris
1289 5609 1552 5665 Barbatus
1581 5609 1780 5680 dictus,
1811 5612 1952 5668 Bea-

436 5259 470 5310 7
546 5257 755 5328 Ughelli
788 5257 906 5314 Ital.
940 5270 1082 5312 sacr.
1123 5261 1254 5310 tom.
1287 5257 1378 5322 Ill,
1413 5270 1533 5328 pag.
1563 5255 1654 5312 73.
1691 5258 1810 5312 Uss.

436 5257 503 5471 ΒΞ
544 5329 716 5412 vulgo
746 5326 1334 5410 Carolus.appellatur.
1370 5329 1490 5382 Uss.
1698 5399 1710 5411 .

436 5400 478 5453 >9
547 5400 848 5471 Sigefridus
886 5414 1038 5471 regis,
1079 5397 1396 5471 capellanus
1430 5404 1654 5453 notatur
1694 5405 1808 5456 inte
