4100 6166
443 283 551 339 355

440 496 689 564 sabatur,
724 502 781 553 et
809 501 870 552 ut
915 509 975 550 se
1023 492 1209 549 duello
1256 497 1585 562 expurgaret
1631 490 1788 547 locus
1826 493 1937 548 eia
1967 507 2095 565 rege

445 586 704 642 dabatur.
758 583 913 653 Quod
960 583 1088 640 dum
1126 580 1308 639 facere
1346 579 1540 647 nollet,
1571 579 1702 636 hinc
1748 581 2096 639 occasionem

443 672 762 732 rebellandi
809 670 1075 742 suscepit,
1106 674 1156 726 et
1204 682 1326 725 cum
1369 681 1436 725 eo
1484 667 1646 723 simul
1692 671 1921 738 Magnus
1957 669 2096 740 ﬁlius

448 764 655 820 Ottonis
684 762 833 819 ducis
861 760 1120 818 Saxonica
1148 756 1506 829 aquilonialis.
1538 757 1633 814 Set
1658 770 1760 812 rea:
1788 758 2099 829 pradictum

449 853 689 911 Ottonem
717 866 832 907 eum
861 849 1085 919 legitime
1115 847 1189 903 ad
1222 847 1635 917 satisfactionem
1680 851 1893 903 vocatus
1937 847 2097 904 nollet

450 943 647 1011 uenire,
679 941 872 997 ducatu
901 944 948 994 et
979 938 1198 995 caeteris
1244 936 1530 993 beneﬁciis
1572 937 1819 1006 privavit.
1852 967 1923 977 —
1950 937 2099 993 Diet-

456 1045 639 1088 marus
662 1030 840 1087 Curiaa
869 1029 1164 1098 episcopus
1190 1026 1349 1093 obiit,
1372 1026 1460 1081 cui
1482 1024 1772 1081 Heinricus
1799 1024 2100 1081 monachus

456 1120 744 1192 Augiensis
771 1117 1056 1174 successit.
1087 1146 1159 1156 —
1187 1112 1584 1184 Meginwardas
1614 1113 1760 1184 regis
1787 1119 2099 1170 exacturum

460 1215 517 1265 et
544 1212 818 1278 praecepta
847 1212 903 1262 et
935 1204 1156 1261 servitia
1194 1203 1305 1275 pati
1332 1202 1550 1269 nolens,
1582 1207 1765 1274 sponte
1789 1203 2102 1272 Aagiensem

458 1297 722 1354 abbatiam
750 1295 962 1352 dimisit.
996 1325 1066 1336 -
1094 1294 1309 1364 Hiemps
1336 1297 1549 1347 ventosa
1570 1284 1626 1347 ‘et
1649 1290 1918 1364 pluvialis.

533 1478 649 1532 Rex
677 1473 913 1530 natalem
944 1382 1395 1528 Βοωὶοἱῗῐῆξὲ
1417 1468 1549 1540 egit.
1580 1498 1653 1510 —
1691 1467 1842 1540 Welf
1857 1468 1969 1524 duo:
1998 1470 2105 1524 Ba-

451 1565 646 1636 joariw
688 1563 930 1634 efﬁcitur.
977 1592 1050 1602 —
1097 1560 1375 1616 Heinricns
1418 1573 1519 1615 ree
1565 1556 1753 1615 multas
1804 1558 2026 1613 insidias
2073 1571 2104 1612 a

460 1652 767 1710 Saxonibus
790 1665 1001 1722 passus,
1024 1648 1246 1704 viriliter
1273 1663 1447 1704 omnes
1477 1646 1737 1703 transiuit.
1758 1675 1831 1687 —
1850 1647 1969 1702 Otto
1990 1646 2106 1716 jam

458 1741 650 1797 dudum
677 1738 791 1795 dum
815 1739 1104 1809 Bajoariw,
1137 1752 1252 1793 cum
1277 1737 1437 1793 sociis
1462 1736 1572 1792 suis
1598 1736 1654 1791 in
1676 1739 1972 1808 pentecoste
1989 1735 2169 1805 regiB

457 1830 529 1885 ad
557 1828 869 1885 deditionem
904 1828 1061 1884 venit.
1095 1856 1164 1867 ——-
1202 1824 1626 1893 Karlomannus,
1664 1825 2102 1881 Constantiensis

455 1916 549 1973 ille
597 1917 901 1987 appositus,
951 1932 1021 1971 ee
1064 1919 1322 1987 praecepto
1373 1913 1672 1970 Alexandri
1721 1928 1879 1985 papas
1924 1911 2100 1968 habito

450 2005 781 2076 Mogontiaci
818 2005 1037 2062 concilio
1067 2004 1177 2073 (61)
1219 2019 1249 2060 a
1276 2003 1559 2060 canonicis
1591 2002 2102 2060 Constantiensibus

451 2101 770 2152 constanter
807 2097 880 2153 ob
924 2094 1243 2166 praedictam
1295 2092 1549 2150 haeresim
1589 2097 1645 2149 et
1686 2098 1769 2148 tot
1811 2090 2102 2163 sacrilegio

454 2191 786 2254 perpetrata,
820 2199 921 2255 per
956 2184 1332 2240 accusatorias
1371 2182 1582 2238 litteras
1619 2182 1839 2251 objecta
1875 2180 1977 2248 illi,
2011 2195 2103 2251 sy-

455 2273 730 2329 nodaliter
768 2274 1072 2337 convictus,
1109 2278 1299 2342 utpote
1328 2271 1423 2342 qui
1463 2278 1657 2332 contra
1696 2269 2104 2327 :ecclesiasticat

452 2362 660 2434 regula:
689 2362 1037 2433 disciplinam
1076 2361 1255 2432 egisse
1293 2374 1495 2431 negare
1526 2374 1637 2416 non
1676 2359 1878 2429 potuit,
1913 2358 2108 2415 incele-

453 2451 589 2507 siam
641 2451 857 2508 scilicet
904 2464 1003 2521 per
1049 2449 1295 2520 precium
1344 2449 1599 2519 adeptus,
1640 2449 1711 2504 de
1758 2448 1911 2514 sede,
1945 2461 2107 2517 quam

454 2540 770 2608 symoniace
800 2539 1018 2604 invasit,
1052 2536 1314 2594 confusus
1343 2536 1744 2615 abjiciebatur;
1785 2549 1896 2592 non
1926 2542 2108 2591 tamen

455 2626 695 2696 publica,
730 2633 790 2683 ut
820 2632 1126 2697 Oporteret,
1158 2626 1528 2696 depositione.
1552 2627 1667 2681 Rex
1698 2625 1908 2696 quippe
1937 2636 2111 2695 quan-

455 2721 569 2771 tum
599 2716 831 2772 maxime
863 2721 1100 2786 poterat,
1141 2715 1247 2786 ipsi
1286 2714 1540 2782 favebat;
1589 2715 1678 2771 cui
1710 2714 1873 2770 etiam
1901 2714 2109 2785 virgam

454 2803 828 2875 episcOpalem
860 2818 970 2861 non
1001 2804 1058 2860 in
1097 2804 1338 2863 concilio
1377 2803 1653 2874 synodali,
1686 2809 1771 2858 set
1808 2804 1862 2858 in
1895 2816 2109 2858 camera

453 2907 572 2961 sua,
596 2894 776 2951 adhuc
805 2893 974 2951 corde
1005 2893 1263 2950 indurato
1294 2892 1518 2948 rebellis
1547 2899 1603 2948 et
1625 2892 1829 2948 invitus
1857 2891 2111 2947 reddide-

456 2988 560 3037 rat.
612 2983 753 3039 Etsi
781 2981 1096 3052 huiusmodi
1135 2981 1410 3037 sententia
1448 2980 1692 3037 nondum
1724 2987 2110 3036 consecratum

1422 277 1800 335 BERTHOLDI
1839 246 2252 340 PRESBYle
2291 281 2850 340 cousrmmusrs

434 408 630 479 joarite
675 405 1011 479 proditionis
1043 404 1097 459 in
1131 416 1312 474 regem
1353 415 1480 458 reus
1508 415 1538 456 a
1566 401 1895 472 quibusdam
1931 417 2090 461 accu—
2110 408 2163 466 A

3676 280 3768 337 356

2868 421 3119 478 MLXXII.

2248 532 2362 586 Rex
2398 530 2576 586 natale
2614 529 2867 586 Domini.
2897 572 2909 584 .
2939 571 2951 583 .
2978 569 2993 583 .
3021 567 3035 581 .
3063 570 3076 582 .
3105 570 3117 582 .
3146 570 3158 582 .
3186 566 3200 580 .
3223 525 3286 557 ¹³⁶
3323 531 3376 582 et
3405 540 3531 597 pene
3562 527 3663 582 sine
3688 527 3772 598 dif-

2176 619 2405 690 ficultate
2459 618 2709 675 bellorum
2763 617 2864 673 sibi
2916 615 3226 673 rebellantes
3280 616 3552 686 superavit.
3614 617 3774 672 Petrus

2176 708 2425 763 Damiani
2446 708 2552 779 pice
2580 701 2839 763 memoria
2867 703 3155 761 cardinalis
3183 703 3465 774 episcopus,
3487 702 3594 773 jam
3611 703 3775 759 dudum

2178 796 2366 851 mundo
2405 795 2705 866 cruciﬁxus,
2737 796 2769 848 7
2798 792 2927 851 Kal.
2959 796 3125 849 Mart.
3163 790 3283 863 (63)
3324 786 3558 860 migrauit
3591 792 3653 846 ad
3678 793 3776 846 Do-

2179 886 2387 941 minum.
2430 886 2526 941 Cui
2554 885 2768 940 domnus
2808 881 3068 940 Geraldus
3105 880 3476 937 Cluniacensis
3509 880 3777 946 monachus,

2178 976 2397 1031 scientia
2440 976 2819 1046 scripturan
2862 973 3083 1042 insignis
3111 975 3159 1026 ct
3188 968 3413 1025 moribus
3446 969 3781 1040 prmdecessori

2178 1080 2272 1120 suo
2300 1079 2405 1120 non
2446 1067 2637 1136 impar,
2669 1065 2725 1118 in
2779 1064 3134 1133 episcopatum
3188 1059 3452 1115 successit.
3502 1056 3782 1112 Adalbcrtus

2180 1152 2475 1208 Bremensis
2502 1152 2919 1223 archiepiscopus
2948 1149 3093 1205 obiit.
3125 1149 3223 1206 Cui
3252 1149 3519 1203 Liemarus
3544 1145 3780 1201 successit.

2253 1243 2368 1297 Rea:
2421 1240 2586 1296 multa
2621 1240 2721 1295 sibi
2764 1239 3111 1294 munitissima
3154 1235 3369 1293 castella
3415 1234 3684 1291 constructi!
3740 1234 3787 1288 in

2177 1330 2418 1403 partibus
2465 1330 2722 1387 Saxoniaa
2766 1334 2816 1384 et
2867 1320 3191 1396 Thoringiaz,‘
3212 1332 3261 1382 et
3309 1325 3494 1396 plures
3518 1323 3611 1380 sibi
3638 1323 3784 1378 muni-

2183 1420 2347 1475 tiones
2390 1418 2579 1489 injuste
2616 1416 2906 1489 usurpauit,
2937 1416 3074 1472 unde
3109 1414 3383 1471 multorum
3411 1415 3602 1469 animos
3630 1415 3786 1466 contra

2182 1525 2239 1565 se
2268 1510 2535 1565 excitauit.

2256 1599 2352 1654 His
2381 1597 2544 1655 etiam
2582 1595 2778 1652 diebus
2806 1594 3230 1652 Mediolanensis
3273 1592 3520 1650 aecclesia
3556 1589 3787 1662 episcopo

2186 1687 2489 1744 decedente
2518 1685 2853 1756 aliquamdiu
2882 1690 3053 1741 vacat.
3080 1684 3177 1740 Cui
3200 1683 3421 1754 quidam
3451 1680 3667 1736 maxima
3685 1678 3788 1733 data

2186 1775 2419 1848 pecunia
2465 1775 2580 1847 regi
2627 1780 2683 1830 et
2735 1773 2851 1829 suis
2892 1771 3245 1838 consiliariis,
3277 1770 3562 1827 successit.
3593 1768 3741 1835 Quem
3766 1779 3790 1819 a

2183 1880 2322 1938 papa
2386 1863 2915 1922 excommunicatum
2980 1877 3077 1918 rex
3142 1872 3469 1917 consecrare
3533 1854 3787 1927 prazcepit.

2182 1955 2373 2011 Clerus
2402 1962 2583 2010 autem
2613 1953 2777 2008 alium
2816 1951 2922 2006 sibi
2963 1950 3221 2007 idoneum
3251 1948 3510 2021 elegerat,
3542 1945 3631 2015 qui
3651 1943 3703 1974 ¹³⁷
3735 1941 3789 1996 ab

2184 2042 2280 2100 illo
2311 2047 2567 2099 coactura
2591 2039 2953 2111 jnrisjurandi
2984 2038 3245 2109 expulsus
3276 2037 3483 2094 dicitur
3506 2033 3629 2106 (64).

2866 2164 3143 2221 MLXXIII.

2257 2274 2374 2328 Rex
2410 2270 2589 2328 natale
2628 2271 2841 2327 Domini
2869 2314 2880 2326 .
2909 2314 2922 2327 .
2950 2312 2963 2327 .
2991 2310 3004 2324 .
3035 2313 3048 2326 .
3076 2313 3088 2325 .
3116 2313 3129 2326 .
3158 2310 3171 2324 .
3199 2312 3212 2325 .
3241 2312 3253 2325 .
3283 2268 3346 2300 ¹³⁸
3402 2262 3673 2335 Rouciolfus
3706 2259 3801 2315 dus

2186 2362 2533 2428 Alemanniw,
2584 2366 2635 2417 et
2680 2360 2994 2418 Bertholdue
3039 2360 3151 2416 dua:
3196 2357 3558 2421 Caralitanus,
3587 2356 3634 2409 et
3684 2348 3810 2418 Welf

2189 2452 2301 2508 dua:
2327 2451 2596 2523 Bajoariw
2632 2467 2667 2507 a
2694 2465 2816 2520 rege
2848 2450 3213 2516 discesserunt,
3245 2448 3379 2518 quia
3416 2445 3534 2503 aliis
3566 2441 3802 2499 subintro-

2189 2540 2424 2597 euntibus
2471 2538 2808 2602 consiliariis,
2839 2553 2988 2594 suum
3033 2535 3303 2592 consilium
3341 2535 3492 2608 apud
3525 2545 3683 2599 regem
3717 2541 3800 2583 non

2188 2635 2364 2685 ualere
2386 2632 2787 2701 perspexerant.

2266 2718 2612 2774 Theodericus
2669 2731 2838 2771 comes
2860 2715 3166 2787 poenitentia
3212 2715 3407 2771 ductus
3454 2726 3550 2785 pro
3600 2709 3803 2781 facinore

2189 2807 2328 2878 quod
2364 2807 2419 2861 in
2464 2805 2671 2860 beatum
2714 2802 3078 2862 Chounradum
3128 2802 3521 2859 Treuirensibus
3562 2795 3803 2871 prwsulem

2191 2894 2489 2966 deputatum
2517 2893 2788 2960 commisit,
2819 2891 2940 2948 licet
2966 2891 3129 2948 multa
3162 2890 3409 2963 pericula
3438 2890 3705 2949 obstarent,
3732 2896 3806 2939 ar-

2192 2981 2334 3037 denti
2361 2982 2669 3053 tamen-ﬁde
2704 2996 2820 3037 cum
2855 2979 3029 3036 multis
3067 2980 3188 3037 aliis
3223 2979 3524 3037 Jerusalem
3551 2976 3688 3047 capit
3722 2974 3802 3027 ire.

457 3073 743 3139 exspectat
779 3074 836 3125 et
872 3070 1185 3125 damnatum
1208 3068 1294 3133 ηδ,
1326 3068 1457 3137 quid
1491 3069 1598 3124 erit
1625 3069 1694 3124 de
1725 3069 2063 3124 consecratis
2085 3075 2109 3125 ?
2128 3071 2170 3131 C
2193 3071 2295 3138 Qui
2325 3086 2440 3126 cum
2475 3070 2750 3126 Laodicia:
2779 3084 2925 3125 mare
2964 3069 3174 3139 nauigio
3203 3070 3481 3141 cwpissent
3508 3067 3712 3127 intrare,
3737 3075 3807 3115 su-

459 3162 517 3212 et
545 3157 593 3212 si
626 3155 734 3212 hoc
763 3155 831 3211 de
861 3155 1161 3226 episcopis,
1187 3155 1319 3226 quid
1352 3156 1446 3211 ﬂet
1466 3156 1535 3212 de
1575 3156 1940 3226 presbiteris?
1971 3160 2109 3213 Ecce

458 3249 837 3316 argumentum
867 3244 1234 3315 depositionis
1261 3259 1293 3301 a
1323 3245 1517 3315 majori
1546 3245 1615 3301 ad
1645 3246 1845 3301 minus.
1892 3248 1958 3302 Et
1986 3260 2109 3302 cum

452 3336 609 3405 juxta
649 3338 927 3405 praecepta
976 3338 1292 3390 sanctorum
1340 3335 1560 3389 Patrum
1608 3334 1742 3389 nulli
1784 3335 2110 3391 clericorum

457 3423 539 3481 ias
566 3425 640 3480 sit
668 3423 924 3495 ignorare
954 3428 1159 3479 statuta
1195 3436 1489 3490 canonum,
1512 3422 1582 3478 de
1607 3422 1793 3479 multis
1813 3437 1980 3479 unum
2007 3424 2112 3481 hoc

458 3513 625 3570 breve
657 3528 725 3570 ex
753 3513 993 3570 decretis
1020 3513 1198 3568 sancti
1237 3512 1447 3569 Nicolai
1483 3526 1638 3583 papa:
1665 3513 1967 3583 capitulum
2000 3527 2113 3570 me-

460 3603 652 3660 moriae
683 3615 795 3660 non
844 3601 1029 3673 pigeat
1075 3601 1504 3658 commendare:
1543 3619 1569 3651 ι
1599 3600 1938 3672 Quicumque
1987 3616 2115 3673 pre-

462 3692 639 3748 sbiter
676 3705 777 3762 per
805 3691 1052 3762 precium
1099 3690 1403 3748 aacclesiam
1442 3689 1609 3746 fuerit
1644 3691 1899 3762 adeptus,
1930 3693 2112 3748 omni-

463 3780 644 3837 modis
699 3780 1010 3851 deponatur
1041 3821 1056 3845 ,
1123 3781 1384 3849 quoniam
1450 3786 1643 3836 contra
1707 3780 2113 3839 aacelesiasticaa

462 3868 668 3939 regulae
688 3868 1036 3937 disciplinam
1067 3867 1377 3925 dinoscitun
1396 3868 1593 3939 egisse.
1621 3869 1723 3937 Qui
1743 3876 1925 3926 autem
1948 3870 2114 3927 alium

465 3956 835 4026 presbiterum
891 3955 1135 4026 legitime
1180 3957 1250 4012 ad
1302 3957 1607 4014 aacclesiam
1656 3958 1968 4014 ordinatum
2015 3973 2116 4028 per

467 4045 756 4114 pecuniam
787 4043 1080 4114 expulerit,
1113 4058 1342 4115 eamque
1371 4046 1477 4101 sibi
1509 4046 1694 4102 taliter
1721 4046 2112 4114 vendicaverit,

465 4132 617 4202 quod
647 4132 835 4188 vitium
884 4132 1023 4188 male
1053 4132 1308 4190 dilfusum
1338 4147 1551 4190 summo
1600 4135 1784 4190 studio
1825 4136 2116 4192 emendan-

465 4221 595 4277 dum
625 4225 728 4276 est.
763 4238 792 4272 »
831 4223 959 4277 Otto
1007 4221 1351 4278 Goslarensis
1398 4222 1699 4279 canonicus
1748 4224 2115 4281 Karlomanno

468 4322 501 4365 a
529 4322 661 4381 rege
687 4309 1063 4366 substituitur.

2192 3158 2301 3215 bita
2354 3164 2656 3230 tempestate
2701 3158 3050 3224 circumuenti,
3091 3158 3379 3228 statimque
3429 3153 3741 3212 obtcncbrata
3761 3145 3808 3179 ¹³⁹

2193 3249 2278 3304 die
2300 3263 2399 3319 quo
2427 3250 2562 3303 irent
2591 3248 2798 3314 incerti,
2822 3252 2948 3317 post
2971 3246 3322 3317 quatriduum
3346 3246 3417 3278 W’
3445 3242 3676 3316 procella
3692 3250 3809 3294 sem-

2194 3352 2295 3408 per
2331 3337 2525 3393 eodem
2566 3341 2716 3392 motu
2763 3336 2941 3392 navim
2978 3340 3411 3406 conquassante,
3445 3341 3601 3391 nocte
3646 3325 3813 3385 valesii

2194 3425 2381 3481 lumine
2408 3427 2475 3481 ad
2507 3440 2566 3480 se
2596 3424 2967 3481 descendente
2995 3425 3186 3496 scepius
3213 3423 3602 3480 exhilarantur.
3641 3413 3813 3475 Deinde

2193 3530 2298 3570 non
2333 3513 2448 3584 jam
2476 3518 2693 3569 mortem
2728 3514 2782 3568 in
2824 3513 3074 3585 periculis
3104 3514 3361 3580 timentes,
3399 3518 3475 3569 set
3502 3513 3651 3568 vitam
3676 3512 3812 3562 (eter-

2192 3619 2315 3660 nam
2364 3603 2768 3675 premeditantes
2792 3646 2806 3671 ,
2864 3604 3084 3659 marinis
3136 3603 3384 3674 ﬂuctibus
3439 3620 3473 3657 α
3514 3604 3813 3674 peccatorum

2194 3693 2459 3747 emendati
2500 3692 2742 3747 sordibus
2765 3734 2778 3759 ,
2844 3691 2906 3744 13
2948 3691 3076 3748 Kal.
3126 3692 3312 3749 Martii
3378 3692 3739 3762 naufragantcs
3766 3681 3813 3713 '“

2194 3781 2546 3851 migrauerunt
2580 3781 2651 3836 ad
2689 3781 2980 3849 Dominum,
3018 3781 3372 3837 Theodericus
3419 3795 3601 3847 comes,
3642 3773 3816 3832 Wilde—

2193 3869 2333 3938 rold,
2365 3869 2722 3936 Marchward,
2754 3875 2803 3926 et
2830 3886 2945 3927 cum
2974 3871 3080 3927 illis
3108 3884 3338 3927 numero
3385 3870 3502 3926 ll3.

2267 3959 2617 4014 Herimannus
2662 3959 2923 4026 marchio,
2980 3959 3120 4030 ﬁlius
3169 3961 3315 4016 ducis
3368 3956 3660 4021 Berlholdi,
3706 3950 3821 4008 ado-

2196 4045 2394 4103 lescens
2431 4048 2601 4102 adhuc
2629 4047 2698 4103 ad
2740 4049 3091 4118 euangelicum
3133 4051 3243 4119 jam
3272 4050 3517 4106 tendens
3560 4041 3824 4118 perfectio-

2199 4149 2343 4201 nem,
2377 4150 2498 4192 cum
2528 4135 2642 4206 (65)
2672 4150 2841 4192 uxore
2869 4141 2918 4191 et
2952 4136 3060 4208 ﬁlio
3092 4139 3261 4203 unico,
3298 4139 3540 4194 omnibus
3572 4148 3680 4206 qua:
3712 4143 3824 4202 pos-

2196 4225 2409 4280 sederat
2434 4222 2649 4291 relictis,
2681 4224 2883 4280 Christi
2912 4230 3135 4283 secutor
3162 4241 3342 4293 verus,
3378 4235 3435 4283 et
3473 4225 3651 4281 nudus
3679 4216 3824 4275 nudae

2198 4314 2379 4369 crucis
2424 4313 2677 4382 bajulus,
2728 4313 2963 4371 Cluniaci
3008 4330 3195 4371 revera
3237 4317 3532 4372 monachus
3579 4309 3822 4369 efﬁcitur,

536 4398 765 4465 Quidam
804 4399 1140 4467 Ronpertus,
1172 4399 1344 4456 abbas
1372 4399 1852 4471 Babinbergensis,
1882 4402 2278 4472 Augien—lei
2316 4402 2438 4458 solo
2475 4403 2581 4458 hoc
2620 4415 2730 4458 uno
2779 4417 2967 4473 parum
3018 4404 3140 4474 plus
3175 4418 3320 4462 anno
3363 4403 3691 4476 regulariter
3729 4407 3832 4452 om-

464 4500 580 4543 sem
609 4486 885 4544 abbatiam
913 4487 1043 4544 dato
1073 4488 1189 4559 regi
1223 4487 1395 4544 multo
1424 4502 1561 4545 auro
1594 4490 1917 4559 Symoniace
1952 4491 2122 4546 intra-

464 4575 578 4642 vit;
619 4575 714 4645 qui
754 4575 1102 4646 postmodum
1140 4576 1633 4633 anathematizatus
1664 4578 1959 4648 expellitus
1990 4578 2118 4651 (62).

2202 4492 2336 4548 nino
2388 4500 2763 4559 conversatus,
2803 4494 2838 4545 7
2886 4492 3113 4550 Kalend.
3147 4496 3281 4553 Maii
3328 4494 3572 4552 feliciter
3608 4483 3829 4558 migravit

2203 4581 2275 4637 ad
2319 4582 2630 4648 Dominum;
2682 4582 2892 4639 crebris
2933 4583 3327 4640 revelationum
3377 4582 3619 4641 oraculis
3639 4580 3696 4612 “'
3745 4585 3833 4646 pro

1824 4729 2046 4785 VARIAE
2102 4731 2486 4789 LECTIONES.

542 4878 607 4915 ¹⁸⁶
640 4879 904 4938 Goslariae
950 4880 1136 4938 inserit
1183 4880 1328 4948 Uss.,

1362 4879 1503 4954 quod
1543 4884 1717 4954 lumen
1743 4879 1875 4954 in‘l'
1903 4896 2049 4954 teque
2076 4899 2141 4939 ac
2175 4883 2232 4939 in
2268 4883 2322 4940 2.
2356 4883 2517 4942 deest.
2596 4883 2656 4917 ¹⁸⁸
2694 4884 2930 4942 damnat’
2958 4887 3012 4943 2.
3090 4887 3152 4921 ¹³⁸
3189 4888 3508 4946 Wormatim
3548 4877 3831 4954 celebravit

469 4954 923 5031 imgitﬂssnee
949 4954 1267 5031 conjectura,
1301 4953 1540 5031 quumiu
1574 4952 1631 5005 1*
1659 4957 1717 5031 et
1735 4952 1771 5006 2
1798 4952 1976 5031 desit;
2029 4954 2112 5031 “"_
2132 4970 2189 5031 e.
2213 4986 2285 4996 —
2312 4972 2435 5031 quae
2464 4956 2567 5031 2.__
2595 4956 3012 5031 ‘”_Babenberg
3041 4960 3337 5017 celebravit
3365 4960 3516 5017 addit
3551 4959 3669 5012 Uss.
3702 4952 3830 5008 deest

470 5039 528 5080 in
561 5024 637 5083 1*.
669 5025 726 5083 2.
806 5022 867 5056 ¹³⁹
904 5030 1020 5095 opt.
1042 5022 1108 5080 ’2.
1188 5023 1248 5056 ¹⁴⁰
1286 5022 1653 5094 quadriduum
1683 5022 1737 5080 2.
1817 5023 1872 5056 “'
1915 5025 2133 5084 Necrol.
2162 5022 2431 5084 Berno‘ldi.
2511 5028 2570 5060 '“
2609 5028 2886 5086 miraculis
2914 5030 2967 5086 2.

2052 5168 2269 5225 ΝΟΤιΕ.

474 5386 510 5444 p
544 5300 654 5427 (ῗῦ)
692 5314 827 5357 xvm
866 5298 987 5357 Kal.
1026 5300 1178 5371 Sept.
1211 5299 1379 5357 Mansi
1423 5298 1627 5357 concil.
1667 5298 1889 5357 collect.
1924 5308 1966 5358 t.
2000 5302 2111 5370 XX,

404 5474 409 5487 ι
476 5440 492 5444 “
543 5442 647 5516 (ea)
686 5442 935 5570 Gregorii
974 5443 1065 5498 VII
1105 5440 1317 5514 Reglst.
1351 5454 1397 5512 ι,
1427 5440 1519 5512 82,
1558 5442 1627 5500 ad
1666 5442 2117 5500 univers.ehrist.

470 5515 641 5570 Mansl
671 5520 713 5570 t.
746 5516 789 5570 X
843 5556 858 5570 .
888 5527 949 5570 ι).
986 5512 1107 5570 122.

470 5512 641 5572 Ma‘nsi
671 5520 713 5571 t.
746 5512 858 5581 XX,
888 5527 949 5581 p.
986 5512 1107 5570 122.

545 5586 646 5659 (63)
689 5600 789 5640 vm
818 5584 1046 5641 Kalend.
1079 5585 1235 5641 Mart.
1258 5584 1580 5654 Bernoldus,
1605 5600 1635 5642 e
1664 5600 1784 5641 vnn
1816 5585 1933 5642 Kal.
1969 5586 2121 5642 Mart.

2200 5301 2353 5376 idem
2376 5302 2430 5357 in
2460 5302 2811 5376 Necrologio.

2274 5373 2406 5449 ((ξι)Δ
2428 5373 2722 5449 Ughellus,
2760 5376 2879 5432 ltal.
2928 5378 3080 5435 Sacr.
3114 5382 3155 5434 t.
3189 5379 3277 5446 IV,
3309 5392 3365 5449 p.
3405 5376 3530 5445 114,
3569 5377 3831 5432 intrusum

2201 5443 2615 5514 Gothofredum,
2645 5443 2876 5505 alterum
2905 5450 3172 5507 Othonem
3205 5443 3480 5507 nominat.
3514 5443 3635 5505 Uss.

2240 5514 2377 5599 ,(6⁵)
2418 5510 2634 5599 limit“?
2663 5520 2747 5599 ίίὲί,
2777 5520 3100 5599 Bernoldus,
3134 5536 3297 5591 quem
3343 5518 3594 5589 scriptor
3640 5510 3843 5573 Sanbla-

2208 5589 2394 5644 sianus
2421 5589 2565 5646 haud
2597 5590 2931 5648 intellexisse
2958 5589 3193 5648 videtur.
