4100 6166
317 303 408 361 357

1503 299 1830 355 ANNALES.
1871 327 1943 340 -—
1977 299 2088 355 AN.
2134 295 2457 354 1071-1074.

3558 299 3664 359 358

318 425 534 485 occultis
561 429 618 482 et
646 425 1009 498 neglegentiis
1037 425 1151 482 suis
1198 424 1438 480 monitor
1482 422 1662 478 adhuc
1712 421 1939 478 fratrum
1961 423 2310 493 Ajurandum
2360 422 2506 494 regis
2534 435 2644 492 quo
2681 436 2740 477 se
2770 435 3073 493 expurgare
3118 424 3293 481 voluit
3338 427 3662 498 refutarent,

315 517 562 574 existens.

377 608 550 661 Romae
576 603 889 661 Alexander
912 619 1062 674 papa
1090 603 1332 657 decessit.
1373 604 1476 657 Pro
1525 615 1622 670 quo
1667 600 1946 656 uenerabi-

314 696 376 750 lis
399 692 778 748 Hiltebrandus
815 695 1062 747 Romana:
1099 690 1349 745 cecclesite
1386 689 1819 755 archidiaconus,
1861 689 1945 744 vir

316 782 566 854 prudens,
607 780 828 836 sobrius
858 787 912 835 et
939 785 1142 846 castus,
1176 779 1435 833 communi
1463 778 1694 832 omnium
1723 776 1944 832 consilio

310 873 564 943 expetitur
589 885 728 941 papa
759 868 1168 924 constituendus.
1193 868 1305 934 Quo
1329 867 1532 932 audito,
1553 881 1671 921 sese
1692 866 1943 936 imparem

311 966 444 1016 tanto
476 959 658 1014 honori
688 959 839 1012 immo
861 957 1007 1011 oneri
1034 960 1308 1026 reputans,
1333 955 1576 1009 inducias
1594 954 1944 1025 respondendi

308 1050 387 1104 vix
416 1048 728 1116 imploravit
760 1046 844 1111 “*3;
879 1052 926 1100 et
953 1049 1034 1100 sic
1060 1047 1192 1112 fuga
1223 1043 1432 1114 elapsus
1470 1043 1670 1114 aliquot
1715 1044 1825 1098 dies
1873 1042 1943 1098 ad

317 1137 525 1194 Vincula
544 1137 713 1192 sancti
730 1136 873 1190 Petri
890 1133 1178 1190 occultatus
1198 1133 1368 1188 latuit.
1399 1133 1630 1188 Tandem
1655 1133 1748 1187 vix
1771 1135 1945 1186 inven-

306 1234 381 1284 tus
407 1233 455 1282 et
489 1227 559 1282 ad
581 1224 922 1297 apostolicam
948 1224 1120 1279 sedem
1151 1223 1200 1277 vi
1223 1223 1524 1293 perductus,
1545 1237 1687 1292 papa
1712 1222 1863 1275 158us
1885 1221 1944 1253 ⁸³*

304 1317 596 1382 ordinatur,
629 1321 677 1371 et
708 1315 990 1384 Gregorius
1021 1315 1126 1368 VII
1152 1310 1466 1382 appellatur.
1492 1313 1650 1380 Cujus
1665 1311 1943 1380 prudentia

302 1422 397 1461 non
409 1404 582 1461 solum
595 1404 648 1458 in
661 1402 845 1468 Italia,
876 1407 954 1457 set
981 1402 1139 1457 etiam
1168 1402 1224 1456 in
1257 1400 1586 1455 Theutonicis
1601 1399 1843 1470 partibus
1866 1415 1946 1454 re-

296 1497 505 1565 ]renata
570 1498 646 1548 est
702 1492 1032 1548 sacerdotum
1086 1489 1460 1545 incontinentia
1478 1510 1496 1555 ,-
1556 1488 1754 1544 scilicet
1809 1489 1947 1560 quod

296 1583 712 1653 predecessores
749 1581 860 1652 ejus
887 1583 943 1636 in
970 1579 1133 1635 Italia
1169 1576 1555 1650 prohibuerunt
1599 1577 1718 1645 hoc,
1743 1578 1854 1648 ipse
1892 1579 1948 1632 in

298 1670 705 1737 aliisjEcclesiaz
742 1668 1011 1726 catholicae
1059 1667 1307 1738 partibus
1349 1665 1626 1737 prohibere
1671 1666 1946 1722 studiosus

300 1762 656 1832 attemptavit.

369 1853 502 1906 Tota
547 1848 829 1918 Thoringia
859 1853 907 1903 et
954 1847 1196 1903 Saxonia
1242 1848 1354 1916 regi
1398 1847 1646 1903 Heinrico
1692 1844 1945 1901 rebellant

296 1944 511 2010 propter
530 1937 821 2009 praedictas
861 1936 1167 1991 munitiones
1196 1941 1246 1991 et
1273 1935 1385 1991 alia
1430 1934 1616 2002 multa,
1667 1949 1781 2004 qua:
1817 1948 1949 1988 con-

295 2033 378 2082 tra
416 2026 735 2082 voluntatem
779 2024 1008 2095 ejusdem
1048 2023 1234 2095 populi
1277 2038 1377 2080 rex
1424 2024 1478 2078 in
1524 2037 1701 2078 eorum
1737 2023 1948 2091 regione

297 2117 602 2173 insolenter
634 2118 833 2185 fecerat
881 2121 936 2170 et
973 2112 1278 2179 inconsulte,
1330 2121 1385 2169 et
1432 2127 1556 2182 qua:
1595 2113 1699 2182 ipsi
1740 2112 1949 2168 diutius

294 2205 686 2277 aequanimiter
723 2205 835 2275 pati
875 2209 930 2259 et
959 2203 1232 2258 sustinere
1263 2214 1372 2257 non
1404 2207 1680 2272 poterant.
1713 2203 1780 2256 Et
1808 2200 1949 2257 facta

293 2295 685 2366 conjuratione
741 2307 864 2348 cum
922 2305 1115 2363 magna
1152 2291 1500 2347 multitudine
1547 2304 1616 2346 ex
1663 2290 1948 2359 inopinato

291 2399 419 2441 eum
454 2383 860 2452 constringere,
891 2381 960 2436 ad
988 2394 1130 2450 quos
1168 2380 1278 2435 illis
1306 2387 1425 2436 erat
1452 2381 1686 2447 animus,
1731 2378 1947 2435 delibe-

286 2474 522 2528 rabant.
561 2473 685 2540 Ipse
733 2475 914 2524 autem
953 2475 1236 2538 comperto
1285 2468 1504 2523 illorum
1551 2467 1804 2534 consilio,
1854 2482 1946 2523 as-

283 2565 526 2630 sumpto
592 2558 914 2615 festinanter
969 2557 1229 2613 thesauro
1280 2570 1402 2623 suo,
1465 2561 1630 2625 prout
1685 2555 1952 2622 temporis

284 2648 572 2705 articulus
602 2651 972 2714 concesserat,
1005 2646 1095 2701 vix
1131 2645 1200 2700 ab
1249 2644 1331 2700 eis
1378 2658 1500 2700 cum
1547 2643 1736 2713 paucis
1784 2643 1951 2698 Wor-

288 2738 524 2794 matiam
554 2737 746 2810 evasit,
779 2743 834 2792 et
859 2749 924 2792 eo
954 2735 1202 2791 locorum
1250 2732 1586 2802 aliquamdiu
1617 2738 1747 2787 tunc
1795 2731 1950 2786 infir-

285 2828 574 2883 mabatur.
605 2824 814 2881 Dehinc
843 2823 1113 2894 disposita
1142 2837 1240 2879 rex
1268 2822 1622 2892 expeditione
1673 2820 1731 2876 in
1778 2822 1952 2876 Saxo-

288 2917 439 2972 niam
466 2955 486 2982 ,
548 2913 950 2984 pravenientes
1005 2926 1128 2968 eum
1185 2913 1464 2976 Saxones,
1523 2907 1951 2965 satisfactionem

2027 513 2213 580 dilata,
2253 514 2373 582 ipse
2418 511 2731 568 recollectis
2775 512 3018 581 undique
3065 525 3441 584 quoscumque
3489 521 3667 587 potuit

2027 602 2257 671 militum
2309 610 2364 657 et
2411 601 2652 656 ﬁdelium
2700 613 2920 656 suorum
2970 603 3181 667 cuneis,
3232 606 3399 673 cmpit
3446 606 3500 660 in
3547 609 3668 663 dies

2028 690 2424 759 parvipendere
2453 690 2768 744 inimicitias
2795 691 3229 746 adversariorum
3259 707 3503 749 suorum.

2097 781 2402 848 Ruotperto
2427 781 2537 847 jam
2578 785 2633 834 et
2661 794 2692 834 a
2722 794 2859 850 papa
2889 781 3361 848 anathematizato,
3396 789 3450 838 et
3479 799 3507 837 a
3539 799 3666 856 rege

2026 867 2232 935 pariter
2261 867 2602 936 propulsato,
2623 868 2828 938 quippe
2858 877 2917 924 ut
2942 871 3088 938 juste
3109 871 3377 941 sacrilego
3418 873 3668 942 Symonis

2025 955 2316 1023 discipulo,
2349 955 2556 1009 tandem
2591 957 2956 1024 Eggehardus,
3006 971 3146 1012 unus
3193 973 3258 1013 ex
3305 961 3669 1031 Augiensibus

2024 1043 2286 1100 fratribus
2313 1049 2370 1098 et
2397 1043 2465 1098 ab
2496 1043 2605 1098 illis
2634 1045 2862 1111 electus,
2895 1046 3059 1102 abbas
3102 1049 3379 1117 Augicnsis
3423 1050 3665 1120 efﬁcitur,

2023 1140 2074 1189 et
2098 1136 2253 1202 juxta
2283 1133 2693 1202 privilegiorum
2723 1147 2946 1190 suorum
2977 1143 3180 1191 statuta
3201 1153 3233 1191 a
3251 1139 3498 1208 praedicto
3525 1155 3669 1211 papa

2026 1229 2152 1292 post
2179 1221 2384 1277 Pascha
2412 1223 2588 1276 Romae
2617 1227 2950 1278 consecratur
2977 1223 3110 1295 (66‘).
3133 1226 3470 1296 Ruotpertus
3487 1235 3668 1286 autem

2027 1311 2171 1381 apud
2197 1310 2547 1381 Genginbach
2577 1310 2747 1366 abbas
2775 1310 3002 1367 effectus
3041 1313 3168 1382 (67),
3219 1317 3291 1371 ob
3344 1317 3667 1374 beneﬁcium

2028 1402 2302 1472 quoddam
2351 1400 2499 1470 quod
2557 1400 2823 1456 aacclesia:
2879 1403 3130 1459 ministro
3185 1407 3400 1461 cuidam
3459 1407 3672 1464 auferre

2029 1491 2200 1547 voluit
2229 1491 2296 1545 ab
2327 1489 2519 1546 eodem
2552 1487 2875 1545 interfectus
2903 1495 2988 1546 est
3021 1491 3146 1560 (68).

2723 1634 2996 1689 MLXXIV.

1963 1749 2010 1806 B
2103 1758 2371 1815 Henricus
2407 1771 2504 1814 rex
2542 1756 2776 1813 natalem
2824 1758 3058 1825 Domini,
3111 1763 3357 1829 quamvis
3405 1763 3460 1817 in
3509 1766 3676 1821 maxi-

2028 1850 2132 1904 mis
2193 1846 2454 1918 periculis
2510 1852 2564 1902 et
2609 1846 2915 1917 angustiis,
2975 1849 3290 1906 Wormatiae
3355 1851 3672 1910 celebravit.

2029 1937 2236 1993 Dehinc
2301 1936 2536 1992 collecto
2620 1935 2864 2006 undique
2921 1949 3393 2008 quorumcumque
3459 1948 3678 2011 poterat

2030 2027 2253 2093 auxilio,
2296 2025 2350 2080 in
2391 2025 2774 2096 puriﬁcatione
2804 2033 3009 2082 sanctae
3040 2027 3220 2083 Maria:
3250 2029 3493 2085 Saxones
3539 2031 3676 2087 adiit

2031 2116 2099 2172 de
2130 2121 2377 2185 repente.
2408 2114 2510 2182 Qui
2538 2114 2645 2169 vim
2675 2113 2805 2169 belli
2845 2121 3170 2181 metuentes,
3219 2117 3288 2172 ad
3337 2119 3678 2176 deditionem

2031 2219 2099 2261 eo
2137 2211 2299 2274 pacto
2346 2209 2634 2270 venerunt,
2675 2208 2730 2257 ut
2776 2205 3084 2259 munitiones
3125 2206 3392 2276 prwdictw
3439 2208 3680 2264 desirue-

2030 2299 2228 2360 rentur,
2277 2297 2489 2364 propter
2517 2307 2649 2363 quas
2675 2291 2862 2346 seditio
2912 2297 3030 2347 orta
3079 2298 3194 2357 est;
3247 2295 3382 2364 quod
3439 2297 3680 2368 deinceps

2026 2386 2296 2454 peractum
2349 2387 2446 2437 est.
2504 2382 2594 2436 Sic
2643 2381 2965 2436 absentibus
3019 2381 3253 2437 ducibus
3309 2385 3590 2452 praedictis
3627 2393 3683 2443 et

2032 2473 2251 2527 caeteris
2276 2471 2430 2542 regni
2460 2470 2806 2540 primatibus,
2858 2470 3248 2526 reconciliatus
3277 2478 3362 2528 est
3391 2487 3487 2529 rex
3516 2476 3682 2533 Saxo-

2031 2561 2196 2615 nibus
2241 2560 2603 2628 simulatorie,
2653 2565 2708 2615 et
2754 2573 2875 2615 cum
2925 2560 3005 2616 eis
3042 2559 3110 2615 ad
3159 2575 3334 2631 usque
3381 2563 3680 2620 Goslariam

2034 2649 2302 2718 pervenit,
2334 2663 2445 2704 non
2476 2648 2704 2704 multum
2735 2653 2916 2704 tamen
2945 2649 3231 2706 confidens
3269 2650 3323 2705 in
3363 2652 3492 2708 illis.
3545 2655 3683 2709 Rou-

2036 2735 2208 2806 dolfus
2237 2736 2348 2791 dua:
2371 2741 2418 2791 et
2447 2737 2624 2792 centeri
2650 2736 2888 2792 rebelles
2914 2737 3318 2794 reconciliantur
3343 2742 3474 2809 regi.

2106 2827 2166 2880 In
2205 2826 2306 2880 hac
2364 2825 2780 2895 quadragesima
2835 2825 3153 2894 imperatrix
3193 2827 3252 2858 W‘
3291 2835 3345 2884 et
3405 2830 3514 2886 duo
3571 2831 3688 2901 epi-

2033 2914 2189 2983 SCOpi
2244 2913 2385 2968 sedis
2447 2912 2747 2984 apostolica
2801 2912 2960 2983 legati
3013 2929 3137 2970 cum
3185 2929 3248 2971 ea
3297 2917 3365 2973 de
3413 2919 3586 2974 Roma
3614 2920 3680 2975 ad

286 3005 393 3074 illi,
435 3004 490 3061 si
535 3003 781 3074 justitias
825 3003 1094 3071 majorum
1149 3013 1373 3056 suorum
1429 2997 1541 3054 illis
1595 2997 1948 3063 concederet,
1983 3075 2011 3078 _
2035 3001 2355 3059 Phorzheim
2383 3003 2439 3057 in
2465 3002 2830 3058 Alemanniam
2857 3003 2930 3057 ad
2956 3017 3128 3072 regem
3154 3019 3340 3060 venere
3373 3020 3472 3077 pro
3519 3009 3686 3078 ipsius

288 3093 636 3149 unanimiter
663 3091 1077 3162 promittebant.
1110 3090 1177 3145 Et
1203 3088 1352 3144 facto
1396 3101 1497 3159 pro
1545 3087 1647 3142 hac
1694 3075 2175 3160 pactioneCregis
2201 3090 2431 3146 moribus
2476 3091 2817 3160 οοννὶθεηιιίε,
2868 3092 2984 3146 Rex
3032 3093 3238 3148 pascha
3286 3075 3429 3164 apﬁd
3483 3075 3686 3152 mihi“-

287 3181 590 3254 Herbipoli
620 3180 922 3250 colloquio,
957 3178 1126 3235 nichil
1156 3177 1272 3233 illic
1308 3176 1455 3232 aliud
1494 3181 1619 3246 post
1648 3174 1847 3230 multas
1874 3173 1947 3230 il-

287 3272 471 3328 lorum
505 3277 566 3327 et
605 3268 984 3326 intolerabiles
1029 3266 1315 3338 injustitiaa
1361 3279 1524 3336 quam
1561 3264 1952 3321 sustinuissent

285 3360 576 3431 quaerelas
604 3364 784 3416 actum
823 3363 926 3425 est,
958 3357 1064 3413 nisi
1094 3355 1242 3427 quod
1273 3355 1636 3426 dedignanter
1683 3353 1799 3424 regi
1844 3351 1954 3408 fal-

287 3465 400 3507 sam
440 3450 640 3507 denuo
670 3448 1096 3505 satisfactionem
1126 3446 1182 3502 in
1221 3444 1387 3501 natali
1438 3444 1653 3500 Domini
1683 3457 1742 3498 se
1771 3441 1952 3498 factu-

288 3552 381 3596 ros
404 3541 578 3610 juxta
626 3537 970 3610 quorundam
1019 3535 1404 3606 episcoporum
1453 3539 1509 3588 et
1557 3532 1755 3587 ducum
1806 3545 1956 3600 prai-

289 3627 584 3686 dictorum
641 3627 931 3685 consilium
987 3623 1367 3681 condixerant.
1427 3623 1524 3676 His
1572 3621 1648 3676 ita
1696 3619 1952 3689 peractis,

290 3731 435 3774 unus
476 3716 712 3789 quidam
753 3715 822 3772 de
851 3712 1187 3771 consiliariis
1225 3711 1372 3780 regis
1406 3707 1700 3765 discedens
1747 3708 1816 3762 ab
1865 3721 1952 3775 eo,

292 3807 612 3876 publicavit
640 3811 696 3862 et
719 3803 993 3861 accusavit
1041 3815 1164 3858 eum
1220 3798 1364 3869 apud
1416 3797 1587 3853 duces
1634 3796 1952 3866 praedictos,

291 3896 445 3966 quod
477 3909 616 3953 cum
646 3908 713 3952 eo
743 3893 956 3950 scilicet
985 3898 1041 3947 et
1079 3903 1201 3946 cum
1231 3888 1354 3943 aliis
1399 3886 1515 3942 suis
1561 3885 1768 3941 intimis
1816 3898 1959 3940 con-

294 3984 482 4041 silium
510 3987 632 4055 jam
663 3982 864 4039 factum
913 3980 1160 4045 haberet,
1212 3975 1361 4046 quod
1409 3988 1600 4031 omnes
1650 3973 1959 4043 quomodo-

291 4089 538 4146 cumque
605 4071 977 4135 interﬁceret;
1038 4074 1093 4124 et
1149 4081 1207 4123 se
1265 4067 1441 4136 ipsum
1517 4063 1848 4119 destinatum
1901 4067 1958 4120 et

292 4165 557 4220 maximis
589 4162 828 4232 praemiis
857 4163 1105 4215 coactum
1136 4169 1256 4212 esse
1286 4155 1342 4209 in
1390 4154 1445 4210 id
1496 4155 1672 4223 ipsum
1721 4150 1954 4220 facinus,

292 4251 476 4321 palam
513 4255 859 4322 protestatus
888 4253 990 4302 est.
1023 4244 1178 4301 Unde
1208 4243 1438 4298 maxima
1486 4241 1765 4298 discordia
1814 4241 1959 4297 inter

293 4355 482 4410 regem
517 4347 584 4396 et
614 4338 856 4408 pricipes
884 4334 1075 4391 effecta
1125 4338 1228 4398 est,
1262 4333 1318 4387 in
1349 4338 1557 4387 tantum
1606 4336 1666 4385 ut
1712 4331 1830 4400 ipse
1869 4331 1960 4385 vix

2033 3181 2168 3252 berg
2196 3181 2324 3250 egit.
2358 3179 2490 3236 Inde
2529 3179 2596 3235 ad
2628 3179 2974 3251 Nuorinberg
3003 3180 3069 3236 ad
3101 3188 3328 3238 matrem
3368 3189 3423 3240 et
3470 3185 3537 3240 ad
3583 3201 3688 3241 caa-

2043 3275 2192 3325 teros
2219 3269 2539 3338 apostolicae
2588 3269 2737 3324 sedis
2784 3268 2994 3339 legatos
3045 3263 3392 3340 perveniens,
3443 3288 3594 3329 reum
3633 3275 3688 3329 in

2032 3373 2209 3414 eorum
2234 3373 2420 3413 manus
2445 3372 2522 3424 se,
2556 3357 2922 3426 praesentibus
2952 3358 3230 3427 episcopis
3267 3361 3584 3429 Mogontino
3633 3368 3688 3416 et

2035 3447 2314 3502 Bremensi
2345 3459 2468 3500 cum
2506 3445 2628 3498 aliis
2664 3443 2869 3509 multis,
2910 3443 3006 3497 sub
3043 3446 3378 3500 correctionis
3413 3447 3690 3516 sponsione

2035 3534 2306 3599 commisit,
2351 3546 2600 3602 suumque
2645 3530 2901 3585 auxilium
2939 3531 3125 3586 domno
3165 3531 3448 3602 apostolico
3498 3535 3569 3588 ad
3606 3536 3692 3590 de-

2033 3621 2300 3694 ponendos
2357 3620 2698 3690 Symoniacos
2742 3620 3035 3688 ﬁrmissime
3078 3621 3337 3690 promisit.
3380 3623 3494 3692 Ipsi
3537 3623 3691 3678 etiam

2034 3711 2175 3780 regis
2203 3708 2493 3764 consiliarii
2529 3721 2704 3762 omnes
2740 3721 2826 3762 res
2853 3709 3206 3764 tecctesiarum
3242 3709 3430 3779 injuste
3467 3711 3693 3780 acquisi-

2037 3805 2120 3857 tas
2142 3814 2200 3855 se
2227 3798 2523 3854 reddituros
2561 3811 2738 3852 coram
2774 3797 2964 3852 eisdem
3003 3797 3189 3867 legatis
3223 3798 3320 3854 sub
3363 3804 3692 3855 sacramento

2031 3888 2337 3961 promisere,
2368 3887 2554 3959 quippe
2582 3888 2672 3958 qui
2697 3901 2788 3943 eas
2826 3904 2858 3942 a
2897 3888 3229 3959 ngoniacis
3280 3895 3528 3957 emerunt,
3576 3904 3696 3945 con-

2036 3977 2156 4033 silio
2193 3992 2287 4032 suo
2343 3977 2584 4044 indignos
2621 3976 2827 4032 eosdem
2865 3977 2936 4032 ad
2981 3976 3403 4034 wcclesiasticum
3446 3979 3693 4034 honorem

2039 4065 2360 4135 adjuvando.
2386 4065 2482 4120 His
2499 4065 2575 4120 ita
2605 4064 2890 4136 dispositis,
2914 4065 3251 4136 imperatrix,
3267 4073 3322 4122 et
3338 4065 3516 4137 legatti
3541 4082 3694 4139 apos-

2038 4155 2208 4211 tolica:
2235 4155 2376 4210 sedis
2411 4154 2694 4210 redierunt.

2113 4247 2185 4300 Ea
2246 4249 2434 4300 aestate
2465 4259 2561 4299 rex
2609 4243 3016 4313 expeditionem
3070 4245 3124 4298 in
3182 4246 3474 4315 Ungariam
3527 4245 3699 4302 movit

2044 4346 2144 4402 pro
2181 4333 2492 4401 adjuvando
2531 4347 2659 4403 rege
2713 4331 3025 4397 Salomone,
3077 4331 3170 4400 qui
3221 4333 3383 4386 etiam
3434 4333 3505 4386 ob
3545 4334 3696 4402 ﬂagi-

294 4429 570 4485 evaderet
603 4426 832 4482 insidias
879 4437 1089 4490 eorum,
1121 4421 1475 4477 Wormatiam
1513 4419 1710 4475 civium
1741 4433 1846 4488 ope
1878 4401 2246 4478 in-Dtiorum
2275 4435 2498 4477 suorum
2528 4401 2876 4476 insolentiam
2908 4424 2963 4474 et
2993 4419 3390 4489 turpitudinem
3429 4433 3458 4474 a
3499 4401 3694 4489 patruo

293 4531 550 4586 gressus.
591 4515 673 4570 lbi
713 4513 1094 4581 undecumque
1142 4509 1392 4565 collectis
1438 4506 1814 4562 auxiliantium
1863 4521 1965 4562 co-
2048 4523 2148 4564 suo
2179 4517 2233 4564 et
2262 4509 2480 4565 caeteris
2509 4509 2663 4579 regni
2703 4507 3026 4564 melioribus
3074 4507 3337 4576 depulsus
3383 4514 3467 4563 est
3519 4507 3698 4578 digni-

296 4605 424 4674 piis,
461 4603 832 4674 exspectabat
860 4602 1005 4657 diem
1045 4601 1100 4655 in
1152 4613 1262 4670 quo
1309 4613 1368 4653 se
1417 4595 1602 4653 duello
1641 4595 1710 4651 de
1752 4597 1967 4650 incusa-
2050 4604 2160 4654 tate
2190 4612 2308 4665 sua,
2341 4598 2747 4668 parvipendens
2776 4605 2831 4653 et
2871 4598 2988 4668 ipse
3029 4596 3260 4653 consilia
3295 4597 3534 4652 illorum.
3590 4596 3695 4653 Sed

298 4695 456 4751 tione
502 4693 765 4765 praedicti
804 4691 1064 4747 facinoris
1103 4695 1451 4760 expurgaret.
1505 4689 1718 4743 Statuto
1749 4685 1966 4740 demum
2052 4702 2148 4743 rex
2179 4689 2252 4743 ibi
2293 4687 2461 4744 nichil
2514 4689 2582 4744 ad
2635 4697 2821 4746 votum
2877 4703 3034 4744 suum
3092 4687 3303 4755 efficax,
3363 4687 3577 4743 scilicet
3630 4686 3698 4742 ad

302 4783 393 4839 die
425 4784 792 4848 adveniente,
825 4781 879 4836 in
913 4793 1022 4850 quo
1080 4793 1138 4834 se
1187 4791 1370 4834 coram
1421 4776 1574 4846 regni
1625 4773 1971 4843 principibus
2055 4777 2451 4833 restituendum
2501 4777 2867 4845 Salomonem,
2937 4776 3154 4834 efficere
3213 4776 3534 4846 praevalens,
3605 4790 3699 4832 re-

302 4881 397 4928 aut
449 4879 795 4943 expurgaret
842 4876 933 4924 aut
980 4882 1148 4938 regno
1190 4867 1506 4938 pelleretur,
1556 4865 1673 4933 ipse
1725 4863 1975 4932 proditor
2056 4874 2214 4936 cepta
2245 4866 2461 4922 demum
2493 4880 2686 4922 sorore
2723 4881 2821 4922 sua
2859 4866 3048 4936 regina
3093 4865 3336 4931 Juditha,
3387 4879 3558 4921 uxore
3605 4867 3700 4920 Sa-

305 4963 481 5029 illius,
519 4962 622 5032 qui
654 4959 952 5030 perduellis
992 4958 1044 5012 in
1077 4971 1196 5012 eum
1234 4957 1534 5020 exstiterat,
1569 4953 1749 5008 subita
1796 4958 1970 5008 morte
2053 4955 2307 5024 lomouis,
2351 4969 2459 5013 non
2508 4956 2656 5011 bono
2725 4955 2907 5011 omine
2949 4952 3046 5019 ¹³⁸,
3106 4968 3216 5024 quo
3270 4969 3523 5026 egressus
3578 4960 3697 5020 est,

300 5052 663 5119 obierat;et
691 5051 771 5106 sic
800 5047 1122 5105 intentionis
1155 5047 1434 5116 praedictae
1477 5057 1660 5110 causa,
1693 5041 1822 5096 dum
1849 5043 1971 5111 jus-
2053 5044 2273 5100 domum
2340 5045 2707 5100 Wormatiam
2773 5042 3086 5099 revertitur.
3154 5043 3289 5114 Regi
3354 5043 3501 5098 ﬁlius
3578 5041 3698 5114 (69)

1683 5168 1906 5224 VARIA'J
1959 5171 2346 5228 LECTIONES.

377 5296 445 5329 ³⁸⁸
489 5292 574 5351 al.
609 5292 928 5371 impetravit
968 5291 1088 5371 Uss;
1126 5286 1229 5371 ,ιιι
1261 5285 1572 5371 ,ιὸοἋΑητι
1623 5283 1938 5356 Engelberg.
1989 5289 2039 5341 et
2085 5290 2348 5343 corrector
2383 5283 2655 5343 Bernoldi.
2732 5283 2794 5318 ’⁸⁸
2831 5289 3006 5343 mater
3041 5285 3205 5357 hujus
3243 5287 3311 5355 Η,
3351 5284 3700 5357 imperatoris

303 5365 496 5438 glossa
523 5379 655 5422 εωο.
683 5357 852 5422 ’ΧΙν.
893 5362 950 5418 2.
1027 5359 1089 5394 ¹⁸⁶
1126 5359 1348 5416 homine
1387 5357 1443 5412 2.

1915 5427 2113 5487 NOTAE

2299 5532 2456 5585 Anno
2490 5525 2646 5596 1075,
2677 5542 2718 5583 ιι
2747 5525 2876 5585 ldus
2903 5524 3238 5585 Decembris.

377 5551 516 5672 (δεξιᾷ
553 5551 803 5636 ςτεερηίί
831 5550 922 5608 v11
950 5549 1232 5632 Regrstzd,
1261 5545 1356 5629 32,
2137 5525 2262 5672 E68;
2299 5532 2456 5585 Anno
2490 5525 2646 5596 1075,
2677 5542 2718 5583 ιι
2747 5525 2876 5585 ldus
2903 5525 3176 5584 Decembri

384 5626 440 5672 t6
535 5624 767 5672 NODDISI
799 5628 926 5672 nost
953 5621 1160 5672 Acelim
1185 5619 1399 5672 obitum
1428 5627 1572 5671 anno
1607 5612 1764 5670 1074.
2165 5599 2236 5654 69
2294 5599 2578 5657 Conradus
2606 5599 2663 5655 d.
2702 5598 2767 5654 12
2795 5600 2955 5656 Febr.
2997 5605 3176 5656 natus.

384 5612 506 5693 {675
535 5612 768 5680 Nonnisi
799 5628 926 5693 post
953 5612 1160 5678 Acélini
1185 5612 1399 5675 obitum
1428 5627 1572 5671 anno
1607 5612 1764 5670 1074.
