4104 6172
386 298 494 354 359

1370 294 1747 352 BERTHOLDI
1784 292 2198 350 PRESBYTER]
2236 292 2797 351 CONSTANTIENSIS

3648 286 3756 341 360

390 419 997 479 nascitur.Autumnali
1028 426 1274 492 tempore
1322 420 1505 477 denuo
1536 427 1795 491 repentes
1841 418 2278 490 Bajoa-Aliceat
2308 433 2409 476 nec
2440 419 2669 475 decimis
2707 417 2807 486 uti,
2860 417 2964 474 nisi
3015 417 3295 474 canonicis
3343 412 3761 472 constitutionis

392 512 548 580 riam,
583 519 639 567 et
655 511 712 567 in
733 510 846 566 illis
875 509 1124 580 partibus
1143 509 1482 580 aliquamdiu
1504 516 1765 575 moratus,
1791 508 1919 564 inde
1941 523 2039 578 per

393 606 690 672 Augustam
722 607 778 657 et
806 601 1028 672 Augiam
1056 601 1407 672 Argentinam
1429 600 1649 655 devenit
1671 600 1963 655 civitatem.

1091 742 1341 796 MLXXV.

401 867 519 922 Rea:
564 863 793 922 natalem
848 864 1055 921 Domini
1119 863 1266 934 apud
1320 866 1704 934 Argenturcum
1740 877 1852 920 non
1908 877 2042 933 par-

396 956 478 1009 vis
508 954 829 1024 optimatum
858 967 1080 1009 suorum
1112 952 1386 1024 gloriosus
1434 954 1612 1023 copiis
1660 951 1906 1009 ofﬁciose
1955 966 2043 1008 ce-

400 1043 652 1110 lebravit,
693 1048 748 1098 et
776 1043 980 1098 ibidem
1010 1042 1112 1097 sub
1144 1042 1364 1098 nomine
1397 1042 1682 1112 propalato
1713 1042 2041 1098 Pannonica:

400 1133 556 1202 quasi
586 1137 711 1201 post
744 1132 945 1187 Pascha
975 1145 1101 1187 mox
1131 1131 1458 1187 reiterandae
1488 1132 1835 1203 expeditionis
1864 1132 2046 1187 Saxo-

398 1221 537 1275 niam
569 1234 690 1274 cum
723 1220 968 1276 exercitu
1006 1235 1074 1276 ex
1119 1220 1416 1289 improviso
1465 1219 1703 1276 adeundi
1749 1219 2046 1276 artiﬁciosa

394 1310 727 1380 jamjamque
758 1307 1063 1363 industrius
1109 1309 1415 1364 intentione
1459 1323 1580 1364 cum
1633 1308 1748 1363 suis
1794 1307 2048 1363 ﬁdelibus

404 1396 771 1465 moliebatur;
804 1398 885 1452 sic
912 1397 1295 1467 undecumque
1318 1397 1620 1467 prudenter
1639 1396 1916 1453 conducto
1937 1409 2047 1452 non

404 1485 622 1541 modico
654 1485 905 1540 militaris
933 1493 1226 1555 apparatus
1266 1485 1520 1556 collegio,
1572 1492 1724 1541 tanto
1763 1500 1890 1540 suas
1920 1484 2051 1540 faci-

406 1574 513 1629 lius
542 1573 714 1629 ultum
754 1575 833 1628 ire
866 1587 1025 1643 posse
1054 1588 1283 1643 sperans
1314 1574 1560 1644 injurias,
1609 1581 1813 1644 quanto
1861 1573 2052 1628 adver-

406 1663 565 1717 sariis
594 1662 709 1718 suis
737 1662 1074 1733 inopinatius
1117 1665 1226 1733 jam
1260 1670 1410 1719 totus
1440 1679 1506 1719 ex
1535 1669 1654 1720 toto
1682 1664 1921 1718 animum
1971 1663 2055 1717 in-

406 1750 676 1807 tenderat.

483 1840 733 1910 Synodus
797 1842 987 1898 Romae
1054 1841 1487 1912 quadragesima:
1562 1841 1758 1897 diebus
1820 1856 1852 1896 a
1918 1854 2056 1910 papa

408 1930 672 2000 Gregorio
739 1944 953 1985 summo
1018 1937 1219 1987 conatu
1285 1931 1581 2001 colligitur,
1652 1931 1724 1986 ob
1788 1929 2060 1985 sedandas

410 2018 826 2087 quomodolibet
865 2024 947 2075 tot
976 2019 1094 2074 sine
1126 2033 1355 2075 numero
1394 2028 1599 2075 sancta:
1639 2020 1829 2074 matris
1863 2017 2058 2073 :eccle-

412 2108 512 2164 sia:
579 2107 959 2163 scandalorum
1029 2116 1493 2179 praesumptuosas
1556 2111 1944 2172 inmanitates,
2008 2111 2063 2161 et

413 2197 833 2266 aliquantulum,
865 2212 1002 2268 quas
1030 2198 1368 2255 modernitas
1397 2204 1585 2254 nostra
1618 2198 1843 2254 omnino
1892 2196 2061 2252 ferme

418 2285 701 2342 dedicerat
760 2292 814 2342 et
868 2286 1251 2353 annulaverat,
1311 2286 1752 2342 rememorandas
1808 2286 2067 2340 observa-

418 2374 560 2430 biles
588 2376 992 2444 canonicasque
1020 2383 1332 2431 sanctorum
1364 2377 1582 2430 Patrum
1614 2375 2062 2431 constitutiones.

419 2464 628 2532 Quippe
659 2463 755 2533 qui
794 2471 985 2519 contra
1039 2478 1193 2534 spem
1230 2464 1287 2518 in
1343 2477 1552 2518 summe
1611 2462 1770 2518 fortis
1806 2460 2065 2533 agricolae

424 2551 765 2607 anxiliatoris
795 2566 948 2620 spem
981 2565 1088 2607 non
1119 2566 1307 2621 parum
1359 2551 1618 2617 conﬁsus,
1658 2565 1847 2622 agrum
1878 2550 2067 2605 Domi-

422 2640 627 2705 nicum,
670 2640 916 2709 quamvis
972 2639 1143 2695 multo
1186 2640 1295 2709 jam
1356 2654 1420 2694 ex
1487 2646 1734 2709 tempore
1792 2639 2072 2694 incuriosa

423 2727 894 2799 praedecessorum
960 2742 1183 2784 suorum
1250 2729 1473 2798 pigritia
1541 2728 1787 2784 dumosis
1845 2729 2069 2783 nimium

424 2818 840 2888 usurpationum
887 2817 1248 2874 abusionibus
1278 2818 1578 2886 asperrime
1626 2816 1760 2871 satis
1809 2815 2074 2871 frutican-

425 2912 554 2971 tem,
586 2919 689 2962 nec
718 2919 828 2962 non
859 2912 1149 2962 veternosa
1175 2904 1385 2960 fructus
1415 2904 1794 2960 atcclesiastici
1828 2903 2073 2972 ejulabili

2121 522 2330 573 norma.
2362 509 2563 579 aliquis
2592 514 2908 578 praesumat.
2940 509 3051 563 Nec
3080 506 3159 562 illi
3191 506 3283 576 qui
3316 505 3371 560 in
3402 502 3631 559 crimine
3655 500 3763 556 for-

2121 597 2414 653 nicationis
2436 599 2643 666 jacent,
2666 597 2860 657 missas
2890 596 3191 663 celebrare,
3230 600 3323 649 aut
3352 591 3653 648 secundum
3682 591 3764 645 in-

2120 684 2351 742 feriores
2401 686 2628 741 ordines
2682 684 2994 739 ministrare
3031 683 3188 738 altari
3245 683 3502 737 debeant.
3563 681 3766 735 Statuit

2122 775 2306 841 etiam,
2358 779 2420 829 nt
2469 774 2515 828 si
2557 774 2847 842 praenotati
2888 779 3296 841 contemptores
3342 769 3547 825 fuerint
3594 768 3768 839 ipsius

2125 864 2288 918 immo
2345 869 2658 918 sanctorum
2719 864 2935 916 Patrum
2995 860 3469 925 constitutionum,
3530 857 3769 927 populus

2123 952 2277 1007 nullo
2306 951 2471 1007 modo
2500 964 2687 1007 eorum
2720 949 2978 1015 ofﬁcium,
3014 956 3204 1020 utpote
3234 964 3262 1004 a
3297 947 3554 1003 membris
3580 946 3768 1003 :eccle-

2124 1042 2222 1096 size
2259 1040 2712 1108 abalienatorum,
2756 1040 3022 1108 recipiat;
3066 1045 3125 1094 ut
3164 1038 3257 1108 qui
3308 1050 3407 1107 pro
3447 1037 3643 1091 timore
3674 1037 3770 1093 Dei

2127 1136 2182 1185 et
2255 1128 2421 1185 ofﬁcii
2486 1129 2752 1199 dignitate
2818 1128 3019 1198 corrigi
3079 1127 3398 1191 noluerint,
3438 1124 3772 1181 verecundia

2126 1218 2317 1274 saeculi
2356 1225 2411 1272 et
2448 1218 2830 1288 objurgatione
2871 1216 3059 1286 populi
3100 1216 3445 1285 resipiscant.
3478 1214 3774 1269 Obmdien-

2127 1307 2277 1362 tibus
2313 1312 2495 1361 autem
2534 1312 2589 1360 et
2628 1320 2727 1374 pro
2766 1318 2955 1362 errore
3004 1319 3104 1360 suo
3152 1318 3339 1360 revera
3378 1302 3775 1373 paenitentibus

2131 1397 2432 1465 apostolica
2464 1394 2883 1452 mansuetudine
2914 1401 2969 1450 et
2998 1394 3325 1449 auctoritate
3356 1407 3385 1447 a
3416 1400 3644 1462 peccato
3674 1405 3775 1446 suo

2132 1485 2330 1541 solutis
2368 1483 2801 1540 misericorditer
2856 1483 3190 1538 indulserat:
3250 1482 3332 1536 sic
3392 1480 3775 1535 induratorum

2128 1577 2311 1645 justus
2349 1574 2519 1644 judex
2548 1581 2603 1628 et
2626 1560 2858 1643 'ligator,
2892 1580 2951 1626 ut
2981 1587 3108 1627 vere
3158 1571 3538 1641 poenitentium
3591 1567 3778 1623 remis-

2135 1678 2229 1719 sor
2258 1664 2381 1732 pius
2428 1670 2483 1718 et
2520 1662 2733 1717 solutor
2777 1661 3048 1716 catholica
3085 1660 3192 1715 ﬁde
3241 1659 3616 1714 indubitanter
3663 1669 3777 1711 cre-

2068 1751 2369 1810 Bdendus.
2430 1752 2507 1805 lbi
2576 1750 2738 1805 etiam
2805 1750 2949 1818 regis
3014 1748 3360 1804 consiliarios
3415 1747 3486 1802 ob
3540 1744 3778 1800 heresim

2139 1841 2535 1911 Symoniacam,
2579 1838 3039 1908 parvipendentes
3077 1837 3226 1907 quod
3258 1836 3451 1906 legatis
3478 1835 3651 1903 ipsius
3681 1846 3781 1902 per

2140 1935 2536 1984 sacramentum
2614 1928 3023 1996 promiserant,
3093 1927 3287 1980 iterum
3364 1923 3783 1978 anathematiza-

2140 2019 2217 2075 vit
2244 2017 2373 2089 (71).
2406 2018 2553 2084 Quos
2583 2016 2653 2070 ob
2680 2016 2734 2071 id
2767 2029 2861 2070 rex
2891 2014 3205 2084 indignatus
3244 2014 3463 2068 minime
3503 2011 3778 2067 devitavit.

2140 2110 2202 2163 In
2242 2107 2433 2163 eadem
2475 2105 2684 2175 synodo
2736 2106 2890 2173 juxta
2928 2118 3198 2158 canonum
3254 2110 3456 2157 statuta
3512 2098 3785 2156 sententia

2143 2195 2509 2266 depositionis
2536 2193 2698 2249 simul
2729 2201 2783 2247 et
2821 2191 3404 2248 excommunicationis
3437 2190 3497 2221 ¹⁸⁸
3535 2193 3589 2245 in
3624 2191 3785 2245 [lein-

2148 2288 2322 2341 ricum
2389 2286 2769 2339 Nemctensem
2837 2283 3155 2351 episcopum
3222 2281 3347 2335 data
3386 2286 3467 2334 est
3512 2278 3647 2349 (72).
3687 2279 3789 2345 Qui

2146 2386 2247 2442 pro
2277 2373 2597 2442 Symoniaca
2633 2371 2812 2426 heresi
2837 2371 2947 2439 jam
2978 2370 3073 2424 ditt
3103 2369 3247 2439 apud
3279 2370 3574 2425 Romanam
3602 2368 3788 2423 sedem

2148 2462 2413 2516 canonice
2443 2460 2677 2526 delatus,
2711 2468 2765 2515 et
2804 2460 2870 2514 ad
2904 2473 3121 2514 causam
3167 2473 3320 2514 suam
3377 2456 3788 2513 examinandam

2150 2549 2284 2604 illud
2315 2556 2559 2621 vocatus,
2601 2550 2786 2604 venire
2817 2555 3109 2604 contumax
3139 2547 3465 2618 dedignatus
3492 2556 3594 2602 est.
3636 2548 3790 2601 Nunc

2153 2644 2332 2693 autem
2373 2639 2567 2693 mirum
2626 2639 2682 2692 in
2740 2637 2957 2693 modum
3013 2636 3201 2692 eadem
3241 2636 3331 2691 die
3387 2644 3442 2691 et
3496 2636 3630 2691 hora
3686 2650 3792 2704 qua

2153 2728 2340 2783 Roma:
2364 2726 2699 2796 judicialiter
2738 2726 3022 2795 depositus
3059 2725 3231 2796 gradu
3269 2730 3335 2780 tet
3380 2725 3701 2794 episcopatu
3741 2731 3796 2779 et

2156 2816 2529 2872 excommunis
2557 2814 2733 2870 factus
2780 2822 2883 2881 est,
2936 2823 3067 2870 tunc
3118 2815 3235 2883 ipse
3282 2814 3455 2883 Spirae
3504 2828 3655 2869 more
3692 2828 3792 2868 suo

2157 2904 2420 2959 deliciose
2453 2911 2780 2974 procuratus
2808 2904 2936 2959 dum
2967 2917 2997 2957 a
3027 2916 3213 2958 mensa
3243 2904 3498 2973 resurgit,
3531 2916 3657 2958 mox
3687 2909 3794 2957 tam

426 2993 734 3052 obsolentia
763 2994 1104 3049 luxurianter
1132 3007 1359 3062 prorsus
1389 2993 1768 3049 silvescentem
1805 2991 1864 3022 “7
1890 3035 1906 3058 ,
1954 2992 2074 3061 ipse
2158 2993 2473 3049 acutissimo
2504 2993 2714 3049 doloris
2742 2992 2955 3062 spiculo
3003 2997 3191 3062 guttur
3228 2992 3347 3060 ejus
3389 2990 3627 3046 letaliter
3657 3005 3797 3060 prte-

426 3090 606 3136 temen
643 3082 977 3136 authenticis
1023 3080 1310 3136 catholicis
1357 3087 1413 3136 et
1459 3082 1780 3151 apostolica:
1829 3069 2387 3149 animad-Cfocatur,
2423 3095 2490 3137 ne
2529 3081 2729 3137 dehinc
2775 3080 2880 3136 nisi
2933 3093 3155 3149 perraro
3202 3080 3427 3135 verbum
3474 3080 3686 3143 saltem,
3739 3093 3794 3135 et

427 3169 695 3225 versionis
731 3169 1016 3224 securibus
1042 3168 1144 3223 rite
1175 3170 1517 3238 attemptavit
1535 3183 1877 3239 expurgare;
1913 3170 2072 3238 cujus

428 3257 614 3328 spinas
645 3258 878 3314 tribulos
907 3262 963 3316 et
990 3258 1193 3313 zizania
1214 3257 1717 3328 praedecessoribus
1747 3259 1894 3314 illius
1921 3258 2074 3314 facil-

429 3347 613 3403 limum
648 3349 758 3417 jam
788 3355 899 3403 tum
930 3362 1031 3404 suo
1063 3354 1307 3417 tempore
1337 3347 1516 3403 fuerat
1545 3362 1669 3403 cnm
1715 3347 1848 3403 false
1898 3347 2072 3404 disci-

429 3435 619 3506 plinali
656 3435 858 3491 sensim
889 3435 1187 3501 demetere,
1230 3442 1343 3491 tum
1390 3435 1609 3491 sarculo
1649 3436 1942 3493 doctrinali
1993 3451 2077 3491 ra-

429 3523 632 3580 dicitus
661 3525 922 3580 exsarire.
956 3526 1099 3595 Ergo
1132 3524 1349 3594 regulas
1377 3531 1691 3580 sanctorum
1738 3518 1954 3580 Patrum
1981 3540 2076 3580 au-

431 3611 703 3668 thenticas
742 3626 841 3682 per
878 3612 1093 3684 singula
1122 3626 1268 3668 nunc
1306 3627 1480 3683 usque
1520 3613 1753 3670 concilia
1785 3613 1889 3669 rite
1918 3627 2075 3669 cons-

431 3702 623 3757 titutas
653 3702 935 3771 prOprium
967 3701 1140 3757 robur
1168 3702 1444 3768 obtinere,
1479 3707 1597 3758 toto
1616 3707 1808 3758 sancto
1838 3702 2075 3758 concilio

421 3789 527 3859 jud
546 3796 706 3845 caute
737 3797 791 3845 et
831 3789 1227 3851 concordante.
1281 3790 1586 3860 apostolica
1623 3791 1949 3847 auctoritate
1988 3791 2077 3845 ﬁr-

432 3878 677 3933 missime
709 3877 993 3944 decrevit;
1027 3884 1082 3933 et
1119 3879 1165 3931 si
1195 3878 1319 3947 quis
1355 3877 1443 3933 his
1490 3885 1783 3934 contumax
1812 3878 2075 3951 refragari

432 3965 865 4036 praesumpserit,
897 3979 928 4019 a
978 3964 1239 4020 membris
1288 3965 1555 4022 aecclesiae
1603 3968 1827 4023 omnino
1865 3968 2078 4024 alienus

432 4053 525 4109 sit.
558 4053 767 4108 Dehinc
812 4060 1017 4122 praeter
1064 4060 1264 4109 caetera
1315 4056 1470 4123 juxta
1529 4055 1634 4125 (70)
1692 4057 2072 4113 auctoritatem

432 4146 751 4197 sanctorum
774 4142 991 4197 Patrum
1022 4141 1079 4196 in
1100 4141 1290 4196 eadem
1311 4143 1523 4212 synodo
1545 4147 1872 4199 sententiam
1899 4144 2072 4211 dedit,

435 4237 495 4285 ut
513 4230 570 4286 hi
592 4230 686 4300 qui
707 4244 808 4300 per
830 4229 1207 4301 Symoniacam
1227 4230 1486 4299 heresim,
1518 4232 1624 4289 hoc
1654 4243 1737 4288 est
1764 4234 2074 4290 interventu

2158 3169 2265 3226 hoc
2294 3169 2361 3225 ad
2392 3183 2565 3239 usque
2597 3182 2753 3223 mane
2793 3168 2903 3223 diei
2935 3168 3217 3237 sequentis
3244 3168 3332 3222 vix
3370 3166 3616 3237 proferre
3646 3168 3795 3222 sufﬁ-

2155 3263 2326 3325 ceret,
2360 3265 2485 3327 post
2514 3256 2796 3314 meridiem
2818 3262 2994 3314 morte
3015 3258 3348 3312 amarissrma
3377 3258 3445 3310 ab
3474 3256 3795 3326 episcopatu

2155 3347 2315 3402 simul
2346 3352 2403 3402 et
2430 3347 2538 3401 vita
2592 3346 2900 3415 periculose
2949 3347 3082 3401 satis
3128 3345 3489 3414 deponendus
3531 3343 3693 3415 (73);
3739 3352 3797 3400 ut

2155 3436 2210 3490 in
2241 3437 2347 3492 hoc
2378 3435 2641 3491 miraculo
2681 3450 2744 3491 ea
2771 3436 2945 3491 virtus
2971 3435 3260 3490 verborum
3290 3436 3385 3489 Dei
3424 3442 3484 3489 ut
3514 3441 3568 3488 et
3596 3435 3798 3488 veritas

2157 3525 2609 3594 comprobaretur
2632 3544 2644 3579 :
2675 3526 3014 3594 Quacumque
3034 3523 3376 3592 atlignveritis
3394 3537 3552 3594 super
3579 3527 3796 3588 terram,

2157 3612 2323 3682 ligata
2351 3617 2499 3668 erunt
2536 3613 2658 3668 etin
2686 3612 2832 3668 creto.
2864 3643 2935 3652 —
2963 3613 3101 3667 Ecce
3135 3614 3246 3680 jam
3286 3613 3601 3682 evagiuatus
3647 3611 3797 3666 Petri

2158 3702 2371 3772 gladius
2394 3703 2565 3771 judex
2593 3702 2862 3758 fraudium
2892 3702 3290 3757 scientissimus
3308 3708 3364 3758 et
3385 3702 3438 3756 in
3454 3701 3799 3757 adversarios

2152 3791 2357 3848 zelotes
2387 3790 2818 3857 efﬁcacissimus,
2844 3805 2954 3860 quo
2980 3792 3098 3861 ipse
3118 3791 3378 3845 Ananiam
3412 3799 3467 3846 et
3506 3790 3797 3860 Saphiram

2156 3879 2228 3935 de
2258 3880 2444 3949 precio
2474 3880 2587 3950 agri
2610 3879 2924 3935 fraudanlcs
2941 3886 2995 3934 et
3012 3879 3238 3949 Spiritui
3258 3888 3448 3935 sancto
3472 3880 3803 3934 mentientes
3848 3918 3857 3923 υ

2158 3970 2463 4025 mortaliter
2490 3971 2762 4039 attigerat,
2796 3983 2905 4038 quo
2943 3970 3231 4038 Symonem
3270 3983 3491 4039 quoque
3530 3968 3806 4025 heresiar-

2157 4058 2313 4115 cham
2341 4060 2409 4114 de
2441 4057 2535 4114 illo
2565 4073 2665 4113 suo
2695 4058 2903 4114 caalesti
2945 4072 3175 4113 ascensu
3214 4059 3281 4113 ad
3316 4073 3487 4128 usque
3517 4066 3693 4113 terras
3743 4059 3800 4113 in

2157 4153 2396 4217 quatuor
2421 4146 2620 4203 frustra
2655 4146 2713 4178 “*9
2743 4147 3187 4217 discerpendum,
3215 4156 3271 4202 et
3300 4148 3500 4203 dehinc
3525 4148 3593 4203 ad
3625 4162 3802 4217 usque

2158 4235 2366 4291 inferos
2394 4243 2662 4306 perpetuo
2688 4235 3054 4290 damnandum
3086 4236 3384 4305 dejecerat,
3416 4251 3560 4291 nunc
3581 4245 3630 4291 et
3654 4250 3805 4291 sem-

435 4318 628 4388 precii,
652 4318 719 4374 ad
750 4318 990 4389 aliquem
1020 4333 1303 4376 sacrorum
1333 4320 1587 4377 ordinum
1619 4322 1846 4392 gradum
1885 4323 1969 4378 vel
2001 4320 2079 4378 of-
2098 4393 2121 4395 ᾉ
2157 4338 2257 4394 per
2284 4324 2353 4379 ab
2383 4325 2639 4379 omnibus
2675 4325 3012 4395 Symoniacis
3032 4330 3183 4380 tanto
3205 4324 3497 4380 sollicitius
3520 4325 3799 4391 timeatur,

434 4407 616 4464 ﬁcium
638 4408 878 4477 promoti
898 4415 1047 4475 sunt,
1064 4408 1273 4464 nullum
1297 4410 1353 4464 in
1375 4417 1562 4466 sancta
1575 4411 1824 4467 atcclesia
1846 4411 2076 4467 ulterius
2094 4393 2367 4482 Dquanto
2398 4426 2509 4468 non
2540 4420 2621 4469 est
2652 4393 2990 4469 defensionis
3018 4413 3244 4483 clypeus
3283 4421 3487 4483 praeter
3533 4415 3802 4485 paeniten-

434 4496 780 4553 ministrandi
800 4497 983 4553 locum
1008 4498 1267 4566 habeant;
1292 4498 1371 4553 illi
1397 4512 1639 4569 quoque,
1673 4501 1767 4568 qui
1799 4501 2080 4556 aacclesias

435 4585 659 4642 datione
696 4586 949 4656 pecuniae
972 4587 1229 4643 obtinent
1250 4586 1333 4643 vel
1356 4587 1957 4655 obtinuerint,omnino
1988 4604 2080 4646 eas

434 4674 706 4731 amittant.
737 4676 851 4732 Nec
881 4675 1146 4747 deinceps
1182 4675 1346 4732 alicui
1383 4676 1622 4733 vendere
1652 4691 1746 4734 eas
1773 4685 1867 4734 aut
1896 4692 2077 4736 emere

2163 4501 2289 4556 tiam
2318 4501 2635 4571 perfectam,
2667 4516 2777 4571 quo
2805 4510 2910 4557 tam
2942 4501 3138 4572 longus
3186 4503 3541 4571 penetrabilis
3593 4509 3647 4558 et
3687 4504 3804 4558 ine-

2159 4591 2399 4647 vitabilis
2426 4591 2622 4646 vindex
2653 4605 2879 4661 usquam
2911 4597 3305 4660 prtecaveatur.

2231 4679 2518 4736 Prtedictis
2570 4684 2751 4735 autem
2818 4685 2874 4734 et
2937 4680 3193 4737 omnibus
3245 4679 3415 4737 ferme
3478 4680 3801 4752 apostolicae

1794 4851 2017 4908 VARUE
2072 4852 2355 4908 LECTION
2358 4853 2437 4908 ES

510 4990 571 5023 ¹⁸⁷
601 4989 886 5049 invenerat
912 4992 1095 5051 inserit
1127 4990 1246 5051 Uss.
1277 4989 1603 5052 silvescente
1640 4988 1695 5049 2.
1773 4991 1835 5028 “3
1871 4994 2362 5055 excommunicatio
2399 4995 2453 5051 2.
2500 4996 2618 5053 Uss.
2700 4995 2759 5028 M
2796 4992 2997 5054 frustra
3036 4997 3091 5052 2.

2018 5140 2233 5196 ΝΟΤιΕ.

518 5275 625 5353 (79)
689 5278 855 5353 Juxta
919 5278 1278 5353 auctoritatem
1345 5306 1414 5320 --
1474 5279 1655 5353 pepuli
1724 5281 2032 5353 resipiscam
2067 5323 2081 5347 ,

446 5348 635 5417 paucis
663 5349 885 5405 mutatis
914 5355 970 5405 et
1005 5352 1252 5420 Gregorii
1298 5348 1662 5421 papae'epist.
1712 5351 1779 5407 ad
1826 5348 2083 5408 Dttonem

442 5421 914 5491 Constantiensem
981 5421 1300 5491 episcopum
1366 5431 1582 5491 sumpta
1646 5429 1804 5486 sunt,
1871 5423 2080 5483 Mansi.

444 5497 484 5547 t.
517 5490 606 5563 ΧΧ
638 5505 693 5561 p.
724 5490 859 5563 404.
883 5490 1038 5563 Apud
1079 5490 1407 5551 Bernoldum
1436 5490 1627 5563 opusc.
1672 5508 1748 5561 1v,
1787 5494 1832 5558 l,
1866 5508 1921 5563 p.
1952 5494 2080 5559 272,

443 5561 634 5618 eadem
666 5561 898 5631 epistola
938 5562 1156 5633 legitur.

2241 5278 2342 5352 (71)
2372 5282 2539 5337 Conc.
2571 5281 2728 5338 Rom.
2763 5296 2824 5339 ιῐ.
2859 5281 3026 5339 Mans.
3060 5288 3100 5339 t.
3133 5283 3243 5351 ΧΧ,
3277 5297 3332 5354 p.
3364 5281 3491 5338 443.

2242 5370 2345 5438 (72)
2378 5371 2547 5426 Conc.
2577 5372 2734 5428 Rom.
2768 5387 2828 5435 ιι,
2862 5371 2900 5428 1.
2942 5373 2980 5428 l.

2237 5457 2343 5532 (73)
2374 5462 2502 5515 Haec
2540 5461 2730 5518 eadem
2770 5460 2936 5518 refert
2965 5462 3269 5519 Bernoldus
3312 5476 3503 5532 opusc.
3538 5476 3618 5530 ill,
3652 5474 3740 5531 ep.
3775 5461 3816 5514 5

2166 5530 2231 5587 ad
2264 5530 2575 5599 Alboinum,
2611 5547 2664 5588 η.
2696 5533 2786 5589 22.
2919 5555 2949 5584 ο
