4100 6166
177 391 262 446 361

1431 379 1757 434 ANNALES.
1799 406 1870 417 —
1906 377 2016 432 AN.
2066 338 2251 431 1075f

3405 375 3508 429 362

177 514 304 572 sedis
347 508 559 567 statutis
591 509 646 564 in
693 507 936 564 diversas
984 505 1263 563 ecclesias
1307 512 1401 561 aut
1447 519 1548 576 per
1575 504 2043 565 litterasAverat.
2093 503 2335 558 Saxones
2381 507 2562 558 autem
2593 499 2707 557 viso
2753 499 2822 556 de
2871 504 3096 569 repente
3145 498 3382 555 hostium
3421 501 3511 556 in-

177 611 254 661 aut
289 615 382 672 per
409 598 658 654 mandata
698 596 1076 668 promulgatis,
1116 611 1254 667 pene
1294 595 1548 651 omnibus
1587 593 1792 650 resisti-

181 706 276 759 tur;
306 697 352 746 et
374 689 498 745 inde
525 688 815 743 maximum
841 687 1029 742 odium
1059 687 1115 741 in
1138 685 1397 741 domuum
1427 683 1791 755 apostolicum

177 788 221 837 et
248 781 297 835 in
343 790 644 848 perpaucos
673 789 771 832 eos
818 776 912 845 qui
960 775 1314 831 consentiunt
1352 775 1424 841 ei,
1474 779 1528 829 et
1561 773 1792 828 maxima

174 869 400 925 scismata
473 866 941 934 circumquaque,
1003 872 1087 920 set
1143 863 1374 919 maxime
1449 877 1480 918 a
1535 862 1792 931 clericis,

178 959 385 1015 excitata
413 962 560 1012 sunt.
607 956 673 1010 Et
702 954 831 1024 quia
870 968 1050 1010 causa
1099 966 1420 1009 communes
1466 958 1613 1018 sunt,
1647 965 1794 1022 prae-

178 1046 306 1117 cepit
331 1045 563 1101 domnus
601 1057 741 1113 papa
770 1043 841 1098 ob
871 1057 966 1098 eas
994 1041 1259 1098 canonice
1301 1040 1650 1097 difﬁniendas
1689 1042 1799 1095 Mo-

176 1133 401 1208 gonciaci
445 1131 753 1188 universale
797 1131 916 1186 ﬁeri
965 1130 1259 1186 concilium
1295 1129 1441 1202 (74).
1491 1129 1646 1198 Quod
1687 1131 1798 1198 jam

177 1223 604 1293 archiepiscopus
631 1223 746 1278 suis
775 1220 1132 1292 suﬂ'raganeis
1174 1219 1241 1275 16
1268 1219 1387 1276 Kal.
1419 1222 1569 1290 Sept.
1603 1219 1800 1275 obser-

180 1314 386 1371 vandum
445 1311 706 1368 innotuit.
757 1311 859 1378 Qui
893 1311 952 1340 ¹⁵⁰
1003 1313 1115 1380 jam
1162 1316 1294 1366 tunc
1348 1308 1800 1366 inobtedientiam

179 1401 601 1474 praemeditantes
633 1443 647 1466 ,
706 1404 1027 1471 contempto
1095 1398 1404 1470 apostolico
1471 1404 1752 1469 praecepto
1787 1440 1802 1466 ,

177 1491 413 1549 infectum
453 1490 778 1546 dimiserant
799 1488 878 1544 ¹⁸¹.

239 1581 484 1638 Heinrico
555 1577 945 1634 miserabiliter
1020 1575 1311 1634 decedenti
1399 1578 1766 1633 Outzmannus
1789 1618 1804 1643 ,

178 1670 430 1740 Spirensis
475 1667 748 1725 ecclesiae
797 1666 1122 1732 canonicus,
1171 1666 1458 1722 successit.
1519 1665 1810 1722 Heinricus

178 1773 262 1812 rex
284 1757 486 1813 Pascha
527 1756 671 1827 apud
715 1757 1067 1811 Wormatiam
1098 1753 1396 1810 celebravit.
1437 1757 1506 1810 Et
1531 1759 1649 1825 post
1682 1768 1811 1825 pcn-

1875 607 2037 649 cursu
2084 592 2396 658 bellacium,
2447 591 2690 662 quamvis
2748 589 2984 660 stupidis
3037 595 3093 644 et
3141 601 3253 644 non
3309 589 3510 658 injuste

1876 682 2206 753 perterritis,
2241 697 2300 737 se
2349 697 2416 737 ex
2463 681 2696 737 consilio
2744 693 2954 736 armare
2994 686 3048 735 et
3096 679 3244 734 acies
3283 691 3411 734 suas
3456 679 3513 733 in

1876 785 2110 841 pugnam
2145 771 2299 840 juxta
2337 771 2557 826 solitum
2588 769 2884 836 ordinare;
2924 783 3103 840 neque
3142 768 3299 824 locus
3337 781 3514 838 neque

1875 866 2092 928 tempus
2121 863 2372 925 restaret,
2405 865 2585 914 tamen
2614 858 2945 924 inordinate,
2979 864 3033 914 et
3065 863 3227 928 prout
3255 855 3519 913 articulus

1877 948 2144 1019 temporis
2179 955 2595 1004 momentaneus
2631 948 2880 1017 dederat,
2921 948 3252 1005 tumultuose
3291 945 3520 1004 omnifa-

1879 1039 2015 1094 riam
2063 1038 2300 1107 arreptis
2345 1037 2511 1092 armis
2559 1052 2835 1109 pugnaces
2881 1052 2977 1094 eos
3036 1039 3516 1108 praestolabantur.

1881 1129 1947 1184 Et
1974 1126 2055 1183 sic
2092 1127 2295 1182 bellum
2333 1141 2363 1181 a
2401 1127 2739 1182 nostratibus
2777 1127 3045 1183 audenter
3084 1128 3382 1199 inceptum,
3423 1129 3524 1184 du-

1883 1216 2096 1272 rissime
2152 1216 2220 1270 ab
2276 1215 2524 1284 utrisque
2590 1215 2644 1269 in
2702 1215 3023 1271 alterutrum
3087 1219 3372 1286 permixtis
3426 1218 3525 1274 ali-

1885 1305 2145 1376 quamdiu
2193 1305 2501 1360 duraverat.
2560 1304 2798 1360 Tandem
2844 1319 2974 1360 vero
3029 1306 3272 1362 Saxones
3317 1308 3424 1363 vim
3472 1313 3527 1364 et

1885 1396 2148 1465 impetum
2196 1393 2537 1459 bellantium,
2571 1399 2762 1463 utpote
2809 1393 2876 1449 ad
2927 1408 3162 1466 pugnam
3214 1397 3527 1453 omnimode

1886 1485 2304 1549 instructorum,
2337 1483 2546 1538 diutius
2590 1481 2734 1538 ferre
2772 1496 2884 1538 non
2932 1483 3290 1551 sufficientes,
3345 1484 3528 1557 fugam

1888 1573 2163 1628 adierunt.
2214 1574 2279 1628 Et
2310 1570 2479 1628 ferme
2528 1572 2593 1628 ad
2644 1571 2753 1628 duo
2803 1571 3036 1627 miliaria
3083 1573 3384 1630 crudeliter
3433 1588 3532 1630 eos

1889 1661 2163 1732 fugientes
2199 1661 2433 1717 insecuti
2479 1667 2626 1727 sunt,
2659 1661 2859 1716 dehinc
2906 1661 3295 1717 auxiliantibus
3333 1663 3415 1717 eis
3461 1664 3530 1718 ab

1893 1758 2128 1821 utroque
2149 1752 2319 1808 latere
2341 1751 2480 1807 duce
2498 1751 2766 1807 Gotifrido
2799 1756 2853 1806 et
2876 1751 3015 1806 duce
3038 1752 3379 1806 Boemiorum
3398 1750 3528 1821 (75).

181 1851 379 1902 tecosten
425 1846 718 1900 exercitum
763 1857 993 1900 numero
1035 1856 1146 1899 non
1185 1842 1459 1906 modicum
1499 1843 1557 1897 in
1595 1841 1955 1900 Panno-BEt
1981 1841 2314 1898 ceciderunt
2361 1856 2427 1898 ex
2474 1842 2554 1896 eis
2601 1841 2668 1896 ad
2720 1848 2847 1897 octo
2897 1839 3064 1896 ferme
3115 1841 3284 1896 milia.
3340 1841 3532 1896 Plures

179 1934 280 1988 nias
322 1933 500 2003 palam
551 1940 711 1988 antea
762 1935 1159 2002 praeparatum,
1211 1937 1341 1986 tunc
1397 1931 1456 1985 in
1511 1930 1810 1986 Saxoniam

181 2021 237 2076 de
287 2029 515 2092 repente
568 2022 846 2092 promovit.
906 2021 1148 2078 Saxones
1206 2024 1386 2074 autem
1445 2023 1501 2074 et
1546 2017 1810 2088 Thoringi

179 2116 443 2180 comperto
497 2111 610 2180 jam
659 2109 863 2165 dudum
922 2109 1030 2164 hoc
1086 2109 1387 2164 invasionis
1443 2112 1551 2162 tam
1600 2105 1809 2162 dolosa:

179 2198 412 2265 consilio,
447 2206 507 2254 et
536 2199 641 2269 ipsi
679 2203 942 2269 quantum
986 2211 1088 2268 pro
1127 2197 1392 2268 temporis
1439 2195 1672 2252 articulo
1703 2207 1810 2264 po-

178 2292 356 2353 terant,
392 2286 539 2344 facta
589 2288 1002 2358 conspiratione
1044 2300 1336 2343 occurrere
1379 2286 1492 2356 regi
1531 2284 1813 2340 delibera-

177 2376 326 2441 bant;
386 2391 454 2433 ea
503 2384 685 2433 tamen
750 2377 947 2432 intenti
1009 2376 1284 2445 pactione,
1344 2379 1406 2430 ut
1456 2375 1502 2429 si
1561 2373 1814 2443 quolibet

175 2466 442 2522 molimine
507 2480 630 2522 cum
691 2464 967 2534 corporali
1014 2479 1112 2520 sua
1167 2465 1341 2520 salute
1390 2469 1445 2519 et
1500 2463 1815 2534 integritate

176 2569 450 2622 concessa,
497 2562 552 2611 et
601 2561 950 2624 paternarum
999 2553 1178 2624 legum
1227 2559 1282 2608 et
1313 2553 1648 2622 justitiarum
1694 2553 1818 2621 jure

177 2651 400 2711 retento,
438 2643 559 2713 regi
609 2648 835 2712 possent
871 2640 1210 2708 satisfacere,
1242 2641 1311 2697 ad
1342 2641 1681 2696 deditionem
1712 2638 1819 2708 ipsi

178 2747 224 2788 se
247 2732 648 2799 humiliarent;
698 2732 785 2787 sin
824 2737 1026 2797 autem,
1063 2731 1248 2800 potius
1286 2743 1388 2800 pro
1427 2730 1556 2796 vita,
1588 2743 1688 2800 pro
1720 2741 1821 2798 pa-

180 2823 286 2890 tria,
318 2835 541 2892 proque
590 2821 707 2876 suis
755 2821 1010 2876 omnibus
1055 2819 1368 2875 inordinata
1408 2819 1510 2874 hac
1553 2818 1700 2889 regis
1731 2829 1823 2873 co-

183 2911 379 2967 actione
439 2909 742 2980 pugnando
801 2909 1129 2964 innocenter
1185 2908 1598 2972 occumberent,
1659 2919 1821 2976 quam

187 3001 405 3070 seipsos
441 3000 654 3069 absque
693 2998 856 3068 culpa
908 2997 1334 3054 intolerabiliter
1382 2995 1821 3062 discruciandos,

189 3102 400 3159 cumque
428 3089 552 3145 suis
581 3088 856 3154 omnibus,
879 3094 940 3142 ut
966 3091 1127 3143 antea
1156 3087 1429 3152 solebant,
1452 3087 1568 3157 regi
1599 3085 1822 3155 suisque

1893 1938 2076 1988 autem
2123 1931 2430 1999 vulnerati,
2488 1931 2576 1986 vix
2623 1930 2747 2002 fuga
2799 1931 2995 2001 dilapsi
3045 1937 3193 1986 sunt.
3244 1933 3531 1986 Nostrates

1891 2021 2110 2077 tandem
2157 2021 2385 2076 victoria
2433 2019 2678 2090 quamvis
2725 2026 2950 2074 cruenta
3001 2020 3182 2090 potiti,
3225 2021 3429 2090 quippe
3469 2033 3537 2076 cx

1893 2111 1973 2167 eis
2003 2111 2126 2182 plus
2154 2124 2315 2181 quam
2346 2109 2494 2165 mille
2525 2109 2812 2180 quingenti
2833 2108 2895 2140 ¹⁸³
2930 2108 3204 2164 interfecti
3235 2118 3381 2176 sunt,
3416 2124 3538 2180 per—

1892 2214 2018 2254 vasa
2064 2199 2158 2254 illa
2209 2198 2384 2268 patria
2432 2205 2488 2253 et
2536 2197 2808 2252 incendiis
2864 2197 3176 2268 prmdisque
3226 2214 3292 2254 ex
3346 2213 3540 2269 magna

1895 2295 2049 2360 parte
2087 2289 2384 2355 devastata,
2428 2286 2629 2343 infecta
2669 2301 2832 2342 causa
2873 2294 2928 2342 et
2971 2302 3098 2358 rege
3138 2288 3536 2358 aliquantulum

1897 2378 2126 2446 offenso,
2151 2378 2541 2448 repatriabant.
2565 2379 2692 2433 Otto
2724 2383 2905 2433 autem
2937 2377 3211 2447 quondam
3234 2377 3346 2433 dux
3376 2376 3538 2447 (75*),

1899 2474 1954 2525 et
1998 2469 2222 2538 Magnus
2259 2469 2390 2535 dux,
2433 2473 2488 2523 et
2525 2466 2712 2522 caeteri
2760 2469 2995 2536 majores
3041 2468 3313 2523 Saxonum
3363 2467 3542 2522 adhuc

1900 2559 1957 2613 in
2004 2557 2383 2626 perduellione
2413 2557 2602 2613 eadem
2633 2563 2689 2611 et
2726 2557 2939 2613 ratione
2979 2571 3085 2627 qua
3134 2558 3287 2627 prius
3325 2556 3542 2613 demum

1902 2652 2028 2716 post
2055 2644 2234 2716 fugam
2274 2645 2509 2702 rebelles
2541 2653 2596 2702 et
2647 2659 2922 2716 pugnaces
2971 2646 3326 2716 pertinaciter
3373 2645 3548 2701 dura-

1901 2739 2116 2789 verunt.

1975 2822 2183 2878 Dehinc
2213 2821 2380 2893 igitur
2407 2822 2706 2878 autumnali
2754 2829 3001 2894 tempore
3033 2837 3128 2879 rex
3168 2824 3297 2879 item
3347 2823 3548 2894 passim

1903 2912 2203 2968 recollecto
2243 2917 2298 2966 et
2328 2911 2709 2982 undecumque
2749 2912 2992 2982 praemiis
3027 2912 3302 2969 conducto
3340 2913 3550 2968 militiae

1905 3015 2016 3058 non
2058 3015 2236 3070 parvae
2274 3007 2562 3070 apparatu,
2595 3004 2867 3057 Saxonum
2907 3001 3170 3072 reliquias
3217 3001 3552 3072 perdoman-

1906 3091 2004 3146 das
2040 3089 2257 3160 sibique
2296 3089 2364 3145 ad
2414 3089 2626 3146 libitum
2675 3105 2830 3146 suum
2879 3091 3289 3161 mancipandas,
3331 3092 3552 3147 commi-

191 3177 435 3234 militibus
483 3176 832 3248 diripiendos
889 3181 945 3232 et
996 3175 1389 3246 mancipandos
1444 3173 2120 3246 imprudenterCnatorio
2159 3179 2319 3235 simul
2351 3186 2406 3236 et
2453 3181 2812 3250 promissorio
2851 3181 3184 3238 sermocinio
3222 3181 3553 3237 artificiosus

194 3267 592 3324 contraderent.

253 3356 360 3412 Rex
405 3363 599 3413 autem
647 3355 753 3410 alia
801 3355 1081 3410 animosus
1128 3353 1438 3410 intentione
1482 3359 1728 3419 venerat,
1761 3366 1825 3408 ea

193 3445 398 3508 scilicet.
433 3446 542 3502 nisi
582 3445 790 3514 absque
819 3445 967 3500 omni
998 3443 1318 3500 conditione
1357 3443 1671 3512 bujusmodi
1703 3455 1825 3498 sese

196 3546 302 3589 reos
326 3537 377 3590 in
409 3536 570 3591 illius
601 3548 792 3590 manus
819 3533 1123 3599 dedissent,
1157 3534 1250 3603 qui
1290 3532 1469 3588 honor
1496 3546 1628 3587 suus
1657 3536 1824 3597 esset,

197 3624 392 3681 omnino
422 3622 865 3680 satisfactionem
917 3623 1137 3678 illorum
1187 3621 1436 3691 recipere
1479 3620 1691 3688 nollet;
1740 3621 1826 3676 sin

199 3717 372 3779 autem,
412 3713 569 3771 bello
614 3726 737 3768 cum
777 3713 858 3767 eis
905 3710 1090 3781 potius
1137 3710 1468 3776 decertaret,
1509 3722 1620 3778 quo
1655 3721 1830 3778 usque

198 3798 253 3852 ad
280 3800 484 3859 libitum
536 3815 707 3858 suum
751 3813 878 3856 reos
906 3799 963 3854 in
993 3813 1054 3854 se
1101 3797 1500 3868 perduellionis
1537 3797 1712 3854 victos
1740 3813 1833 3853 su-

200 3885 402 3958 bigeret.
441 3889 614 3960 Quod
667 3888 795 3959 ipsi,
821 3889 1012 3958 jugum
1059 3886 1401 3942 subactionls
1443 3899 1604 3956 grave
1646 3886 1827 3952 nimis,

199 3976 339 4035 immo
367 3983 555 4050 potius
613 3979 838 4034 omnino
873 3975 1225 4033 durissimum
1261 3974 1378 4032 fore
1417 3981 1732 4045 pensantes,
1767 3977 1832 4031 il-

202 4064 276 4121 lud
314 4071 418 4137 jam
449 4074 655 4140 utpote
704 4067 864 4137 inpar
893 4071 948 4121 et
986 4064 1316 4135 inportabile
1355 4064 1662 4120 cervicibus
1692 4065 1828 4132 suis,

203 4167 293 4212 non
320 4171 476 4228 posse
517 4169 760 4229 prorsus
797 4155 974 4211 libero
1012 4167 1113 4210 suo
1151 4153 1296 4210 collo
1334 4152 1553 4225 longius
1588 4154 1828 4221 trahere,

204 4247 402 4311 querula
428 4249 568 4304 satis
607 4245 1042 4316 proclamatione
1072 4243 1470 4299 detrectabant.

261 4335 362 4391 Rex
402 4338 656 4408 denique
705 4335 813 4392 hoc
859 4348 982 4390 cum
1030 4333 1146 4390 suis
1193 4337 1249 4388 et
1286 4333 1440 4403 regni
1478 4331 1835 4402 optimatibus

208 4425 409 4482 consilio
456 4427 652 4482 minus
697 4425 995 4480 salubriter
1040 4423 1443 4479 communicato
1467 4464 1482 4490 ,
1540 4423 1688 4478 acies
1734 4435 1832 4478 ca-

1905 3270 2038 3324 satis
2067 3275 2123 3326 et
2173 3269 2518 3340 importunus
2563 3269 2897 3340 aggreditur.
2950 3271 3103 3326 Pium
3148 3276 3203 3326 et
3249 3285 3349 3340 pro
3398 3277 3552 3326 certo

1907 3360 2114 3426 mitem,
2167 3359 2688 3426 reconciliatorium,
2738 3358 3075 3426 munificum,
3108 3365 3165 3414 et
3201 3359 3256 3413 in
3298 3365 3555 3427 paternas

1908 3460 2097 3502 eorum
2129 3445 2279 3516 leges
2308 3452 2363 3502 et
2394 3447 2636 3516 justitias
2665 3446 2880 3501 cunctis
2907 3446 3013 3499 sibi
3043 3445 3556 3514 obtemperantibus

1903 3533 2146 3604 judicem
2200 3540 2582 3603 rectoremque
2637 3533 3001 3602 justissimum
3057 3547 3178 3588 sese
3239 3539 3440 3589 extunc
3497 3535 3554 3588 in

1911 3629 2191 3693 posterum
2240 3621 2357 3677 fore
2407 3622 2784 3691 profitebatur,
2827 3627 2882 3676 et
2929 3622 3031 3676 sub
3080 3621 3462 3692 jurejurando,
3497 3629 3557 3678 ut

1911 3712 2084 3776 aiunt,
2127 3709 2492 3766 blanditiosus
2539 3710 2765 3766 multum
2818 3709 2952 3766 illud
3012 3709 3458 3781 protestabatur;
3509 3712 3556 3768 si

1912 3806 2092 3856 autem
2127 3814 2156 3855 e
2187 3800 2466 3856 contrario
2498 3799 2811 3870 perduelles
2857 3799 3171 3870 bujusmodi
3209 3802 3558 3858 sermonibus

1913 3902 2022 3945 non
2075 3890 2510 3959 acquiescerent,
2551 3904 2611 3945 se
2659 3888 2787 3956 illis,
2834 3891 3016 3960 quoad
3066 3891 3292 3958 viveret,
3335 3891 3555 3958 durum,

1913 3978 2338 4046 calumniosum,
2389 3977 2728 4034 omnifariam
2777 3979 3112 4050 inquietum,
3165 3986 3220 4037 et
3265 3980 3335 4037 ad
3382 3981 3555 4052 ipsam

1913 4083 2087 4138 usque
2139 4067 2436 4138 perniciem
2495 4067 2711 4124 illorum
2766 4069 3068 4138 inimicum,
3118 4076 3174 4126 et
3221 4071 3558 4141 direptorem

1912 4155 2324 4212 infestissimum
2389 4157 2781 4228 experiendum
2838 4166 2893 4214 et
2957 4159 3339 4215 sustinendum
3397 4159 3515 4216 fore
3543 4204 3557 4229 ,

1913 4247 2098 4303 minax
2125 4247 2259 4302 satis
2287 4251 2342 4302 et
2379 4247 2652 4303 terriﬁcus
2701 4248 3055 4317 pertinaciter
3102 4247 3428 4302 intentabat.
3463 4249 3560 4302 His

1916 4344 1972 4394 et
2018 4335 2329 4406 bujusmodi
2377 4336 2433 4390 in
2466 4343 2751 4406 utramque
2793 4341 2998 4404 partem
3049 4349 3148 4403 per
3185 4334 3559 4403 suaviloquos,

1917 4425 2114 4493 illices,
2162 4431 2217 4480 et
2272 4429 2629 4494 corruptores
2684 4423 3056 4479 internuntios
3111 4424 3274 4478 minis
3329 4427 3385 4478 et
3434 4436 3562 4492 pro-

209 4516 414 4572 strorum
462 4516 644 4573 armis
690 4513 936 4571 officiose
983 4513 1299 4578 instructas,
1341 4511 1495 4581 prior
1533 4512 1588 4566 in
1626 4525 1723 4568 eos
1764 4508 2099 4571 exDmissis
2145 4515 2477 4570 astutissime
2516 4514 2716 4569 viritim
2757 4511 3146 4579 disseminatis,
3189 4511 3406 4568 tandem
3446 4512 3562 4583 regi

210 4599 456 4674 inproviso
534 4602 890 4676 appetendos
945 4601 1277 4657 artificiosus
1336 4600 1700 4657 ordinaverat.
1771 4603 1835 4656 Et

207 4686 406 4749 ducibus
431 4695 867 4751 Alamannorum
899 4691 960 4722 "’
999 4695 1054 4746 et
1084 4688 1457 4759 Bajoariorum
1484 4703 1608 4744 cum
1638 4689 1836 4745 cohor-

212 4777 334 4836 tibus
371 4784 484 4839 suis
528 4781 821 4839 bellicosis
857 4777 924 4835 ad
974 4777 1204 4848 primam
1253 4778 1570 4844 coitionem,
1603 4785 1662 4833 ut
1691 4784 1746 4834 et
1774 4793 1833 4833 se

217 4864 284 4924 lex
323 4870 483 4929 habet
533 4870 892 4928 Alemannica
933 4867 1031 4937 ¹⁸³,
1089 4874 1215 4923 ante
1261 4881 1321 4923 se
1369 4873 1528 4922 caute
1579 4868 1832 4925 nimirum

218 4963 506 5030 praemissis,
540 4963 664 5033 ipse
695 4974 754 5016 se
804 4964 954 5015 retro
1002 4971 1125 5014 cum
1172 4957 1288 5013 suis
1335 4956 1682 5014 electissimis
1724 4959 1836 5014 illis

217 5043 309 5104 fore
339 5051 598 5121 presidio
649 5054 706 5106 et
751 5047 1027 5118 adjutorio
1074 5046 1374 5118 prudenter
1419 5047 1554 5104 satis
1585 5045 1836 5104 destina-

1917 4605 2080 4661 etiam
2121 4605 2192 4660 ob
2222 4608 2304 4658 tot
2349 4603 2579 4673 injurias
2629 4603 2739 4658 illis
2785 4602 2963 4658 illatas
2991 4603 3147 4672 quasi
3187 4601 3436 4659 dolorem
3478 4601 3558 4656 si-

1917 4692 2143 4749 mulanti
2193 4692 2646 4763 ptenitentialem,
2680 4691 2904 4747 nimium
2943 4691 3155 4748 creduli
3186 4695 3241 4747 et
3279 4690 3561 4748 conﬁden-

1917 4788 2000 4838 tes
2030 4780 2207 4837 effecti
2239 4787 2386 4849 sunt,
2411 4781 2714 4852 praesertim
2744 4795 2866 4836 cum
2898 4786 3101 4850 praeter
3129 4780 3270 4848 haec,
3292 4786 3353 4836 ut
3382 4781 3558 4850 aiunt,

1917 4871 2052 4941 ipsis
2098 4886 2165 4926 ex
2212 4878 2364 4941 parte
2415 4871 2563 4927 illius
2608 4869 2951 4926 sanctissime
2999 4869 3139 4924 clam
3181 4870 3364 4939 jurata
3410 4876 3559 4937 sunt,

1917 4960 2168 5029 inprimis
2205 4965 2460 5029 ex0ptata
2489 4961 2614 5015 vitae
2660 4957 2949 5026 securitas,
2984 4957 3136 5029 pacis
3174 4956 3412 5029 fideique
3452 4973 3564 5015 non

1916 5051 2056 5106 fictae
2112 5047 2291 5106 foedus
2346 5049 2682 5116 inviolabile,
2733 5048 3068 5119 justitiarum
3128 5048 3420 5121 legumque
3475 5063 3572 5119 pa-

1549 5200 1772 5256 νΑιιιλΕ
1826 5201 2213 5259 LECTIONES.

279 5313 331 5344 "'
362 5318 476 5385 Quo
505 5317 563 5375 2.
605 5320 724 5375 Uss.
822 5316 880 5349 ¹⁸¹
919 5317 1003 5374 hic
1029 5330 1134 5372 non
1162 5315 1496 5385 distinguitur
1523 5319 1577 5374 in
1603 5319 1657 5375 2.

1757 5320 1816 5352 ’δ’
1853 5322 1931 5377 ita
1957 5319 2011 5374 2.

2108 5319 2170 5352 ¹⁸³
2206 5320 2344 5377 Nota
2388 5317 3010 5390 legemdalama‘nnicam
3040 5317 3095 5374 id
3136 5322 3221 5374 est
3265 5328 3569 5375 sueuorum

225 5386 347 5449 quod
375 5390 430 5446 in
458 5392 643 5463 prima
670 5390 789 5448 acie
819 5403 1039 5460 semper
1067 5387 1306 5444 debeant
1334 5402 1597 5459 pugnare,
1629 5391 1808 5460 glossa
1834 5407 1958 5448 εωε.
1990 5394 2150 5449 XVI.
2180 5393 2236 5447 in
2261 5392 2316 5446 2.
2394 5386 2469 5422 '5‘
2493 5388 2641 5446 mille
2673 5390 2734 5445 D.
2766 5388 2820 5443 2.

1783 5515 2000 5573 NOTAE.

281 5634 392 5712 (74)
450 5645 710 5717 Gregorii,
745 5643 845 5717 ,VII
899 5638 1110 5713 Regist.
1157 5653 1242 5708 ιιι,
1289 5638 1346 5710 4,
1395 5637 1465 5696 ad
1513 5637 1844 5711 Sigefridum

224 5701 595 5779 Ue‘guﬁtinum”
605 5701 853 5786 archiep.

412 5813 664 5876 Ριτιιοι..
691 5811 934 5874 CXLVII.

2069 5642 2130 5716 ξ)
2172 5641 2486 5716 Wratislao.

2033 5712 2158 5787 75*)
2200 5714 2486 5786 Bajoariaa,
2517 5717 2573 5770 et
2599 5712 2822 5785 Magnus
2849 5713 3122 5773 Saxonize.

3303 5813 3368 5869 l2
