4100 6166
225 352 314 409 365

1472 349 1796 407 ANNALES.
1837 379 1909 390 —

1944 351 2056 406 AN.
2102 348 2258 406 1076.
3450 355 3556 412 366

225 476 524 548 contemptui
554 474 745 530 haberi
775 481 1049 542 cerneret,
1099 473 1279 530 adhuc
1322 473 1636 531 induratum
1667 477 1965 535 suumAet
1991 475 2121 532 ﬁliis
2164 489 2353 532 eorum
2410 475 2466 531 in
2514 474 2572 531 id
2630 475 2807 546 ipsum
2847 478 3256 545 consentaneis,
3303 480 3414 547 jam
3453 482 3552 538 ali-

223 569 290 624 vel
316 565 468 622 semel
499 571 822 634 attemptare
856 563 1166 634 proposuit,
1199 570 1255 620 et
1286 569 1398 620 tres
1425 564 1574 620 viros
1601 565 1822 636 religio-

223 671 298 712 sos
317 654 414 724 (83)
441 653 613 724 ipsius
641 653 832 723 utique
864 653 1074 720 fideles,
1115 668 1460 725 quorumque
1500 655 1641 710 duos
1669 655 1736 709 ad
1765 669 1824 711 se

221 748 435 809 Romam,
484 750 674 812 utpote
705 744 926 798 caeteris
971 742 1372 809 familiariores,
1415 745 1525 812 jam
1557 745 1723 809 misit,
1757 743 1823 797 ad

219 849 321 890 eum
356 848 570 904 quoque
609 831 933 888 familiarius
970 832 1377 902 adioquendum
1404 840 1458 888 et
1483 835 1636 902 juxta
1667 847 1829 887 evan-

214 923 415 994 gelicam
471 921 778 978 doctrinam
819 921 1198 977 lucriﬂendum
1248 921 1573 978 festinanter
1620 921 1829 992 legatos

215 1012 430 1078 remisit;
480 1013 686 1082 quique
736 1025 880 1078 eum,
922 1018 982 1066 ut
1011 1018 1095 1066 est
1123 1012 1446 1077 amicorum,
1481 1011 1746 1066 suasoriis
1775 1017 1830 1064 et

211 1101 417 1157 secretis
443 1101 855 1171 suggestionum
876 1099 1268 1166 incitamentis,
1297 1114 1399 1156 nec
1422 1113 1533 1156 non
1555 1099 1744 1155 amicae
1776 1103 1831 1154 et

213 1204 342 1259 purae
381 1189 651 1246 libertatis
709 1189 1104 1259 blandiloquiis
1161 1189 1229 1244 ad
1283 1189 1502 1261 dignam
1559 1188 1830 1244 scelerum

210 1292 410 1334 suorum
461 1279 840 1349 paenitentiam
897 1279 1212 1349 instigatum
1262 1284 1609 1346 revocarent,
1651 1284 1705 1332 et
1745 1291 1829 1344 ea,

211 1369 435 1438 quamvis
472 1370 626 1426 dictu
667 1368 962 1435 horrenda,
995 1369 1194 1438 passim
1227 1376 1407 1424 tamen
1437 1367 1830 1440 vulgatissima,

209 1459 300 1528 ipsi
327 1460 522 1529 partim
555 1459 864 1515 enarranda
896 1463 1294 1529 proponerent,
1327 1463 1382 1515 et
1403 1459 1482 1514 sic
1512 1459 1568 1513 in
1600 1471 1696 1514 ore
1727 1457 1833 1512 ho-

210 1562 314 1603 rum
363 1549 533 1604 trium
591 1549 812 1606 testium
861 1555 1032 1604 staret
1069 1561 1230 1604 omne
1286 1549 1532 1604 verbum.
1588 1549 1692 1602 Per
1734 1547 1837 1602 hos

209 1637 351 1691 etiam
382 1637 488 1706 ipsi
519 1637 900 1693 indubitanter
929 1637 1170 1693 intimari
1220 1635 1370 1702 fecit,
1403 1637 1448 1692 si
1480 1650 1576 1692 eos
1605 1635 1836 1692 seorsim

207 1725 298 1780 sibi
326 1725 618 1796 loquentes
647 1740 757 1782 non
788 1726 1024 1793 audiret,
1071 1725 1220 1796 quod
1251 1727 1370 1795 ejus
1408 1726 1613 1796 flagitia
1645 1724 1838 1781 arcete-

1906 566 2167 635 quamdiu
2206 572 2590 631 restauratum,
2621 578 2769 620 nunc
2799 566 2900 621 sub
2931 567 3342 624 testamentario
3385 571 3550 640 regiae

1907 655 2208 724 majestatis
2256 657 2380 725 jure
2439 662 2494 710 et
2536 655 2838 725 scriptione
2885 655 3146 726 plenariae
3188 655 3460 713 libertatis
3491 659 3552 690 ¹⁸⁶

1908 740 2246 797 omnifariam
2288 743 2512 798 domino
2550 745 2680 810 Deo,
2741 750 2932 800 sancto
2980 746 3162 810 Petro,
3213 753 3404 802 sancto
3443 749 3551 802 Au-

1908 830 2046 886 relio
2075 838 2130 886 et
2185 839 2376 888 sancto
2426 833 2723 888 Benedicto
2754 833 3200 889 contradebatur.
3253 837 3317 890 Et
3364 837 3444 892 sic
3485 852 3550 894 ex

1908 925 2026 974 toto
2059 919 2412 989 proprietatis
2459 921 2676 976 illorum
2711 921 3021 978 absolutum
3074 923 3338 990 dominio,
3386 925 3549 982 solita

1911 1006 2047 1078 legis
2093 1008 2458 1065 Alemannicae
2487 1010 2959 1068 abrenuntiatoria
3006 1011 3389 1070 testificatione
3449 1030 3552 1072 co-

1911 1110 2024 1151 ram
2055 1097 2243 1153 multis
2273 1099 2508 1154 testibus
2535 1099 2680 1168 apud
2712 1100 2943 1156 eundem
2977 1102 3178 1170 locum,
3230 1110 3285 1160 et
3332 1107 3387 1160 in
3427 1106 3548 1176 ipso

1912 1188 2086 1242 sancti
2142 1186 2348 1243 Aurelii
2395 1189 2485 1243 dic
2531 1187 2694 1256 festo,
2735 1189 3072 1246 liberrimum
3114 1203 3393 1262 peractum
3425 1211 3454 1251 a
3492 1212 3550 1254 se

1915 1289 2142 1345 prorsus
2224 1277 2641 1346 emancipabant
2697 1276 2842 1348 (85),
2903 1285 2958 1334 et
3009 1280 3064 1335 in
3122 1283 3400 1339 servitium
3461 1287 3557 1344 Dei

1915 1365 2096 1421 abbati
2129 1365 2459 1421 Willihelmo
2507 1367 2735 1435 ejusque
2773 1369 3188 1426 successoribus
3233 1373 3289 1427 in
3330 1374 3556 1432 liberam

1919 1460 2244 1524 potestatem
2297 1463 2351 1510 et
2399 1469 2604 1520 curam,
2656 1460 2712 1510 et
2767 1454 3027 1512 fratribus
3075 1457 3209 1514 inibi
3241 1462 3342 1516 sub
3372 1465 3560 1534 regula

1916 1545 2220 1600 monastica
2284 1544 2512 1600 victuris
2567 1545 2622 1599 in
2681 1546 3044 1600 necessariam
3103 1552 3559 1610 sustentationem

1919 1633 2270 1700 destinatum,
2320 1631 2454 1687 satis
2497 1632 2760 1702 legittime
2800 1633 3215 1691 confirmabant.
3257 1638 3362 1694 Pro
3403 1644 3560 1710 cujus

1918 1721 2282 1777 institutionis
2312 1720 2605 1776 liberrima:
2649 1721 2907 1787 decretis,
2957 1723 3278 1792 apostolicae
3309 1729 3556 1784 auctori-

205 1815 288 1868 sia:
328 1829 423 1883 per
451 1815 708 1871 ordinem
743 1815 1030 1885 propalata
1087 1816 1499 1882 innotesceret;
1563 1814 1609 1869 si
1653 1812 1896 1871 autemB
1918 1811 2046 1867 tatis
2093 1810 2379 1882 privilegio
2431 1810 2778 1877 roborandis,
2829 1811 2955 1866 dum
3003 1827 3127 1868 mox
3175 1816 3418 1884 ejusdem
3451 1817 3558 1875 loci

207 1902 494 1959 aecclesiam
527 1918 639 1960 non
691 1903 929 1972 audiret,
961 1904 1081 1974 ipse
1117 1918 1239 1960 eum
1279 1904 1435 1974 quasi
1465 1903 1743 1960 ethnicum
1783 1910 1838 1958 et

206 1991 543 2058 publicanum
572 2007 602 2048 a
633 1993 892 2049 membris
922 1995 1042 2063 ejus
1062 1993 1288 2049 omnino
1318 1998 1620 2063 separaret.

259 2081 355 2147 Qui
392 2083 699 2138 Goslariam
749 2082 816 2138 ad
855 2096 1038 2154 regem
1079 2083 1224 2139 circa
1255 2083 1592 2138 nativitatem
1622 2082 1836 2138 Domini

203 2170 596 2239 pervenientes,
634 2173 788 2241 juxta
818 2172 966 2242 quod
1006 2171 1133 2227 illis
1159 2186 1258 2241 per
1295 2171 1687 2227 oboedientiam
1737 2172 1839 2226 im-

197 2257 424 2324 positum
459 2266 600 2326 erat,
633 2267 791 2316 caute
831 2260 1011 2327 nimis,
1069 2266 1152 2316 set
1200 2273 1306 2316 non
1347 2261 1556 2330 absque
1605 2260 1838 2315 maximo

195 2345 305 2402 vitae
334 2362 455 2403 sua:
513 2349 780 2418 periculo,
832 2356 1179 2419 peregerant.
1228 2351 1376 2417 Quos
1411 2349 1502 2404 ille
1537 2363 1645 2404 non
1697 2349 1840 2404 bona

193 2435 454 2503 patientia
486 2437 820 2506 suscipiens,
853 2443 1026 2492 totum
1067 2437 1214 2507 quod
1254 2438 1361 2507 ipsi
1408 2445 1626 2493 secreto
1664 2437 1720 2492 in
1750 2452 1842 2492 au-

193 2539 292 2580 rem
325 2526 551 2582 elocuti
581 2525 815 2591 fuerant,
840 2540 966 2580 mox
995 2527 1074 2580 ira
1105 2532 1161 2581 et
1191 2527 1568 2598 indignatione
1599 2540 1708 2581 non
1735 2540 1844 2581 me-

190 2613 359 2670 diocri
392 2629 728 2681 succensus,
771 2615 1087 2670 convocatis
1123 2615 1238 2670 suis
1287 2615 1621 2670 consiliariis
1669 2615 1843 2683 palam

190 2702 307 2759 fecit
339 2705 605 2760 enarrari
647 2705 990 2775 querelosus,
1043 2719 1128 2770 ea,
1179 2712 1239 2760 ut
1285 2704 1480 2772 fertur,
1516 2705 1842 2771 intentione,

193 2799 242 2848 ut
281 2808 393 2850 non
419 2794 610 2849 solum
642 2793 835 2863 ipsius,
868 2801 952 2849 set
981 2799 1035 2849 et
1063 2808 1190 2849 suas
1220 2795 1476 2864 proprias
1502 2800 1654 2849 tanto
1677 2794 1847 2864 magis

193 2881 491 2939 defendere
526 2891 862 2938 conarentur
898 2897 1109 2939 causas.
1144 2884 1208 2938 Et
1242 2883 1406 2947 'mox,
1457 2883 1604 2952 quod
1645 2891 1848 2952 praeter

194 2980 385 3028 caetera
422 2972 672 3028 domnus
710 2971 1050 3041 apostolicus
1101 2972 1150 3028 ei
1177 2971 1492 3042 specialiter
1540 2971 1844 3038 interdixit,

195 3061 686 3116 excommunicatis
721 3074 786 3114 ex
814 3059 998 3116 studio
1029 3066 1160 3116 tunc
1206 3061 1566 3130 pervivaciter
1597 3074 1844 3115 commu-

1919 1901 2088 1956 abbas
2141 1900 2508 1956 Willihelmus
2557 1900 2782 1954 Romam
2823 1902 3152 1969 perveniret,
3195 1910 3250 1959 et
3279 1905 3345 1960 ad
3376 1914 3559 1964 votum

1918 2003 2075 2044 suum
2105 1989 2250 2059 apud
2290 2003 2484 2060 papam
2504 1991 2823 2059 Gregorium
2856 1990 2911 2045 id
2952 1991 3267 2060 efﬁcaciter,
3318 2010 3418 2065 pro
3450 2013 3560 2068 quo

1921 2079 2148 2143 exierat,
2192 2084 2501 2148 perageret,
2551 2077 2678 2132 dum
2727 2079 3027 2147 repatriare
3071 2081 3181 2150 jam
3214 2085 3560 2154 moliebatur,

1920 2168 2189 2222 acerrima
2246 2166 2338 2221 illa
2394 2166 2650 2235 passione
2714 2165 2846 2222 ilico
2897 2168 3118 2224 invasus
3175 2170 3564 2241 afficiebatur,

1922 2271 2083 2326 quam
2112 2257 2269 2312 Greci
2321 2256 2589 2321 atrotiam,
2628 2255 2681 2310 id
2714 2263 2797 2310 est
2826 2259 3187 2315 cessationem
3221 2264 3559 2330 nutrimenti,

1920 2347 2134 2413 dicunt,
2175 2360 2299 2415 qua:
2339 2345 2560 2414 quidem
2591 2359 2621 2399 a
2651 2344 3014 2402 diminutione
3058 2355 3112 2403 et
3141 2353 3407 2407 tenuitate
3435 2368 3561 2408 car-

1923 2435 2011 2490 nis
2058 2449 2124 2490 ex
2174 2435 2354 2490 causis
2391 2433 2717 2503 quibusdam
2768 2441 2977 2490 natura:
3019 2436 3316 2494 latentibus
3345 2447 3399 2495 et
3432 2456 3568 2511 pau-

1923 2524 2074 2578 latim
2131 2522 2704 2579 reconvalescentibus
2757 2523 2978 2578 accidit.
3040 2526 3270 2595 insuper
3325 2528 3571 2585 febribus

1928 2612 2181 2681 planetis,
2242 2613 2544 2677 disinteria,
2616 2611 2966 2678 temorroida,
3027 2613 3080 2668 id
3140 2622 3224 2670 est
3287 2619 3570 2689 sanguinis

1927 2702 2121 2765 ﬂuore,
2177 2700 2500 2768 tabefactus,
2562 2715 2663 2756 nec
2709 2714 2816 2756 non
2849 2702 3159 2772 inguinario
3189 2706 3426 2775 quodam
3486 2715 3572 2764 tu-

1929 2803 2081 2844 more
2139 2803 2248 2845 non
2288 2790 2566 2844 minimum
2607 2789 2675 2843 ad
2729 2789 2847 2844 haec
2878 2803 2986 2846 una
3025 2791 3316 2862 distentus,
3351 2797 3572 2852 circiter

1930 2877 2174 2947 quinque
2235 2891 2470 2944 menses,
2529 2877 2597 2931 ab
2654 2877 2790 2946 ipsis
2846 2878 3006 2933 etiam
3073 2881 3301 2938 medicis
3349 2887 3572 2941 omnino

1929 2967 2273 3036 desperatus,
2342 2975 2426 3022 set
2483 2981 2592 3021 non
2659 2966 2810 3022 solus
2874 2981 3119 3038 suorum,
3189 2973 3575 3031 miserabiliter

1931 3058 2298 3112 cruciabatur.
2341 3058 2563 3112 Demum
2613 3069 2762 3121 vero,
2823 3065 3110 3127 postquam
3170 3063 3281 3118 Deo
3321 3065 3574 3134 omnipo-

197 3150 410 3216 nicavit,
456 3163 578 3206 non
619 3149 909 3204 attendens
955 3149 1200 3204 caritatis
1231 3157 1285 3205 et
1315 3149 1745 3220 longanimitatis
1775 3135 2066 3204 il-Ctenti
2117 3146 2331 3201 medico
2383 3145 2698 3208 miserante,
2739 3150 2955 3213 tempus
2999 3147 3292 3206 miserandi
3327 3153 3571 3222 advenit,

196 3236 290 3292 lius
337 3246 601 3308 paternae
651 3238 1016 3305 tolerantiam,
1050 3252 1156 3308 qua
1200 3238 1430 3295 salutem
1479 3246 1534 3294 et
1579 3239 1846 3294 honorem

195 3327 359 3396 ipsius
417 3330 476 3383 in
531 3327 748 3398 gremio
802 3333 1008 3383 sanctae
1053 3327 1314 3384 Ecclesiae
1362 3343 1420 3384 se
1470 3327 1846 3398 amplexurum

193 3413 298 3472 fore
329 3431 430 3487 per
451 3418 569 3474 hos
600 3417 747 3472 viros
775 3417 878 3472 sibi
902 3416 1217 3472 fidelissime
1241 3416 1608 3483 demandavit,
1631 3419 1677 3473 si
1704 3417 1847 3472 resi-

198 3508 404 3574 puerit;
449 3522 567 3563 nec
611 3513 860 3561 metuens
897 3512 1122 3562 econtra
1152 3507 1460 3562 severitatis
1506 3506 1655 3562 illius
1702 3519 1852 3562 com-

197 3595 547 3652 minatorium
589 3595 849 3665 gladium,
893 3609 1052 3665 quem
1095 3594 1200 3664 ipsi
1233 3595 1457 3664 pariter,
1490 3595 1536 3650 si
1567 3595 1623 3649 in
1662 3608 1852 3650 errore

196 3690 454 3741 consueto
509 3685 776 3756 pertinax
821 3691 876 3739 et
915 3682 1263 3739 inobmdiens
1303 3682 1654 3752 perduraret,
1706 3683 1852 3738 inre-

191 3769 530 3844 fragabiliter
554 3774 725 3829 nimis
755 3773 1140 3828 intentaverat.

259 3864 463 3920 Eodem
536 3871 795 3932 tempore
854 3861 1154 3918 autumnali
1219 3861 1608 3930 llirsaugiense
1668 3874 1854 3917 emno-

194 3950 353 4020 bium,
393 3955 468 4010 ab
503 3951 802 4010 Erlefredo
833 3952 1069 4022 quodam
1101 3951 1272 4008 nobili
1325 3957 1378 4006 et
1409 3950 1667 4023 religioso
1697 3965 1854 4007 sena-

195 4046 304 4096 tore
346 4045 460 4112 jam
513 4042 681 4108 olim,
735 4048 794 4096 ut
849 4039 1042 4108 fertur,
1095 4041 1196 4096 sub
1246 4041 1478 4110 Pippino
1536 4054 1664 4111 rege
1723 4039 1849 4112 (84)

195 4132 521 4201 regulariter
584 4131 719 4186 satis
783 4131 1113 4198 institutum,
1171 4135 1255 4184 set
1313 4135 1657 4199 posterorum
1707 4129 1855 4184 illius

194 4219 468 4278 invasione
532 4236 614 4278 ex
669 4219 840 4275 multo
865 4221 976 4289 jam
1008 4225 1254 4289 tempore
1285 4218 1626 4274 destructum
1667 4223 1722 4274 et
1769 4218 1854 4274 di-

196 4317 423 4380 reptum,
466 4328 500 4368 a
534 4311 750 4366 comite
795 4308 1112 4376 Adalberto,
1149 4322 1316 4364 uxore
1365 4310 1484 4377 ejus
1531 4307 1854 4364 Wieldruda

1931 3234 2056 3291 oleo
2085 3248 2242 3290 sacro
2291 3249 2321 3289 a
2369 3233 2628 3289 fratribus
2656 3238 2901 3300 unctum,
2935 3240 2990 3290 et
3029 3251 3057 3291 a
3106 3240 3348 3306 peccatis
3379 3243 3577 3298 dimis-

1929 3338 2071 3389 sum,
2120 3323 2298 3379 oratio
2346 3322 2472 3378 fidei
2515 3322 2740 3379 salvavit
2783 3324 3078 3383 infirmum.
3137 3330 3226 3383 Sic
3264 3329 3331 3383 ad
3381 3331 3574 3385 cellam

1929 3427 2104 3478 suam,
2133 3426 2259 3467 mox
2289 3413 2760 3481 reconvalescens,
2793 3429 2917 3469 cum
2937 3415 3224 3484 acquisitis
3253 3418 3574 3485 apostolica:

1931 3501 2277 3557 liberalitatis
2323 3501 2624 3571 privilegiis
2670 3510 2724 3557 et
2771 3502 3254 3558 benedictionibus
3281 3504 3370 3560 vix
3421 3519 3578 3575 repa-

1933 3591 2120 3646 triavit
2151 3589 2279 3657 (86).

2007 3677 2288 3734 Dietwinus
2334 3677 2635 3732 Leodiensis
2681 3679 2949 3750 episcopus
2993 3681 3233 3748 decessit,
3285 3682 3368 3737 cui
3406 3682 3574 3737 Hein-

1933 3768 2074 3823 ricus
2103 3767 2485 3822 Viridunensis
2512 3769 2843 3837 praapositus
2865 3771 3133 3825 successit.

2620 3859 2871 3913 MLXXVI
2881 3901 2893 3914 .

2007 3946 2298 4002 Heinricus
2327 3960 2422 4002 rex
2463 3943 2697 4002 natalem
2754 3947 2967 4004 Domini
3008 3948 3268 4008 Goslariae
3307 3953 3439 4024 egit,
3471 3955 3573 4010 Sa-

1935 4036 2170 4092 xonibus
2198 4049 2524 4106 quamquam
2572 4036 2651 4090 illi
2701 4050 2810 4092 non
2857 4053 3045 4107 parum
3095 4040 3324 4097 infensis
3363 4050 3418 4098 et
3469 4058 3578 4100 non

1935 4126 2160 4180 omnino
2191 4125 2464 4190 fidelibus,
2507 4130 2696 4194 utpote
2729 4134 2834 4181 tam
2865 4142 3008 4183 saeva
3056 4135 3110 4184 et
3142 4131 3408 4199 injuriosa
3454 4134 3574 4188 atti-

1935 4215 2184 4271 mositate
2215 4215 2387 4284 ipsius
2417 4217 2750 4286 majestative
2779 4219 3113 4287 suppressis.

2003 4304 2300 4375 Gregorius
2329 4319 2486 4374 papa,
2520 4311 2578 4360 ut
2617 4305 2820 4360 bonum
2855 4313 3129 4373 pastorem
3160 4314 3404 4378 Oportet,
3437 4311 3580 4364 ovile

1549 4479 1770 4534 VARLE
1808 4477 2190 4534 LECTIONES.

261 4581 322 4612 ⁸⁸⁸
350 4581 619 4640 libertati
646 4579 702 4635 2.

1804 4675 2020 4731 NOTAE.

271 4831 395 4906 (83)
439 4834 568 4888 Hos
606 4828 1064 4906 ips_e__Gregorius
1107 4828 1353 4906 nominat
1388 4826 1448 4906 _l.
1498 4842 1710 4906 muep.
1767 4826 1850 4894 10,
1874 4823 2259 4906 Drecepisset,
2303 4823 2608 4906 principum
2639 4824 2781 4906 innd.
2811 4824 2882 4906 g4
2910 4825 3169 4906 ejusdem
3186 4829 3390 4887 mensis
3431 4833 3588 4891 Wor-

204 4899 562 4970 Radbodum,
625 4899 978 4958 Adalbertﬂm
1035 4905 1089 4954 et
1137 4899 1550 4956 Uodescalcum.
1603 4901 1734 4954 Data
1772 4906 1856 4954 est

205 4974 524 5052 hazeepist.
561 4973 633 5029 ad
684 4987 864 5052 regem
898 4987 950 5026 v1
981 4970 1039 5026 ld
1066 4971 1437 5052 Jan.,nindic_t.
1494 4971 1578 5052 1},
1619 4970 1852 5052 quodna.

211 5045 338 5101 1076
368 5041 619 5111 indicat,
673 5041 783 5113 quo
831 5043 950 5098 haec
991 5041 1120 5113 sunt'
1147 5041 1455 5113 referenda.
1498 5044 1618 5098 Uss.
1651 5071 1721 5082 -
1752 5041 1856 5096 Sed

1941 4896 2155 4952 matiam
2188 4895 2664 4952 convocandorum
2696 4895 2924 4952 facultas
2944 4895 3064 4954 non
3095 4897 3305 4957 fuisset.

2016 4968 2412 5045 (8:1)_lt_no_sub
2444 4968 2719 5045 Ludovico
2759 4969 2868 5045 _l’i_o
2916 4969 3046 5045 impr.
3098 4985 3242 5045 anno
3269 4972 3392 5038 830,
3421 4977 3586 5045 jactis

1939 5038 2334 5096 abErlafrido
2383 5039 2581 5093 comite
2631 5039 2698 5093 de
2747 5040 2925 5094 Calwa
2955 5038 3146 5109 primis
3177 5038 3582 5102 cmnobii'fun-

206 5116 416 5174 litteras
448 5109 1004 5188 papzeann0U1075
1031 5113 1264 5188 scriptas
1301 5112 1488 5181 fuisse,
1522 5128 1589 5169 ex
1618 5114 1858 5188 unanimi
1941 5111 2230 5188 damentis.
2283 5109 2400 5165 Vid.
2452 5110 2592 5165 Hist.
2650 5111 2830 5180 Nigra:
2866 5111 3027 5168 Silvae
3067 5121 3202 5171 tom.
3254 5119 3297 5183 l,
3351 5133 3405 5188 p.
3450 5117 3576 5174 267.

206 5185 484 5246 Lamberti
522 5185 586 5243 et
623 5185 904 5242 Bertholdl
941 5185 1254 5240 narratione
1285 5192 1519 5253 constat,
1552 5186 1644 5256 qui
1678 5199 1860 5256 regem
1943 5185 2065 5256 Uss.

207 5259 414 5332 legatos
445 5257 726 5332 Goslariaa
773 5258 917 5332 circa
956 5257 1290 5332 nativitatem
1337 5257 1551 5312 Domini
1572 5260 1860 5332 recepisse

449 5329 778 5404 generalem
823 5329 1133 5404 principum
1183 5335 1532 5404 conventum,
1567 5321 1863 5404 \l'ormatie
1946 5321 2139 5404 indict.
2177 5321 2393 5404 l3,_fer.
2427 5321 2480 5404 2ζ
2512 5338 2665 5388 xvtu,
2711 5324 3028 5404 Kal._Oct.;
3081 5321 3585 5404 conﬁrmatiovero

208 5340 258 5386 61.
291 5341 408 5388 tum

209 5402 260 5459 d.
328 5405 405 5458 24
452 5397 734 5457 'Januarii
801 5397 1189 5456 celebrandum
1273 5398 1536 5454 indixisse
1598 5402 1861 5457 referunt.

2015 5252 2129 5328 (85)
2178 5250 2456 5328 ΤξοειίξίῑίοΔ
2478 5251 2598 5308 haec
2645 5250 2803 5328 facta
2833 5260 2917 5328 est
2965 5255 3267 5328 Hirsaugiaa
3315 5273 3364 5315 a.
3422 5257 3580 5326 1075,

1948 5396 2187 5452 Heinrici
2247 5396 2330 5457 IV,
2377 5394 2501 5449 cod.
2555 5408 2604 5448 a.
2645 5410 2740 5448 vn.
2792 5396 2871 5450 ld.
2903 5398 3022 5453 Oct.
3072 5400 3323 5458 Chartam
3365 5403 3592 5461 exhibet

208 5475 532 5532 Bernoldus
599 5487 779 5543 regem
846 5473 1057 5543 litteras
1121 5483 1289 5543 papze
1315 5469 1573 5526 Kalendis
1625 5471 1867 5527 Januarii
1949 5468 2238 5543 Belsoldus
2278 5467 2524 5543 _Do_cum.
2586 5474 2817 5543 monast.
2888 5469 3272 5543 Wirtemberg.
3333 5480 3464 5530 tom.
3542 5478 3590 5543 l,

215 5549 515 5616 accepisse
551 5539 768 5598 scribit.
799 5541 1098 5616 Qumalias
1119 5539 1229 5616 jam
1275 5540 1331 5595 in
1379 5544 1704 5616 contrariam
1738 5557 1868 5616 par-

208 5627 312 5674 tem
346 5611 652 5687 diSputata
698 5622 846 5682 sunt,
870 5613 997 5687 inde
1028 5611 1346 5676 concidunt,
1378 5612 1526 5680 quod
1566 5615 1611 5668 si
1652 5611 1753 5687 rex
1778 5615 1871 5687 lit-

1954 5538 2232 5613 pagA.A3l§-.
2278 5536 2480 5613 Bullati]
2513 5551 2656 5613 vero
2687 5541 2933 5613 Gregorii
2976 5543 3084 5613 Vll,
3133 5536 3254 5613 pag.
3307 5544 3432 5600 333.
3471 5536 3589 5604 Uss.

2027 5605 2382 5687 (8§}__Similia
2429 5605 2736 5687 ferentiabet
2769 5605 3077 5687 ll'eyniojn'
3113 5605 3231 5684 ejus
3272 5617 3410 5684 Vita,
3447 5634 3500 5676 n.
3535 5620 3590 5687 4,

209 5697 354 5746 teras
387 5678 466 5745 d.'
497 5689 537 5740 8
592 5678 1091 5754 Januarii'scriptas
1135 5690 1368 5740 exeunte
1397 5678 1586 5740 mense
1615 5685 1875 5743 Goslariae
1955 5678 2100 5751 apud
2127 5678 2351 5745 Mabill.,
2374 5692 2502 5734 saec.
2540 5681 2622 5749 Vl,
2658 5695 2710 5750 p.
2744 5695 2804 5750 ιι,
2829 5678 2882 5752 p.
2914 5682 3040 5739 727.
3079 5678 3196 5743 Us's.
