4100 6166
548 325 653 381 367

1520 320 1901 376 BERTHOLDI
1941 316 2355 375 PRESBYTER]
2393 314 2954 372 CONSTANTIENSIS

3821 318 3920 373 368

551 451 756 508 Christi
809 465 841 506 a
888 449 1076 520 lupina
1133 447 1286 505 rabie
1334 445 1578 516 undique
1626 445 1877 502 oculatus
1932 445 2381 503 sollertis-Aaut
2427 441 2654 511 corripi,
2705 454 2816 496 non
2858 439 3035 496 solum
3097 453 3207 496 non
3257 439 3508 510 resipuit,
3560 442 3693 511 quin
3746 445 3922 512 potius

551 543 688 598 sime
718 539 1042 606 munieudo,
1069 552 1212 594 none
1242 537 1406 593 modo
1449 536 1599 600 alibi,
1635 550 1820 591 verum
1850 537 1904 591 in
1938 537 2055 605 ipsa
2085 537 2193 590 Ro-

554 646 713 688 mana
774 631 912 686 urbe
979 627 1275 684 nonnullos
1345 625 1688 681 adversarios
1734 631 1790 680 et
1839 625 2195 680 insidiatores

555 720 1006 777 antichristianos
1036 723 1263 787 propter
1311 715 1578 785 justitiam
1627 715 1952 770 sustinebat.
1985 716 2027 769 E
2074 715 2196 783 qui-

555 809 657 865 bus
687 808 906 878 quidam
964 805 1184 862 nomine
1233 803 1484 870 Quintius
1516 802 1596 869 “’7,
1661 810 1850 873 raptor
1895 803 2195 873 sacrilegus

555 904 610 954 et
659 897 847 967 praedo
898 894 1259 958 facinorosus,
1315 899 1440 963 post
1482 892 1680 948 multas
1710 892 1938 948 insidias
1961 906 2194 947 vesanus

554 995 609 1044 et
662 987 962 1056 sacrilegus
1017 988 1363 1052 contemptor
1418 983 1658 1037 omnium
1725 995 2005 1037 sacrorum
2074 982 2190 1047 Dei,

555 1089 894 1146 consurgens
923 1075 977 1129 in
1009 1073 1158 1128 illum
1187 1057 1254 1127 in
1286 1079 1450 1126 nocte
1497 1071 1864 1126 sacratissima
1894 1071 2194 1126 nativitatis

554 1167 789 1232 Domini,
839 1177 962 1220 cum
1011 1162 1078 1217 ad
1117 1165 1368 1218 Sanctam
1410 1161 1628 1216 Mariam
1683 1163 1944 1230 majorem
2002 1161 2194 1234 missas

549 1255 772 1320 faceret,
833 1267 955 1308 cum
1014 1266 1174 1307 manu
1240 1256 1572 1306 armatorum
1626 1263 1822 1305 vesana
1888 1249 2192 1305 aecclesiam

549 1344 853 1412 irrumpere
877 1341 938 1372 ¹³⁸
994 1340 1253 1403 furiosus,
1303 1346 1358 1395 et
1404 1345 1695 1408 antequam
1726 1339 2191 1408 postcommunia-

550 1433 654 1489 lem
705 1431 1010 1488 orationem
1068 1428 1489 1484 eucharistiatus
1542 1427 1744 1495 finiret,
1794 1426 1862 1481 ab
1918 1426 2076 1482 altari
2115 1440 2194 1481 ra-

547 1523 685 1592 puit,
718 1519 1059 1575 vulneratum
1098 1518 1264 1587 cepit,
1301 1522 1356 1572 et
1386 1517 1440 1571 in
1491 1517 1684 1571 turrim
1732 1529 1884 1570 suam
1935 1521 2190 1584 tanquam

550 1612 819 1666 latronem
876 1607 1202 1677 sacrilegum
1234 1620 1356 1661 cum
1387 1607 1620 1661 maximo
1661 1605 1902 1661 ludibrio
1934 1610 2189 1671 tractum,

552 1706 608 1754 et
673 1697 1062 1752 miserabiliter
1127 1701 1430 1752 coartatum
1505 1695 1890 1750 incarceravit.
1959 1695 2040 1749 Ibi
2098 1695 2193 1749 diu

2277 531 2530 601 ampliori
2572 530 3025 600 tergiversatione
3073 536 3267 584 contra
3304 528 3386 585 fas
3432 533 3760 587 temerarius
3796 534 3924 589 satis

2278 621 2587 690 periculose
2627 619 2888 690 desipuit.
2938 620 3183 688 Namque
3234 619 3472 675 infausto
3521 621 3754 677 consilio
3803 637 3921 678 cum

2276 711 2390 765 suis
2429 711 2590 776 inito,
2623 709 2810 779 plures
2849 709 3002 779 regni
3058 708 3350 778 episcopos
3398 715 3452 764 et
3502 710 3799 780 principes,
3833 726 3926 768 eos

2277 800 2507 854 maxime
2551 813 2692 869 quos
2737 813 2850 853 sua:
2901 797 3168 853 voluntati
3225 806 3630 854 consentaneos
3679 809 3922 868 noverat,

2275 889 2420 957 apud
2454 889 2807 944 Wormatiam
2843 886 2963 958 (88)
2991 888 3332 942 convocavit.
3365 890 3514 956 Quos
3557 903 3696 958 pene
3737 904 3928 946 omnes

2277 979 2515 1034 debitam
2541 978 2657 1049 (89)
2690 979 2850 1034 beato
2882 979 3044 1033 Petro
3077 985 3131 1032 et
3155 978 3473 1048 apostolicae
3504 979 3654 1034 sedis
3704 980 3924 1050 praasuli

2274 1069 2541 1139 Gregorio
2573 1068 2966 1123 obmdientiam
3007 1068 3302 1138 abnegare,
3337 1070 3496 1137 eique
3529 1069 3705 1138 palam
3737 1084 3929 1125 unum-

2275 1173 2550 1228 quemque
2601 1173 2667 1213 ex
2707 1157 2929 1213 nomine
2964 1172 3064 1212 suo
3094 1158 3412 1226 specialiter
3461 1159 3694 1227 scripto,
3747 1159 3930 1228 impri-

2277 1248 2379 1301 mis
2430 1255 2612 1302 autem
2642 1247 2725 1302 sui
2775 1246 2951 1315 ipsius
2999 1253 3327 1314 praenotato,
3361 1247 3495 1301 inita
3534 1247 3590 1301 in
3640 1247 3695 1301 id
3746 1249 3926 1316 ipsum

2276 1338 2686 1406 conspiratione
2716 1336 3104 1391 abrenuntiare
3135 1344 3413 1406 coegerat.
3451 1335 3693 1406 Indeque
3716 1337 3929 1392 litteras

2275 1425 2779 1480 abrenuntiatorias
2811 1438 2910 1494 per
2939 1425 3234 1494 episcopos
3263 1425 3424 1490 duos,
3467 1426 3779 1494 Spirensem
3814 1425 3926 1496 (90)

2276 1521 2332 1569 et
2362 1515 2715 1570 Basiliensem
2774 1513 2921 1584 (91),
2956 1515 3189 1583 primum
3234 1515 3292 1569 in
3340 1514 3550 1570 Italiam
3582 1515 3928 1584 principibus

2276 1608 2331 1657 et
2377 1603 2656 1674 episcopis
2695 1603 2842 1658 illius
2892 1603 3104 1672 patriae,
3160 1603 3289 1658 huic
3337 1604 3736 1673 conspirationi
3781 1618 3930 1661 asso-

2276 1692 2510 1759 ciandis,
2562 1692 2784 1759 direxit,
2845 1691 3045 1747 deinde
3092 1693 3340 1748 Romam.
3399 1694 3500 1760 Qui
3565 1707 3692 1749 mox
3737 1693 3927 1750 habito

549 1787 734 1857 gladio
764 1800 931 1855 super
976 1784 1176 1850 collum
1237 1784 1385 1839 illius
1433 1782 1703 1838 furialiter
1733 1783 1947 1849 stricto,
1981 1775 2251 1850 torvus,B
2277 1795 2387 1836 non
2417 1781 2644 1836 minimo
2685 1787 2958 1837 conventu
2993 1782 3152 1850 juxta
3200 1781 3554 1848 Placentiam,
3605 1795 3717 1836 non
3746 1782 3925 1838 solum

547 1876 751 1942 minax,
812 1882 867 1930 et
917 1873 1258 1930 omnifariam
1312 1874 1605 1939 terrificus,
1645 1873 1961 1928 thesaurum
1992 1879 2048 1927 et
2096 1873 2194 1927 [ir-
2274 1871 2459 1926 verbis
2498 1877 2552 1926 et
2578 1871 2781 1926 litteris
2811 1878 2895 1925 set
2936 1871 3322 1926 testificatione
3347 1870 3708 1940 jurisjurandi
3739 1871 3925 1926 domno

548 1965 789 2020 missima
837 1964 1014 2019 sancti
1062 1963 1208 2016 Petri
1257 1961 1481 2018 castella
1539 1963 1594 2015 in
1633 1961 1898 2016 beneﬁcia
1955 1961 2060 2016 sibi
2103 1976 2196 2017 ex-
2270 1975 2426 2031 papa:
2473 1959 2836 2015 obwdientiam
2892 1959 3117 2015 debitam
3167 1975 3270 2014 non
3316 1959 3683 2027 exhibendam,
3735 1968 3926 2031 utpote

547 2060 809 2123 torquere
841 2066 950 2107 non
981 2051 1214 2107 cessavit
1251 2051 1319 2105 ab
1341 2064 1445 2116 eo;
1487 2056 1571 2106 set
1600 2051 1824 2106 omnino
1856 2063 1966 2106 non
1990 2051 2190 2119 potuit.

545 2144 658 2198 Nec
701 2156 873 2207 mora,
925 2141 1031 2196 hoc
1078 2153 1425 2208 summopere
1484 2139 1818 2194 lamentabili
1877 2154 1976 2208 per
2021 2145 2191 2196 totam

547 2232 849 2289 aacclesiam
908 2230 1196 2300 sacrilegio
1246 2235 1360 2284 tota
1415 2229 1606 2284 civitas
1654 2228 1988 2297 ejulabiliter
2031 2229 2194 2284 nimis

543 2328 816 2377 commota
866 2326 986 2386 est;
1029 2319 1224 2374 turrim
1279 2318 1452 2388 ipsam
1502 2332 1625 2373 cum
1677 2317 1910 2373 maximo
1954 2317 2056 2372 zeli
2094 2317 2192 2374 Dei

543 2409 754 2467 fervore
778 2411 1119 2480 impugnant,
1161 2413 1218 2462 et
1260 2421 1399 2472 eam,
1433 2406 1637 2462 domno
1694 2420 1832 2476 papa
1873 2420 2034 2476 quem
2079 2409 2191 2476 jam

540 2497 885 2554 interfectum
909 2498 1174 2568 putabant
1203 2496 1330 2551 inde
1361 2504 1574 2566 erepto,
1607 2495 1916 2561 destruunt,
1942 2501 1998 2550 et
2016 2501 2192 2552 totum

542 2589 691 2658 quod
723 2588 791 2642 ad
822 2587 1196 2643 Crescentium
1231 2584 1292 2615 ¹⁸⁹
1332 2585 1664 2655 pertinebat,
1706 2584 1762 2639 in
1818 2585 1969 2640 brevi
2022 2584 2190 2641 dissi-

545 2684 697 2745 pant,
729 2676 851 2746 ipso
893 2675 980 2730 vix
1027 2676 1337 2730 interventu
1369 2688 1546 2743 papae,
1597 2673 1683 2728 cui
1733 2686 1791 2728 se
1839 2687 1991 2727 reum
2024 2673 2192 2729 dede-

543 2772 646 2832 rat,
688 2765 817 2820 inde
847 2764 968 2820 vivo
1008 2763 1351 2834 propulsato,
1394 2777 1505 2818 uno
1552 2770 1733 2817 autem
1777 2761 1919 2828 solo,
1961 2763 2054 2832 qui
2097 2775 2191 2832 pa-

542 2869 664 2925 pam
685 2855 742 2910 in
765 2861 930 2924 caput
957 2855 1258 2924 sacrilegus
1287 2852 1609 2918 vulneravit,
1643 2851 1847 2907 ibidem
1872 2850 2185 2916 interfecto;

541 2945 622 2999 sic
651 2943 991 3014 apostolicus
1035 2947 1317 3014 gratanter
1363 2942 1431 2998 ad
1479 2941 1650 2997 altare
1699 2939 1940 3006 rediens,
1993 2941 2187 2996 missas

541 3033 955 3088 consummavit.

2275 2051 2370 2118 qui
2414 2064 2472 2106 se
2502 2051 2570 2104 ab
2601 2064 2668 2106 eo
2712 2064 2812 2120 pro
2843 2049 3163 2120 Symoniaca
3212 2049 3394 2105 heresi
3433 2049 3778 2106 damnandos
3823 2065 3926 2106 non

2276 2153 2468 2207 parum
2517 2139 2804 2202 timebant,
2849 2139 3124 2194 communi
3166 2145 3295 2194 voto
3343 2139 3504 2193 simul
3551 2152 3742 2195 omnes
3800 2141 3930 2196 deli-

2276 2229 2558 2284 berabant.
2619 2229 2864 2298 Denique
2922 2229 3134 2283 litteras
3203 2228 3516 2298 hujusmodi
3580 2230 3930 2287 inoboedien-

2276 2317 2402 2373 tiam
2436 2319 2788 2374 continentes
2845 2332 2943 2387 per
2973 2317 3202 2388 legatos,
3254 2317 3528 2387 quendam
3575 2320 3929 2376 Parmensem

2273 2407 2621 2475 canonicum,
2672 2414 2728 2462 et
2767 2421 2984 2462 servum
3022 2406 3295 2476 quendam
3343 2409 3508 2478 regis,
3559 2419 3930 2478 properanter

2273 2495 2340 2551 ad
2400 2499 2696 2552 Romanam
2754 2496 3022 2566 synodum
3081 2496 3412 2566 dirigebant.
3474 2497 3574 2552 Ubi
3622 2497 3838 2555 litteris
3878 2508 3928 2556 et

2273 2586 2544 2641 mandatis
2575 2585 2792 2656 publice
2850 2584 2906 2639 in
2957 2583 3237 2639 audientia
3279 2585 3448 2640 totius
3495 2595 3810 2643 conventus
3853 2604 3928 2644 re-

2272 2674 2473 2741 citatis,
2542 2675 2746 2730 domno
2815 2688 2969 2743 papae
3017 2673 3394 2728 inobedientia
3453 2674 3760 2730 deliberata
3806 2691 3929 2746 pro-

2273 2764 2646 2828 nuntiabatur,
2707 2769 2764 2819 et
2811 2771 2870 2818 ut
2927 2762 3190 2818 cathedra
3220 2763 3602 2831 descenderet,
3653 2767 3746 2820 cui
3791 2767 3929 2822 indi-

2269 2866 2410 2922 guns
2440 2853 2782 2922 praesideret,
2836 2866 2903 2906 ex
2943 2857 3096 2921 parte
3154 2851 3300 2921 regis
3336 2852 3441 2920 ipsi
3502 2854 3928 2912 comminatorie

2268 2942 2402 2996 satis
2449 2942 2842 3012 imperabatur.
2893 2941 3030 3007 Quid
3071 2940 3148 2995 ibi
3200 2941 3463 2996 tumultus
3510 2950 3566 2998 et
3611 2945 3929 3001 conclama-

2269 3031 2437 3086 tionis
2486 3036 2541 3086 et
2570 3030 2626 3086 in
2677 3030 2886 3101 legatos
2927 3030 3052 3085 illos
3104 3043 3213 3085 non
3270 3029 3539 3086 ordinatae
3583 3032 3928 3090 incursionis

612 3123 876 3188 Quincius
911 3135 1041 3177 vero
1100 3120 1260 3176 solita
1317 3133 1511 3189 papam
1559 3119 1836 3175 deluserat
1886 3118 2180 3187 vecordia;
2207 3112 2590 3186 Cexcreverit,
2625 3121 2880 3176 noverint
2902 3119 2982 3174 illi
3007 3118 3101 3189 qui
3124 3124 3325 3188 praesto
3357 3117 3579 3175 fuerint.
3612 3122 3732 3177 Hoc
3756 3138 3925 3180 unum

541 3211 747 3281 quippe
795 3211 850 3266 in
905 3211 1043 3266 turri
1101 3223 1198 3266 sua
1238 3209 1367 3264 dum
1409 3208 1609 3264 civium
1639 3222 1863 3264 suorum
1897 3208 2184 3264 tumultum

539 3299 826 3370 zelumque
863 3299 960 3354 Dei
989 3300 1045 3354 in
1075 3313 1136 3355 se
1181 3298 1622 3354 ardentissimum
1667 3297 1896 3364 videret,
1937 3304 2188 3353 metuens

540 3391 666 3445 vitae
718 3404 830 3445 suae
872 3396 928 3446 et
975 3403 1220 3456 suorum,
1272 3387 1558 3445 confessus
1613 3395 1697 3443 est
1744 3387 1849 3456 ipsi
1898 3394 2183 3457 peccatum

540 3495 719 3546 suum,
779 3487 831 3536 et
865 3480 1256 3536 oboedientiam
1306 3479 1636 3550 dignamque
1694 3477 2072 3547 paenitentiam
2129 3482 2185 3532 et

539 3569 966 3626 satisfactionem
1013 3570 1062 3625 ei
1121 3569 1412 3625 devotione
1469 3569 1716 3638 quamvis
1761 3565 2013 3622 simulata
2059 3580 2185 3636 pro-

538 3661 706 3716 misit.
738 3661 891 3727 Quod
928 3674 994 3715 ex
1041 3665 1159 3715 toto
1209 3659 1631 3729 parvipeudens,
1683 3663 1852 3712 noctu
1882 3656 2027 3712 Urbe
2057 3655 2182 3726 fuga

540 3751 724 3821 lapsus
772 3749 962 3805 evasit.
1003 3749 1211 3804 Dehinc
1269 3763 1408 3818 papa
1465 3747 1607 3802 datis
1653 3745 1884 3801 indutiis
1939 3759 2063 3801 eum
2111 3745 2180 3801 ad

539 3839 939 3908 paenitentiam,
973 3851 1134 3906 quam
1174 3836 1456 3906 imposuit,
1506 3837 1817 3901 revocavit;
1849 3835 1969 3904 ipse
1998 3839 2180 3890 autem

540 3941 650 3981 non
696 3926 860 3981 modo
913 3931 1160 3994 apostata
1195 3925 1248 3979 in
1307 3924 1620 3994 hujusmodi
1671 3923 1846 3979 factus
1893 3930 1996 3989 est,
2047 3924 2178 3992 quin

541 4015 702 4070 etiam
753 4013 1029 4084 quoddam
1089 4013 1373 4068 castellum
1431 4013 1798 4069 firmissimum
1865 4012 1942 4066 ibi
2003 4012 2181 4068 conti—

539 4117 702 4173 guum
734 4102 1040 4172 occupavit,
1065 4101 1158 4156 ubi
1189 4101 1570 4156 latrocinando
1593 4102 1800 4170 rapinis
1831 4106 1886 4156 et
1915 4101 2179 4170 sanguine

542 4191 845 4247 victitabat.
898 4189 1051 4246 Unde
1105 4203 1244 4259 papa
1275 4204 1374 4260 per
1429 4190 1827 4244 Prmnestinum
1861 4188 2181 4258 episcopum

538 4280 669 4336 fecit
697 4293 822 4336 eum
853 4279 1380 4335 excommunicatum
1403 4277 1668 4334 damnari.
1702 4279 1824 4348 Ipse
1854 4281 2034 4332 autem
2065 4278 2180 4348 regi

538 4385 638 4441 per
666 4369 848 4426 omnia
878 4369 1202 4440 morigerus,
1246 4369 1326 4424 sic
1356 4382 1455 4438 per
1484 4367 1764 4424 biennium
1808 4367 2178 4438 grassabatur,

536 4461 630 4517 Dei
657 4465 1007 4530 contemptor
1035 4459 1380 4514 indurantus.

606 4549 843 4605 Tandem
880 4562 1009 4604 vero
1061 4563 1179 4617 rex,
1231 4561 1342 4604 non
1401 4546 1619 4603 modico
1667 4545 1852 4603 furore
1902 4550 2028 4616 post
2076 4547 2180 4602 dis-

533 4654 748 4698 cessum
812 4638 1051 4694 virorum
1111 4637 1502 4708 pradictorum
1552 4642 1853 4706 permotus,
1922 4642 1976 4690 et
2039 4635 2182 4717 indi-

532 4745 697 4804 gnum
730 4727 835 4801 (87)
873 4728 1083 4784 ducens
1119 4741 1179 4784 se
1225 4741 1257 4783 a
1286 4739 1564 4798 quoquam
1593 4724 1925 4796 reprehendi
1973 4725 2177 4781 debere

2269 3200 2617 3264 sit'nostrum
2671 3209 2800 3264 inde
2839 3207 3065 3273 dixisse,
3099 3206 3358 3263 domuum
3394 3207 3514 3278 (92)
3548 3212 3924 3278 apostolicum

2269 3310 2378 3352 non
2427 3298 2546 3353 sine
2585 3299 2670 3353 sui
2717 3298 2894 3367 ipsius
2940 3297 3194 3366 corporis
3241 3310 3436 3367 magno
3484 3299 3618 3354 satis
3669 3303 3924 3369 periculo

2267 3400 2429 3456 quam
2472 3386 2530 3417 ¹⁶⁰
2581 3386 2670 3442 vix
2740 3400 2836 3443 eos
2892 3387 3264 3443 Romanorum
3318 3386 3571 3442 manibus
3624 3391 3926 3449 semivivos

2266 3475 2556 3546 eripuisse.

2336 3565 2574 3621 Tandem
2606 3564 2750 3621 facto
2807 3565 3052 3631 silentio,
3093 3563 3329 3620 domnus
3377 3578 3519 3634 papa
3567 3564 3700 3623 fecit
3758 3583 3926 3641 syno-

2264 3654 2410 3709 dalia
2438 3660 2642 3712 statuta
2671 3668 2840 3723 super
2899 3653 2986 3710 his
3032 3653 3236 3722 inquiri
3269 3658 3324 3708 et
3349 3653 3592 3721 recitari,
3623 3656 3720 3725 qui
3765 3659 3925 3728 quasi

2263 3744 2319 3798 in
2364 3743 2544 3800 medio
2593 3744 2764 3799 totius
2817 3743 3084 3799 :ecclesia:
3124 3741 3525 3798 contumaciter
3552 3758 3772 3803 summo
3803 3756 3928 3818 post

2262 3833 2432 3887 Deum
2465 3831 2712 3900 pontifici
2763 3838 2819 3886 et
2861 3845 2962 3887 suo
3014 3831 3219 3887 rectori
3266 3836 3472 3886 temere
3513 3831 3797 3902 abjurato,
3850 3839 3930 3893 iu-

2262 3921 2654 3977 obmdientiam
2697 3935 2850 3976 suam
2908 3934 3018 3976 non
3067 3921 3402 3978 erubuerant
3443 3924 3667 3994 scriptis
3713 3940 3794 3981 ex
3834 3941 3933 3983 no.

2263 4010 2409 4064 mine
2466 4009 2734 4078 profiteri,
2805 4023 2915 4064 non
2982 4009 3354 4080 intelligentes
3412 4028 3588 4083 neque
3654 4012 3929 4070 timentes

2263 4097 2412 4169 quod
2447 4098 2516 4153 ad
2567 4097 2719 4153 illum
2751 4102 2806 4153 et
2835 4103 3069 4154 caeteros
3110 4099 3378 4156 aacclesiae
3409 4103 3700 4173 magistros
3756 4105 3928 4173 perti-

2262 4188 2463 4254 nuerit,
2496 4188 2645 4257 quod
2703 4187 2928 4243 Paulus.
2957 4187 3034 4244 ait
3075 4209 3088 4244 :
3147 4209 3172 4238 ι
3219 4191 3400 4246 Parati
3447 4206 3668 4260 semper
3715 4192 3925 4250 ulcisci

2262 4291 2480 4334 omnem
2511 4277 2984 4333 inobmdientiam.
3030 4297 3058 4330 »
3109 4279 3266 4348 Ipsos
3315 4294 3548 4351 namque
3586 4289 3925 4350 oportuerat

2268 4367 2588 4438 diligentius
2636 4367 2937 4422 attendisse
3004 4368 3153 4437 quod
3201 4377 3424 4425 sanctus
3473 4371 3736 4426 Silvester
3798 4372 3921 4442 (93)

2201 4437 2250 4494 D
2268 4470 2407 4526 papa
2464 4457 2520 4510 in
2577 4457 2819 4512 Romana
2875 4456 3089 4526 synodo
3141 4459 3252 4528 jam
3310 4437 3928 4531 inrefragabiliter‘de-

2262 4546 2434 4601 crevit
2468 4543 2590 4616 (94)
2638 4565 2651 4600 :
2708 4566 2732 4594 ‹‹
2766 4547 2935 4601 Nemo
2978 4546 3207 4616 primam
3239 4548 3424 4604 sedem
3458 4549 3757 4618 judicabit,
3793 4551 3926 4621 quia

2262 4648 2454 4692 omnes
2491 4634 2653 4690 sedes
2682 4649 2713 4689 a
2760 4634 2952 4704 prima:
2983 4635 3131 4691 sedis
3171 4637 3386 4705 justitia
3415 4637 3742 4693 desiderant
3785 4647 3928 4695 tem-

2261 4724 2462 4794 perari,
2515 4737 2693 4794 neque
2731 4723 2800 4778 ab
2835 4723 2983 4778 omni
3031 4722 3202 4792 clero,
3255 4739 3358 4781 nec
3389 4726 3457 4781 ab
3505 4726 3654 4782 omni
3702 4728 3926 4798 p0pulo

1904 4850 2126 4906 VARLE
2165 4848 2548 4905 LECTIONES.

605 4953 762 5012 “7m;
788 4953 844 5009 2.
921 4951 984 4985 ¹⁸⁸
1011 4951 1210 5024 irrupit
1235 4949 1292 5006 1*
1327 4950 1446 5006 Uss.
1525 4947 1587 4981 ¹⁵⁹
1614 4949 1691 5005 ita
1716 4947 1774 5005 2.
1850 4947 1913 4980 ¹⁶⁰
1941 4962 2270 5020 quamquam
2305 4949 2425 5004 Uss.

2107 5047 2326 5104 NOTIE.

527 5162 532 5172 '
605 5157 728 5230 (87)
791 5155 1068 5223 Indignum
1113 5181 1184 5192 —
1229 5149 1443 5222 corripi.
1502 5147 1752 5220 Gregorii
1793 5148 1906 5217 VII,
1955 5161 2044 5219 ep.
2105 5148 2173 5204 ad

530 5231 731 5278 (ζει-ιη--
765 5231 807 5278 1.
843 5230 902 5278 Ι..
938 5240 992 5278 ι).
1016 5223 1142 5278 379.

530 5231 732 5297 Germ.,
765 5231 807 5285 I.
843 5230 902 5294 l.,
938 5240 992 5296 p.
1016 5230 1142 5297 3'79,

607 5245 732 5297 rm.,
767 5240 807 5285 Ι.
843 5240 902 5294 1.,
938 5240 992 5296 p.
1016 5240 1142 5280 σιν.

605 5301 726 5372 (88)
760 5301 885 5372 Vid.
917 5293 1638 5372 Bernoldiopusc.1_,_epist.
1665 5289 1748 5372 3,“
1747 5307 1818 5372 ρᾴ
1830 5291 1956 5346 217.

605 5362 724 5442 (89)
758 5371 995 5427 Debitam
1025 5397 1096 5406 —
1123 5362 1404 5436 abnegare.
1433 5365 1595 5430 lbid.,
1628 5378 1683 5433 p.
1715 5362 1844 5416 380.

629 5443 724 5499 90)
763 5447 1152 5499 lluzmannum.

631 5513 726 5571 91)
762 5513 1138 5571 Burchardun.

629 5446 700 5496 90
763 5447 1152 5499 Iluzmannum.

631 5514 691 5567 91
762 5513 1138 5571 Burchardun.

603 5446 726 5657 £922
758 5587 866 5642 Sed
916 5587 1177 5639 Romanus
1197 5579 1438 5657 pontifex
1464 5576 1833 5657 (legatos)__—
1888 5573 1962 5657 de
2000 5576 2169 5657 mani-

524 5646 627 5714 bus‘
665 5646 1014 5714 Romanorum
1067 5682 1139 5694 ——
1182 5646 1274 5708 uia:
1321 5646 1758 5721 demum'erip'uit
1812 5679 1884 5688 —
1927 5646 2169 5718 factoque

699 5302 726 5656 Ξ

2255 5144 2462 5201 silentio
2485 5172 2562 5216 ί-
2590 5151 2698 5216 etc.
2730 5144 2988 5202 Beruoldi
3018 5157 3212 5216 opusc.
3244 5160 3284 5212 ι,
3317 5160 3372 5216 p.
3404 5143 3530 5201 220.

2330 5215 2530 5338 (2:1)88.
2561 5214 2815 5272 Silvester
2855 5247 2926 5257 —
2943 5214 3292 5287 judicabitur.
3319 5214 3505 5274 ‘Bern.
3548 5231 3744 5288 opusc.
3778 5235 3822 5287 ι,
3858 5220 3920 5289 3,

2257 5302 2312 5356 p.
2354 5302 2479 5342 zw.

2327 5357 2442 5428 (94)
2491 5357 2762 5431 Fictitiam
2834 5373 2954 5415 esse
3002 5360 3143 5414 hanc
3193 5359 3485 5430 synodum,
3536 5360 3795 5431 adooque
3862 5370 3924 5418 et

2251 5428 2473 5483 allatum
2525 5429 2768 5486 Silvestri
2831 5445 2986 5500 papae
3043 5428 3348 5497 decretum,
3411 5431 3617 5487 dudum
3666 5428 3918 5490 consen-

2250 5502 2396 5574 tinnt
2425 5501 2648 5574 eruditi.
2702 5501 3139 5574 VideBeruoldi
3190 5502 3517 5572 opusculum
3547 5519 3587 5570 ι,
3638 5505 3806 5574 epist.
3853 5505 3918 5573 3,

2252 5585 2307 5626 n-
2339 5571 2394 5634 9,
2427 5572 2520 5628 ubi
2563 5571 2681 5629 haec
2721 5573 2938 5643 plenius
2975 5571 3264 5630 habentur.
3300 5575 3420 5630 Uss.
