4100 6166
201 327 292 385 369

1445 331 1769 388 ANNALES.
1808 358 1880 372 —

1917 329 2025 386 AN.
2076 325 2231 382 1076.
3418 328 3528 388 370

197 453 338 525 judex
372 429 739 522 iudicabitur;
793 471 821 500 »
871 455 926 507 et
967 452 1101 509 illud
1150 453 1430 512 decretum
1461 456 1608 513 beati
1637 452 2225 528 papzeAsolummodo
2274 451 2573 522 complices
2619 455 2676 509 et
2719 450 2997 520 fautores;
3031 455 3293 510 caeterum
3322 456 3528 526 quibus

200 541 408 614 Gregorii
457 538 554 610 (95)
601 560 612 594 :
670 561 695 589 α
744 541 1099 598 Decernimus
1141 558 1299 615 reges
1337 559 1366 600 a
1411 547 1526 601 suis
1554 547 1796 617 dignita-

204 633 320 689 tibus
357 630 564 694 cadere,
597 635 651 685 et
690 632 1110 702 participatione
1149 635 1398 705 corporis
1427 644 1481 691 et
1519 637 1802 708 sanguinis

199 720 378 777 Domini
432 719 600 775 nostri
659 721 786 775 Jesu
844 721 1046 777 Christi
1104 737 1313 791 carere,
1365 725 1409 780 si
1471 733 1801 796 praesumant

197 809 478 880 apostolica:
525 807 673 862 sedis
715 810 868 877 jussa
916 816 1306 880 contemnere;
1357 833 1382 862 »
1435 820 1490 869 et
1527 815 1581 870 id
1629 830 1802 886 genus

194 899 352 954 multa.
401 898 742 967 Quapropter
772 899 872 967 (96)
902 899 1018 956 illic
1056 901 1337 971 synodalis
1375 904 1646 959 sententia
1677 905 1801 960 data

193 995 292 1054 est,
346 987 644 1042 divinarum
701 991 756 1042 et
820 988 1175 1045 humanarum
1236 991 1416 1063 legum
1475 994 1802 1050 auctoritate

195 1076 474 1142 testificata,
527 1090 712 1147 regem
770 1078 1085 1135 Heinricum
1138 1093 1249 1137 non
1279 1082 1456 1137 solum
1488 1097 1805 1139 excommu-

190 1165 353 1231 nicari,
384 1171 464 1220 set
509 1164 717 1235 absque
767 1181 864 1236 spe
911 1171 1350 1238 recuperationis
1388 1171 1600 1228 honore
1649 1169 1803 1243 regni

189 1254 363 1310 debere
399 1253 646 1321 destitui,
680 1259 741 1309 ut
785 1256 840 1310 in
890 1259 1483 1316 excommunicatorum
1521 1263 1804 1319 consortio

184 1343 338 1408 foret,
385 1357 508 1398 cum
558 1343 760 1413 quibus
807 1345 924 1415 ipse
973 1347 1159 1417 potius
1205 1363 1367 1419 quam
1415 1365 1536 1405 cum
1585 1351 1802 1408 Christo

184 1432 358 1487 habere
413 1435 625 1501 partem
677 1432 926 1504 eligeret.
977 1436 1213 1492 Primum
1258 1438 1384 1507 (97),
1428 1440 1575 1510 quod
1630 1443 1804 1510 perti-

181 1533 268 1575 nax
310 1520 374 1575 ab
420 1533 615 1575 eorum
665 1523 1074 1592 communione,
1125 1525 1219 1595 qui
1268 1541 1369 1596 pro
1418 1529 1707 1601 sacrilegio
1751 1538 1806 1587 et

181 1617 312 1664 reatu
339 1610 679 1680 Symoniacae
710 1610 921 1667 heresis
959 1616 1417 1671 excommunicati
1448 1625 1596 1685 sunt,
1629 1621 1804 1676 absti-

177 1711 287 1752 nere
314 1699 528 1765 noluit;
567 1700 766 1756 deinde
797 1702 967 1771 quod,
1000 1708 1350 1775 contemptor
1385 1708 1480 1762 Dei
1530 1708 1801 1778 publicus,

1881 559 2036 600 mens
2081 544 2268 599 sanior
2312 551 2448 609 erat,
2498 556 2608 598 non
2656 542 2750 598 ita.
2798 545 2875 599 Ex
2922 543 3122 614 quibus
3159 543 3381 614 quidam
3411 546 3528 614 epi-

1882 635 2058 703 scopi,
2109 632 2420 702 patriarcha
2457 631 2882 703 Aquilegiensis,
2934 633 3228 703 episcopus
3273 633 3528 688 Salzbur-

1882 724 2084 793 gensis,
2116 721 2468 787 Pataviensis,
2502 722 2937 788 Wormatiensis,
2970 722 3062 792 qui
3103 727 3159 777 et
3195 721 3312 792 ipse
3344 722 3529 777 cathe-

1884 813 1983 867 dra
2028 825 2124 866 sua
2173 811 2363 880 pulsus
2392 817 2476 866 est
2503 825 2534 865 a
2579 825 2728 882 rege,
2769 824 2871 866 nec
2911 824 3021 866 non
3045 811 3526 882 Wirziburgensis,

1885 908 1939 957 et
1980 914 2120 970 pene
2169 913 2361 955 omnes
2407 901 2684 965 Saxonici,
2718 914 2821 955 nec
2860 914 2970 956 non
3002 901 3170 957 duces
3198 900 3525 968 Roudolfus,

1886 987 2235 1054 Berhtoldus,
2257 987 2420 1054 Welf,
2453 994 2506 1043 et
2538 995 2867 1044 caeterorum
2897 991 3051 1061 regni
3082 990 3371 1059 primatum
3405 1005 3530 1060 pars

1887 1091 1995 1133 non
2011 1077 2241 1132 "modica
2270 1091 2392 1132 cum
2423 1077 2729 1146 apostolico
2777 1068 3154 1136 indubitanter
3197 1079 3528 1148 sentiebant,

1887 1171 2090 1239 quique
2138 1168 2420 1238 praedictae
2467 1169 2865 1237 conspirationi
2914 1171 3180 1226 interesse
3216 1171 3526 1228 noluerant.

1888 1259 2041 1314 Unde
2071 1257 2372 1313 etdehinca
2403 1271 2530 1329 rege
2550 1259 2750 1323 vocati,
2775 1259 2953 1327 ipsum
2966 1259 3300 1326 devitabant,
3324 1275 3447 1317 cum
3471 1259 3531 1292 ¹⁶²

1888 1353 2115 1416 propter
2143 1347 2449 1413 anathema,
2475 1352 2590 1401 tum
2621 1346 2783 1401 etiam
2817 1347 2966 1416 quod
2996 1349 3227 1404 maxime
3256 1349 3312 1405 in
3342 1350 3438 1406 illo
3470 1349 3531 1381 ¹⁶⁸

1889 1439 2255 1495 confidebant.

1961 1528 2266 1598 Episcopus
2318 1527 2828 1582 Paderbrunnensis
2875 1527 2938 1558 1“
2984 1528 3146 1594 obiit,
3196 1529 3284 1584 cui
3337 1531 3529 1599 Poppo

1891 1619 2220 1688 praepositus
2283 1617 2742 1688 Babinbergensis
2807 1629 2916 1672 non
2983 1618 3208 1672 omnino
3265 1619 3532 1674 canonice

1889 1709 2173 1775 successit,
2208 1707 2414 1777 quippe
2443 1721 2473 1761 a
2515 1720 2642 1777 rege
2684 1707 2798 1776 jam
2848 1707 3324 1773 anathematizato,
3376 1721 3535 1762 com-

180 1801 262 1856 pro
289 1789 600 1845 criminosis
637 1791 852 1846 actibus
903 1793 1016 1848 suis
1063 1796 1440 1862 paenitentiam
1471 1811 1581 1853 non
1617 1800 1792 1855 solum
1818 1782 1864 1838 Β
1887 1797 2170 1852 municans
2201 1797 2306 1866 ipsi
2335 1795 2414 1862 ηδ,
2445 1795 2820 1865 episcopatum
2851 1795 3113 1865 suscepit.
3147 1797 3315 1862 Quem
3351 1802 3531 1852 tamen

177 1877 432 1946 suscipere
476 1884 565 1934 set
614 1892 717 1934 nec
766 1881 1089 1950 promittere
1120 1884 1341 1952 quidem
1372 1885 1566 1954 voluit,
1598 1901 1806 1958 nequa-
1887 1893 2046 1943 antea
2101 1887 2467 1955 Trajectensis
2524 1886 2818 1956 episcopus
2873 1885 3088 1940 cuidam
3146 1900 3246 1941 suo
3304 1899 3539 1942 consan-

175 1979 311 2034 quam
357 1981 588 2023 servans
626 1983 689 2024 ea
729 1984 852 2039 quae
882 1971 1078 2041 legatis
1106 1973 1427 2042 apostolicis
1450 1977 1559 2044 jam
1594 1979 1808 2046 promi—
1886 1977 2087 2047 guineo
2133 1991 2163 2031 a
2203 1990 2332 2046 rege
2383 1975 2620 2031 dandum
2670 1988 2771 2044 pro
2822 1989 3046 2031 munere
3086 1975 3538 2032 conditionaliter

170 2061 331 2122 serat;
372 2069 479 2112 nec
514 2070 626 2112 non
657 2058 807 2127 quod
851 2059 1067 2128 publica
1100 2062 1355 2130 pervicax
1384 2064 1802 2133 inoboedientia,
1887 2068 2136 2137 accepit,
2185 2072 2245 2120 ut
2290 2065 2503 2121 scilicet
2541 2064 2887 2120 Coloniensis
2917 2065 3184 2134 episcopi,
3217 2066 3312 2134 qui
3340 2068 3536 2136 Symo-

169 2145 467 2212 apostolicae
500 2147 620 2203 sedi
651 2151 1051 2206 contumaciter
1081 2153 1361 2220 resistere,
1395 2162 1450 2209 et
1488 2157 1568 2211 sic
1600 2171 1804 2227 corpus
1888 2155 2044 2210 niace
2076 2161 2131 2210 et
2159 2168 2271 2210 non
2295 2153 2356 2185 ¹⁶⁶
2385 2167 2484 2222 per
2514 2154 2712 2208 ostium
2743 2153 3015 2221 ascendit,
3048 2155 3384 2210 ordinationi
3425 2167 3536 2211 non

165 2232 366 2301 Christi,
420 2235 476 2291 id
531 2244 614 2292 est
659 2241 923 2294 unitatem
972 2247 1178 2297 sanctae
1227 2243 1508 2310 ecclesite,
1550 2233 1805 2302 scindere
1887 2246 2189 2310 resisteret,
2213 2243 2435 2311 setipse
2457 2256 2580 2297 eum
2606 2249 2977 2297 consecraret.
3001 2243 3102 2310 Qui
3124 2243 3262 2299 adeo
3289 2243 3535 2310 delusus,

167 2327 209 2375 et
232 2323 608 2382 scandalizare
638 2327 923 2384 induratus
969 2343 1079 2385 non
1121 2332 1356 2400 expavit.
1390 2335 1494 2388 Pro
1529 2334 1615 2389 his
1642 2335 1806 2390 deni-
1889 2347 1997 2390 non
2028 2334 2202 2388 astitit
2231 2331 2345 2403 regi
2375 2337 2493 2386 toto
2523 2332 2727 2396 animo,
2761 2336 2820 2385 ut
2851 2331 3024 2400 prius.

164 2425 252 2478 que
298 2413 491 2484 culpis
539 2416 791 2485 synodali
831 2417 1041 2486 judicio
1093 2419 1244 2475 illum
1293 2421 1529 2477 domnus
1574 2429 1805 2492 aposto-
1960 2422 2114 2492 Apud
2145 2422 2451 2490 Trajectum
2484 2434 2580 2474 rex
2610 2419 2811 2489 pascha
2843 2420 2972 2489 egit,
2997 2419 3248 2475 collectis
3270 2419 3329 2451 ¹⁸⁷
3360 2420 3540 2475 unde-

162 2499 278 2556 licus
326 2517 440 2558 nec
495 2518 607 2560 non
645 2519 834 2561 omnes
883 2508 976 2576 qui
1023 2509 1208 2564 studio
1238 2515 1293 2565 et
1319 2511 1598 2566 voluntate
1630 2513 1684 2566 iu
1714 2512 1808 2566 illa
1889 2526 2122 2580 cumque
2168 2510 2298 2565 illuc
2351 2523 2459 2564 non
2511 2510 2694 2579 parvis
2738 2523 2851 2564 suae
2883 2509 3204 2565 rebellionis
3234 2516 3288 2565 et
3327 2509 3541 2564 inoboe-

161 2587 562 2648 inobmdientia
611 2594 690 2648 rei
741 2596 1101 2664 pervicaciter
1144 2599 1471 2655 exsisterent
1519 2605 1574 2654 et
1620 2613 1810 2655 omnes
1890 2600 2113 2656 dientiae
2145 2599 2527 2668 complicibus.
2559 2598 2639 2653 lbi
2669 2604 2801 2654 tunc
2832 2598 3102 2664 tecclesia,
3137 2613 3298 2669 quam
3325 2599 3543 2669 episco-

162 2683 380 2750 majores
432 2688 494 2738 et
543 2680 785 2740 minores
831 2685 886 2739 in
933 2685 1244 2755 hujusmodi
1300 2703 1360 2744 re
1419 2703 1484 2744 ex
1541 2689 1811 2747 industria
1892 2705 1994 2760 pus
2017 2691 2126 2759 jam
2150 2689 2243 2743 diu
2275 2688 2523 2742 maximis
2545 2688 2806 2756 impensis
2831 2693 2886 2742 et
2913 2688 3112 2743 studiis
3133 2696 3538 2757 construxerat,

160 2767 244 2836 ipsi
295 2773 728 2827 consentientes
773 2775 1284 2843 excommunicavit,
1319 2783 1373 2832 et
1403 2793 1576 2848 usque
1620 2779 1686 2834 ad
1719 2780 1808 2834 di-
1891 2794 1922 2834 a
1952 2780 2063 2834 Deo
2095 2784 2149 2832 et
2178 2781 2370 2832 sancto
2417 2779 2576 2832 Petro
2623 2777 2903 2845 despecta,
2943 2778 3068 2848 igne
3108 2778 3287 2833 ultore
3319 2779 3538 2834 mirabi-

163 2873 301 2926 guam
354 2859 803 2917 satisfactionem
852 2877 882 2917 a
940 2864 1198 2919 membris
1246 2866 1512 2922 tecclesiaa
1570 2869 1624 2922 in
1677 2853 1807 2938 per-
1892 2868 2018 2922 liter
2065 2866 2439 2935 conﬂagravit.
2489 2865 2732 2935 Indeque
2781 2879 2880 2934 per
2919 2866 3322 2936 Lotharingiam
3363 2881 3544 2922 rever-

165 2955 367 3014 petuum
399 2951 704 3019 separavit,
734 2955 793 3005 ut
821 2965 962 3021 quos
991 2953 1140 3008 mitis
1169 2967 1279 3010 non
1309 2957 1510 3024 potuit,
1543 2957 1625 3011 vel
1657 2971 1810 3012 seve-
1887 2957 2023 3011 titur
2051 2956 2424 3020 Wormatiam,
2465 2953 2579 3008 illic
2609 2955 2664 3008 in
2698 2960 3017 3024 pentecoste
3049 2955 3385 3025 colloquium
3417 2969 3541 3011 cum

160 3049 238 3089 rus
279 3037 345 3091 ad
396 3040 548 3093 viam
597 3039 789 3094 salutis
834 3041 946 3096 Deo
996 3041 1288 3098 miserante
1346 3049 1646 3100 revocaret.
1709 3046 1805 3101 His
1888 3047 2002 3102 suis
2031 3045 2383 3114 comparibus
2410 3044 2717 3099 habiturus.

161 3126 396 3182 omnibus
441 3131 635 3198 Agnes
682 3129 1020 3198 imperatrix;
1076 3139 1249 3187 mater
1296 3135 1461 3204 regis,
1512 3118 1865 3202 intererat,C
1961 3134 2329 3190 Willihelmus
2374 3131 2741 3203 Trajectensis
2797 3133 3092 3203 episcopus
3143 3133 3258 3205 regi
3318 3133 3540 3189 subira-

159 3214 294 3281 cujus
323 3217 576 3272 animam
608 3217 781 3287 ipsius
809 3218 1022 3289 gladius
1060 3220 1428 3276 damnationis
1465 3236 1574 3278 non
1615 3237 1804 3294 parum
1886 3230 1978 3278 tus
2022 3223 2315 3279 declinavit
2337 3221 2398 3254 ¹⁶⁸
2425 3224 2493 3278 ab
2533 3235 2621 3288 eo,
2675 3227 2729 3276 et
2778 3222 2996 3278 domum
3027 3223 3273 3289 veniens,
3307 3223 3541 3280 maximo

160 3303 507 3360 sauciaverat.
1888 3313 1993 3367 sibi
2038 3313 2322 3382 epularum
2378 3319 2643 3382 apparatu
2701 3310 2831 3366 fecit
2888 3311 3324 3368 studiosissimus
3371 3311 3540 3366 mini-

217 3392 304 3448 His
349 3395 569 3450 diebus
617 3395 972 3465 synodalibus
1018 3397 1128 3452 dux
1164 3398 1466 3455 Gotifridus
1495 3401 1710 3456 demum
1743 3401 1804 3432 ¹⁶¹
1888 3403 2091 3467 strari;
2143 3407 2198 3456 et
2227 3402 2307 3456 sic
2338 3415 2366 3454 a
2397 3415 2604 3466 mensa,
2638 3400 2692 3454 in
2742 3414 2847 3469 qua
2888 3414 2996 3455 uno
3028 3401 3118 3454 die
3148 3401 3314 3454 tertio
3347 3399 3540 3454 convi-

157 3478 214 3532 ab
240 3480 327 3537 illa
357 3485 766 3541 Wormatiensi
799 3485 1228 3556 conspiratione,
1262 3502 1372 3543 non
1413 3490 1669 3544 minimus
1697 3489 1808 3546 suf-
1880 3497 2036 3546 vatus
2065 3496 2168 3555 est,
2201 3489 2550 3558 impudenter
2598 3488 2760 3542 nimis
2809 3487 3184 3556 incrapulatus
3213 3486 3538 3553 retrahitur,

153 3565 374 3639 fragator
404 3581 461 3629 et
496 3575 766 3630 incentor
794 3575 960 3640 illius,
996 3576 1123 3631 dum
1156 3577 1381 3644 rediret,
1407 3593 1436 3632 a
1468 3579 1639 3634 milite
1670 3593 1808 3648 quo-

157 3655 258 3712 dam
279 3661 343 3715 ad
377 3663 665 3732 requisita
692 3668 900 3719 naturae
922 3665 977 3718 in
997 3679 1218 3721 secessu
1241 3667 1441 3724 sedens
1462 3667 1529 3722 de
1552 3668 1807 3722 deorsum

155 3747 495 3818 vulneratus,
582 3751 877 3808 infeliciter
933 3755 1228 3822 exspiravit
1284 3756 1806 3811 excommunicatus.

155 3836 302 3902 Cujus
347 3842 648 3897 marcham
700 3841 822 3913 (98)
875 3842 1086 3898 sororis
1133 3857 1247 3899 suae
1305 3843 1448 3898 ﬁlius
1495 3846 1811 3914 azquivocus

153 3921 311 3993 illius,
353 3929 428 3984 4O
479 3931 656 3986 libris
697 3933 815 3990 auri
864 3932 950 3987 vix
1000 3938 1236 4001 emptam
1286 3948 1317 3988 a
1364 3947 1490 4003 rege
1540 3934 1807 4003 possedit,

155 4012 358 4085 ducatu,
402 4034 586 4090 quem
639 4020 743 4076 sibi
789 4021 900 4090 jam
947 4021 1247 4076 avunculus
1295 4023 1599 4092 praestitum
1644 4025 1710 4079 ab
1743 4038 1808 4080 eo

153 4107 455 4174 acquisivit,
485 4110 704 4179 injuste
737 4112 1000 4179 privatus.
1033 4110 1131 4167 Cui
1162 4111 1334 4166 ﬁlium
1362 4127 1516 4167 suum
1540 4113 1628 4167 vix
1658 4113 1811 4168 bien-

155 4197 385 4266 nem199)
419 4214 525 4254 rex
564 4199 868 4267 praesidere
899 4198 1049 4255 fecit.

213 4283 416 4342 Dehinc
450 4302 558 4343 rex
598 4294 652 4341 et
682 4288 765 4342 sui
797 4295 1080 4358 comperto
1123 4288 1430 4357 apostolico
1477 4290 1809 4346 anathemati

153 4368 249 4426 fere
277 4388 476 4433 omnes
509 4377 908 4432 contradixcre
940 4376 1084 4447 (100)
1110 4417 1124 4442 ,

1887 3585 2174 3648 morteque
2223 3577 2510 3646 repentina
2559 3581 2872 3644 praeventus
2902 3581 2957 3629 et
3000 3574 3309 3643 inopinata,
3341 3575 3541 3629 miser-

1889 3670 2025 3724 rime
2055 3668 2189 3721 satis
2217 3664 2510 3720 defunctus
2539 3669 2642 3728 est,
2676 3662 3038 3717 anathematis
3077 3662 3292 3732 spiculo
3332 3669 3388 3717 et
3425 3663 3546 3732 ipse

1891 3756 2268 3811 indubitanter
2325 3753 2722 3809 condemnatus
2781 3750 2963 3822 (101).
3023 3752 3121 3807 Cui
3179 3751 3545 3808 Chounradus

1892 3844 2284 3916 Mogontiensis
2313 3841 2666 3908 camerarius,
2704 3842 2850 3912 regis
2897 3841 3334 3898 communicator
3383 3842 3546 3898 sedu-

1891 3937 1994 4002 lus,
2029 3943 2084 3992 et
2114 3934 2467 4004 episcOpatus
2496 3931 2718 3988 datione
2748 3931 2816 3986 ab
2848 3945 2914 3988 eo
2944 3945 3055 3988 non
3088 3932 3354 3988 canonice
3395 3945 3546 3989 com-

1893 4027 2158 4096 placatus,
2200 4023 2488 4078 successit.

1961 4113 2308 4183 Colloquium
2358 4111 2507 4180 quod
2563 4111 2707 4180 apud
2756 4110 3109 4168 Wormatiam
3161 4111 3278 4167 ﬁeri
3326 4125 3357 4166 a
3413 4125 3542 4184 rege

1891 4203 2246 4260 constitutum
2298 4208 2400 4265 est,
2454 4214 2516 4254 ea
2565 4200 2878 4255 condictum
2921 4207 3005 4255 est
3025 4199 3085 4231 ¹⁸⁹
3129 4200 3437 4256 intentione
3481 4205 3543 4256 ut

1891 4295 2064 4359 aiunt,
2097 4298 2157 4347 ut
2197 4305 2334 4362 papa
2368 4290 2482 4344 illic
2513 4291 2666 4360 quasi
2705 4290 2968 4344 canonice
2998 4303 3028 4343 a
3058 4289 3235 4344 tribus
3263 4290 3542 4358 episcOpis

1173 4383 1228 4432 ct
1267 4379 1490 4433 omnino
1523 4379 1723 4447 injuste
1755 4383 1984 4452 et_qui
2035 4395 2148 4451 prae
2197 4379 2416 4435 caeteris
2463 4380 2712 4434 seniores
2757 4377 3076 4432 viderentur
3123 4377 3536 4446 prtejudicatus,

156 4472 246 4516 non
276 4468 565 4522 canonico
602 4466 795 4521 ordine
826 4473 1026 4532 actum,
1061 4445 1324 4536 quicquid
1347 4474 1478 4522 tunc
1509 4445 1805 4539 inﬁsynodo
1826 4445 1874 4502 D
1893 4445 1947 4527 et
1979 4445 2052 4525 ob
2081 4470 2290 4525 scelera
2319 4469 2660 4524 accusatorie
2689 4465 2794 4536 ipsi
2825 4466 3040 4535 objecta
3069 4445 3376 4531 damnatus,
3408 4463 3540 4518 sede

154 4550 376 4609 Romana
422 4569 454 4610 a
509 4563 632 4611 tam
672 4556 940 4627 sacrilego
971 4571 1160 4613 errore
1192 4565 1371 4612 actum
1402 4558 1493 4624 sit,
1526 4556 1803 4613 affirman-

154 4644 240 4707 tes,
290 4657 391 4713 pro
441 4645 670 4701 nichilo
719 4646 773 4701 id
824 4661 1051 4716 prorsus
1099 4647 1359 4702 habuere.
1411 4649 1476 4701 Et
1515 4647 1620 4703 hoc
1660 4650 1805 4718 regis

1888 4558 2191 4629 apostolica
2238 4556 2712 4627 qualitercumque
2751 4554 3104 4624 dejiceretur,
3137 4560 3192 4608 et
3221 4553 3301 4608 sic
3333 4565 3433 4622 pro
3465 4565 3533 4607 eo

1889 4649 2048 4713 alius,
2099 4661 2259 4716 quem
2303 4648 2456 4715 juxta
2509 4659 2606 4700 cor
2653 4659 2810 4701 suum
2848 4645 2953 4700 sibi
2993 4643 3323 4713 morigerum
3355 4649 3410 4696 et
3447 4641 3544 4697 ob-

1533 4739 1755 4793 VARLE
1793 4738 2177 4794 LECTIONES.

215 4801 267 4832 ¹⁶¹
317 4805 563 4861 Domum
613 4823 652 4861 1.
767 4805 828 4835 ¹⁶²
877 4820 999 4861 cum
1030 4821 1167 4862 corr.
1215 4813 1328 4862 tum
1368 4807 1422 4862 2.

152 4877 329 4947 transuit
351 4899 369 4942 ;
402 4879 652 4946 fortasse
682 4877 902 4933 minime
934 4877 1202 4947 legendum
1230 4884 1325 4935 est.

159 4942 209 4971 ⁸⁸³⁸
234 4942 580 5004 declamavit
609 4948 664 5004 2.
781 4948 840 4980 ¹⁶⁹
870 4942 1012 5005 deest
1042 4949 1096 5004 2.
1132 4952 1250 5006 Uss.

1538 4807 1598 4840 ¹⁶³
1643 4809 1842 4865 scilicet
1879 4809 2226 4880 apostolico;
2274 4808 2594 4862 Ussermann
2630 4819 2740 4862 non
2780 4809 2900 4860 ante
2937 4805 3168 4860 maxime
3206 4801 3541 4858 inserendum

1440 4878 1503 4910 “"
1531 4880 1790 4936 baderbr.
1814 4882 1867 4935 2.
1985 4880 2044 4912 1“
2073 4880 2178 4936 insi
2207 4893 2347 4934 corr.
2380 4879 2498 4936 ipse
2521 4878 2576 4933 2.
2693 4876 2752 4908 ¹⁶⁶
2780 4877 2922 4932 deest
2949 4876 3004 4930 2.
3120 4873 3178 4906 ¹⁰⁷
3220 4874 3444 4936 collegit
3479 4873 3536 4928 2.

1489 4889 1503 4910 ‘
1531 4889 1790 4936 baderbr.
1814 4889 1867 4935 2.

1985 4880 2044 4912 ¹⁶¹⁵
2073 4880 2178 4950 ipsi
2207 4873 2347 4934 sorr.
2380 4879 2498 4949 ipse
2521 4878 2576 4933 2.
2693 4876 2752 4908 ¹⁶⁸
2780 4877 2922 4932 deest
2949 4876 3004 4930 2.
3120 4873 3178 4906 ¹⁰⁷
3220 4874 3444 4946 collegit
3479 4873 3536 4928 2.

1741 5025 1958 5079 ΝΟΤίΕ.

210 5096 304 5164 (95)
334 5100 500 5174 idem
537 5099 744 5174 legitur
773 5101 827 5156 in
872 5102 1126 5157 Bernoldi
1158 5116 1350 5172 opusc.
1381 5117 1456 5167 v1,
1495 5101 1550 5169 9,
1583 5117 1639 5174 p.
1676 5102 1803 5158 361.

151 5166 427 5248 liceretum
452 5172 573 5226 hoc
594 5166 937 5248 desumptum
961 5181 1042 5228 est
1061 5188 1130 5248 ex
1149 5166 1211 5228 Sf
1226 5166 1472 5248 Cregorii
1493 5166 1560 5248 Μ.
1584 5166 1747 5244 epist.
1774 5175 1809 5229 8

150 5237 283 5300 (libri
319 5258 432 5315 xm
470 5257 610 5299 nov.
644 5237 946 5314 editﬁOpp.
983 5253 1022 5300 t.
1057 5247 1121 5311 11,
1156 5259 1209 5313 p.
1249 5237 1430 5315 122'3),
1463 5247 1528 5302 ad
1569 5237 1806 5303 Senato-

148 5320 248 5388 rem
283 5314 680 5388 abbatem,_ad
706 5329 866 5385 quam
898 5316 1059 5372 etiam
1091 5322 1351 5385 provocat
1380 5314 1673 5388 Gregorius
1697 5320 1804 5386 VII,

147 5382 194 5434 in
215 5382 313 5438 hac
333 5400 516 5441 causa
539 5385 610 5439 ad
636 5382 1001 5443 Hermannum
1018 5382 1308 5442 hle'tensem
1330 5382 1598 5444 scribens.
1613 5392 1733 5445 Uss.

208 5454 310 5525 (96)
363 5459 831 5531 ngpropter,—-
877 5459 1107 5528 eligeret.
1155 5459 1382 5528 Gregor.
1435 5461 1543 5526 V11,
1595 5475 1684 5531 ep.
1737 5461 1805 5517 ad

148 5525 341 5596 Germ,
380 5527 419 5581 l.
452 5525 524 5592 l.',
567 5525 620 5596 pl
651 5527 775 5583 379.

207 5595 310 5663 (97)
345 5599 606 5654 Primum
633 5631 701 5639 —
730 5605 1016 5656 reuocaret.
1054 5601 1153 5668 1b.,
1185 5599 1310 5654 380.

213 5668 312 5734 :98)
343 5672 862 5740 Antwerpiensem.
911 5673 1084 5743 Hujus
1109 5670 1436 5728 Godefridus
1475 5679 1592 5729 erat
1638 5673 1808 5729 occisi

1888 5102 2256 5161 consobrinus
2284 5144 2298 5168 ,
2367 5100 2462 5170 qui
2543 5100 2646 5156 sub
2703 5097 2959 5155 Bullionii
3017 5098 3236 5155 nomine
3302 5095 3541 5154 celebris

1889 5182 2079 5246 postea
2109 5174 2451 5246 evasit._Uss.

1964 5246 2064 5316 (99)
2107 5244 2437 5309 Conradum,
2479 5242 2567 5299 cui
2605 5248 2785 5316 tamen
2817 5256 2867 5296 a.
2909 5240 3042 5294 1089
3073 5241 3144 5316 ob
3174 5238 3539 5316 rebellionem

1888 5312 2145 5376 ducatum
2176 5316 2399 5383 ademit,
2432 5320 2486 5370 et
2513 5312 2810 5370 Godefrido
2841 5313 3136 5369 concessit.
3173 5314 3294 5368 Uss.

1965 5389 2102 5462 (1001
2143 5391 2217 5444 De
2248 5388 2354 5442 hoc
2386 5381 2664 5462 legendus
2693 5385 2810 5462 ipse
2839 5386 3133 5462 Gregorius
3162 5383 3323 5462 epist.
3355 5381 3391 5435 2
3421 5389 3495 5462 et
3504 5381 3540 5437 3

1889 5453 1986 5517 lib'.
2038 5476 2115 5516 1v.
2161 5462 2294 5515 ltem
2321 5453 3021 5527 0tto’Frising.’Chron.'l.
3056 5472 3130 5522 vi,
3165 5471 3215 5510 c.
3245 5453 3336 5521 35,
3369 5463 3424 5510 et
3463 5456 3539 5510 De

1888 5534 2060 5604 gestis
2090 5531 2396 5604 Fridericil
2429 5531 2560 5598 imp.
2597 5528 2692 5604 lib.
2724 5544 2763 5604 _1,
2799 5543 2849 5583 c.
2891 5529 2936 5581 1.

1965 5604 2113 5674 (101)
2169 5602 2248 5658 Cf.
2312 5605 2537 5671 Gregor.
2601 5601 2806 5672 Regist.
2866 5615 2941 5665 ιν,
2997 5598 3062 5664 6,.
3112 5599 3179 5654 ad
3245 5598 3536 5654 llenricum

1892 5675 2062 5731 Leod.
2095 5674 2267 5743 episc.
