4100 6166
555 283 658 339 371

1530 283 1907 341 BERTHOLDI
1946 283 2359 340 PRESBYTER!
2397 283 2955 343 CONSTANTIENSIS

3778 284 3871 351 372

561 408 861 481 sequialem
918 410 1268 479 invenirent,
1338 409 1544 467 ibidem
1600 422 1729 467 mox
1781 416 2207 480 supponeretur.
2228 409 2487 478 Alulius,
2515 417 2571 468 et
2614 409 2814 481 reliqui
2859 409 2978 466 sine
3025 422 3253 466 numero
3291 408 3508 466 omnino
3533 409 3869 482 astipulantur,

559 500 663 569 Qui
692 506 806 557 tres
846 502 958 571 jam
1002 502 1058 557 in
1107 501 1224 572 ipsa
1253 499 1661 570 conspiratione
1716 500 2119 570 praenominati,
2150 500 2207 556 in

565 589 665 646 Dei
711 595 893 647 autem
941 589 1425 660 praedestinatione
1450 630 1465 655 ,
1520 602 1589 644 ne
1648 586 1779 644 illuc
1834 589 2205 659 pervenirent,

563 679 828 736 retardati
865 686 1015 735 sunt.
1063 680 1303 747 Quorum
1354 679 1738 748 Trajectensis,
1779 685 1839 734 ut
1884 679 2206 749 praedictum

567 774 671 838 est,
709 769 892 825 subito
923 768 1192 835 moritur;
1226 767 1522 824 Brixiensis
1550 768 1606 822 in
1637 767 1834 826 itinere
1863 768 1984 838 ipso
2016 773 2209 839 captus

562 874 596 915 a
642 859 842 916 comite
890 859 1226 914 Hartmanno
1257 856 1416 926 (102),
1448 857 1503 914 in
1535 858 1837 914 custodiam
1872 863 1927 914 et
1951 860 2069 928 ipse
2094 860 2206 928 jam

566 948 635 1005 ab
665 948 973 1018 apostolico
1006 947 1509 1003 excommunicatus
1536 947 1798 1013 mittitur;
1839 948 2035 1003 tertius
2061 949 2206 1004 Nea-

561 1037 837 1109 politanus
865 1036 1016 1093 solus
1049 1036 1315 1105 pervenit.
1367 1036 1458 1092 Set
1506 1049 1666 1092 nemo
1699 1037 1855 1106 juxta
1892 1036 2029 1107 legis
2066 1052 2208 1107 prie-

566 1131 786 1195 ceptum
807 1126 1114 1192 damnatur,
1140 1137 1249 1180 uno
1272 1130 1465 1181 contra
1485 1139 1543 1180 se
1565 1125 1939 1181 testimonium
1960 1125 2203 1181 dicente.

563 1218 680 1272 Dux
733 1215 895 1270 etiam
938 1213 1277 1280 Gotifridus,
1329 1214 1423 1284 qui
1472 1229 1665 1285 papam
1707 1214 1821 1271 illic
1867 1215 2209 1272 constituen-

561 1302 688 1359 dum
719 1303 787 1359 ad
834 1303 1020 1359 sedem
1069 1304 1365 1359 Romanam
1419 1317 1478 1358 se
1518 1302 1908 1372 perducturum
1941 1305 2053 1374 jam
2091 1304 2208 1376 regi

562 1391 825 1447 audacter
869 1392 1215 1461 promiserat,
1266 1397 1322 1447 et
1366 1392 1506 1461 ipse,
1556 1396 1616 1446 ut
1662 1398 1851 1448 notum
1903 1397 1987 1449 est
2035 1392 2210 1448 omni-

562 1480 704 1548 bus,
754 1481 1259 1536 excommunicatus
1306 1480 1610 1536 interierat.
1655 1481 1768 1536 Deo
1806 1494 2040 1551 namque
2070 1480 2206 1537 illud

563 1569 899 1639 colloquium
948 1568 1030 1625 sic
1077 1569 1432 1637 dissolvente,
1472 1570 1764 1641 Mogontia:
1810 1570 1867 1625 in
1915 1569 2208 1628 festivitate

563 1658 939 1728 apostolorum
987 1659 1133 1714 Petri
1183 1663 1239 1714 et
1289 1658 1441 1714 Pauli
1490 1659 1688 1714 iterum
1747 1659 2103 1727 conveniunt,
2152 1666 2208 1716 et

2289 501 2384 571 qui
2436 501 2576 558 adeo
2619 499 2910 571 amplexati
2952 503 3081 555 sunt
3112 499 3410 564 veritatem,
3459 504 3516 554 ut
3560 501 3727 569 potius
3756 504 3872 560 mori

2290 604 2451 661 quam
2481 591 2700 647 mentiri
2731 589 3121 645 deliberarent.
3170 588 3238 643 Et
3265 587 3369 643 hoc
3399 587 3639 643 nimirum
3674 603 3761 658 pro
3789 604 3872 648 suo
3903 660 3925 670 l

2290 680 2602 751 principatu
2655 684 2910 750 egerant,
2959 691 3122 749 quem
3170 677 3363 733 beatus
3405 677 3593 732 Petrus
3632 679 3875 747 apostolus

2288 769 2457 826 verbo
2487 768 2700 825 Domini
2732 774 2789 824 et
2817 767 2994 824 tenuit
3014 779 3340 836 semperque
3365 765 3585 821 tenebit.
3609 759 3709 822 Hos
3724 768 3877 838 sequi-

2288 862 2378 915 tur
2423 859 2772 915 beatissimus
2818 870 2958 928 papa
2986 856 3257 913 Adrianus
3290 852 3443 925 (105)
3487 854 3710 925 kapitulo
3749 856 3803 909 18
3828 856 3879 889 ¹τ³

2287 948 2345 1003 in
2393 947 2631 1004 decretis
2678 947 2813 1011 suis,
2865 944 3131 1012 Generali,
3176 944 3450 1014 inquiens,
3491 943 3682 1000 decreto
3721 947 3881 1001 statui-

2287 1053 2420 1105 mus,
2450 1042 2506 1093 ut
2552 1036 2904 1093 execrandum
2951 1034 3227 1090 anathema
3275 1034 3389 1105 ﬁat,
3431 1037 3476 1088 et
3515 1032 3643 1089 uelut
3668 1035 3881 1105 prmeri-

2297 1131 2444 1184 cator
2471 1124 2738 1182 catholicae
2764 1125 2888 1196 ﬁdei
2931 1137 3134 1195 semper
3168 1123 3309 1194 apud
3337 1123 3601 1177 Dominum
3636 1136 3744 1178 reus
3767 1125 3885 1179 easi-

2294 1219 2420 1283 stat,
2451 1215 2752 1286 quicumque
2798 1228 2974 1283 regum
3020 1226 3114 1268 seu
3154 1216 3420 1283 potentum
3444 1210 3550 1265 sive
3576 1211 3884 1283 episcoporum

2290 1303 2531 1375 deinceps
2574 1308 2775 1361 statuta.
2819 1304 3167 1358 Romanorum
3208 1299 3507 1372 pontiﬁcum
3558 1299 3688 1371 (106)
3710 1301 3761 1354 in
3783 1315 3886 1371 quo-

2289 1407 2503 1463 cumque
2547 1390 2798 1447 violanda
2843 1390 3147 1453 crediderit,
3186 1389 3267 1445 uel
3307 1388 3593 1461 perviolari
3614 1388 3882 1460 permiserit.

2287 1483 2400 1538 Nec
2438 1482 2619 1537 minus
2662 1480 2771 1536 hoc
2817 1480 3170 1536 metuendum
3220 1486 3323 1545 est,
3368 1477 3519 1548 quod
3567 1484 3770 1533 sanctus
3801 1478 3886 1533 Leo

2288 1571 2345 1626 in
2376 1571 2617 1627 decretis
2659 1571 2774 1626 suis
2815 1569 3091 1626 terriﬁcus
3119 1570 3282 1625 nimis
3306 1568 3551 1625 decrevit
3575 1566 3755 1639 (107):
3785 1566 3885 1622 Οιι-

2286 1659 2388 1726 nis,
2447 1657 2648 1729 inquit,
2696 1659 2784 1731 qui
2831 1658 3166 1729 difﬁnuiones
3219 1662 3433 1713 nostras
3474 1670 3569 1728 per
3610 1653 3886 1729 inobadien—

561 1754 624 1802 ut
669 1761 729 1802 se
778 1746 1178 1803 ulciscerentur
1224 1746 1592 1803 inordinatius
1637 1753 1693 1803 et
1732 1762 1854 1803 sese
1893 1748 2030 1818 ipsis
2068 1748 2425 1819 judi-Btiam
2474 1762 2730 1804 evacuare
2773 1747 3069 1812 contendit,
3116 1745 3450 1802 anathemate
3490 1742 3812 1816 pensitatur,
3849 1744 3887 1796 et

562 1835 720 1903 cibus
767 1836 1054 1891 damnatos
1099 1835 1315 1906 plenius
1356 1836 1698 1903 damnarent,
1728 1836 1996 1908 sacrilego
2025 1842 2208 1894 motus

561 1923 649 1978 sui
708 1938 845 1980 ausu
904 1924 1163 1980 domuum
1221 1924 1620 1994 apostolicum,
1677 1923 1828 1980 falsis
1881 1924 2212 1982 testimoniis

565 2012 722 2081 quasi
773 2011 1114 2081 judicatum,
1184 2017 1389 2068 temere
1445 2012 1577 2068 satis
1642 2013 2209 2081 excommunicabant,

566 2105 622 2156 et
675 2101 825 2171 quod
872 2100 1123 2171 synodali
1164 2100 1376 2170 judicio
1423 2101 1480 2156 in
1535 2114 1719 2173 regem
1768 2107 1825 2157 et
1870 2102 1927 2157 in
1975 2109 2212 2159 caeteros

564 2204 679 2246 suae
727 2188 1215 2246 confmderationis
1264 2190 1561 2261 participes
1588 2190 1656 2246 ab
1693 2191 2000 2262 apostolico
2029 2199 2209 2249 actum

564 2284 649 2335 est
719 2279 1046 2345 anathema,
1114 2284 1307 2350 utpote
1370 2279 1757 2347 temerarium,
1829 2281 2090 2351 injustum
2156 2285 2213 2335 et

563 2368 769 2426 nullius
824 2368 1108 2439 ponderis,
1160 2382 1387 2439 prorsus
1442 2369 1876 2425 conculcandum
1925 2378 1981 2426 et
2027 2370 2212 2426 ﬂocci-

562 2458 934 2529 pendendum,
980 2457 1135 2528 quasi
1184 2458 1587 2514 sententialiter
1634 2459 2048 2516 conﬁrmabant.
2089 2461 2211 2516 Non

562 2548 708 2604 enim
764 2544 1114 2604 attenderant
1168 2546 1482 2603 cautissime
1537 2548 1686 2618 quod
1734 2550 2056 2619 apostolicae
2103 2563 2213 2604 ma-

558 2635 778 2705 jestatis
822 2642 1033 2692 reatum
1082 2636 1452 2704 incurrerint,
1503 2638 1660 2707 juxta
1708 2639 1856 2708 quod
1914 2636 2211 2696 decretalia

562 2731 877 2781 sanctorum
914 2725 1134 2780 Patrum
1172 2729 1375 2781 statuta
1410 2723 1874 2797 inrefragahiliter
1910 2728 2208 2795 sanctiunt,

563 2814 896 2884 quicumque
942 2813 1092 2870 sedis
1129 2813 1449 2885 apostolicae
1493 2815 1759 2885 judicium
1808 2819 1963 2887 quasi
2020 2831 2210 2888 repro-

563 2902 746 2959 babile
793 2903 1065 2959 inmutare
1110 2918 1209 2959 seu
1257 2908 1555 2960 retractare
1608 2907 2098 2975 praesumpserint,
2158 2911 2213 2962 et

564 2989 715 3060 quod
762 2990 898 3045 nulli
947 3004 1183 3060 unquam
1215 2993 1538 3061 permissum
1567 2999 1671 3061 est,
1703 2993 1909 3063 aliquid
1948 2992 2077 3049 inde
2107 2995 2213 3050 hoc

2291 1838 2378 1908 qui
2407 1841 2688 1893 contumax
2713 1837 2907 1893 nostris
2929 1834 3286 1891 saluberrimis
3302 1834 3516 1890 statutis
3539 1829 3886 1896 ccidradiaerit,

2291 1942 2326 1982 a
2372 1925 2613 1983 membris
2660 1926 2911 1984 ecclesia:
2956 1925 3097 1983 omni
3142 1930 3369 1997 tempore
3400 1928 3681 1997 separetur.
3711 1922 3768 1976 Et
3791 1918 3888 1975 ideo

2292 2017 2618 2087 cuicumque
2669 2016 2937 2087 judicium
2994 2015 3144 2071 sedis
3207 2013 3533 2085 apostolicae
3594 2012 3648 2068 in
3707 2008 3890 2066 dubium

2289 2111 2535 2173 venerat,
2582 2120 2703 2162 cum
2752 2106 2874 2176 ipso
2921 2104 3229 2176 apostolico
3261 2103 3453 2175 potius
3480 2115 3635 2173 quam
3665 2113 3773 2156 cum
3798 2097 3893 2155 aliis

2291 2194 2558 2251 ventilare
2615 2195 2902 2263 debuerat,
2953 2194 3071 2250 sine
3131 2206 3241 2263 quo
3300 2192 3393 2259 id,
3453 2190 3597 2261 quod
3639 2188 3891 2259 judicatum

2292 2290 2377 2340 est
2413 2284 2482 2341 ab
2530 2297 2618 2351 eo,
2668 2283 2979 2340 nullatenus
3024 2282 3312 2339 retractari
3340 2280 3433 2337 vel
3480 2278 3672 2337 mutari
3699 2279 3891 2348 poterat.

2291 2374 2551 2429 Nostrum
2591 2376 2676 2428 est
2714 2372 2880 2439 enim,
2912 2370 3235 2442 apostolicis
3263 2370 3539 2426 institutis
3564 2369 3756 2438 absque
3776 2362 3895 2421 omni

2291 2462 2623 2519 hesitatione
2680 2460 2968 2528 obmdire,
3026 2461 3224 2517 stultas
3270 2466 3459 2517 autem
3506 2464 3561 2515 et
3604 2458 3715 2513 sine
3763 2452 3896 2509 disci-

2292 2551 2443 2621 plina
2502 2551 2838 2621 quazstiones
2894 2550 3170 2618 devitarc,
3230 2564 3354 2620 quae
3416 2553 3676 2621 generant
3714 2545 3821 2600 lites
3855 2547 3898 2596 et

2293 2641 2523 2697 multum
2599 2639 2897 2710 proﬁciunt
2961 2638 3030 2694 ad
3103 2638 3525 2695 subversionem
3588 2630 3897 2692 audientium.

2293 2730 2489 2787 Domni
2537 2734 2719 2785 autem
2767 2726 3058 2798 apostolici
3101 2733 3186 2784 est
3227 2741 3355 2783 suas
3406 2724 3699 2784 sententias
3725 2720 3898 2778 ratione

2292 2820 2508 2876 ﬁrmare
2536 2861 2550 2883 ,
2599 2818 2647 2873 si
2701 2817 2955 2888 cuiquam
3002 2818 3060 2873 in
3114 2817 3195 2874 eis
3242 2817 3382 2887 quid
3432 2816 3654 2873 dubium
3695 2811 3902 2867 videatur

2290 2922 2603 2965 occursare.

2365 2998 2623 3053 Diversus
2670 2996 2940 3066 siquidem
2989 3008 3171 3051 sermo
3200 2995 3347 3051 inter
3381 2994 3716 3068 Synodiacos
3736 2989 3797 3045 de
3820 2987 3904 3042 hoc

566 3079 864 3148 reprobato
921 3079 1308 3149 judicaverint.
1371 3081 1524 3137 Unde
1581 3088 1805 3138 sanctus
1834 3082 1897 3113 ¹⁷⁰
1952 3082 2493 3144 SilvesterCeodem
2523 3068 2867 3141 anathemate
2899 3085 3045 3157 regis
3092 3098 3191 3154 per
3237 3090 3420 3142 totum
3462 3097 3683 3156 regnum
3717 3080 3819 3135 sine
3842 3076 3904 3130 in-

567 3167 625 3222 in
666 3168 911 3223 Romana
949 3167 1181 3238 synodo,
1214 3168 1303 3223 cui
1330 3168 1438 3222 284
1467 3169 1713 3239 episcopi
1744 3186 1867 3227 cum
1896 3170 1968 3225 40
1998 3172 2214 3240 presbi—

492 3275 498 3284 ι
565 3255 720 3323 teris,
754 3262 809 3311 et
839 3255 1165 3313 diaconibus
1195 3255 1481 3326 plurimis,
1535 3264 1807 3328 praesente
1855 3261 2213 3316 Constantino

563 3350 798 3416 augusto
828 3352 883 3401 et
911 3351 1084 3420 matre
1115 3347 1235 3416 ejus
1263 3352 1452 3402 sancta
1481 3346 1706 3414 Helena,
1740 3348 2213 3418 subscripserunt,

562 3432 640 3489 ita
687 3433 930 3490 decrevit
978 3434 1033 3464 ¹⁷¹
1078 3454 1090 3489 :
1140 3436 1307 3490 Nemo
1353 3435 1575 3506 primam
1618 3436 1793 3490 sedem
1829 3435 2111 3506 judicabit,
2163 3445 2217 3493 et

564 3530 797 3590 caetera;
837 3530 896 3578 ut
945 3523 1327 3594 praescriptum
1376 3532 1481 3580 est.
1536 3526 1601 3580 Et
1649 3525 1844 3581 beatus
1894 3524 2032 3595 (103)
2078 3541 2217 3596 papa

562 3614 809 3671 Gelasius
862 3614 917 3669 in
967 3613 1207 3670 decretis
1254 3614 1368 3669 suis
1416 3614 1660 3684 kapitulo
1688 3614 1724 3667 2
1754 3614 1891 3686 (104)
1931 3630 1943 3665 :
1995 3618 2215 3683 Cuncta,

566 3704 767 3774 inquit,
807 3717 902 3774 per
946 3704 1187 3759 mundum
1234 3705 1375 3759 nouit
1417 3703 1674 3772 (ecclesia,
1706 3704 1842 3776 quod
1880 3711 2220 3761 sacrosancta

570 3793 807 3849 (ecclesia
855 3796 1091 3848 Romana
1142 3795 1206 3849 de
1252 3795 1391 3849 omni
1435 3793 1673 3850 (ecclesia
1719 3796 1805 3865 fas
1841 3794 2031 3850 habent
2066 3795 2219 3865 judi-

571 3897 714 3947 care,
763 3896 928 3951 neque
975 3883 1218 3951 cuiquam
1262 3881 1417 3938 liceat
1456 3883 1521 3938 de
1565 3884 1677 3953 ejus
1712 3884 1916 3953 judicio
1944 3884 2217 3954 judicare;

572 3969 827 4040 siquidem
856 3971 928 4025 ad
973 3969 1120 4025 illam
1167 3970 1231 4025 de
1282 3970 1513 4041 qualibet
1541 3972 1719 4028 mundi
1752 3977 1906 4045 parte
1944 3972 2220 4045 appellan-

576 4059 698 4115 dum
744 4062 841 4125 est,
883 4057 950 4112 ab
996 4056 1089 4113 illa
1129 4064 1300 4114 autem
1338 4074 1485 4115 nemo
1514 4066 1591 4116 est
1621 4060 1891 4133 appellare
1915 4063 2219 4134 permissus.

577 4149 671 4204 Set
691 4161 794 4203 nec
813 4145 905 4203 illa
930 4148 1292 4217 praeterimus,
1325 4149 1473 4218 quod
1503 4150 1807 4219 apostolica
1836 4151 1998 4207 sedes
2015 4152 2223 4221 absque

576 4236 688 4293 ulla
752 4236 965 4308 synodo
1034 4237 1381 4307 praecedente
1445 4239 1765 4296 absolvendi
1831 4254 1971 4310 quos
2036 4241 2224 4311 iniqua

571 4326 820 4398 synodus
883 4326 1271 4395 damnaverat,
1339 4335 1393 4383 et
1450 4327 1599 4385 nulla
1655 4329 1954 4385 exsistente
2012 4329 2224 4401 synodo

2297 3175 2645 3231 termissione
2694 3175 3003 3241 terebatur,
3049 3175 3267 3244 justene
3296 3181 3485 3230 actum
3516 3174 3588 3229 sit
3609 3185 3675 3227 an
3704 3168 3906 3240 injuste?

2299 3267 2680 3320 Verumtamen
2732 3263 2839 3320 hoc
2894 3263 3039 3333 apud
3088 3266 3477 3320 contentiosos
3533 3260 3785 3325 maxime,
3832 3252 3906 3325 qui

2299 3366 2409 3409 non
2431 3352 2647 3408 veritati
2674 3358 2760 3408 set
2788 3352 3242 3409 contentionibus
3266 3353 3459 3410 conati
3488 3357 3617 3411 sunt
3644 3346 3904 3408 deservire:

2299 3449 2393 3498 aut
2422 3442 2565 3497 enim
2595 3441 2944 3513 ignorabant,
2976 3447 3070 3496 aut
3108 3455 3178 3498 ex
3204 3440 3488 3498 industria
3516 3436 3905 3499 dissimulabant,

2301 3532 2431 3601 quia
2466 3530 2574 3587 duo
2600 3529 2881 3599 judiciarii
2912 3529 3136 3585 ordines
3166 3530 3222 3585 in
3269 3532 3453 3586 sacris
3479 3527 3766 3599 Scripturis
3789 3519 3912 3580 colli-

2299 3627 2504 3692 guntur
2535 3618 2696 3691 (108),
2732 3633 2872 3674 unus
2901 3620 2955 3673 in
2987 3618 3172 3675 dubiis
3200 3619 3393 3686 rebus,
3427 3620 3522 3675 ubi
3552 3617 3793 3680 inducite,
3832 3621 3910 3678 pro

2303 3710 2504 3780 quibus
2534 3722 2701 3776 nunc,
2732 3714 2791 3764 ut
2828 3708 2933 3778 ipsi
2966 3709 3120 3765 aiunt
3148 3714 3205 3764 et
3229 3713 3533 3774 testantur,
3564 3706 3774 3763 minime
3799 3698 3914 3757 datis

2303 3801 2534 3855 maxime
2565 3799 2965 3856 controversati
2993 3806 3142 3866 sunt,
3187 3812 3287 3869 pro
3335 3796 3695 3871 acquirendis
3720 3790 3914 3850 testibus

2304 3896 2360 3946 et
2386 3888 2771 3946 defensoribus
2810 3890 3136 3946 necessaria:
3162 3892 3309 3945 sunt.
3342 3889 3504 3946 Alter
3530 3899 3660 3945 vero
3689 3885 3743 3941 in
3769 3876 3916 3954 publi-

2305 3977 2386 4033 cis
2440 3977 2786 4045 criminibus,
2842 3978 2899 4032 in
2949 3991 3059 4047 quo
3105 3977 3273 4033 nulla:
3309 3977 3559 4034 induciae
3588 3965 3917 4032 concedenda:

2305 4066 2582 4137 leguntur,
2615 4080 2738 4121 cum
2786 4065 2905 4122 sine
2954 4072 3273 4123 accusatore
3321 4074 3382 4123 et
3420 4072 3562 4124 teste
3593 4066 3650 4139 in
3678 4065 3920 4120 contuma-

2305 4169 2399 4211 ces
2437 4162 2492 4211 et
2538 4155 2945 4212 inobtedientes
2990 4156 3110 4212 sine
3159 4169 3311 4213 mora
3355 4158 3433 4213 sit
3461 4151 3795 4213 sententialis
3820 4157 3921 4218 pro—

2306 4243 2531 4300 ferenda
2587 4243 2848 4300 vindicta.
2906 4247 2965 4301 1n
3020 4243 3159 4317 (109)
3220 4245 3409 4303 dubiis
3466 4256 3702 4315 namque
3752 4233 3920 4297 causis.

2309 4332 2437 4388 licet
2488 4332 2660 4399 veris,
2706 4332 2964 4393 .nondum
3020 4339 3200 4390 autem
3259 4334 3565 4404 publicatis
3620 4330 3703 4388 vel
3757 4328 3922 4397 span“!

572 4415 867 4472 damnandi
898 4429 1038 4487 quos
1071 4422 1344 4487 oporteat.
1376 4418 1576 4474 habeat
1603 4417 1938 4486 facultatem,
1979 4419 2128 4489 quod
2162 4419 2287 4477 "'D
2311 4420 2579 4478 confessis
2625 4436 2724 4480 seu
2771 4428 2960 4493 aperte
2989 4422 3277 4492 convictis,
3309 4423 3632 4481 necessario
3661 4433 3752 4477 eas
3775 4413 3833 4473 ad
3858 4411 3924 4468 in-

569 4506 903 4563 sanctissimi
955 4506 1244 4576 pontiﬁces
1295 4507 1569 4573 Calistus,
1627 4507 1938 4575 Fabianus,
1993 4509 2214 4576 Xistus,

2301 4511 2629 4581 quirendum
2661 4511 2746 4569 vel
2778 4512 3250 4584 comprobandum
3291 4512 3542 4572 induciae
3590 4499 3926 4567 concedde

1939 4606 2165 4664 VARIAE
2204 4608 2487 4666 LECTION
2491 4610 2590 4666 ES.

643 4704 705 4735 ¹⁷⁰
742 4717 883 4777 papa
920 4704 1070 4761 addit
1106 4702 1182 4758 1*.
1296 4704 1354 4736 ¹⁷¹
1386 4704 1671 4762 decretum
1700 4718 1839 4761 corr.
1871 4704 2118 4763 decrevit
2146 4704 2202 4762 2.

2317 4707 2377 4739 ιη
2407 4721 2550 4779 quos
2576 4707 2632 4765 2.
2746 4707 2806 4740 ιη
2833 4708 2952 4766 x111
2986 4707 3064 4763 1*.

2136 4805 2353 4862 NOTAE.

656 4899 800 4966 (102)
855 4902 1177 4974 Dilingensi,
1226 4899 1582 4974 infestissimo
1625 4900 1869 4958 Heinrici
1908 4901 2105 4971 hoste;
2151 4901 2223 4959 cf.

581 4974 752 5030 Casus
778 4974 833 5029 8.
864 4972 1167 5030 Galli'itlon.
1199 4976 1291 5030 SS.
1322 4975 1387 5039 11,
1428 4972 1544 5029 157.

656 5042 798 5117 (103)
847 5047 1043 5117 Beatus
1088 5060 1232 5117 papa
1277 5044 1517 5117 Gelasius
1553 5075 1625 5084 —
1667 5058 1969 5117 semperque
2014 5044 2226 5117 tenebit,

580 5117 726 5186 apud
776 5116 1106 5173 Bernoldum
1153 5116 1239 5171 bis

583 5193 639 5242 et
677 5202 870 5259 opusc.
918 5204 994 5253 1v,
1044 5188 1134 5253 23,
1185 5202 1238 5257 p.

581 5258 762 5315 rarent
789 5261 1035 5316 secundo
1065 5266 1273 5315 tantum
1314 5259 1438 5316 loco
1472 5258 1843 5316 inveniuntur.

660 5329 807 5401 (104)
852 5331 1113 5403 Epistula
1150 5330 1231 5395 13,
1273 5330 1342 5386 ad
1385 5331 1680 5401 episcopos
1717 5330 2021 5399 Dardaniae,
2056 5332 2225 5389 Lahb.

582 5401 750 5457 Cone.
777 5410 816 5457 t.
849 5401 935 5469 Ν,
976 5402 1128 5459 1203.
1164 5404 1284 5458 Uss.

1285 5116 1506 5240 largitur,
1545 5129 1737 5185 opusc.
1770 5115 1809 5196 1,
1841 5115 1895 5181 4,
1927 5115 1981 5184 5,
2016 5131 2069 5187 p.
2098 5116 2227 5201 2.16,

1403 5230 1414 5240 .
1443 5188 1620 5240 Verba
1658 5185 1903 5240 Callistus
1930 5219 2000 5228 —-
2038 5187 2227 5240 delibe-

1403 5230 1414 5241 .
1443 5188 1620 5243 Verba
1658 5185 1903 5243 Callistus
1930 5219 2000 5228 —-
2018 5185 2230 5244 delibe-

2581 4904 2705 5007 131?
2728 4904 3005 5007 nc‘lfinceps
3061 4920 3318 4962 canonum
3369 4917 3675 4972 censuram,
3719 4900 3774 4956 iu
3820 4907 3935 4968 quo-

2308 4990 2545 5129 “liii”
2573 4977 3153 5132 θῖἒέἓιῗδῖβευὶςφηθ.
3177 5044 3410 5132 διάλεξιν·
3447 5048 3494 5132 .5
3522 5032 3935 5132 gustatum."

2311 5106 2605 5211 episcopos
2646 5106 3193 5191 Campanite'(1.'abb.
3238 5106 3408 5211 Cone.
3445 5123 3488 5174 t.
3522 5106 3619 5187 11'1,
3649 5114 3755 5172 col.
3785 5106 3935 5173 1294)·

2358 5204 2523 5401 εζίοξ)
2557 5261 2777 5387 βὲὶξϐῐη,
2812 5262 3000 5333 paucis
3044 5263 3286 5329 mutatis,
3321 5265 3547 5319 exstant
3576 5262 3737 5316 Bern.
3769 5262 3937 5324 opusc.

2312 5348 2352 5399 Ι,
2385 5348 2427 5397 1,
2463 5348 2516 5399 p.
2560 5348 2676 5387 ιδι.

2387 5390 2543 5476 (169)
2586 5407 2651 5460 1η
2692 5405 2862 5461 dubiis
2906 5436 2979 5446 —
3022 5404 3184 5461 multa
3229 5404 3584 5476 proveniunt,
3609 5400 3855 5476 leguntle
3894 5390 3940 5476 i1]

661 5473 811 5547 (105)
851 5459 981 5544 Cap.
1031 5474 1102 5529 80
1150 5475 1206 5529 in
1244 5472 1767 5547 feapituglisAdriani
1808 5475 1827 5529 1
1867 5473 1935 5529 ad
1972 5475 2227 5532 Carolum
2312 5459 2569 5530 Bernoldi
2587 5459 2923 5546 "opusc.'1v,
2954 5459 3620 5547 22,7j1.7306,e11cepiis
3657 5459 3849 5530 Verbis,
3878 5459 3943 5547 uel

582 5546 652 5601 Μ.
705 5546 895 5610 (Lahb.
929 5543 1111 5602 ’Conc.
1162 5551 1203 5600 t.
1244 5546 1330 5610 V1,
1373 5545 1480 5600 col.
1526 5543 1688 5615 1833)
1737 5546 1895 5602 Bern.
1948 5559 2142 5616 cpusc.
2186 5563 2224 5614 1,

581 5616 637 5687 6,
671 5632 725 5687 p.
756 5617 880 5672 361.
915 5619 1032 5673 Uss.

2308 5551 2491 5618 sponte
2553 5577 2625 5587 —
2659 5536 3142 5619 'comprohandum.
3218 5536 3422 5605 Eadem
3492 5536 3612 5602 fere
3679 5536 3943 5599 recurrunt

2310 5631 2503 5688 opusc.
2537 5634 2574 5687 1,
2607 5620 2648 5686 1,
2684 5633 2737 5688 p.
2778 5618 2894 5672 1’87.
