4100 6166
221 253 311 309 373

1465 254 1790 312 ANNALES.
1830 281 1902 292 —
1936 252 2047 310 AN.
2095 250 2251 309 1076.

3439 251 3546 309 374

219 383 345 445 sunt,
398 382 453 432 ut
506 376 661 446 juxta
725 376 1040 435 sanctiones
1095 379 1523 450 apostolicorum
1579 379 2072 447 virorumAquam
2102 391 2292 435 eorum
2321 376 2549 433 crimina
2579 381 2686 432 tam
2723 378 3124 434 contumaciter
3161 380 3458 450 publicata,
3491 384 3549 436 et

221 467 387 525 Felicis
421 479 570 536 papa:
619 472 676 521 et
723 467 852 522 Julii
901 475 956 523 et
995 468 1332 539 reliquorum
1371 471 1490 540 ipse
1530 473 1820 525 accusatus

218 557 364 628 possit
390 569 446 611 se
487 561 679 611 contra
725 562 1078 614 accusatores
1127 559 1364 629 pleniter
1411 571 1723 628 praeparare
1754 556 1821 612 ad

216 643 452 701 abluenda
497 643 727 699 crimina
777 646 1013 716 objecta.
1049 648 1203 703 Unde
1237 655 1290 703 et
1328 649 1520 704 beatus
1567 647 1824 703 Eleuthe-

212 736 308 791 rius
356 748 384 788 a
427 734 586 790 beato
634 736 797 791 Petro
855 751 996 806 papa
1052 737 1414 794 duodecimus
1467 739 1523 793 in
1581 736 1822 792 decretis

212 824 307 880 suis
348 823 583 893 kapitulo
633 822 653 876 1
712 830 946 880 testatur
996 824 1180 896 (110).
1237 848 1263 875 (ι
1305 827 1568 892 Inducize,
1618 827 1818 895 inquit,

211 927 301 970 non
332 913 555 969 modicae
585 913 653 969 ad
680 914 1068 984 inquirendum
1101 901 1296 972 danda:
1324 922 1472 980 sunt,
1516 929 1584 972 ne
1614 915 1822 985 aliquid

209 1016 531 1073 prmpropere
574 1004 660 1074 agi
707 1017 740 1059 a
787 1017 1129 1082 quacumque
1179 1009 1333 1075 parte
1382 1005 1653 1071 videatur,
1695 1004 1822 1074 quia

207 1105 288 1161 per
315 1092 710 1161 surreptionem
762 1093 930 1148 multa
977 1095 1325 1162 proveniunt.
1356 1113 1384 1146 »
1425 1094 1580 1149 Unde
1611 1099 1667 1149 et
1702 1107 1824 1148 san-

206 1185 306 1234 ctus
332 1179 648 1234 Ambrosius
679 1179 734 1235 in
755 1181 1100 1250 expositione
1131 1181 1391 1251 Epistola:
1417 1181 1485 1236 ad
1506 1181 1824 1237 Corinthios

203 1273 410 1322 testatur
432 1266 574 1337 (111)
602 1287 614 1322 :
643 1269 922 1334 «Judicis,
947 1270 1144 1339 inquit,
1181 1284 1288 1326 non
1317 1275 1420 1336 est,
1453 1271 1574 1325 sine
1605 1284 1827 1326 accusa-

203 1363 305 1412 tore
338 1355 616 1424 damnare;
653 1359 778 1427 quia
812 1365 867 1414 et
904 1360 1166 1414 Dominus
1202 1359 1416 1425 Judam,
1449 1373 1571 1414 cum
1611 1358 1698 1414 fur
1726 1373 1819 1414 es-

200 1451 287 1511 set,
317 1460 434 1500 cum
466 1459 580 1501 non
612 1451 902 1502 accusatus
939 1448 1032 1514 sit,
1065 1448 1288 1503 minime
1327 1447 1567 1518 abjecit;
1602 1465 1630 1498 »
1680 1448 1824 1502 sicut

201 1542 246 1590 et
265 1535 316 1590 in
343 1535 600 1592 omnibus
628 1536 812 1592 dubiis
840 1538 1111 1608 agendum
1143 1544 1228 1594 est
1256 1539 1456 1593 causis.
1478 1540 1823 1608 Quapropter

1911 474 2019 523 tam
2068 481 2168 538 pro
2207 467 2414 523 nichilo
2461 467 2665 534 habita,
2714 481 2817 523 nec
2863 482 2972 523 non
3023 473 3130 523 tam
3189 471 3549 538 pertinaciter

1909 556 2152 625 defensa,
2185 558 2489 614 ecclesiam
2528 561 2769 612 sanctam
2809 557 3196 614 miserabiliter
3226 558 3388 613 nimis
3419 573 3552 614 con-

1907 645 2264 712 fmdavcrant,
2307 653 2362 702 et
2404 661 2572 716 super
2608 652 2688 702 tot
2725 647 3094 718 vulgatissima
3133 662 3229 703 sua
3269 654 3551 703 contuma-

1907 735 2046 790 citer
2091 735 2542 791 inobmdientiam
2594 749 2744 790 suam
2785 750 2894 792 non
2933 737 3061 792 alibi
3104 737 3209 792 nisi
3250 737 3306 792 in
3337 737 3550 808 synodo

1906 826 2168 891 Romana,
2193 832 2248 880 et
2278 826 2395 880 haec
2416 825 2637 894 scriptis
2657 831 2711 881 et
2732 826 2950 882 nomine
2983 827 3278 897 publicata,
3304 826 3548 883 nimiam

1906 913 2214 968 temeritate
2246 912 2478 983 professi
2509 920 2656 969 sunt.

1976 1004 2034 1057 In
2085 1003 2206 1072 ipso
2255 1005 2599 1058 anathemate
2635 1004 2789 1074 (113)
2833 1005 3066 1060 domnus
3109 1005 3448 1074 apostolicus
3481 1021 3547 1061 ex

1907 1098 2060 1160 parte
2091 1099 2145 1146 et
2187 1093 2406 1146 nomine
2451 1093 2625 1146 Patris
2673 1093 3068 1162 omnipotentis
3098 1100 3151 1147 et
3183 1093 3301 1149 Filii
3342 1100 3396 1148 et
3427 1096 3548 1164 Spi-

1905 1181 2044 1236 ritus
2073 1181 2267 1246 sancti,
2291 1188 2346 1235 et
2376 1195 2475 1250 per
2503 1182 2885 1237 auctoritatem
2915 1183 3089 1237 sancti
3121 1184 3265 1238 Petri
3297 1185 3552 1240 omnibus

1904 1269 2227 1325 Christianis
2276 1269 2559 1340 praecepit,
2611 1283 2678 1324 ne
2728 1271 2852 1339 quis
2901 1272 3016 1342 regi
3074 1274 3546 1329 excommunicato

1907 1365 1966 1414 ut
2013 1360 2128 1429 regi
2177 1359 2440 1428 deinceps
2481 1358 2834 1427 aliquomodo
2883 1360 3148 1426 obmdiat,
3181 1370 3274 1416 aut
3320 1363 3544 1426 serviat,

1905 1453 1998 1502 aut
2039 1447 2423 1518 jusjurandum
2472 1454 2670 1513 servet,
2716 1447 2862 1516 quod
2912 1447 3116 1504 fecerat
3163 1456 3255 1504 aut
3305 1449 3550 1506 facturus

1905 1537 1999 1591 sit.
2030 1537 2184 1604 Quod
2235 1538 2545 1607 principum
2594 1537 2748 1607 regni
2797 1552 2924 1607 pars
2957 1552 3064 1594 nou
3105 1539 3324 1594 minima
3374 1547 3548 1594 atten-

202 1630 245 1678 et
285 1625 538 1681 Dominus
584 1626 704 1695 ipse
753 1627 1058 1696 exemplum
1111 1627 1265 1684 dedit
1297 1627 1476 1692 nobis,
1512 1640 1580 1682 ne
1621 1627 1821 1696 passim
1906 1625 2062 1691 dens,
2095 1628 2298 1696 saepius
2327 1641 2356 1681 a
2389 1641 2515 1697 rege
2546 1627 2722 1682 vocati
2753 1626 2821 1681 ad
2870 1641 2992 1682 eum
3041 1628 3227 1683 venire
3277 1629 3550 1684 detrecta-

199 1713 378 1779 audita,
411 1727 521 1770 non
575 1715 804 1784 probata
845 1724 900 1771 et
942 1716 1271 1784 indiscussa,
1303 1715 1461 1772 facile
1508 1705 2058 1782 credamus,Bbant,
2115 1716 2462 1772 elaborantes
2517 1715 2934 1787 diligentissime
2983 1723 3043 1771 ut
3099 1717 3272 1772 zelum
3321 1717 3418 1771 Dei
3465 1731 3550 1772 se-

199 1802 308 1856 dum
354 1803 409 1858 in
457 1803 634 1874 figura
689 1805 1008 1876 angelorum
1064 1805 1354 1863 Sodomam
1412 1819 1646 1876 pergens
1691 1805 1829 1861 dixit
1910 1805 2148 1860 cundum
2195 1806 2478 1860 scientiam
2529 1805 2814 1860 haberent.
2859 1807 3027 1872 Quem
3077 1805 3207 1862 licet
3255 1807 3455 1875 injuste
3495 1813 3549 1860 et

199 1892 255 1946 ad
299 1893 567 1948 Abraham
602 1914 614 1949 :
647 1913 675 1945 «
708 1895 1064 1962 Descendam,
1114 1901 1169 1952 et
1217 1896 1436 1961 videbo,
1487 1901 1668 1951 utrum
1718 1895 1828 1950 cla-

1910 1907 2018 1950 non
2071 1896 2334 1951 canonice
2390 1896 2914 1950 excommunicatum
2976 1903 3220 1961 nossent,
3273 1903 3450 1950 tamen
3501 1895 3550 1950 ei

200 1993 403 2049 morem,
454 1983 552 2052 qui
599 1983 749 2040 venit
796 1998 979 2041 coram
1028 1999 1135 2052 me,
1186 1998 1354 2055 opere
1407 1984 1822 2054 compleverint,
1903 1984 2057 2052 juxta
2103 1985 2444 2040 Sardicensis
2481 1984 2702 2040 concilii
2741 1990 3002 2039 statutum
3039 1982 3197 2056 (114)
3240 1985 3550 2040 nullatenus

194 2082 251 2123 an
278 2083 380 2126 non
419 2078 506 2127 est
552 2073 651 2139 ita,
688 2081 745 2128 ut
773 2075 964 2129 sciam.
1000 2093 1027 2126 »
1070 2076 1365 2144 Postquam
1403 2081 1583 2129 autem
1616 2073 1825 2129 clamo-

196 2171 292 2213 rem
329 2173 491 2229 quem
531 2161 686 2231 quasi
735 2162 961 2229 audivit,
1001 2177 1188 2220 verum
1230 2163 1500 2232 probavit,
1535 2175 1662 2217 mox
1706 2163 1826 2217 sine

194 2247 431 2304 tarditate
465 2264 636 2320 super
665 2264 782 2306 eam
823 2251 966 2321 ignis
997 2258 1052 2306 et
1080 2251 1364 2321 sulphuris
1393 2252 1598 2307 imbres
1627 2250 1826 2306 vindex

192 2338 641 2404 praesentissimus
688 2339 756 2394 de
805 2340 947 2396 cmlo
998 2341 1138 2410 pluit
1166 2354 1196 2394 a
1234 2341 1485 2396 Domino.
1516 2370 1588 2380 —
1623 2340 1826 2396 Justis-

190 2423 306 2480 sime
343 2433 535 2483 autem
575 2428 782 2496 absque
830 2428 1068 2484 induciis
1109 2428 1456 2496 damnantur,
1485 2430 1578 2495 qui
1610 2429 1826 2498 culpam

189 2525 319 2569 suam
356 2517 474 2584 jam
508 2515 714 2571 dudum
742 2530 774 2571 a
801 2517 1008 2572 sanctis
1045 2518 1300 2573 Patribus
1337 2517 1568 2574 difﬁnite
1607 2517 1829 2572 damna-

190 2607 274 2658 tam
308 2618 425 2659 non
470 2618 694 2675 negare,
724 2612 810 2660 set
858 2606 1078 2675 publice
1117 2612 1529 2677 contemptores
1566 2606 1829 2662 obstinati

190 2700 360 2747 contra
391 2693 706 2762 apostolica
735 2701 938 2750 statuta
967 2709 1026 2749 se
1055 2703 1327 2752 conantur
1356 2696 1829 2766 qualitercumque

189 2778 482 2837 defensare.
533 2783 676 2853 Ergo
707 2783 775 2838 de
807 2783 1090 2838 manifesta
1121 2791 1177 2840 et
1227 2784 1478 2854 plurimis
1508 2793 1637 2840 nota
1666 2799 1832 2841 causa

192 2880 285 2923 non
329 2877 461 2926 sunt
512 2871 800 2940 quaerendi
863 2879 1052 2928 testes.
1107 2873 1259 2929 Unde
1317 2873 1475 2945 (112)
1546 2873 1830 2945 apostolus

192 2955 569 3016 fornicatorem
616 2960 769 3017 illum
825 2962 970 3031 apud
1019 2963 1338 3018 Corinthios
1394 2965 1680 3034 praecepit,
1727 2977 1826 3020 co-

1909 2075 2312 2129 communicare
2351 2074 2638 2139 deberent,
2672 2074 2774 2128 nisi
2807 2088 2928 2128 eum
2979 2074 3390 2130 reconciliatum
3428 2088 3552 2129 esse

1909 2161 2252 2231 praescirent.
2314 2163 2466 2218 Unde
2525 2162 2638 2232 regi
2695 2161 2874 2216 adhuc
2931 2162 3187 2218 indurato
3247 2169 3554 2218 metuentes

1909 2253 2334 2317 communicare,
2368 2251 2496 2320 quia
2536 2251 2688 2304 illum
2731 2265 2909 2319 neque
2939 2266 3189 2321 arguere,
3224 2266 3402 2320 neque
3453 2266 3556 2319 pu-

1909 2341 2048 2406 nire,
2083 2354 2260 2410 neque
2301 2340 2579 2410 corrigere
2619 2345 2892 2409 poterant,
2930 2340 3035 2410 ipsi
3074 2341 3202 2410 quia
3241 2340 3552 2395 consentire

1908 2429 2328 2492 abhorruerant,
2379 2429 2674 2484 studebant
2718 2435 2776 2483 ut
2823 2428 3070 2498 oportuit
3110 2429 3373 2484 devitarc.
3413 2429 3554 2494 Qua-

1909 2527 2137 2589 pr0ptcr
2184 2517 2482 2573 autumnali
2533 2525 2776 2587 tempore
2809 2531 2930 2572 cum
2963 2531 3028 2573 eo
3069 2518 3361 2587 optimates
3399 2516 3553 2587 regni

1911 2606 2244 2676 colloquium
2286 2606 2357 2660 ob
2396 2606 2708 2674 hujusmodi
2748 2620 2806 2661 se
2846 2605 3132 2662 habituros
3174 2606 3552 2675 Parthenope-

1911 2694 2005 2749 lim
2028 2694 2088 2725 ¹⁷⁶
2123 2693 2240 2749 fore
2278 2694 2595 2760 condixere,
2628 2694 2719 2748 ubi
2757 2694 2887 2763 quid
2937 2695 3206 2764 agendum
3245 2709 3413 2764 super
3444 2702 3550 2748 tam

1911 2783 2103 2854 grandi
2137 2785 2356 2853 negotio
2385 2782 2548 2848 foret,
2586 2783 2860 2838 communi
2890 2783 3124 2839 consilio
3155 2790 3379 2852 possent
3409 2783 3552 2838 difli-

1911 2873 2051 2939 nire,
2085 2879 2140 2927 et
2170 2872 2260 2927 ubi
2301 2871 2437 2942 ipsis
2473 2871 2587 2942 regi
2619 2879 2673 2926 et
2711 2870 2934 2926 domino
2973 2885 3073 2927 suo
3106 2873 3462 2939 communito,
3496 2880 3552 2928 et

1910 2961 1978 3016 ad
2018 2961 2391 3032 paenitentiam
2431 2974 2698 3016 converso
2736 2966 2790 3015 et
2833 2961 3184 3016 reconciliato
3216 2961 3410 3017 liceret
3439 2977 3554 3018 ser-

193 3047 326 3115 gnito
353 3049 424 3104 ab
456 3049 717 3106 omnibus
746 3051 894 3120 quod
935 3049 1066 3106 fecit
1105 3067 1293 3123 opere,
1337 3053 1405 3108 de
1447 3061 1592 3109 cmtu
1636 3037 2044 3108 frater-Cvire.
2098 3053 2389 3121 Postquam
2437 3051 2568 3106 illuc
2615 3064 2726 3106 non
2776 3051 2956 3119 parvis
3003 3051 3330 3106 militaribus
3381 3052 3559 3122 copiis

195 3135 361 3193 uitatis
397 3138 644 3210 expelli:
683 3161 708 3188 α
745 3141 869 3205 Vos,
902 3140 1179 3210 inquiens,
1221 3142 1396 3198 inﬂati
1434 3143 1587 3209 estis,
1621 3149 1677 3198 et
1715 3155 1826 3198 non

195 3227 343 3296 magis
384 3229 603 3287 luctum
651 3228 938 3296 habuistis,
976 3237 1035 3286 ut
1079 3231 1370 3288 tolleretur
1407 3232 1476 3288 de
1525 3232 1708 3288 medio
1737 3246 1827 3288 ve-

194 3320 363 3384 strum,
395 3319 492 3388 qui
537 3318 648 3374 hoc
687 3332 826 3389 opus
862 3318 1085 3376 fecit?»
1128 3323 1328 3376 Omnes
1367 3321 1573 3392 quippe
1617 3321 1827 3377 crimen

195 3405 293 3471 ejus
318 3407 596 3473 sciebant,
627 3415 681 3462 et
709 3421 820 3464 non
859 3409 1179 3480 arguebant.
1215 3411 1435 3466 Publice
1465 3424 1699 3480 namque
1731 3424 1829 3466 no-

195 3503 383 3551 vercam
411 3510 577 3552 suam
616 3496 740 3553 loco
780 3499 966 3553 uxoris
1003 3499 1241 3554 habebat
1270 3521 1284 3567 ;
1333 3500 1390 3554 in
1420 3514 1528 3568 qua
1559 3513 1616 3554 re
1650 3513 1827 3569 neque

196 3585 404 3640 testibus
434 3587 521 3641 vel
581 3586 940 3656 inquisitione
988 3601 1129 3658 opus
1175 3596 1312 3654 erat,
1354 3603 1457 3644 nec
1496 3589 1830 3659 tergiversa-

199 3669 324 3730 tione
351 3675 540 3747 aliqua
581 3676 690 3746 tegi
721 3677 928 3732 crimen
961 3684 1197 3747 poterat.
1229 3680 1573 3747 Quapropter
1601 3683 1831 3746 aposto-

198 3759 267 3816 lus
295 3766 572 3833 judicium
613 3779 722 3820 non
756 3765 1016 3822 differens
1044 3766 1100 3820 in
1134 3781 1278 3833 eum,
1315 3785 1344 3818 «
1375 3767 1594 3834 absens,
1627 3767 1828 3835 inquit,

197 3864 426 3922 corpore,
478 3869 738 3926 praesens
785 3864 965 3912 autem
1018 3855 1299 3926 spiritu,»
1359 3856 1518 3924 cujus
1575 3855 1832 3910 videlicet

198 3953 437 4012 nusquam
467 3946 638 4002 deest
666 3947 986 4012 auctoritas,
1013 3964 1041 3997 «
1068 3948 1179 4016 jam
1204 3944 1443 4014 judicavi
1475 3952 1532 4000 ut
1563 3958 1828 4016 praesens,

198 4035 432 4103 eum,qui
465 4035 587 4091 hoc
618 4048 758 4104 opus
787 4034 937 4091 fecit.
973 4053 1002 4086 »

267 4121 448 4180 Totum
516 4127 712 4194 itaque
785 4137 989 4194 corpus
1060 4123 1464 4194 Scripturarum
1539 4123 1832 4180 sententiis

200 4205 361 4267 domui
411 4213 716 4284 apostolici
773 4213 1119 4284 suffragatur.
1182 4213 1335 4269 Unde
1391 4213 1829 4269 contradictores

198 4300 244 4351 et
292 4313 648 4368 perversores
706 4316 891 4359 earum
947 4302 1203 4358 facillime
1266 4309 1496 4371 possunt
1553 4301 1825 4358 convinci.

1910 3154 2235 3204 convenere,
2305 3154 2398 3196 rex
2463 3154 2586 3195 cum
2652 3140 2768 3194 suis
2826 3141 3260 3196 assentatoribus
3325 3141 3460 3196 citra
3494 3142 3552 3172 "7

1910 3232 2117 3286 Renum
2166 3228 2309 3298 apud
2356 3229 2685 3299 Oppinheim
2731 3228 2911 3283 villam
2955 3243 3080 3284 cum
3126 3243 3236 3286 non
3285 3230 3552 3286 mediocri

1909 3333 2023 3374 suae
2071 3317 2558 3374 confmderationis
2605 3325 2771 3384 coetu,
2812 3319 3104 3374 adhortatu
3153 3327 3207 3374 et
3255 3335 3418 3375 suasu
3459 3319 3554 3373 mi-

1911 3422 2015 3463 nax
2059 3415 2113 3463 et
2157 3407 2456 3473 animosus,
2509 3408 2799 3471 consedit;
2851 3408 3003 3475 regni
3063 3414 3244 3461 autem
3297 3409 3558 3476 primates

1911 3497 1991 3553 cis
2039 3498 2250 3552 Renum
2299 3501 2726 3559 commanentcs,
2771 3495 2913 3548 inter
2959 3507 3017 3547 se
3066 3495 3453 3562 quaeritabant,
3504 3504 3558 3550 et

1912 3587 2023 3640 Deo
2055 3585 2245 3639 datore
2285 3584 2548 3638 attentius
2590 3583 2967 3651 unusquisque
3009 3595 3111 3650 pro
3137 3596 3196 3637 se
3226 3583 3296 3636 ad
3325 3584 3559 3639 invicem

1913 3672 2307 3738 conferebant,
2367 3672 2498 3742 quid
2559 3685 2726 3740 super
2783 3678 2890 3725 tam
2947 3670 3154 3725 inmani
3205 3684 3368 3727 causa
3423 3672 3562 3742 ipsis

1913 3761 2292 3818 difliniendum
2359 3761 2541 3816 fuerit.
2611 3760 2745 3815 llluc
2802 3759 2951 3816 sedis
3017 3761 3336 3830 apostolica
3395 3762 3558 3833 legati

1915 3852 2116 3908 litteris
2164 3851 2291 3906 huic
2339 3865 2518 3906 causae
2565 3850 2826 3920 congruis
2871 3850 3052 3905 allatis
3097 3850 3453 3920 advenerant,
3502 3853 3559 3908 in

1913 3941 2114 4012 quibus
2142 3941 2304 3996 etiam
2348 3954 2491 3996 nunc
2522 3939 2824 3995 Pataviensi
2858 3941 3122 4011 episcopo
3152 3940 3269 3998 vice
3299 3957 3396 3997 sua
3425 3956 3559 4013 apo-

1911 4031 2107 4087 stolica
2139 4044 2275 4100 papa
2299 4031 2408 4100 jam
2441 4029 2643 4084 dudum
2675 4043 2935 4086 concessa
2969 4031 3234 4101 inposuit,
3269 4037 3324 4086 ut
3365 4046 3558 4089 omnes

1914 4128 2119 4191 praeter
2167 4134 2348 4192 regem
2396 4119 2572 4174 solum
2619 4118 2687 4173 ad
2737 4118 3164 4175 satisfactionem
3223 4121 3554 4192 dignamque

1915 4210 2289 4280 paenitentiam
2329 4209 2492 4280 digne
2532 4209 2814 4263 venientes
2842 4208 3106 4264 canonice
3146 4210 3553 4276 reconciliaret,

1917 4299 2044 4354 illos
2080 4298 2338 4354 videlicet
2393 4299 2488 4367 qui
2545 4297 2808 4365 deinceps
2851 4296 2904 4350 in
2964 4303 3118 4364 parte
3174 4298 3348 4351 sancti
3409 4299 3555 4352 Petri

201 4384 301 4452 Ipse
347 4403 589 4462 namque
637 4405 666 4446 a
715 4391 958 4462 vestigiis
1003 4369 1319 4448 sanctorum
1379 4393 1595 4445 Patrum
1654 4369 2060 4445 nulla-Dstare
2120 4387 2441 4444 voluissent.
2493 4388 2569 4441 Ex
2618 4385 2820 4455 quibus
2877 4385 3221 4454 Mogontinus
3275 4385 3554 4454 archiepi-

201 4478 338 4533 tenus
383 4479 646 4537 deviavit.
697 4481 974 4536 Incassum
1025 4492 1158 4550 ergo
1216 4479 1439 4550 quidam
1496 4478 1829 4534 contentiosi

202 4567 509 4626 musitabant
538 4568 604 4600 ³⁷⁵
635 4583 735 4640 pro
766 4569 1007 4625 induciis
1044 4569 1157 4640 regi
1202 4570 1430 4638 ejusque
1469 4567 1832 4637 complicibus

201 4663 293 4710 non
320 4655 480 4727 datis,
514 4664 579 4716 et
606 4658 755 4730 quod
787 4672 884 4715 eos
919 4658 1104 4714 statim
1133 4657 1646 4723 excommunicavit,
1682 4662 1831 4726 post-

1912 4491 2113 4546 seopus
2164 4489 2284 4531 cum
2341 4490 2438 4530 sua
2495 4473 2708 4539 militia,
2766 4472 3135 4537 Trevereusis,
3198 4473 3548 4542 Argentinus,

1912 4563 2330 4629 Viridunensis,
2396 4561 2755 4629 Leodiensis,
2824 4559 3305 4625 Monasteriensis,
3369 4561 3554 4630 Traje-

1913 4653 2118 4710 ctensis
2167 4651 2396 4720 electus,
2444 4651 2739 4722 Spirensis,
2789 4649 3124 4715 Basiliensis,
3172 4649 3554 4705 Constantian-

1538 4810 1764 4866 VABLE
1818 4809 2102 4866 LECTION
2106 4807 2204 4864 ES.

265 4953 321 4984 ""
353 4957 430 5012 ita
466 4957 524 5013 2.
605 4953 668 4986 ⁸⁷⁸
705 4952 868 5009 nimis
904 4953 958 5008 2.
1040 4952 1101 4984 ¹⁷⁵
1137 4967 1242 5009 vox
1279 4953 1420 5009 deest
1466 4953 1538 5020 2;
1581 4951 2029 5022 ParthenOpolim
2085 4950 2416 5023 Megdeburg
2462 4947 2578 5004 fore
2632 4947 2678 5003 1.
2735 4946 2812 5000 1*.
2891 4943 2952 4976 ¹⁷⁷
2989 4945 3065 4999 ita
3101 4943 3156 5000 2.
3194 4974 3264 4987 —
3306 4943 3450 5000 ultra
3480 4943 3556 4997 te-

204 5026 402 5092 gendum
441 5028 687 5091 videtur;
729 5024 876 5082 circa
912 5025 1072 5080 edidit
1115 5027 1234 5081 Uss.

1769 5140 1982 5197 ΝΟΤᾸΞ.

300 5296 419 5359 110)
464 5296 638 5354 Labb.
665 5297 835 5352 Conc.
869 5301 908 5350 t.
940 5295 982 5359 1,
1015 5291 1124 5350 col.
1153 5290 1281 5346 589.
1323 5294 1442 5348 Uss.

304 5297 395 5351 110
464 5297 638 5354 Labb.
665 5297 835 5352 Conc.
869 5301 908 5350 t.
940 5297 982 5359 Ι,
1015 5297 1124 5350 col.
1153 5297 1281 5346 589.
1324 5297 1442 5348 Uss.

304 5297 424 5439 111g
450 5369 586 5425 Vide
606 5368 661 5424 iu
683 5366 988 5439 appendice
1011 5365 1078 5419 ad
1099 5366 1277 5433 Opera
1305 5367 1358 5420 S.
1382 5363 1680 5439 ambrosii,
1698 5369 1738 5419 t.
1765 5365 1830 5430 ll,

207 5449 251 5504 p.
286 5436 408 5509 127,
435 5441 528 5496 cui
562 5441 676 5497 haec
707 5436 980 5509 éXpositio
1009 5436 1602 5509 perperamqtribuitur.
1636 5437 1758 5492 Uss.

269 5508 423 5586 (112)
457 5506 926 5586 iUndecpos'tolus
953 5537 1026 5548 —
1061 5522 1190 5586 opus
1215 5506 1356 5586 @913,
1389 5507 1585 5586 ordine
1624 5514 1830 5563 mutato

207 5576 309 5652 lege
345 5576 410 5638 in’
452 5576 714 5641 Beruoldi
763 5596 956 5654 opusc.
990 5595 1028 5648 ι,
1059 5576 1113 5648 2,
1146 5593 1201 5649 p.
1240 5576 1360 5641 193,
1389 5577 1592 5646 cognito
1622 5607 1692 5617 —
1729 5593 1829 5632 ex-

1911 5290 2057 5363 pelli,
2089 5305 2263 5363 omnes
2290 5319 2362 5330 —
2385 5291 2590 5363 poterat
2629 5290 2756 5342 sunt
2783 5285 2947 5341 verba
2976 5284 3267 5363 Ambrosii.

1987 5354 2130 5433 (113)
2173 5363 2345 5416 Verba
2385 5354 2466 5415 "ex
2515 5359 2631 5428 ipsa
2683 5356 3271 5433 Aexcommunica‘tionis
3325 5354 3554 5411 formula

1915 5426 2192 5490 mutuatus
2221 5442 2303 5488 est
2332 5426 2559 5493 auctor}
2595 5445 2644 5484 v.
2681 5431 2845 5485 Mansi
2879 5430 2988 5494 XX,
3019 5426 3143 5481 469.

1987 5505 2132 5574 (114)
2169 5508 2300 5561 Can.
2335 5503 2416 5569 17,
2449 5501 2689 5572 Dionysii
2722 5501 2908 5572 (Labb.
2942 5503 3110 5556 Conc.
3145 5505 3184 5554 t.
3218 5500 3284 5565 ll,
3320 5514 3372 5569 p.
3401 5498 3548 5569 649).

1916 5581 2034 5636 Uss.
