4100 6166
463 195 569 250 375

1462 191 1839 246 BERTHOLDI
1879 190 2292 247 PRESBYTER!
2331 191 2890 248 CONSTANTIENSIS

3729 191 3833 247 376

468 320 547 376 sis
593 322 782 374 autem
823 315 1097 383 Ulmaem,
1148 316 1393 386 episc0pi
1441 315 1655 372 scilicet
1700 316 1757 372 hi
1782 315 1859 383 "9,
1910 322 1965 372 et
2011 317 2189 376 ab-A
2259 318 2391 374 'Hoc
2438 317 2718 387 colloquio
2766 317 2913 373 circa
2957 315 3231 373 Kalendas
3284 316 3610 373 Novembris
3666 317 3838 383 linito,

469 410 626 466 bates
683 408 892 479 plures,
946 421 1048 463 nec
1097 420 1206 462 non
1263 407 1527 476 majorum
1582 413 1636 462 et
1687 407 1958 462 minorum
2005 420 2116 462 non

471 498 691 555 modica
751 497 912 553 turba
965 497 1036 552 ob
1087 504 1294 552 reatum
1348 495 1752 551 communionis
1804 495 1970 566 regis,
2019 510 2118 552 seu

473 588 622 658 quod
678 587 784 658 ipsi
835 586 906 642 ob
953 585 1404 642 inoboedientiam
1457 585 1911 641 excommunicati
1968 593 2115 652 sunt,

472 677 586 733 sive
633 675 781 747 quod
840 681 1171 744 receperunt
1221 675 1413 729 missas
1451 680 1506 729 et
1543 672 1721 729 officia
1772 674 2119 730 sacerdotum

477 767 551 822 ob
602 764 1056 821 incontinentiam
1096 763 1180 818 vel
1218 763 1457 819 heresim
1494 764 1861 833 symoniacam
1901 763 2123 818 damna-

474 861 679 921 torum,
714 853 917 909 ibidem
959 851 1299 908 reconciliati
1338 852 1394 907 in
1434 853 1872 908 communionem
1911 852 2120 924 recepti

473 949 618 1000 sunt.

549 1035 832 1088 Postremo
899 1029 1095 1084 diebus
1154 1029 1345 1085 decem
1410 1029 1466 1084 iu
1537 1029 1850 1101 hujusmodi
1925 1029 2124 1086 studiis

478 1122 789 1186 transactis,
838 1133 959 1175 cum
1007 1133 1104 1174 rex
1137 1118 1348 1175 videret
1386 1125 1441 1175 et
1478 1119 1696 1175 audiret
1734 1124 1816 1176 tot
1849 1123 1905 1176 et
1945 1123 2125 1176 tantos

477 1209 798 1282 apostolicae
848 1208 1103 1279 dignitati
1153 1208 1435 1264 humiliter
1480 1209 1732 1275 cessisse,
1784 1222 1990 1279 eosque
2040 1223 2126 1264 re-

476 1315 598 1372 gem
657 1298 823 1354 alium
879 1311 980 1367 pro
1039 1311 1096 1352 se
1155 1297 1601 1354 constituendum
1658 1297 2014 1364 deliberasse,
2071 1301 2127 1352 et

479 1391 604 1460 ipse
659 1400 984 1458 quamquam
1043 1386 1240 1442 nolens
1290 1393 1346 1442 et
1400 1387 1622 1454 invitus,
1666 1394 1720 1443 et
1772 1401 1885 1457 prae
1935 1386 2126 1442 dolore

481 1479 588 1534 hoc
636 1476 752 1532 fere
773 1475 833 1507 ¹⁸⁰
883 1475 1026 1531 ultra
1074 1476 1327 1545 spiritum
1376 1490 1485 1532 non
1534 1476 1764 1545 habens,
1803 1476 2034 1532 cessisse
2068 1491 2128 1532 se

484 1582 648 1640 quam
678 1567 766 1622 vix
788 1565 846 1598 ¹⁸¹
890 1565 1182 1632 simulavit,
1215 1579 1326 1621 non
1363 1566 1527 1622 modo
1572 1580 1748 1637 papae,
1780 1580 1968 1622 verum
1997 1579 2129 1636 quo-

2201 405 2330 462 ilico
2362 413 2564 477 praeter
2595 405 2816 462 solitum
2870 405 3212 476 prtegrandis
3239 404 3334 460 nix
3381 412 3558 462 terras
3605 405 3845 477 undique

2202 495 2512 566 opprimere
2573 496 2818 566 incoepit.
2891 497 3020 552 Haec
3075 494 3350 566 siquidem
3407 497 3734 566 praesagium
3792 502 3843 551 et

2201 585 2417 656 signum
2464 583 2770 640 futurorum
2827 584 3094 640 malorum
3145 597 3256 640 non
3309 583 3486 640 solum
3543 585 3847 655 Cisalpinas

2203 680 2406 745 partes,
2439 687 2647 740 verum,
2675 673 2823 743 quod
2855 675 3040 742 potius
3065 673 3316 729 mirabile
3344 673 3520 730 visum
3549 681 3652 742 est,
3675 681 3846 732 totam

2204 762 2640 835 Longobardiam
2679 762 2960 819 nimietate
3000 762 3245 818 inaudita
3283 775 3393 819 non
3433 777 3625 833 parum
3663 769 3856 834 stupe-

2204 851 2354 908 fecit.
2411 852 2590 907 Nimio
2643 851 2847 922 quippe
2905 851 3128 924 frigoris
3193 852 3608 923 congelamento
3665 855 3854 909 Renus

2205 941 2414 1012 pariter
2445 946 2500 998 et
2529 941 2819 1009 Eridanus,
2852 949 2910 998 ut
2940 941 3010 998 de
3039 941 3216 997 fluviis
3245 942 3464 998 caeteris
3497 947 3763 1010 taceatur,
3796 942 3853 998 in

2206 1035 2416 1086 tantum
2447 1029 2779 1086 consolidati
2809 1037 2956 1098 sunt,
2981 1035 3041 1086 ut
3069 1045 3168 1101 per
3197 1031 3418 1105 longum
3451 1037 3667 1102 tempus
3695 1030 3854 1102 quasi

2208 1133 2306 1190 per
2338 1124 2540 1175 terram
2569 1119 2710 1175 viam
2750 1120 2806 1174 in
2837 1134 2896 1176 se
2934 1119 3217 1191 glacialem
3265 1120 3592 1176 exhiberent
3637 1119 3860 1176 cunctis

2209 1209 2614 1265 itinerantibus.
2647 1209 2737 1265 Sic
2773 1209 2990 1280 hiemps
3026 1223 3219 1280 aspera
3257 1217 3312 1265 et
3341 1209 3530 1266 nivosa
3567 1209 3778 1280 algoris
3805 1208 3860 1265 vi

2209 1299 2528 1355 continuata
2566 1313 2740 1369 usque
2771 1299 2828 1354 in
2858 1299 2987 1355 ldus
3025 1299 3220 1367 Martii,
3252 1299 3469 1356 scilicet
3504 1314 3534 1355 a
3573 1300 3860 1370 colloquio

2211 1387 2480 1458 praedicto
2505 1401 2679 1457 usque
2705 1387 2774 1443 ad
2799 1387 3136 1459 colloquium
3157 1388 3304 1458 quod
3330 1388 3475 1459 apud
3507 1388 3863 1444 Forihcheim

2211 1491 2244 1532 a
2272 1478 2427 1548 regni
2467 1478 2823 1547 optimatibus
2859 1485 3040 1534 actum
3070 1485 3174 1546 est,
3216 1477 3553 1548 perduravit.
3596 1481 3723 1549 Ipso
3755 1478 3863 1533 de-

2213 1568 2380 1637 nique
2411 1567 2500 1622 die
2538 1567 2710 1638 coepit
2745 1567 2838 1623 nix
2876 1582 2976 1638 per
3007 1581 3197 1624 omnes
3235 1572 3503 1624 terrarum
3547 1573 3863 1624 nostrarum

484 1672 591 1728 que
645 1656 800 1726 regni
853 1655 1197 1726 principibus
1241 1655 1296 1710 in
1346 1655 1559 1711 cunctis
1605 1669 1967 1726 quaecumque
2023 1655 2424 1728 ipsinartes,
2465 1656 2698 1712 diversis
2753 1671 2852 1727 pro
2905 1656 3169 1726 qualitate
3226 1656 3474 1713 locorum
3532 1656 3868 1728 liquefienda

487 1748 755 1816 inponere
795 1750 850 1800 et
889 1745 1181 1800 observare
1229 1758 1352 1800 eum
1400 1743 1720 1800 voluissent.
1771 1747 1922 1801 Tunc
1957 1745 2131 1800 visum

490 1842 574 1892 est
625 1836 706 1890 eis
760 1840 964 1904 praeter
1021 1840 1258 1898 caetera,
1319 1839 1381 1888 ut
1437 1833 1687 1903 inprimis
1747 1832 2132 1890 Wormatiensi

491 1925 754 1994 episcopo
793 1923 955 1978 sedes
995 1929 1049 1978 et
1089 1923 1281 1978 civitas
1323 1937 1422 1978 sua
1459 1921 1633 1978 libera
1671 1923 2016 1990 redderetur,
2049 1937 2136 1978 re-

491 2014 618 2085 gina
646 2013 777 2068 inde
807 2027 929 2068 cum
971 2012 1086 2067 suis
1123 2011 1380 2067 omnibus
1428 2012 1804 2083 egrederetur,
1832 2013 2137 2068 Saxonibus

494 2101 717 2159 obsides
762 2101 981 2156 illorum
1023 2101 1409 2167 redderentur,
1453 2109 1505 2156 et
1548 2107 1608 2157 ut
1653 2101 1721 2156 ab
1767 2102 2138 2158 excommuni-

495 2191 633 2248 catis
661 2191 777 2248 suis
804 2205 862 2245 se
902 2204 998 2245 rex
1029 2191 1253 2245 omnino
1303 2196 1606 2260 separaret,
1639 2203 1741 2245 nec
1771 2203 1880 2246 non
1929 2190 2140 2246 litteras

498 2294 652 2349 papae
683 2278 966 2350 Gregorio,
1001 2278 1242 2334 debitam
1271 2279 1682 2346 obtedientiam,
1715 2277 2142 2335 satisfactionem

499 2373 554 2424 et
593 2368 808 2438 dignam
862 2366 1241 2437 pmnitentiam
1279 2381 1338 2423 se
1377 2374 1718 2423 servaturum
1756 2367 1986 2423 firmiter
2014 2367 2144 2423 inti-

499 2463 732 2524 mantes,
780 2457 989 2526 absque
1036 2469 1188 2510 mora
1235 2455 1536 2526 dirigeret,
1594 2457 1709 2526 ipse
1758 2463 1939 2512 autem
1991 2458 2144 2527 juxta

501 2545 793 2604 consilium
837 2558 1027 2601 eorum
1077 2546 1295 2601 interim
1343 2545 1614 2602 manendo
1663 2560 1985 2616 responsum
2015 2560 2148 2616 apo-

504 2633 758 2691 stolicum
798 2639 853 2690 et
890 2632 1396 2690 reconciliationem
1437 2634 1586 2689 illius
1615 2641 1976 2704 exspectaret.
2018 2636 2148 2691 Haec

507 2731 562 2780 et
607 2730 808 2779 caetera
856 2723 1038 2779 omnia
1083 2738 1198 2791 rex,
1234 2738 1560 2794 quamquam
1609 2738 1718 2781 non
1763 2739 1830 2782 ex
1871 2732 1985 2781 tota
2023 2725 2150 2781 sim-

507 2812 774 2883 plicitate,
819 2812 949 2868 ilico
1000 2811 1230 2884 peregit.
1279 2813 1493 2868 Abhinc
1544 2813 1773 2880 litteras,
1810 2816 1962 2884 juxta
2002 2814 2150 2885 quod

508 2901 869 2956 condixerant
924 2902 1068 2957 inter
1113 2917 1172 2958 se
1221 2903 1575 2972 compositas,
1629 2910 1685 2958 et
1746 2903 1803 2958 in
1861 2904 2153 2973 praesentia

2215 1746 2482 1816 lapsibus,
2515 1745 2773 1817 paulatim
2805 1745 3148 1802 descrecere.

2288 1837 2405 1891 Rex
2442 1840 2624 1890 autem
2663 1839 2941 1891 transacto
2981 1834 3128 1890 circa
3166 1833 3493 1906 Oppinheim
3535 1835 3872 1904 praescripto

2218 1923 2521 1994 colloquio,
2563 1923 2738 1993 Spirae
2787 1937 2910 1978 cum
2967 1923 3243 1979 tutoribus
3281 1929 3337 1979 et
3369 1923 3672 1991 actoribus,
3703 1924 3803 1993 qui
3842 1936 3872 1976 a

2220 2013 2545 2085 primatibus
2574 2013 2728 2083 regni
2758 2011 2864 2082 ipsi
2896 2011 3144 2082 deputati
3173 2018 3321 2079 sunt,
3345 2012 3685 2082 aliquamdiu
3714 2024 3875 2067 more

2223 2102 2606 2173 pwuitentium
2629 2101 2885 2156 victitans
2908 2101 3081 2156 stetit.
3104 2101 3313 2157 Dehinc
3336 2101 3407 2157 ob
3429 2101 3876 2170 conjurationem

2225 2191 2533 2261 principum
2566 2189 2884 2260 praedictam
2923 2189 3211 2259 suspicans
3239 2190 3296 2245 in
3325 2204 3384 2245 se
3423 2189 3882 2260 contorquendas

2225 2279 2507 2350 perfidiam
2557 2286 2612 2334 et
2659 2280 2926 2335 versutias
2973 2279 3191 2334 illorum
3247 2277 3733 2348 supplantatorias,
3781 2291 3882 2332 re-

2227 2369 2476 2426 collectis
2515 2367 2758 2438 undique
2797 2367 3130 2424 consiliariis
3165 2368 3301 2434 suis,
3343 2367 3601 2437 placitum
3632 2367 3883 2438 optima-

2229 2467 2342 2515 tum
2390 2473 2611 2514 suorum
2659 2458 2983 2513 temerarius
3034 2457 3366 2527 postposuit,
3407 2462 3462 2512 et
3491 2457 3572 2512 sic
3601 2469 3672 2512 ne
3702 2468 3885 2527 regno

2231 2547 2556 2617 privaretur,
2590 2552 2709 2601 toto
2738 2545 3044 2601 industrius
3081 2551 3136 2600 et
3183 2544 3582 2600 attentissimus
3627 2544 3885 2615 ingenio,

2232 2635 2517 2694 omnifaria
2565 2649 2789 2692 suorum
2837 2636 3104 2691 scrutinia
3146 2641 3202 2691 et
3249 2635 3481 2691 consilia
3535 2632 3888 2691 conferendo

2233 2724 2650 2795 diligentissime
2689 2738 2747 2779 se
2788 2724 3152 2794 praemunivit.

2305 2814 2576 2870 Tullensis
2614 2819 2794 2868 autem
2834 2812 3148 2882 episcopus,
3181 2825 3284 2868 nec
3313 2825 3424 2868 non
3452 2811 3658 2883 pariter
3687 2811 3894 2866 Neme-

2239 2903 2410 2957 teusis
2447 2915 2574 2958 mox
2612 2916 2734 2957 cum
2774 2901 2960 2957 multis
2995 2901 3142 2968 aliis,
3183 2901 3386 2972 quibus
3431 2901 3537 2957 hoc
3585 2913 3686 2970 per
3723 2900 3894 2956 obte-

511 3003 699 3045 eorum
748 2989 1032 3062 sigillatas,
1087 3005 1226 3060 quas
1280 2997 1457 3047 tamen
1518 2991 1780 3061 deinceps
1837 2993 1954 3062 ipse
2011 2991 2498 3062 clamcdientiam
2539 3005 2570 3046 a
2601 2991 2906 3046 Pataviensi
2954 2991 3216 3060 episcopo
3269 2990 3585 3060 impositum
3622 2993 3727 3055 est,
3775 2991 3894 3045 Ro-

512 3078 762 3134 alteravit
819 3085 875 3135 et
934 3081 1002 3134 ad
1060 3079 1275 3135 libitum
1334 3094 1492 3135 suum
1549 3081 1813 3146 mutavit,
1877 3095 1976 3150 per
2031 3083 2159 3137 Tre-

513 3167 785 3223 virensem
847 3168 1165 3238 episcopum
1231 3170 1455 3224 Romam
1526 3184 1680 3240 papa:
1750 3171 2160 3240 praesentandas

515 3256 834 3312 transmisit.
885 3256 1150 3312 Primatcs
1195 3271 1326 3314 vero
1385 3258 1560 3329 regni,
1619 3257 1779 3314 dolos
1832 3258 2160 3329 solitamque

514 3347 823 3403 vecordiam
883 3346 1323 3404 consiliariorum
1380 3350 1564 3419 regis,
1635 3362 1797 3418 quam
1862 3349 2163 3405 tantoticns

519 3436 730 3506 experti
777 3442 924 3503 sunt,
960 3443 1284 3505 metuentes,
1318 3443 1373 3492 et
1421 3438 1526 3507 ipsi
1575 3437 1785 3506 legatos
1829 3438 1960 3494 boni
2011 3438 2163 3494 testi-

518 3526 710 3592 monii,
744 3525 838 3595 qui
878 3526 965 3581 his
1003 3527 1260 3582 omnibus
1298 3542 1421 3596 quae
1464 3513 1672 3583 ibidem
1701 3532 1821 3583 acta
1860 3533 1988 3584 sunt
2026 3543 2166 3598 prae-

521 3622 606 3672 sto
646 3615 884 3682 fuerant,
917 3617 1143 3671 Romam
1194 3616 1420 3686 pariter,
1452 3630 1521 3672 ne
1572 3631 1709 3687 papa
1758 3617 1903 3673 dolis
1944 3617 2166 3674 illorum

522 3705 912 3775 deciperetur,
974 3711 1336 3776 properanter
1389 3706 1671 3777 dirigunt,
1732 3707 2021 3777 ipsumque
2069 3721 2168 3777 per

524 3793 957 3850 misericordiam
1020 3794 1116 3849 Dei
1181 3793 1505 3864 suppliciter
1565 3795 1910 3850 obsecratum
1974 3795 2167 3865 implo-

528 3888 671 3947 rant,
705 3887 763 3936 ut
793 3883 849 3937 in
887 3882 987 3936 has
1018 3887 1202 3950 partes
1235 3882 1633 3939 dissensionem
1674 3883 1986 3953 hujusmodi
2025 3899 2170 3940 com-

532 3971 813 4041 positurus
863 3970 1050 4026 venire
1097 3972 1437 4041 dignaretur.
1495 3974 1727 4042 Insuper
1771 3979 1832 4029 ut
1883 3988 2065 4044 regem
2103 3973 2170 4030 ad

530 4059 850 4130 apostolicae
907 4059 1055 4115 sedis
1102 4060 1492 4116 oboedientiam
1550 4060 1846 4130 perfectius
1901 4063 2172 4118 constrin-

534 4155 747 4220 gerent,
779 4154 1071 4220 antequam
1117 4150 1185 4206 ab
1233 4149 1462 4205 invicem
1513 4149 1883 4218 discederent,
1925 4154 2172 4222 conjura-

534 4240 684 4307 bant,
727 4245 786 4294 ut
825 4240 870 4296 si
906 4239 1066 4310 culpa
1103 4254 1201 4296 sua
1240 4239 1381 4295 ultra
1419 4254 1619 4296 annum
1677 4241 2178 4297 excommunicatus

2241 3095 2382 3138 mam
2423 3081 2826 3151 pervenientes,
2871 3093 3025 3150 papae
3071 3094 3130 3135 se
3179 3093 3303 3135 reos
3341 3093 3464 3135 cum
3510 3077 3896 3135 satisfactione

2243 3177 2298 3226 et
2347 3169 2690 3226 oboedientia
2735 3169 2920 3225 debita
2967 3168 3253 3225 dederant.
3294 3172 3441 3237 Quos
3481 3167 3575 3224 ille
3622 3168 3899 3224 canonice

2244 3259 2654 3323 reconciliatos,
2696 3272 2886 3314 eorum
2936 3257 3326 3315 oboedientiam
3365 3256 3704 3328 aliquamdiu
3755 3271 3898 3327 pro-

2244 3349 2427 3404 bando
2467 3349 2524 3404 in
2579 3347 2988 3404 monasterialia
3041 3347 3290 3418 quadam
3349 3347 3684 3403 custodiaria
3741 3345 3902 3402 solos

2247 3453 2344 3495 eos
2373 3437 2505 3494 fecit
2548 3438 2904 3502 incarcerari,
2937 3438 3116 3495 donec
3165 3437 3532 3507 imperatricis
3578 3437 3901 3492 interventu

2247 3529 2335 3583 vix
2382 3527 2512 3584 inde
2558 3527 2795 3592 reducti,
2837 3527 3044 3597 absque
3093 3526 3289 3582 ordine
3336 3540 3447 3582 non
3487 3525 3551 3556 ¹⁸³
3600 3538 3900 3591 concesso,

2247 3615 2420 3673 solius
2493 3615 2717 3672 licentia
2790 3615 3192 3672 communionis
3265 3615 3566 3687 repatriare
3638 3614 3902 3685 permissi

2247 3711 2397 3762 sunt.

2321 3797 2434 3851 llos
2479 3809 2508 3851 e
2559 3794 2792 3865 vestigio
2856 3795 3195 3851 Trevirensis
3256 3793 3708 3866 archiepiscopus
3778 3810 3904 3852 cum

2253 3885 2417 3956 regiae
2460 3884 2752 3955 legationis
2788 3883 2988 3939 litteris
3036 3882 3267 3940 festinus
3309 3884 3472 3940 nimis
3513 3884 3904 3954 consequitur,

2255 3988 2448 4044 papam
2486 3972 2759 4039 salutavit,
2802 3972 3013 4028 litteras
3058 3973 3394 4029 adulteratas
3439 3973 3546 4043 ipsi
3592 3981 3907 4043 praesenta-

2256 4064 2350 4119 vit.
2401 4064 2544 4130 Quas
2591 4061 2686 4118 ille
2725 4062 2830 4118 nisi
2888 4075 3073 4118 coram
3113 4062 3308 4133 legatis
3363 4063 3688 4133 optimatum
3745 4064 3908 4135 regni

2257 4152 2478 4208 recitari
2528 4152 2636 4208 sibi
2667 4151 2865 4220 noluit,
2907 4158 2967 4207 ut
3003 4152 3108 4222 ipsi
3140 4159 3309 4208 testes
3348 4152 3691 4209 recitationis
3735 4153 3911 4208 ades-

2257 4249 2400 4308 sent,
2434 4242 2527 4312 qui
2561 4248 2614 4297 et
2645 4256 2831 4298 earum
2871 4242 3290 4313 compositionis
3318 4247 3374 4298 et
3403 4242 3717 4298 emissionis
3745 4243 3913 4300 scioli

535 4329 880 4399 perduraret,
931 4329 1035 4398 ipsi
1076 4342 1199 4384 eum
1238 4328 1470 4386 ulterius
1516 4343 1698 4401 regem
1741 4344 1848 4387 non
1887 4330 2599 4395 haberent.Dasstiterant.
2661 4333 2951 4402 Postquam
3009 4333 3177 4403 igitur
3231 4333 3459 4388 recitate
3515 4337 3680 4402 sunt,
3741 4332 3913 4405 legati

534 4419 780 4490 Indeque
829 4419 899 4475 ob
949 4424 1151 4475 metum
1198 4417 1395 4476 futura:
1445 4419 1500 4475 in
1545 4433 1642 4476 eos
1679 4420 1826 4491 regis
1863 4421 2089 4477 ultionis
2126 4425 2182 4476 et

538 4509 775 4579 injuriae,
809 4521 970 4580 quem
1006 4523 1106 4578 per
1144 4508 1330 4580 plures
1371 4522 1558 4566 eorum
1603 4523 1713 4566 non
1743 4511 1915 4566 visum
1947 4516 2003 4566 et
2041 4511 2184 4566 insa-

541 4599 770 4656 lutatum
816 4598 1032 4668 sibique
1082 4599 1246 4654 nimis
1291 4599 1595 4655 subiratum
1641 4599 1999 4671 reliquerant,
2056 4601 2183 4656 data

543 4690 648 4745 sibi
697 4689 754 4743 in
803 4688 1056 4755 invicem,
1093 4688 1137 4742 si
1179 4688 1308 4758 quid
1359 4688 1440 4744 eis
1486 4688 1557 4744 ob
1607 4689 1918 4758 hujusmodi
1966 4705 2182 4746 causam

546 4779 946 4844 adversaretur,
1002 4776 1108 4832 fide
1161 4776 1450 4847 adjutoria,
1510 4778 1885 4850 unusquisque
1949 4779 2186 4851 glorian-

549 4876 634 4925 ter
655 4865 716 4898 ¹⁸¹
753 4867 810 4924 in
847 4882 944 4924 sua
983 4873 1312 4924 remearunt.

2265 4421 2544 4478 materiam
2582 4421 2746 4492 longe
2786 4421 2948 4478 aliam
2985 4435 3147 4491 quam
3187 4435 3310 4491 quae
3349 4421 3406 4476 in
3454 4421 3750 4490 praesentia
3793 4423 3915 4493 pri-

2265 4519 2467 4568 matum
2516 4511 2670 4582 regni
2719 4511 3025 4581 composita
3073 4516 3128 4566 et
3175 4510 3412 4582 sigillata
3458 4509 3581 4578 fuit,
3632 4524 3917 4583 recogno-

2265 4605 2506 4667 scentes,
2541 4613 2650 4656 non
2681 4600 2912 4656 eandem
2941 4603 3028 4656 set
3063 4598 3345 4656 alteratam
3376 4607 3430 4655 et
3459 4613 3560 4669 per
3588 4599 3708 4656 loca
3739 4608 3922 4656 muta-

2269 4695 2374 4746 tam
2407 4689 2596 4756 fuisse,
2641 4703 2740 4760 per
2776 4688 3064 4745 dominum‘
3097 4691 3264 4745 Deum
3302 4688 3582 4745 liberrime
3621 4692 3922 4759 protestati

2268 4785 2415 4834 sunt.
2484 4779 2573 4834 Sic
2636 4778 2975 4834 Trevirensis
3038 4777 3510 4849 archiepiscopus,
3585 4792 3920 4849 quamquam

2273 4868 2326 4924 in
2383 4868 2576 4939 primis
2634 4867 2852 4924 litteras
2908 4865 3204 4924 defendere
3262 4867 3582 4938 incepisset,
3638 4874 3927 4938 postremo

1907 5015 2130 5072 VARJIE
2180 5015 2564 5072 LECTIONES.

629 5157 1010 5241 'jﬂHagtsizius
1038 5160 1077 5241 ι,
1108 5163 1382 5241 c._ulti_mo
1403 5163 1551 5241 legit.
1593 5165 1762 5241 [limae
1801 5171 1996 5241 tamen
2009 5165 2720 5241 jumtqgodiceslegendum
2747 5181 2860 5241 esse
2895 5171 3038 5241 potet
3074 5181 3144 5222 ea:
3181 5166 3432 5241 Bemaldi
3469 5165 3792 5241 applogetico
3827 5184 3929 5241 pro

556 5229 863 5311 Qefghardq
903 5234 1299 5311 genstanliensi
1327 5229 1571 5311 episcopo
1607 5237 1826 5310 (Opusc.
1859 5241 1937 5306 X,
1968 5229 2028 5304 4;
2054 5255 2108 5310 p.
2140 5237 2297 5311 380.)
2337 5259 2349 5294 :
2384 5237 2473 5294 ubi
2500 5229 2850 5311 Dttonigapud

2938 5237 3095 5294 lmam
3131 5239 3418 5295 communio
3457 5237 3666 5296 reddita
3705 5237 3924 5296 dicitur.

564 5303 718 5386 USS‘.
749 5375 760 5386 .
799 5303 859 5386 ¹⁷ξ³
903 5303 962 5386 1:
988 5320 1139 5386 uoces
1169 5313 1225 5386 et
1253 5303 1468 5386 abb'._p.
1492 5303 1562 5386 _n._
1591 5303 1645 5364 n.
1788 5303 2142 5386 etm'inorum
2171 5303 2368 5386 scripta
2406 5311 2593 5386 iterum
2621 5303 2827 5386 deleuit,
2859 5316 2908 5366 et
2917 5315 3058 5386 guno
3084 5312 3161 5386 ita
3189 5311 3395 5386 pergit;
3431 5331 3457 5386 ς
3487 5311 3933 5386 Τᾼτὶᾷθῐιῐὶηεηδὶξ

557 5373 880 5457 velTrient,
910 5376 1257 5457 Coloniensis
1286 5373 1756 5457 et_Agripinensis
1783 5382 1865 5457 vel
1907 5382 2087 5457 Kolln,
2116 5381 2253 5457 item
2277 5373 2560 5457 'ltletensis
2596 5382 2679 5438 vel
2721 5373 2875 5457 Metz,
2916 5373 3202 5438 Tullensis
3226 5373 3308 5438 vel
3347 5382 3476 5457 g'l‘ol,
3519 5383 3806 5457 Veinensis
3842 5383 3929 5438 vel

565 5447 745 5512 Veins,
789 5449 1190 5525 Lausannensis
1227 5450 1310 5506 vel
1351 5447 1548 5525 hosen,
1590 5454 1882 5510 Frisiensis
1918 5453 2001 5508 vel
2042 5452 2348 5524 Frisingen,
2382 5460 2438 5509 et
2474 5454 2702 5510 abbates
2741 5447 2927 5525 plures
2964 5468 3067 5510 nec
3107 5468 3215 5510 non
3255 5455 3519 5525 majorum
3559 5463 3616 5511 et
3653 5456 3927 5514 minorum

564 5529 673 5573 non
714 5519 926 5576 modica
958 5521 1139 5587 turba,
1172 5526 1268 5576 etc.
1351 5522 1411 5554 ’⁸ο
1448 5519 1705 5581 ἱιαοοάιι.
1787 5525 1840 5558 ⁸⁸⁸
1883 5525 2128 5596 quamvis
2156 5519 2302 5582 ficte.
2338 5519 2458 5582 Uss.
2539 5525 2598 5558 ¹⁸²
2635 5519 2941 5598 gloriantur
2968 5525 3023 5582 2.
3104 5525 3163 5558 ⁸⁸³
3202 5539 3310 5583 non
3337 5519 3494 5584 'deest
3519 5527 3604 5583 ed.
