4100 6166
337 281 444 337 377

1624 287 1948 343 ANNALES.
1987 316 2060 327 —
2095 288 2207 343 AN.
2253 285 2405 343 1077.

3599 293 3709 352 378

343 413 522 464 tamen
553 406 852 462 convictus:
889 405 957 463 ab
987 407 1069 463 eis
1114 413 1170 464 et
1216 416 1632 478 rememoratus,
1663 409 1988 467 fraudulen-
2008 412 2139 472 Aab
2188 413 2270 468 eis
2316 411 2541 469 omnino
2591 412 2846 470 liberare.
2897 415 2978 470 Ad
3026 416 3133 472 hoc
3180 419 3399 487 quidam
3440 423 3706 491 marchio,

341 499 471 554 tiam
505 510 616 553 non
646 511 799 552 suam
844 503 929 552 set
965 499 1124 567 cujus
1171 499 1409 555 nesciret
1452 498 1685 570 alicujus
1731 499 1979 566 alterius,

341 586 397 642 in
447 585 648 642 litteris
704 585 922 656 publice
981 585 1266 643 confessus
1315 594 1416 644 est.
1467 590 1545 644 lta
1596 590 1778 646 omnia
1837 582 1984 660 regis

342 675 720 740 oboedientia,
769 690 931 744 quam
980 677 1160 732 littera
1208 678 1460 744 mendax,
1494 691 1604 734 non
1653 678 1838 734 cordis
1887 694 1982 734 ve-

344 766 481 821 ritas
510 765 759 834 protulit,
792 774 1099 822 commenta
1129 767 1466 824 simulatoria
1513 775 1568 824 et
1596 768 1982 839 deceptionum

345 853 685 926 plenissima,
733 869 856 910 cum
905 855 1254 924 imperatrice
1315 857 1520 926 pariter
1575 856 1809 912 domnus
1845 871 1985 926 apo-

342 943 576 999 stolicus
622 942 911 1014 vigilanter
939 943 1400 1014 deprehenderat.
1439 947 1803 1016 Quapropter,
1836 946 1987 1016 quod

344 1047 444 1088 rex
474 1032 675 1088 obnixe
705 1033 840 1088 satis
879 1039 1183 1104 rogaverat,
1215 1041 1276 1091 ut
1322 1035 1536 1092 scilicet
1582 1037 1807 1092 Romam
1837 1036 1888 1091 ei
1918 1035 1985 1091 ad

343 1135 540 1192 papam
591 1120 1002 1178 reconciliando
1053 1124 1340 1192 pervenire
1387 1124 1600 1192 liceret,
1642 1139 1986 1196 nequaquam

343 1209 660 1267 consentire
717 1224 857 1281 papa
903 1211 1096 1278 voluit,
1137 1219 1222 1268 set
1269 1213 1432 1269 ut’in
1491 1215 1783 1284 prasentia
1833 1214 1987 1285 regni

345 1300 637 1372 primatum
667 1300 812 1370 apud
841 1303 1135 1372 Augustam
1168 1301 1501 1359 Vindelicam
1531 1318 1561 1358 a
1590 1318 1650 1359 se
1680 1303 1989 1360 audiendus

344 1395 403 1444 et
450 1388 893 1445 reconciliandus
937 1389 1043 1445 sibi
1091 1399 1428 1458 occurreret,
1460 1391 1763 1463 apostolica
1799 1400 1990 1448 aucto-

344 1477 509 1533 ritate
541 1485 902 1548 praeceperat,
940 1486 995 1535 et
1025 1479 1122 1536 illo
1169 1495 1229 1535 se
1275 1486 1561 1536 venturum
1608 1481 1678 1537 ad
1717 1495 1815 1538 eos
1841 1483 1990 1538 circa

345 1564 718 1633 festivitatem,
768 1569 1033 1638 Ypapanti
1096 1567 1274 1640 (115),
1324 1570 1371 1624 si
1419 1570 1679 1626 Dominus
1732 1570 1987 1637 voluerit,

347 1655 657 1711 firmissime
707 1656 842 1712 satis
889 1671 988 1726 per
1036 1657 1322 1727 utriusque
1364 1659 1536 1727 partis
1583 1659 1794 1730 legatos
1838 1660 1992 1730 ipsos

2066 502 2283 558 nomine
2341 506 2596 572 Opertus,
2654 504 2722 560 de
2799 505 3181 576 Longobardia
3248 515 3376 563 tunc
3444 513 3710 582 temporis

2064 590 2382 657 adveniens,
2425 605 2772 663 summopere
2807 593 2959 649 illum
3008 609 3121 664 prae
3171 597 3391 651 caeteris
3436 599 3710 654 contorta-

2066 679 2161 734 vit.
2213 681 2313 747 Qui
2376 681 2661 752 magniﬁce
2707 681 2778 736 ob
2828 682 2881 736 id
2929 683 3108 752 ipsum
3159 684 3228 738 ab
3275 697 3342 740 eo
3392 683 3626 740 donatus
3656 694 3711 741 et

2066 766 2482 833 honorificatus,
2534 769 2588 826 in
2649 771 3001 841 repatriando
3043 773 3196 842 juxta
3245 776 3537 843 Augustam
3587 774 3714 829 Vin-

2067 855 2299 911 delicam
2349 859 2635 926 repentina
2684 864 2859 915 morte
2913 869 3318 931 praeocupatus,
3362 876 3506 932 equo
3557 862 3714 918 deci-

2068 943 2170 1009 dit,
2203 952 2258 1000 et
2307 945 2387 1001 sic
2434 946 2798 1016 apostolicum
2851 950 3137 1005 anathema
3179 953 3288 1020 jam
3318 965 3444 1021 pro
3502 951 3712 1008 nichilo

2069 1033 2299 1100 habens,
2327 1039 2458 1090 tunc
2488 1041 2668 1091 autem
2700 1039 2890 1104 quanti
2919 1039 3182 1108 ponderis
3210 1041 3282 1096 sit
3312 1055 3370 1098 re
3401 1041 3713 1112 experiens,

2069 1136 2230 1193 quam
2263 1123 2430 1178 miser
2459 1123 2556 1179 ille
2587 1124 2973 1182 damnabiliter
2996 1129 3227 1186 interiit.
3502 1135 3506 1140 ’

2735 1216 3034 1274 MLXXVII.

2143 1303 2260 1358 Rex
2289 1301 2522 1358 natalem
2571 1302 2784 1359 Domini
2833 1305 2977 1374 apud
3031 1305 3329 1362 Bizantium
3379 1308 3433 1363 in
3472 1309 3718 1380 Burgun-

2071 1390 2181 1456 dia,
2228 1405 2337 1448 uno
2393 1391 2599 1447 ibidem
2657 1391 2747 1447 vix
2814 1393 2904 1449 die
2961 1401 3351 1462 commoratus,
3413 1399 3720 1466 quomodo-

2071 1494 2306 1550 cumque
2353 1479 2670 1537 celebravit.
2733 1481 2864 1537 lnde
2901 1491 3179 1554 assumpta
3237 1499 3407 1541 uxore
3465 1493 3521 1541 et
3579 1486 3716 1553 tilio,

2074 1581 2176 1624 nec
2205 1582 2315 1624 non
2349 1575 2466 1625 toto
2498 1583 2723 1625 suorum
2763 1571 3024 1626 comitatu
3055 1578 3110 1627 et
3140 1581 3428 1642 apparatu,
3470 1581 3529 1628 ut
3557 1581 3720 1630 antea

2067 1658 2178 1727 jam
2253 1658 2616 1714 deliberatum
2684 1666 2790 1726 est,
2855 1662 3090 1716 Genovae
3162 1661 3391 1717 Rodano
3466 1663 3716 1725 transito.

346 1744 706 1800 remandavit.
778 1746 879 1812 Qui
944 1745 1144 1801 litteris
1211 1747 1531 1816 apostolicae
1590 1736 2242 1816 benedictionisBAlpes
2289 1749 2593 1818 asperrimo
2639 1749 2729 1804 vix
2773 1749 3046 1805 scandens
3097 1758 3429 1820 reptansque
3488 1751 3720 1815 itenere,

347 1834 646 1904 perceptis,
706 1834 761 1889 in
821 1833 973 1906 (116)
1035 1835 1236 1905 quibus
1302 1837 1568 1906 plurimus
1635 1852 1734 1908 pro
1793 1838 1994 1894 ducatu

345 1937 472 1986 suo,
524 1937 623 1992 pro
680 1924 899 1978 cateris
933 1925 1281 1993 necessariis,
1314 1933 1369 1981 et
1417 1941 1519 1996 pro
1552 1941 1685 1996 pace
1716 1927 1887 1998 ipsos,
1936 1933 1995 1982 ut

349 2013 618 2082 Oportuit,
652 2011 950 2084 diligenter
979 2023 1405 2084 praemonuerat,
1457 2014 1710 2073 laetanter
1764 2015 1994 2088 patriam

347 2116 501 2158 suam
545 2102 682 2158 tanti
736 2103 972 2174 hospitis
1029 2104 1319 2162 adventum
1371 2107 1738 2177 pmconando
1787 2107 1998 2163 revise-

346 2198 493 2248 rant.

420 2281 540 2336 Mox
570 2281 738 2351 igitur
765 2294 958 2338 omnes
986 2283 1141 2354 regni
1172 2284 1486 2354 optimates,
1519 2285 1606 2340 his
1631 2299 1756 2356 qua;
1787 2284 1988 2341 litterae

347 2369 705 2426 innotuerant
769 2371 1218 2440 congratulanter
1291 2374 1555 2443 acceptis,
1615 2381 1734 2430 toto
1799 2374 1998 2430 mentis

347 2466 554 2515 conatu
584 2459 650 2514 ad
697 2459 817 2516 haec
847 2459 1189 2517 omnifariam
1237 2463 1600 2529 observanda,
1633 2477 1754 2519 sese
1803 2478 1999 2534 percu-

347 2547 696 2617 pientissime
749 2555 1142 2618 praeparantes,
1192 2565 1290 2620 spe
1333 2564 1443 2607 non
1475 2551 1689 2608 modica
1719 2552 1999 2608 aecclesia-

347 2637 512 2691 stica;
578 2635 863 2706 religionis
917 2643 973 2692 et
1028 2638 1391 2696 observantia:
1459 2640 1831 2696 restauranda:
1890 2654 2000 2696 non

354 2737 548 2794 parum
597 2725 884 2781 exhilarati
911 2734 1061 2782 sunt.
1093 2729 1209 2784 Rex
1253 2734 1436 2784 autem
1480 2729 1642 2800 longe
1690 2729 1796 2784 alia
1827 2729 2004 2785 inten-

363 2813 514 2868 tione
562 2813 844 2882 cordatus,
879 2815 1008 2871 dum
1049 2831 1206 2886 papae
1246 2818 1589 2887 propositum
1620 2819 2002 2888 comperisset,

356 2916 649 2958 occurrere
717 2903 821 2973 ipsi
888 2910 1182 2974 antequam
1250 2914 1468 2962 nostras
1526 2913 1710 2976 partes
1747 2907 2000 2975 intraret,

2077 1835 2309 1892 festinus
2358 1837 2792 1906 Longobardiam
2844 1852 2942 1908 per
2986 1839 3464 1895 Taurinensem'“
3512 1840 3721 1908 episco-

2079 1931 2264 1994 patum
2298 1926 2540 1981 intravit.
2569 1926 2812 1996 Indeque
2869 1927 3121 1983 collectis
3166 1928 3548 1998 undecumque
3579 1941 3721 1997 quos

2078 2015 2278 2086 potuit,
2355 2016 2604 2072 Ticinum
2690 2018 3035 2086 perveniens,
3123 2018 3719 2074 excommunicatorum

2079 2117 2300 2174 quoque
2357 2104 2572 2160 turbam
2629 2105 3015 2175 episcoporum
3071 2105 3138 2161 ad
3193 2120 3252 2162 se
3294 2106 3540 2176 undique
3589 2117 3722 2161 con-

2081 2193 2266 2260 traxit,
2308 2199 2364 2248 et
2413 2193 2568 2263 quasi
2617 2207 2834 2249 causam
2878 2194 3096 2250 illorum
3146 2193 3458 2250 defensoria
3497 2207 3723 2264 quomo-

2083 2281 2393 2352 documque
2416 2283 2843 2352 praemuniturus
2871 2285 3177 2353 majestate,
3213 2298 3405 2353 papam
3438 2283 3722 2352 alloquen-

2079 2371 2208 2428 dum
2242 2385 2348 2426 non
2401 2371 2567 2428 modo
2596 2373 2668 2428 ob
2697 2372 2782 2427 sui
2821 2373 3014 2443 ipsius,
3053 2378 3138 2428 set
3184 2373 3367 2442 potius
3404 2371 3476 2426 ob
3506 2371 3724 2426 illorum

2081 2461 2151 2516 ab
2215 2475 2282 2516 eo
2357 2461 2808 2531 perscrutandam
2869 2468 2975 2516 tam
3050 2461 3303 2530 injuriosi
3362 2460 3726 2515 anathematis

2081 2550 2429 2616 sententiam,
2492 2550 2654 2605 nimis
2700 2549 3033 2606 artiliciosus
3090 2550 3226 2619 ipsis
3281 2548 3555 2619 praedixit.
3616 2547 3725 2617 lpsi

2083 2644 2263 2693 autem
2295 2652 2324 2694 e
2355 2645 2547 2695 contra
2577 2653 2686 2695 non
2711 2639 2992 2694 minimum
3040 2639 3156 2709 regi
3205 2637 3618 2701 dissuadebant,
3657 2649 3726 2692 ne

2085 2726 2262 2795 ipsum
2292 2727 2483 2782 saltem
2515 2728 2878 2798 apostolicum
2911 2728 3239 2794 nominaret,
3273 2740 3434 2796 quem
3467 2725 3545 2780 illi
3569 2726 3726 2794 jussu

2087 2817 2206 2885 ejus
2263 2823 2371 2871 tam
2429 2825 2617 2873 sancte
2665 2817 2972 2887 abjuratum
3017 2818 3240 2873 omnino
3298 2815 3640 2886 projicerint,
3674 2818 3730 2868 et

2085 2919 2248 2974 quem
2280 2919 2386 2961 una
2435 2906 2538 2961 rite
2593 2906 2906 2962 damnatum
2949 2907 3052 2962 sub
3097 2905 3460 2961 anathematis
3495 2916 3726 2960 censura

354 3005 562 3046 summa
610 2991 1075 3048 consultationum
1127 2994 1522 3051 solertissimus
1578 2995 1846 3052 industria
1877 3009 2002 3054 mo-
2037 3009 2116 3066 Ma
2165 3008 2398 3065 corpore
2459 2995 2725 3052 mcclesiae
2775 3002 3043 3066 perpetuo
3092 2995 3538 3051 dimembrarent.
3579 2994 3730 3048 Atta-

354 3078 609 3135 liebatur.
642 3081 938 3152 Proposuit
969 3096 1203 3154 namque
1235 3090 1295 3140 ut
1339 3092 1432 3140 aut
1460 3084 1692 3142 collecta
1729 3087 1998 3156 peccunia
2025 3063 2206 3140 Ctmen
2236 3063 2304 3140 ne
2348 3084 2669 3154 optimatum
2720 3063 2892 3156 regni
2921 3085 3345 3141 Teutonicorum
3377 3082 3632 3153 placitum
3672 3085 3728 3136 et

359 3167 837 3240 qualitercumque
888 3172 1160 3228 conducta
1209 3174 1442 3230 maxima
1494 3188 1718 3232 suorum
1776 3176 1997 3232 militari

359 3258 518 3328 copia
567 3260 818 3316 territum
867 3275 991 3317 eum
1047 3262 1104 3317 in
1153 3261 1330 3333 fugam
1385 3265 1676 3335 coegisset,
1725 3265 1838 3321 sive
1902 3281 2001 3336 per

358 3349 634 3404 Romanos
681 3356 735 3405 et
783 3357 1018 3408 caeteros
1064 3353 1411 3410 consiliarios
1459 3353 1628 3422 illius,
1661 3356 1827 3411 tantis
1876 3369 2000 3410 mu-

360 3439 586 3495 neribus
629 3446 942 3510 corruptos,
992 3448 1048 3498 et
1093 3443 1173 3497 sic
1222 3443 1537 3499 individuos
1591 3444 1697 3499 sibi
1744 3445 2004 3501 astitores

359 3527 606 3594 effectos,
637 3527 706 3584 ad
763 3537 946 3585 votum
1002 3545 1160 3586 suum
1213 3530 1366 3586 illum
1424 3532 1849 3603 constringeret.
1907 3533 2002 3588 Sin

359 3624 564 3685 autem,
600 3631 705 3673 una
752 3632 938 3675 secum
993 3619 1100 3690 ipsi
1157 3627 1266 3675 tam
1315 3619 1628 3690 perduelles
1683 3629 1739 3676 et
1795 3621 2003 3677 efferati

362 3713 755 3780 repugnarent,
789 3716 849 3764 ut
878 3708 1028 3765 illico
1068 3723 1190 3764 eum
1239 3709 1558 3780 injuriatum
1607 3709 1869 3766 cathedra
1910 3710 2007 3765 de—

363 3799 656 3869 pellerent,
689 3805 745 3854 et
791 3798 957 3854 alium
993 3799 1148 3868 juxta
1178 3813 1275 3855 cor
1304 3799 1450 3870 regis
1479 3812 1580 3869 pro
1616 3812 1681 3854 eo
1711 3799 2008 3855 substitue-

364 3895 529 3956 rent;
562 3894 618 3943 et
645 3887 726 3943 sic
757 3889 810 3943 in
833 3889 1122 3958 imperium
1154 3889 1222 3944 ab
1255 3888 1350 3944 illo
1382 3887 1592 3944 electus
1621 3895 1675 3944 et
1696 3888 2002 3956 ordinatus,

366 3990 475 4032 una
506 3991 629 4032 cum
660 3990 829 4033 uxore
860 3991 959 4034 suo
990 3979 1048 4034 in
1087 3979 1262 4048 patria
1287 3976 1348 4009 ³⁸⁸
1391 3977 1668 4049 gloriosus
1716 3984 2002 4034 remearet.

363 4067 421 4122 Si
451 4073 632 4122 autem
664 4081 878 4136 papam,
911 4074 1079 4134 metu,
1111 4068 1275 4123 minis
1323 4075 1377 4123 et
1424 4068 1707 4124 blanditiis
1738 4069 2010 4124 Romano-

363 4170 486 4211 rum
518 4156 850 4222 convictum,
884 4157 1214 4227 morigerum
1253 4157 1358 4212 sibi
1392 4171 1486 4212 rex
1536 4171 1635 4227 per
1676 4157 1856 4213 omnia
1887 4156 2010 4213 effi-

363 4251 539 4311 ceret,
593 4245 740 4314 pium
787 4245 916 4311 sibi,
952 4245 1282 4302 adversariis
1328 4253 1509 4302 autem
1565 4247 1683 4302 suis
1729 4247 2012 4303 severissi-

364 4348 512 4390 mum
562 4333 825 4404 deinceps
875 4333 1014 4400 fore,
1072 4335 1394 4391 stultissime
1463 4335 1598 4391 satis
1655 4335 2010 4405 praemedita-

367 4423 550 4477 batur.

447 4513 540 4567 llis
568 4518 624 4567 et
652 4511 776 4567 aliis
806 4525 914 4568 non
969 4513 1280 4582 perpaucis,
1317 4519 1376 4568 ut
1400 4511 1535 4568 fama
1582 4511 1704 4579 fuit,
1749 4513 2016 4568 consilia-

371 4601 579 4657 riorum
612 4616 836 4657 suorum
880 4602 1160 4660 vecordiis
1209 4604 1578 4658 commonitus
1625 4610 1679 4658 et
1709 4603 2002 4670 animatus,

372 4698 567 4747 contra
607 4691 930 4762 dispositam
955 4693 1065 4761 jam
1089 4693 1408 4761 optimatum
1440 4693 1594 4762 regni
1617 4693 2019 4748 correctionem

2082 3174 2200 3244 ipse
2234 3173 2546 3243 pseudorex
2587 3188 2654 3229 ex
2702 3180 2820 3230 toto
2851 3174 3177 3230 temerarius
3204 3172 3532 3239 annnllaret,
3573 3177 3630 3226 et
3657 3169 3729 3226 oh

2082 3263 2138 3318 id
2168 3262 2388 3318 illorum
2441 3261 2701 3319 oﬁ‘ensam
2745 3263 3047 3333 justissime
3105 3263 3434 3327 incurreret,
3469 3259 3728 3330 quoniam

2083 3351 2305 3422 quidem
2329 3351 2390 3383 ¹⁸⁶
2440 3351 2594 3408 illum
2646 3359 2752 3407 tam
2808 3352 3143 3408 inevitabilis
3200 3349 3546 3408 necessitatis
3597 3360 3730 3403 con-

2083 3441 2380 3511 stringeret
2408 3440 2694 3505 articulus,
2729 3440 2834 3508 ipsi
2883 3440 2951 3494 ad
2983 3445 3199 3508 tempus
3245 3437 3443 3493 cedere
3473 3442 3528 3490 et
3566 3434 3731 3489 mori-

2084 3531 2263 3600 gerari
2293 3529 2514 3599 dignum
2548 3527 2932 3594 aestimabant;
2973 3526 3238 3594 deinceps
3267 3537 3417 3590 vero,
3447 3527 3571 3593 post
3590 3521 3732 3576 hanc

2085 3619 2300 3674 scilicet
2371 3617 2835 3685 dispensatorium
2907 3623 2963 3670 et
3026 3621 3133 3669 tam
3193 3613 3301 3668 sibi
3367 3610 3732 3667 necessariam

2082 3707 2243 3766 illius
2291 3704 2682 3761 allocutionem
2731 3709 2849 3759 toto
2906 3703 3028 3757 nisu
3085 3700 3248 3757 simul
3288 3713 3412 3756 cum
3461 3699 3597 3769 ipsis
3652 3697 3736 3752 in-

2088 3795 2332 3852 dustrius
2396 3793 2764 3850 intentissime
2833 3792 3163 3859 elaboraret,
3217 3789 3495 3861 quomodo
3565 3801 3624 3843 se
3681 3791 3736 3842 et

2089 3891 2264 3941 totum
2328 3897 2556 3955 regnum
2616 3897 2648 3938 a
2724 3888 2831 3938 tam
2889 3880 3158 3951 sacrilego
3215 3879 3436 3936 homine
3491 3876 3738 3933 funditus

2091 3974 2392 4040 liberaret;
2446 3973 2530 4028 sin
2580 3978 2784 4039 autem,
2839 3977 2948 4027 tam
2996 3971 3369 4027 versutissima
3415 3965 3736 4039 apostolicae

2090 4065 2246 4120 almae
2299 4063 2692 4119 nominationis
2744 4068 2799 4118 et
2828 4055 3109 4118 héreticaa
3155 4058 3532 4131 usurpationis
3587 4057 3736 4112 illius

2091 4151 2348 4208 vecordia
2405 4157 2461 4207 et
2517 4151 2798 4220 majestate
2869 4165 2990 4206 sese
3049 4150 3241 4220 procul
3307 4148 3477 4204 dubio
3542 4158 3734 4216 regno,

2094 4242 2324 4309 honore,
2378 4241 2685 4312 partimque
2725 4241 2834 4295 vita
2874 4241 3012 4308 ipsa,
3062 4237 3382 4308 privandum
3431 4249 3542 4292 non
3573 4236 3736 4304 igno-

2098 4338 2264 4397 raret,
2294 4345 2396 4386 nec
2435 4343 2548 4386 non
2589 4343 2800 4394 omnes,
2843 4328 2936 4397 qui
2979 4326 3325 4381 invictissimi
3361 4337 3484 4378 cum
3526 4324 3647 4390 ipso
3683 4321 3739 4374 in

2099 4427 2331 4477 mortem
2369 4425 2426 4474 at
2472 4420 2526 4473 in
2581 4417 2882 4488 perniciem
2933 4416 3014 4470 ire
3056 4427 3275 4483 semper
3313 4410 3487 4481 parati
3516 4408 3740 4474 fuerint,

2098 4509 2354 4564 similiter
2407 4509 2684 4577 perituros
2751 4513 2806 4560 et
2877 4503 3220 4559 damnandos
3287 4500 3510 4556 minime
3584 4495 3746 4552 dubi-

2103 4603 2260 4652 taret.

2173 4687 2466 4755 Postquam
2525 4683 2665 4753 (117)
2737 4691 2918 4738 autem
2983 4681 3149 4752 legati
3216 4677 3361 4749 regis
3429 4675 3747 4746 pariterque

373 4787 434 4836 et
461 4781 774 4837 christianae
822 4781 1107 4852 religionis
1151 4782 1620 4851 recuperationem
1669 4795 1793 4837 sese
1843 4782 2013 4851 perti-
2095 4777 2250 4851 regni
2298 4776 2626 4845 optimatum
2667 4788 2697 4828 a
2749 4786 2889 4842 papa
2941 4770 3158 4826 dimissi
3217 4766 3520 4838 repatriare
3561 4777 3747 4834 cmpe-

376 4872 591 4926 naciter
642 4871 880 4941 erigens,
941 4883 1050 4927 non
1109 4873 1340 4928 cessavit
1391 4873 1738 4942 magistratus
1793 4871 2012 4927 illorum
2097 4874 2244 4934 runt,
2291 4865 2409 4936 ipse
2459 4863 2750 4921 confestim
2789 4862 3025 4916 animam
3067 4872 3219 4914 suam
3258 4869 3359 4927 pro
3411 4853 3606 4912 ovibus
3632 4852 3748 4909 suis

373 4959 851 5030 qualitercumque
897 4961 1231 5031 Opprimere,
1270 4967 1326 5017 et
1361 4974 1419 5017 se
1467 4975 1623 5018 suum
1681 4960 1752 5016 ad
1800 4960 2014 5016 libitum
2100 4958 2231 5015 dare
2263 4954 2726 5026 promptissimus,
2768 4949 2839 5006 ad
2886 4948 3068 5005 locum
3109 4952 3165 5002 et
3209 4951 3426 5016 tempus
3461 4957 3586 5014 quae
3614 4953 3748 4998 con-

1731 5095 1953 5151 VARIIE
2002 5091 2286 5150 LECTION
2291 5091 2389 5147 ES.

452 5211 514 5243 ’⁸⁸
551 5211 779 5283 patriam
808 5211 892 5268 ed.
973 5212 1031 5244 ’⁸⁵
1069 5211 1400 5268 tauriensem
1439 5211 1492 5268 2.
1576 5211 1639 5244 ‘“
1677 5211 2015 5284 quoquidem
2035 5225 2084 5266 ο.

1956 5344 2174 5402 NOTAE.

2107 5458 2233 5514 tulit
2261 5455 2429 5514 Mansi
2457 5455 2569 5520 XX,
2600 5450 2724 5507 379.

2180 5529 2320 5600 (117)
2358 5519 2733 5600 Cf._Gregorii
2805 5524 2895 5579 Vll
2969 5519 3257 5593 epistolam
3315 5519 3380 5574 ad
3426 5520 3745 5583 Germanos,

2109 5597 2246 5672 Reg.
2287 5615 2360 5666 1v,
2410 5597 2492 5652 12.

458 5463 613 5536 (115)
657 5464 784 5521 Scil.
821 5463 1218 5536 purificationis
1246 5463 1536 5536 S.Ablari:e.
1580 5464 1699 5519 Uss.

460 5533 619 5606 (116)
662 5533 868 5592 Auctor
910 5535 1157 5607 Gregorii
1213 5533 1403 5604 espist.
1458 5535 1524 5588 ad
1572 5536 1870 5607 Germanos
1898 5540 2024 5590 ante

386 5605 583 5664 oculos
627 5608 846 5666 videtur
891 5605 1168 5676 habuisse,
1207 5619 1368 5678 quam
1405 5620 1472 5662 ex
1519 5605 1644 5662 cod.
1678 5605 1865 5662 Udalr.
1899 5618 2028 5676 pro-
