4100 6166
431 264 540 322 379
1116 319 1134 325 _
1401 262 1780 322 BERTHOLDI
1817 262 2230 320 PRESBYTER]
2267 264 2826 325 CONSTANTIENSIS
3659 255 3754 312 380

381 381 386 385 ’
433 391 683 448 dixerant
710 390 780 447 ad
826 391 1080 457 invicem,
1116 395 1479 462 preperauter
1521 390 1795 459 pervenit,
1847 394 1903 445 et
1958 388 2415 459 illicAmeautes,
2446 391 2716 463 quidquid
2766 391 2902 448 illud
2930 390 3096 448 fuerit
3122 387 3273 460 quod
3303 386 3532 443 fueatum
3561 387 3614 440 et
3646 397 3758 452 per-

425 481 580 550 juxta
609 479 760 551 quod
790 480 1200 550 disposuerant,
1237 479 1453 537 itineris
1498 480 1583 535 sui
1615 479 1877 535 ductores
1921 477 2074 534 desi-
2155 478 2322 535 ﬁdum
2361 482 2724 550 aestimabant,
2756 488 2930 539 totum
2968 493 3126 551 papa;
3154 477 3396 534 seriatim
3425 472 3653 545 plenaria
3678 486 3758 527 ve-

431 569 850 627 derantissimus
877 571 1204 640 expectavit.
1244 571 1338 626 Set
1376 568 1596 625 frustra.
1620 570 1752 624 Nam
1785 572 2074 639 postquam
2156 568 2318 625 ritate
2349 571 2697 627 enarrabant.

430 658 757 716 Theutonici
815 659 1096 730 principes
1151 659 1331 730 fugam
1388 659 1535 730 regis
1585 664 1695 714 tam
1733 658 2072 728 inepinatam
2227 659 2340 714 Hos
2379 659 2666 716 confestim
2705 675 2735 716 e
2764 659 2994 730 vestigio
3043 671 3141 713 rex
3189 655 3529 718 subsecutus,
3575 651 3637 706 ad
3670 664 3756 706 us-

433 754 489 802 et
524 746 777 804 furtivam
815 749 954 804 ultra
991 749 1156 818 Alpes
1209 753 1612 818 compererant,
1647 747 1969 804 insidiarum
2019 752 2075 802 et
2155 759 2262 814 que
2294 754 2503 817 portam
2544 749 2754 805 castelli
2785 762 3034 818 praeceps
3080 753 3136 802 et
3173 744 3350 800 adhuc
3390 741 3688 810 inepiuatus
3713 745 3761 794 et

433 837 903 909 impugnationum
952 838 1100 894 illius
1155 851 1263 894 non
1319 851 1511 909 parum
1557 842 1865 892 metuentes
1921 836 2075 892 moli—
2155 835 2362 906 absque
2393 851 2658 907 responso
2679 837 2985 908 apostolico
3006 837 3235 906 ejusque
3253 832 3419 888 verbo
3451 828 3758 893 invitatorio,

432 927 577 982 mina
608 934 663 981 et
692 928 1059 992 incursiones,
1094 940 1387 983 occurrere
1416 940 1598 996 neque
1643 925 1900 982 ducatum
1941 938 2073 981 con-
2156 927 2567 995 praecipitanter
2625 941 2747 982 cum
2802 928 2918 982 suis
2971 923 3455 981 excommunicatis
3505 918 3763 973 luctuosus

432 1015 637 1070 dictum
681 1015 940 1072 exhibere
985 1029 1161 1085 papae,
1194 1016 1448 1086 quamvis
1493 1016 1648 1071 inviti
1698 1021 1753 1071 et
1797 1015 2069 1080 nolentes,
2154 1017 2408 1081 accessit,
2457 1022 2513 1072 et
2571 1016 2837 1086 pulsando
2889 1015 3041 1079 satis,
3093 1018 3154 1068 ut
3199 1010 3408 1082 ingredi
3449 1006 3764 1079 permittere-

431 1105 654 1160 omnino
686 1104 1014 1160 desiverant.
1052 1107 1131 1160 Ita
1163 1120 1301 1175 papa
1340 1105 1485 1174 apud
1515 1105 1847 1161 Canusinum
1877 1104 2075 1160 castel-
2155 1109 2245 1158 tur
2283 1106 2485 1161 obnixe
2533 1106 2754 1176 rogitat.
2805 1105 2923 1161 Illic
2978 1103 3151 1158 laneis
3197 1101 3442 1164 indutus,
3490 1095 3643 1152 nudis
3675 1107 3765 1163 pe-

431 1193 542 1248 lum
595 1194 744 1264 ipsos
772 1194 1106 1263 aliquamdiu
1157 1196 1511 1264 exspectavit.
1563 1197 1656 1251 Set
1703 1195 1831 1250 dum
1878 1194 1960 1249 illi
1990 1200 2073 1249 tot
2156 1192 2319 1248 dibus
2355 1193 2536 1265 (119),
2568 1194 2892 1266 frigorosus,
2927 1206 3100 1262 usque
3131 1193 3187 1246 in
3217 1191 3362 1246 diem
3407 1188 3620 1243 tertium
3647 1182 3765 1240 foris

431 1281 776 1338 obstantibus
824 1283 1084 1352 periculis
1131 1299 1190 1340 se
1239 1285 1306 1340 ad
1352 1298 1474 1340 eum
1505 1297 1846 1354 nequaquam
1885 1284 2071 1339 venire
2154 1288 2306 1338 extra
2337 1284 2620 1340 castellum
2667 1299 2790 1340 cum
2837 1283 2953 1338 suis
2989 1281 3409 1351 hospitabatur;
3457 1281 3513 1331 et
3549 1275 3621 1330 ita
3647 1271 3770 1328 mul-

431 1384 592 1439 posse
630 1371 738 1441 ipsi
777 1372 866 1427 vix
913 1373 1319 1435 remaudarent,
1362 1379 1492 1428 tunc
1540 1373 1678 1443 ipse,
1712 1375 1841 1442 quia
1870 1371 2074 1428 frustra
2153 1373 2226 1427 tis
2275 1373 2659 1442 probationum
2707 1380 2763 1429 et
2807 1373 3223 1442 temptationum
3270 1366 3550 1424 scrutiniis
3591 1363 3769 1418 distri-

429 1462 640 1516 venerit
671 1461 822 1526 illuc,
857 1462 1086 1518 moleste
1118 1463 1279 1518 nimis
1307 1461 1509 1530 ferens,
1541 1464 1638 1519 sed
1659 1470 1846 1520 tamen
1881 1471 2069 1532 postea
2154 1462 2394 1519 ctissime
2447 1465 2806 1528 examinatus,
2847 1470 2902 1518 et
2953 1461 3222 1518 obediens
3269 1463 3528 1529 quantum
3574 1453 3636 1508 ad
3681 1452 3771 1508 hu-

426 1551 494 1606 ad
525 1551 892 1606 Theutonices
924 1557 1108 1620 partes
1145 1567 1204 1607 se
1235 1552 1708 1623 qualitercumque
1743 1567 1842 1623 pro
1873 1568 2069 1610 neces-
2157 1565 2368 1607 manum
2419 1560 2633 1622 spectat
2673 1553 2940 1622 judicium
2991 1552 3264 1615 inventus,
3306 1546 3617 1603 christiana:
3644 1554 3773 1598 com-

427 1640 589 1696 sitate
616 1646 822 1696 sanctae
865 1640 1133 1696 mcclesiae
1173 1641 1460 1710 pervenire
1509 1655 1670 1712 posse
1713 1656 1823 1698 non
1867 1642 2434 1714 despe-“munionis
2462 1648 2518 1698 et
2546 1642 2866 1712 apostolicae
2913 1638 3388 1698 reconciliationis
3434 1633 3674 1707 gratiam,
3719 1634 3771 1684 ut

429 1744 577 1793 rans,
611 1729 734 1783 istic
783 1729 1095 1798 hujusmodi
1146 1693 1437 1788 occasione
1493 1693 1773 1802 arliquanto
1821 1693 2238 1804 temporeBest
2283 1693 2628 1788 consuetudro
2666 1731 3072 1802 pmnitentium,
3123 1729 3463 1799 lacrymosus
3508 1719 3770 1794 praestola-

430 1818 631 1872 morari
663 1818 953 1887 disposuit.
988 1820 1137 1875 Tunc
1175 1827 1229 1875 et
1258 1821 1378 1890 ipse
1408 1821 1552 1891 regis
1599 1823 1706 1876 iter
1733 1829 1791 1877 et
1817 1823 2073 1880 consilia-
2155 1819 2335 1875 batur.

429 1907 636 1962 riorum
663 1907 782 1976 ejus
819 1908 924 1963 sibi
958 1921 1061 1964 nec
1091 1922 1201 1965 non
1249 1917 1454 1965 sancta!
1486 1909 1752 1965 accelesiae
1786 1924 1893 1966 non
1927 1913 2072 1967 mul-
2228 1910 2467 1965 Domnus
2521 1916 2702 1966 autem
2750 1909 3110 1980 apostolicus,
3168 1906 3262 1977 qui
3311 1911 3423 1961 tam
3469 1901 3581 1958 falli
3628 1911 3770 1969 quam

431 2001 544 2050 tum
576 1995 840 2064 prodesse
885 1997 1262 2064 considerans,
1296 2000 1501 2069 quippe
1533 1999 1625 2068 qui
1658 2001 2070 2070 Longobardos,
2153 1995 2344 2052 fallere
2382 1999 2730 2054 cautissimus
2769 1999 3030 2064 noluerit,
3063 1998 3268 2067 quique
3319 1992 3466 2064 regis
3502 1995 3582 2047 tot
3625 1987 3775 2058 polli-

430 2097 572 2153 quos
602 2084 838 2141 rebelles
866 2088 977 2144 Deo
1005 2087 1222 2157 sibique
1257 2089 1482 2157 reperit,
1519 2102 1626 2144 non
1663 2102 1854 2158 parum
1893 2090 2074 2146 rebel-
2154 2087 2510 2144 citationibus
2553 2093 2707 2144 tanto
2748 2089 2952 2144 totiens
2997 2087 3241 2151 delusus,
3272 2083 3464 2140 verbis
3502 2080 3645 2136 illius
3677 2089 3774 2132 non

431 2172 600 2228 liores
636 2173 962 2242 reddiderit,
1005 2178 1210 2247 quique
1236 2177 1578 2234 Theutonum
1614 2185 1807 2248 gentes
1845 2179 2069 2234 omnino
2154 2175 2411 2232 facillime
2480 2178 2800 2244 crediderit,
2869 2183 2994 2247 post
3067 2175 3265 2231 multas
3331 2169 3777 2228 consultationum

427 2261 575 2317 inter
629 2277 688 2318 se
736 2263 991 2321 scismate
1038 2279 1146 2321 non
1197 2267 1415 2323 modico
1471 2267 1778 2333 discordes,
1828 2268 1960 2338 quid
2002 2269 2071 2324 de
2154 2267 2520 2322 sententiosas
2576 2267 2902 2323 collationes
2946 2267 3035 2322 vix
3071 2266 3139 2322 ad
3187 2265 3294 2321 hoc
3333 2268 3646 2333 pertractus
3685 2261 3776 2321 est,

429 2356 536 2405 tam
583 2352 805 2406 vecordi
861 2353 1082 2410 homine
1140 2363 1386 2426 agerent,
1450 2357 1776 2412 mirabiliter
1833 2357 2074 2412 irritatas
2155 2355 2290 2410 utsi
2332 2355 2692 2425 jurejurando
2733 2356 2849 2424 has,
2883 2371 3020 2426 quas
3064 2355 3168 2410 sibi
3212 2367 3364 2410 nunc
3419 2364 3518 2422 pro
3563 2347 3778 2404 utilitate

426 2438 826 2507 sollicitaverit,
873 2448 930 2498 et
966 2449 1142 2500 totum
1192 2445 1436 2515 undique
1465 2458 1693 2515 regnum
1724 2458 1835 2501 non
1867 2446 2071 2501 medio-
2155 2450 2211 2499 et
2247 2450 2390 2501 statu
2431 2452 2636 2501 sancta:
2667 2446 2917 2502 ecclesiae
2949 2445 3305 2514 impositurus
3332 2448 3506 2506 esset,
3546 2437 3782 2495 obedien-

428 2528 598 2583 criter
639 2530 1042 2597 perturbaverit
1074 2548 1088 2586 :
1121 2538 1290 2589 totam
1340 2547 1525 2589 curam
1564 2547 1738 2598 suam,
1789 2540 1847 2588 ut
1897 2534 2068 2588 virum
2154 2533 2246 2590 tiae
2268 2540 2324 2589 et
2351 2533 2742 2590 satisfactionis
2775 2534 3124 2591 conditiones
3165 2539 3261 2588 aut
3301 2533 3429 2600 ipse
3469 2543 3567 2600 per
3601 2541 3676 2591 se,
3698 2527 3781 2580 aut

429 2630 559 2671 vere
589 2617 953 2686 apostolicum
984 2622 1251 2690 oportuit,
1293 2637 1460 2691 super
1497 2622 1784 2678 Dominum
1821 2623 2068 2691 jactavit,
2138 2637 2254 2693 'per
2283 2637 2380 2680 eos
2409 2639 2550 2694 quos
2579 2625 2684 2680 sibi
2717 2625 3026 2681 nominaret
3055 2629 3243 2687 testes,
3266 2620 3599 2676 conﬁrmare
3621 2627 3778 2686 prom-

429 2705 520 2760 die
568 2718 632 2759 ac
682 2713 844 2764 nocte
893 2711 1151 2778 precibus
1201 2711 1508 2766 lacrimosis
1563 2711 1781 2776 institit,
1813 2711 2073 2780 quatinus
2156 2712 2438 2781 ptissimus
2492 2714 2795 2781 adveniret,
2829 2720 2884 2769 et
2921 2715 3150 2782 insuper
3187 2711 3347 2766 tidem
3406 2710 3571 2778 hujus
3622 2715 3781 2760 sacra-

429 2797 546 2864 ipse
590 2794 698 2852 sibi
731 2799 990 2856 divinitus
1021 2801 1315 2870 inspiraret
1345 2800 1478 2870 quid
1507 2800 1578 2856 de
1601 2808 1710 2856 tam
1752 2801 1944 2871 grandi
1977 2815 2073 2856 ne-
2158 2802 2328 2856 menti
2360 2803 2416 2857 in
2456 2810 2734 2873 posterum
2777 2803 3085 2858 ﬁrmissime
3135 2798 3471 2856 observandi
3508 2798 3564 2851 in
3609 2805 3781 2850 manus

426 2889 578 2958 gotio
623 2891 838 2947 ratione
873 2890 1137 2960 synodica
1183 2891 1288 2946 rite
1343 2889 1721 2946 difﬁniendum
1769 2889 2070 2946 ordinaret.
2155 2889 2586 2948 interventorum
2635 2893 2856 2948 illorum
2902 2893 2996 2961 qui
3047 2896 3250 2961 praesto
3279 2887 3525 2952 fuerant,
3556 2898 3654 2940 nec
3682 2892 3778 2935 non

498 2980 736 3035 Tandem
769 2994 863 3034 rex
891 2985 1121 3049 accepto
1151 2993 1374 3035 suorum
1405 2979 1612 3054 salubri
1641 2980 1777 3034 satis
1814 2979 2068 3045 consilio,
2092 3020 2134 3054 ρ
2160 2980 2528 3050 imperatricis
2582 2997 2706 3052 quae
2745 2981 2979 3037 necdum
3017 2981 3227 3044 aderat,
3279 2978 3420 3034 dare
3469 2983 3524 3032 et
3571 2975 3672 3030 hoc
3705 2983 3784 3040 pa-

434 3081 772 3137 prorsusque
801 3067 1055 3137 deposito
1087 3069 1278 3136 priori,
1309 3082 1471 3137 quem
1504 3069 1559 3124 in
1590 3083 1784 3139 papam
1809 3069 1920 3138 jam
1951 3082 2068 3124 ma-
2095 3067 2135 3082 “'
2156 3079 2302 3126 ctum
2343 3072 2423 3126 sic
2461 3070 2729 3127 foederare
2777 3072 3136 3136 consentiret,
3179 3069 3235 3123 in
3275 3067 3632 3123 christianam
3680 3067 3778 3116 tan-

430 3152 616 3210 litioso
663 3168 855 3210 vecors
901 3162 956 3210 et
993 3156 1220 3212 odiosus
1265 3157 1595 3227 excogitavit
1638 3156 1844 3223 studio,
1893 3158 2073 3213 inter-
2155 3165 2269 3215 tum
2332 3161 2771 3217 communionem
2838 3175 2963 3216 eum
3029 3159 3279 3229 recipere
3338 3171 3457 3214 non
3501 3154 3780 3210 recusaret.

428 3249 593 3298 ventu
640 3250 696 3299 et
748 3244 952 3300 auxilio
1000 3245 1278 3315 praecipue
1334 3245 1552 3301 domnae
1607 3245 1882 3301 Mathildis
1928 3261 2072 3301 mar-

429 3333 744 3401 chionissae,
793 3348 987 3390 socrus
1023 3349 1136 3390 suae
1182 3335 1500 3391 Adelheidze
1546 3335 1734 3391 itidem
1792 3337 2070 3392 marchio-

429 3422 612 3491 nissaa,
647 3430 702 3480 et
730 3424 947 3480 abbatis
974 3423 1353 3481 Cluniacensis
1384 3425 1549 3492 (118),
1581 3426 1676 3495 qui
1715 3431 1770 3482 et
1799 3427 1917 3496 ipse
1946 3441 2068 3483 cum

427 3526 566 3583 papa
614 3526 792 3584 nuper
829 3514 902 3570 ob
956 3515 1102 3585 regis
1148 3514 1698 3571 communicationem
1750 3517 1938 3573 Romae
1977 3530 2070 3571 re-

426 3601 756 3659 conciliatus
802 3603 1116 3670 advenerat,
1151 3617 1254 3659 nec
1302 3616 1412 3659 non
1441 3604 1683 3660 omnium
1711 3619 2072 3675 quoscunque

425 3697 540 3746 sna;
577 3693 718 3761 parti
751 3692 1030 3748 attrahere
1073 3699 1310 3762 poterat,
1344 3706 1536 3762 papam
1569 3693 1886 3760 convenire,
1911 3695 2072 3764 eique

426 3793 526 3849 per
555 3782 737 3835 omnia
769 3781 955 3846 subdi,
990 3781 1210 3846 cedere,
1244 3781 1474 3837 obedire
1505 3788 1560 3838 et
1596 3783 1909 3839 consentire
1941 3797 2072 3853 pro-

426 3869 630 3938 posuit.
680 3871 866 3938 anue
914 3870 1243 3934 intentione,
1292 3885 1618 3940 quamquam
1671 3873 1817 3928 inter
1847 3875 2068 3944 Longo-

427 3955 633 4011 bardos
688 3958 1149 4028 qualitercunque
1197 3959 1556 4025 dissimulata,
1609 3963 1908 4031 praemissis
1943 3969 2071 4018 ante

2154 3250 2269 3305 Rex
2299 3257 2478 3306 autem
2519 3250 2832 3321 hujusmodi
2872 3262 3139 3319 responso
3169 3262 3197 3303 a
3229 3260 3376 3317 papa
3430 3251 3668 3315 recepto,
3697 3241 3782 3295 du-

2153 3339 2429 3396 rissimum
2461 3341 2566 3396 hoc
2607 3340 2757 3410 quod
2802 3339 3148 3410 prepositum
3197 3344 3302 3404 est,
3335 3344 3399 3394 et
3443 3339 3559 3407 ipse
3586 3345 3782 3390 omnes-

2153 3442 2261 3498 que
2291 3428 2378 3484 sui
2424 3427 2783 3499 judicabant;
2825 3433 3217 3492 verumtamen,
3259 3439 3390 3481 cum
3421 3426 3580 3481 aliter
3607 3433 3781 3478 recon-

2153 3516 2329 3572 ciliari
2371 3517 2682 3573 nullatenus
2711 3523 2917 3587 posset,
2951 3515 3116 3571 vellet
3164 3514 3358 3580 nollet,
3398 3514 3532 3571 satis
3568 3509 3782 3568 maestis-

2152 3607 2324 3662 simus
2360 3607 2659 3663 consensit.

2223 3697 2462 3752 Tandem
2500 3709 2632 3753 vero
2665 3710 2732 3752 ne
2762 3696 2880 3766 ipse
2907 3696 3139 3765 juraret,
3179 3695 3267 3749 vix
3299 3693 3451 3763 apud
3483 3705 3670 3763 papam
3707 3689 3782 3745 in-

2153 3790 2462 3842 terventum
2501 3792 2621 3850 est;
2656 3786 2766 3842 duo
2786 3790 2965 3841 autem
3007 3783 3276 3853 episcopi,
3316 3783 3708 3853 Neapolitanus
3733 3784 3781 3832 et

2153 3875 2535 3942 Vercellensis,
2577 3881 2780 3945 praeter
2826 3874 2966 3930 alios
3020 3872 3315 3928 familiares
3363 3874 3489 3941 ejus
3531 3869 3662 3942 (120)
3697 3865 3780 3937 qui

2152 3964 2417 4034 deinceps
2455 3967 2726 4035 jurarent,
2781 3963 2850 4019 ad
2893 3968 3293 4018 sacramentum
3345 3976 3453 4031 pro
3499 3976 3565 4018 eo
3595 3959 3780 4015 facien-

425 4057 485 4098 se
517 4045 589 4100 ob
627 4045 986 4102 adducendos
1014 4047 1081 4101 ad
1112 4060 1172 4101 se
1202 4049 1632 4116 praenominatos
1661 4050 2070 4107 interventores
2151 4054 2279 4109 dum
2309 4054 2471 4109 electi
2519 4059 2667 4109 sunt.
2707 4054 2829 4120 Qui,
2885 4059 2946 4108 ut
2990 4065 3253 4106 summam
3302 4050 3634 4106 sacramenti
3672 4059 3781 4102 me-

427 4134 654 4201 nuntiis,
687 4134 805 4204 ipse
855 4135 922 4190 ad
973 4135 1255 4191 castellum
1304 4137 1627 4206 praedictum
1677 4139 1932 4208 paulatim
1973 4154 2070 4194 eos
2151 4156 2446 4208 moremus,
2506 4143 2563 4197 in
2609 4143 2755 4197 hunc
2811 4141 3032 4197 modum
3086 4140 3346 4210 iurabant
3382 4161 3394 4194 :
3432 4145 3494 4196 ut
3543 4136 3783 4194 videlicet

424 4223 752 4280 subsecutus
799 4231 904 4280 est.
953 4224 1055 4292 Qui
1103 4231 1466 4295 properanter
1515 4227 1584 4282 ad
1633 4228 1950 4284 condictum
1989 4229 2070 4285 lo-
2150 4232 2406 4289 dominus
2451 4230 2670 4286 illorum
2719 4230 3027 4297 Heinricus,
3060 4229 3530 4300 quandocumque
3566 4225 3669 4297 ipsi
3697 4224 3778 4279 in-

425 4327 548 4369 cum
578 4315 693 4385 regi
723 4321 1098 4382 occurrentes,
1144 4329 1263 4370 eam
1303 4329 1521 4372 causam
1565 4330 1667 4387 pro
1714 4331 1820 4387 qua
1868 4320 2232 4410 come-Dira
2276 4333 2476 4376 annum
2526 4333 2664 4390 papa
2709 4321 3004 4390 Gregorius
3041 4320 3427 4384 constitueret,
3472 4318 3527 4373 in
3567 4326 3783 4373 concor-

425 4409 639 4470 nerant,
673 4403 768 4460 diu
810 4405 956 4460 inter
1000 4418 1060 4460 se
1091 4403 1386 4461 multifario
1424 4418 1678 4463 sermone
1706 4403 2128 4474 ventilabant,‘
2153 4413 2299 4469 diam
2346 4417 2402 4466 et
2451 4424 2641 4480 pacem
2691 4424 2814 4466 cum
2868 4409 3211 4480 principibus
3256 4409 3415 4479 regni
3463 4414 3558 4463 aut
3599 4415 3784 4462 secun-

423 4499 480 4550 et
533 4494 745 4550 sollerti
794 4494 1200 4552 consultatione
1247 4497 1580 4554 omnimodis
1633 4511 1818 4554 secum
1873 4512 2070 4569 pensa-
2150 4502 2278 4557 dum
2328 4500 2597 4571 judicium
2642 4505 2736 4556 aut
2789 4497 3220 4556 misericordiam
3268 4497 3420 4553 illius
3467 4496 3695 4561 veniret,
3734 4498 3784 4547 et

424 4585 590 4652 bant;
623 4590 709 4640 set
755 4585 944 4641 nescio
995 4598 1136 4655 quos
1184 4586 1240 4642 in
1289 4600 1354 4642 ea
1409 4586 1655 4656 dolosos,
1696 4588 2070 4645 simulatorios
2153 4590 2355 4647 nullam
2385 4590 2666 4647 laesionem
2697 4590 2816 4660 ipse
2845 4590 2960 4645 sive
3005 4601 3230 4644 suorum
3270 4588 3562 4657 quisquam
3593 4586 3783 4641 domno

422 4673 883 4744 pollicitatiouum
931 4672 1227 4730 amfractus
1263 4676 1573 4745 suspicioso
1626 4676 1918 4747 plurimum
1967 4692 2067 4733 ex-
2151 4694 2307 4750 papa:
2336 4687 2430 4736 aut
2459 4679 2652 4750 legatis
2679 4679 2828 4734 illius
2869 4676 3156 4744 inferrent,
3188 4677 3244 4732 in
3274 4689 3635 4746 quascunque
3673 4684 3786 4742 par-

426 4761 639 4832 ploratu
686 4763 985 4835 diligenter
1050 4769 1392 4833 notaverant,
1450 4780 1590 4836 quos
1647 4780 1824 4837 papae,
1884 4767 2071 4838 hujus-
2151 4774 2235 4825 tes
2264 4769 2418 4841 regni
2447 4769 2521 4824 ob
2558 4769 2800 4840 regimen
2850 4765 3117 4822 aecclesiaa
3145 4767 3418 4832 venirent,
3452 4777 3559 4820 nec
3603 4763 3660 4818 in
3705 4771 3785 4838 ca-

425 4849 576 4906 modi
607 4865 891 4908 causarum
940 4867 1007 4909 ex
1037 4853 1208 4910 multo
1233 4855 1343 4924 jam
1383 4859 1629 4929 tempore
1667 4861 1725 4911 et
1757 4870 1860 4912 usu
1906 4857 2070 4914 cotti-
2153 4859 2342 4929 ptione
2371 4872 2475 4915 nec
2519 4857 2578 4913 in
2624 4857 2994 4914 membrorum
3023 4868 3247 4912 suorum
3289 4853 3674 4918 truncatione;
3713 4853 3786 4914 et.

425 4939 592 4998 diano
622 4953 812 4997 revera
848 4942 1345 5013 experientissimo,
1376 4927 1480 5015 pro
1507 4945 1852 5016 simplicibus
1898 4953 1954 5004 et
1980 4961 2068 5003 sa-
2150 4927 2198 5005 si
2225 4949 2295 5004 ab
2325 4948 2509 5019 aliquo
2553 4947 2662 5004 alio
2712 4946 3066 5011 laederentur,
3106 4945 3247 5016 ipse,
3287 4943 3511 5015 quando
3560 4939 3782 5012 primnm

426 5031 498 5087 tis
542 5045 818 5102 superque
865 5032 1151 5089 veracibus
1197 5039 1490 5103 apportare
1547 5039 1872 5092 metuerant.
1919 5038 2068 5093 Atta-
2152 5046 2359 5109 posset,
2402 5039 2546 5095 bona
2584 5037 2691 5093 ﬁde
2738 5037 2865 5092 illos
2903 5034 3218 5106 adjuvaret;
3253 5040 3308 5090 et
3343 5033 3390 5088 si
3419 5029 3644 5102 aliquod
3682 5029 3782 5083 im-

427 5131 552 5176 men
607 5133 754 5188 mox,
813 5119 943 5192 quia
1015 5121 1097 5178 sic
1163 5122 1466 5180 necessitas
1522 5123 1926 5194 expostulabat,
1981 5140 2069 5182 re-
2150 5128 2524 5198 pedimentum
2565 5126 2670 5198 ipsi
2719 5125 2988 5193 obstaret,
3029 5128 3089 5180 ut
3137 5129 3354 5195 tempus
3409 5126 3468 5177 et
3514 5117 3776 5183 inducias,

1991 5235 2206 5291 NOTIE.

501 5341 637 5423 (118)
682 5345 946 5414 Hugonis,
986 5346 1080 5416 qui
1129 5346 1444 5423 lieinricum
1475 5347 1766 5423 parvulum
1797 5349 1874 5423 de
1903 5363 2061 5423 sacro
2219 5351 2360 5423 (119)
2427 5351 2813 5418 Discalceatus,
2880 5356 2935 5407 et
2995 5349 3170 5406 laneis
3233 5348 3476 5406 indutus.
3538 5348 3638 5416 Ep.
3709 5338 3770 5396 ad

421 5413 573 5470 fonte
593 5413 890 5488 lavaverat,
933 5413 1097 5488 prout
1125 5418 1244 5486 ipse
1273 5433 1368 5474 rex
1397 5413 1604 5474 indicat
1632 5419 1688 5474 in
1719 5420 1954 5488 epistola
1991 5421 2059 5477 ad
2143 5413 2350 5488 Germ.,
2380 5425 2421 5479 1.
2463 5424 2504 5477 1.

425 5498 548 5616 23:1:
574 5485 722 5615 (16:,
771 5485 1022 5546 Dachérii
1069 5485 1352 5561 Spicileg.,
1405 5497 1445 5545 ι.
1506 5491 1597 5558 111,
1644 5506 1698 5561 p.
1745 5485 1842 5545 441
1907 5505 2061 5548 novae

2219 5485 2372 5567 (120)
2413 5495 2525 5552 Hos
2553 5500 2837 5552 enumerat
2862 5493 3183 5596 Lambcrtus
3211 5491 3269 5548 h.
3307 5506 3358 5547 a.
3406 5491 3531 5547 Uss.
