4100 6166
362 261 452 316 381

1634 266 1960 322 ANNALES.
1999 296 2071 308 —
2106 269 2216 324 AN.
2266 268 2417 328 1077.

3606 266 3715 323 382

362 401 484 458 quas
512 386 612 456 ipsi
645 386 881 443 domnus
910 401 1048 458 papa
1079 388 1463 456 constitueret,
1515 390 1808 445 observare
1859 391 2058 455 nul-A
2140 393 2219 449 Ad
2277 393 2397 452 hac
2435 362 2562 454 dum
2602 396 2941 468 apostolicus
2978 396 3121 452 duos
3149 395 3463 465 episcopos,
3502 393 3715 452 Ostien-

357 477 556 532 latenus
595 482 800 545 posset,
834 476 1096 547 deinceps
1121 492 1241 533 cum
1273 479 1503 548 primum
1537 484 1742 548 posset,
1773 478 1981 548 absque

355 578 495 620 mora
552 563 780 619 indilate
830 566 1122 622 observare
1171 565 1473 622 festinaret.
1517 569 1631 622 lloc
1672 575 1732 623 ut
1775 567 1981 637 praedi-

353 661 487 710 ctum
545 660 627 708 est
674 660 858 722 pacto,
921 655 1179 710 introitus
1235 663 1288 710 et
1343 671 1598 712 accessus
1652 656 1718 710 ad
1790 670 1981 725 papam

353 743 477 810 regi,
521 756 715 812 magno
755 742 1099 798 lacrimarum
1142 745 1313 800 ﬂuore
1356 745 1614 813 ploranti,
1655 745 1981 814 caeterisque

351 832 825 886 excommunicatis
892 846 1001 888 non
1071 847 1256 902 parum
1327 833 1582 889 similiter
1638 833 1982 903 plorantibus

348 920 650 990 patefiebat.
691 920 830 988 Quid
896 921 969 975 ibi
1039 921 1382 977 lacrimarum
1432 923 1500 977 ab
1556 930 1784 992 utraque
1826 930 1979 990 parte

347 1009 730 1075 eti‘underetur,
775 1023 883 1065 non
951 1009 1111 1066 facile
1151 1013 1277 1080 quis
1317 1019 1640 1076 enarraret;
1685 1012 1776 1066 ubi
1817 1011 1976 1066 dom-

344 1109 442 1152 nus
469 1112 608 1168 papa
649 1112 758 1154 non
799 1098 1078 1154 minimum
1128 1113 1228 1170 pro
1281 1100 1475 1156 ovibus
1513 1116 1636 1170 quae
1678 1100 1974 1170 perierant,

343 1188 448 1241 Deo
505 1187 856 1256 requirendis
903 1189 1032 1242 ﬂetu
1081 1189 1377 1244 miserabili
1427 1196 1844 1259 conquassatus,
1888 1188 1978 1258 ip-

340 1276 412 1330 sis
443 1283 501 1330 ut
541 1277 788 1346 oportuit
818 1277 1099 1332 humiliter
1131 1279 1440 1348 prostratis,
1483 1287 1537 1334 et
1586 1278 1977 1349 praesumptio-

342 1365 420 1419 nis
475 1380 592 1421 suae
643 1367 996 1436 pertinaciam
1045 1367 1334 1434 confessis,
1377 1369 1660 1424 canonica:
1721 1367 1977 1423 reconci-

339 1453 578 1510 liationis
617 1463 671 1511 et
709 1457 1028 1526 apostolicae
1069 1458 1466 1514 consolationis
1506 1458 1738 1514 idoneos
1780 1465 1979 1528 protu-

338 1541 398 1598 lit
433 1544 779 1610 adhortatus,
822 1553 876 1601 et
921 1547 1001 1600 sic
1043 1546 1347 1616 apostolica
1396 1547 1736 1617 indulgentia
1776 1552 1830 1602 et
1876 1546 1982 1601 be-

337 1633 653 1689 nedictione
713 1635 1101 1691 reconciliatos
1155 1643 1212 1692 et
1250 1636 1564 1692 christiana:
1606 1635 1977 1692 communioni

2065 495 2178 536 sem
2237 490 2312 538 et,
2351 485 2767 551 Praenestinum,
2824 497 2925 554 pro
2985 482 3313 539 necessitate
3353 489 3414 536 et
3447 483 3712 552 regimine

2065 577 2269 627 sancta:
2300 573 2566 631 tecclesite
2598 574 2981 638 Mediolanum,
3032 571 3301 636 Ticinum,
3351 576 3408 625 et
3455 571 3511 624 in
3550 576 3713 627 caete-

2066 673 2153 713 ras
2192 660 2405 716 illarum
2457 664 2688 732 partium
2739 663 2987 718 civitates
3043 661 3326 730 dirigeret,
3368 664 3423 713 et
3460 658 3541 713 sic
3599 673 3707 715 non

2064 746 2182 802 sine
2249 747 2427 805 fructu
2485 751 2817 807 Placentiam
2875 750 3376 820 proﬁciscerentur,
3407 761 3436 800 a
3476 745 3709 802 Placen-

2064 835 2179 890 tino
2235 838 2614 909 antiepiscopo
2674 839 2816 910 (123)
2886 841 3108 909 perjuro
3157 843 3212 892 et
3251 835 3706 891 anathematizato

2063 925 2208 992 capti
2261 933 2408 980 sunt.
2469 929 2547 982 Ex
2584 929 2786 998 quibus
2814 928 3184 983 Praenestinus
3222 924 3406 996 paullo
3455 929 3578 992 post
3616 922 3708 978 di-

2061 1012 2314 1079 mittitur,
2355 1017 2624 1070 Ostiensis
2661 1018 2717 1071 in
2782 1017 3058 1086 quoddam
3118 1013 3399 1071 castellum
3462 1014 3706 1067 incarce-

2062 1109 2212 1157 ratus
2245 1105 2635 1160 transmittitur
2681 1104 2849 1177 (124).
2913 1107 3014 1162 Ubi
3080 1118 3202 1159 cum
3270 1101 3587 1172 aliquandiu
3643 1101 3700 1155 in

2058 1192 2292 1247 vinculis
2322 1200 2622 1260 teneretur,
2665 1202 2719 1249 et
2768 1209 2866 1250 rex
2913 1209 3036 1249 cum
3084 1194 3200 1249 suis
3245 1191 3485 1247 avaritia:
3534 1190 3704 1245 lucris

2059 1281 2307 1350 quolibet
2335 1283 2666 1338 artiﬁciosus
2712 1284 2934 1354 ingenio
2975 1284 3231 1338 insistere
3280 1281 3568 1343 niteretur,
3609 1279 3698 1335 cui

2059 1370 2400 1427 salummodo
2433 1386 2571 1442 papa
2619 1373 2674 1426 in
2722 1373 2932 1427 itenere
2975 1370 3388 1441 Longobardico
3418 1367 3698 1424 servitium

2061 1460 2426 1516 necessarium
2449 1462 2517 1516 ab
2531 1460 2907 1526 eis,canonice
2928 1467 3105 1515 autem
3130 1459 3346 1514 illorum
3370 1457 3593 1512 omnino
3609 1455 3699 1510 de-

2061 1547 2278 1602 vitanda
2318 1549 2703 1604 communione
2729 1548 3053 1604 sumendum
3093 1547 3181 1602 vix
3220 1545 3495 1600 licentiam
3525 1543 3700 1608 dedit,

2060 1638 2389 1692 sacramenti
2426 1637 2575 1706 quod
2615 1637 2820 1693 fecerat
2860 1649 2960 1706 pro
3011 1635 3206 1706 legatis
3253 1633 3574 1703 apostolicis
3611 1631 3703 1687 ad-

338 1722 605 1788 redditos,
661 1724 712 1778 in
755 1723 1043 1779 ecclesiam
1083 1724 1409 1781 introduxit.
1451 1726 1658 1780 Dehinc
1698 1725 1836 1780 facta
1877 1738 1976 1794 pro
1998 1725 2314 1794 Bjuvandis
2343 1739 2569 1794 prorsus
2597 1726 2821 1791 oblitus,
2873 1725 3076 1780 nullam
3114 1723 3197 1778 vel
3247 1724 3302 1778 in
3343 1721 3493 1776 verbi
3535 1720 3704 1794 unius

337 1810 412 1865 eis
463 1819 730 1868 consueta
770 1813 1042 1879 oratione,
1103 1820 1157 1868 et
1197 1815 1250 1869 in
1310 1814 1500 1870 osculo
1539 1820 1729 1870 sancto
1771 1813 1883 1885 regi
1925 1818 1979 1868 et

335 1900 612 1970 episcopis
669 1902 934 1972 quinque,
991 1903 1314 1974 Argentino,
1373 1903 1672 1968 Bremensi,
1733 1905 1978 1958 Lausan-

335 1991 510 2055 nensi,
563 1990 866 2056 Basiliensi,
911 1991 1293 2062 Neapolitano,
1335 1999 1389 2048 et
1419 1993 1636 2048 caeteris
1681 1992 1979 2062 majoribus

331 2078 624 2148 dignanter
679 2080 950 2148 salutatis,
993 2082 1111 2152 ipse
1169 2096 1309 2152 papa
1349 2083 1541 2138 missas
1579 2081 1748 2149 fecit,
1811 2087 1865 2136 et
1923 2083 1977 2136 in

330 2167 454 2224 loco
507 2171 911 2227 communionis
960 2171 1074 2241 regi
1115 2172 1182 2226 ad
1231 2186 1290 2227 se
1339 2179 1532 2227 vocato
1591 2171 1977 2227 eucharistiam

328 2259 579 2326 porrexit
631 2258 794 2328 (121),
853 2275 1014 2329 quam
1071 2267 1233 2315 antea
1290 2261 1394 2330 ipsi
1447 2260 1750 2317 interdixit.
1811 2262 1980 2330 Cujus

327 2347 758 2417 participatione
827 2364 923 2403 rex
987 2363 1045 2404 se
1107 2349 1388 2420 indignum
1455 2349 1570 2406 fore
1638 2355 1976 2417 contestans,

322 2437 827 2492 incommunicatus
882 2437 1208 2509 digreditur.
1253 2439 1405 2495 Unde
1461 2454 1584 2495 mox
1641 2441 1980 2509 apostolicus

320 2526 487 2594 quasi
531 2525 806 2595 quoddam
855 2527 1116 2582 indicium
1158 2528 1492 2598 impuritatis
1529 2537 1582 2583 et
1622 2530 1776 2598 quasi
1818 2530 1982 2584 testi-

319 2615 575 2670 monium
613 2615 834 2670 latentis
872 2616 925 2670 in
967 2630 1033 2671 eo
1073 2617 1368 2687 cujuslibet
1425 2617 1715 2688 ypocrisis,
1773 2619 1979 2688 Spiritu

321 2702 630 2771 revelante,
696 2718 803 2759 non
865 2705 1246 2775 imprudenter
1311 2706 1584 2776 capiebat,
1655 2713 1708 2761 et
1766 2721 1979 2777 nequa-

321 2806 486 2862 quam
521 2807 581 2848 se
611 2793 903 2848 verborum
945 2795 1063 2863 ejus
1102 2795 1228 2850 ﬁdei
1261 2795 1524 2864 deinceps
1563 2801 1734 2850 totum
1767 2810 1832 2851 ex
1862 2802 1981 2852 toto

322 2881 556 2936 credere
615 2882 1000 2952 praesumebat.
1043 2885 1266 2939 Demum
1296 2897 1425 2939 vero
1457 2885 1580 2939 cibo
1611 2885 1744 2939 satis
1771 2885 1980 2940 decen-

322 2977 406 3026 ter
447 2978 780 3041 praeparato,
842 2971 1003 3026 simul
1049 2972 1115 3026 ad
1149 2972 1394 3028 eamdem
1435 2986 1673 3028 mensam
1706 2975 1981 3029 consede-

2059 1813 2251 1868 saltem
2290 1816 2576 1870 auxiliaria
2634 1814 3052 1885 inpensiuncula
3106 1813 3210 1882 ipsi
3268 1810 3705 1879 compassionem

2061 1903 2331 1959 exhibuit.
2363 1907 2456 1961 Set
2504 1919 2628 1960 cum
2677 1905 2855 1974 Papia:
2894 1903 3057 1959 vellet
3101 1905 3310 1972 juxtam
3359 1900 3523 1954 ritum
3574 1897 3711 1968 legis

2063 1990 2122 2022 ¹⁸⁷
2162 1993 2648 2064 Longobardorum
2707 1993 2982 2057 coronari,
3035 1991 3216 2046 missis
3252 1989 3321 2043 ad
3372 2000 3563 2057 papam
3605 1997 3704 2054 pro

2060 2079 2372 2150 hujusmodi
2414 2081 2592 2136 danda
2632 2081 2852 2137 licentia
2921 2077 3410 2142 interventoribus,
3481 2087 3707 2143 respon-

2060 2182 2180 2224 sum
2219 2169 2405 2226 datum
2444 2177 2527 2226 est
2565 2171 2666 2238 eis,
2708 2176 2767 2225 ut
2804 2169 3048 2240 quandiu
3089 2169 3283 2222 Petrus
3320 2171 3463 2222 esset
3495 2165 3550 2218 in
3590 2163 3708 2217 vin~

2061 2259 2220 2322 culis,
2265 2273 2372 2315 non
2433 2259 2660 2315 haberet
2699 2259 2754 2313 in
2810 2259 2912 2313 hac
2962 2272 3020 2312 re
3060 2257 3336 2322 licentiam
3384 2251 3703 2330 apostolicae

2059 2348 2425 2404 auctoritatis.
2468 2349 2563 2403 Set
2601 2361 2779 2418 neque
2836 2347 2918 2402 sic
2974 2345 3148 2424 ipsius
3202 2343 3464 2416 auxilium
3522 2347 3699 2396 extor-

2061 2451 2231 2507 quere
2283 2437 2352 2491 ab
2399 2449 2466 2492 eo
2525 2443 2760 2506 poterat.
2817 2433 3056 2492 Tandem
3094 2446 3224 2488 vero
3265 2428 3612 2500 imperatrice
3651 2434 3705 2482 et

2061 2525 2262 2581 domna
2319 2524 2575 2580 Mathilda
2634 2525 3047 2595 adjuvantibus,
3083 2521 3152 2578 de
3182 2533 3404 2578 carcere
3443 2515 3708 2574 nonnullo

2061 2619 2307 2682 tempore
2339 2614 2603 2684 probatus
2632 2613 2999 2669 relaxabatur.

2136 2705 2236 2756 Per
2265 2702 2408 2756 idem
2457 2708 2673 2772 tempus
2722 2703 2978 2769 Quintius
3028 2699 3119 2755 ille
3169 2701 3465 2764 Romanus,
3509 2696 3601 2766 qui
3641 2695 3713 2762 ad,

2063 2791 2337 2845 cumulum
2397 2791 2766 2846 damnationis
2811 2805 2925 2845 suae
2975 2789 3295 2859 episcopum
3347 2799 3570 2857 quoque
3607 2785 3706 2840 Cu-

2063 2892 2278 2934 manum
2322 2878 2382 2910 ¹⁸⁸
2416 2879 2554 2950 (I25)
2591 2881 2746 2949 juxta
2775 2877 3046 2934 aaclesiam
3105 2877 3280 2931 sancti
3339 2875 3483 2929 Petri
3523 2875 3710 2928 Roma;

2055 2969 2166 3037 jam
2226 2974 2444 3038 captum
2499 2974 2768 3034 tenuerat,
2812 2981 2932 3022 cum
2973 2967 3094 3035 ipso
3134 2979 3316 3035 regem
3367 2963 3545 3033 Papiae
3584 2961 3712 3016 visi-

324 3061 476 3127 hant,
520 3060 712 3116 sobrio
757 3075 816 3115 se
856 3060 1002 3115 virtu
1035 3061 1264 3118 honeste
1315 3062 1719 3131 procurabant;
1753 3069 1807 3117 et
1845 3055 2038 3119 indeC
2063 3063 2176 3112 tare
2217 3064 2271 3112 et
2329 3072 2438 3114 non
2498 3071 2687 3128 parum
2727 3058 2832 3112 sibi
2873 3055 3186 3111 munificum
3227 3053 3443 3109 efficere
3482 3051 3706 3107 studue-

322 3163 441 3203 cum
484 3148 784 3219 gratiarum
855 3149 1073 3203 actione
1138 3154 1446 3220 surgentes,
1507 3156 1563 3205 et
1628 3164 1739 3206 non
1805 3150 1974 3206 multa

322 3245 527 3306 praeter
570 3238 801 3293 maxime
834 3238 1142 3293 necessaria
1183 3238 1516 3294 obedientia:
1558 3239 1862 3309 promissa,
1907 3239 1976 3294 tl-

320 3326 404 3380 dei
446 3327 620 3392 datae,
662 3327 990 3382 sacramenti
1029 3341 1138 3384 non
1180 3327 1440 3392 violandi,
1493 3327 1752 3398 perfectae
1802 3329 1977 3398 ι)ωηὶ-

323 3417 532 3482 tentize,
592 3430 694 3471 nec
753 3429 861 3472 non
921 3417 1148 3472 cavendi
1208 3417 1692 3488 Longobardorum
1753 3418 1978 3472 anathe-

320 3506 476 3561 matis
507 3506 1016 3573 commonitoriola,
1068 3506 1135 3561 ad
1170 3507 1400 3562 invicem
1433 3506 1536 3561 sibi
1570 3506 1974 3576 colloquentes,

322 3607 410 3649 rex
451 3602 690 3665 accepta
731 3595 1035 3666 apostolica
1072 3595 1294 3652 licentia
1334 3602 1389 3651 et
1429 3595 1815 3651 benedictione
1855 3609 1976 3650 cum

317 3683 429 3738 suis
474 3683 616 3740 inde
675 3683 949 3751 discessit,
1012 3692 1214 3754 praeter
1270 3684 1584 3753 episcopos,
1643 3697 1784 3752 quos
1842 3697 1979 3752 papa

315 3774 476 3841 jussit
508 3774 634 3831 illic
674 3774 1031 3839 iucarcerari,
1083 3782 1247 3844 prout
1290 3774 1395 3829 sibi
1445 3774 1586 3828 bene
1625 3772 1976 3842 complacuit.

321 3862 562 3934 Insuper
610 3870 826 3933 pactum
867 3863 1194 3919 sacramenti
1234 3863 1536 3931 cujusdam,
1579 3861 1728 3932 quod
1759 3878 1788 3915 a
1828 3861 1981 3917 fami-

322 3950 560 4008 liaribus
599 3954 744 4024 regis
784 3968 940 4023 papa:
980 3953 1159 4008 adhuc
1208 3951 1626 4022 persolvendum
1678 3951 1977 4019 restiterat,

321 4041 385 4096 ab
443 4043 527 4098 eis
591 4042 828 4098 flendum
899 4043 1238 4112 exigebatur.
1293 4041 1446 4110 Quod
1489 4041 1593 4110 ipsi
1633 4042 1978 4096 contentiosa

322 4130 565 4198 quadam
631 4130 908 4186 discordia
966 4131 1128 4200 longe
1184 4129 1346 4184 aliter
1399 4143 1562 4199 quam
1601 4129 1976 4195 conderetur,

323 4227 646 4287 pervertere
687 4227 972 4284 conantes,
1003 4233 1124 4274 sese
1157 4225 1310 4273 reatu
1351 4219 1578 4288 perjurii
1619 4218 1729 4273 cito
1769 4233 1798 4272 a
1839 4233 1978 4287 papa

322 4308 634 4378 capiendos
663 4308 788 4363 dum
822 4314 1152 4373 metuerant,
1192 4323 1260 4364 ne
1300 4308 1525 4363 omnino
1565 4308 1668 4377 ipsi
1702 4309 1975 4376 jurarent,

2062 3153 2181 3212 rat;
2223 3148 2429 3218 quippe
2459 3149 2553 3218 qui
2593 3161 2701 3203 non
2742 3146 2988 3203 modicas
3028 3157 3312 3201 munerum
3368 3149 3552 3213 grates
3591 3154 3698 3196 non

2058 3235 2234 3290 solum
2266 3251 2366 3306 pro
2397 3237 2884 3307 episcopi,.verum
2915 3248 3136 3306 quoque
3168 3247 3267 3303 pro
3299 3241 3406 3286 tam
3437 3229 3702 3299 sacrilega

2059 3323 2246 3379 domni
2305 3326 2596 3395 apostolici
2655 3326 2934 3395 captione,
2974 3325 3042 3378 ab
3082 3324 3205 3392 ipso
3243 3321 3348 3376 sibi
3389 3317 3706 3374 referendas

2061 3415 2428 3481 promeruisse
2494 3414 2807 3469 nullatenus
2873 3412 3180 3466 dubitabat.
3247 3409 3349 3475 Qui
3418 3413 3706 3475 postquam

2059 3501 2127 3555 ad
2168 3503 2374 3557 curiam
2428 3507 2790 3571 pervenerat,
2849 3513 3084 3568 eumque
3143 3511 3238 3551 rex
3293 3495 3364 3550 ob
3420 3493 3706 3548 anathema

2062 3597 2219 3644 caute
2251 3591 2548 3645 devitatum
2589 3589 2825 3644 osculari
2867 3594 2940 3654 et,
2992 3594 3052 3642 ut
3100 3585 3249 3640 solet
3295 3583 3522 3647 amicos,
3563 3579 3710 3635 salu-

2062 3685 2177 3734 tare
2219 3693 2327 3734 non
2358 3694 2524 3734 ausus
2570 3677 2765 3743 fuerat,
2817 3676 2972 3746 quasi
3024 3675 3095 3731 ob
3143 3672 3405 3744 quasdam
3452 3669 3712 3726 maximas

2061 3783 2190 3825 suas
2219 3768 2615 3839 occupationes
2645 3766 2886 3823 nondum
2919 3771 2976 3822 ut
3006 3765 3206 3836 dignus
3242 3760 3430 3829 fuerit,
3462 3767 3519 3816 et
3549 3762 3712 3830 prout

2065 3857 2356 3926 plurimum
2390 3857 2774 3928 promeruerit,
2826 3857 3004 3926 ipsum
3054 3861 3344 3922 acceptare
3394 3863 3504 3908 non
3547 3861 3709 3919 posse

2061 3949 2371 4012 simulavit;
2429 3956 2484 4003 et
2521 3947 2595 4002 ita
2636 3948 2690 4001 in
2749 3946 2868 4001 dies
2923 3943 3318 4014 acceptabilem
3356 3955 3515 3997 suum
3573 3939 3712 3994 dila-

2063 4047 2176 4095 tum
2217 4038 2657 4109 procrastinavit.
2715 4038 2837 4106 lpse
2903 4042 3084 4090 autem
3142 4031 3540 4102 aliquantulum
3579 4029 3709 4084 sub-

2059 4129 2253 4195 iratus,
2310 4143 2370 4184 se
2426 4125 2803 4198 dedignationi
2833 4130 2889 4180 et
2917 4122 3190 4181 delusioui
3220 4121 3464 4178 habitum
3496 4118 3712 4189 procla-

2060 4220 2244 4284 mavit,
2305 4218 2482 4273 donec
2521 4216 2738 4271 tandem
2797 4213 3130 4269 certissimas
3177 4210 3239 4241 ⁸⁸⁸
3277 4210 3459 4280 digna:
3505 4208 3708 4264 saluta-

2061 4308 2230 4363 tionis
2271 4306 2520 4361 inducias
2549 4311 2604 4359 et
2639 4310 2824 4373 grates
2860 4316 2892 4354 a
2922 4314 3049 4370 rege
3088 4298 3194 4352 sibi
3234 4296 3561 4352 deferendas
3592 4309 3706 4364 per-

325 4398 500 4454 modis
546 4397 804 4453 omnibus
843 4397 1086 4452 cavillosi
1127 4395 1472 4468 diffugerant.
1516 4398 1592 4451 Ex
1630 4397 1832 4466 quibus
1877 4388 2216 4454 Au-Dtinax
2255 4395 2504 4451 extorsit.
2546 4395 2639 4449 Set
2668 4393 2724 4447 in
2756 4391 2873 4461 ipsa
2920 4392 3081 4444 nocte
3110 4386 3298 4440 statuti
3330 4384 3441 4439 diei
3470 4389 3706 4454 guttura

323 4486 610 4554 gustensis
649 4485 943 4555 episcopus
967 4486 1174 4554 absque
1209 4485 1429 4540 licentia
1461 4493 1626 4539 noctu
1667 4484 1796 4540 inde
1827 4485 1981 4540 clan-

326 4575 546 4630 destina
579 4573 701 4646 fuga
734 4588 842 4630 non
885 4575 1272 4630 reconciliatus
1303 4581 1567 4630 evaserat.
1599 4573 1688 4628 Sic
1719 4574 1773 4628 in
1806 4575 1982 4644 primo

327 4672 510 4732 pacto,
578 4665 726 4735 quod
764 4664 833 4720 ad
896 4665 1126 4720 invicem
1184 4670 1511 4729 statuerant,
1553 4677 1746 4733 papam
1804 4663 1981 4719 artiﬁ-

327 4752 477 4810 ciose
519 4753 774 4812 delusum
827 4759 884 4810 et
923 4754 1214 4824 deceptum
1254 4752 1428 4825 (122),
1497 4751 1789 4808 mendaces
1825 4754 1983 4811 abie-

332 4851 473 4898 rant.

1680 4959 1902 5014 VARUS

402 5045 466 5077 ιδτ
497 5046 648 5117 regis
684 5045 732 5099 l'

2065 4489 2185 4556 ejus
2251 4483 2438 4541 lethali
2502 4480 2739 4552 quodam
2805 4485 3017 4534 tumore
3093 4479 3320 4544 repente
3387 4471 3705 4542 praefocato,

2066 4581 2242 4630 morte
2305 4569 2649 4627 damnandus
2715 4575 2944 4633 aeterna,
2986 4579 3114 4636 rege
3157 4575 3266 4618 non
3323 4561 3439 4617 viso
3479 4568 3534 4616 et
3570 4562 3714 4617 insa-

2067 4664 2282 4729 lutato,
2325 4661 2380 4717 in
2446 4665 2651 4731 puncto
2717 4658 3010 4715 celerimus
3067 4650 3355 4709 descendit
3417 4650 3485 4705 ad
3544 4647 3710 4705 infer-

2067 4768 2216 4900 naita
2255 4856 2352 4899 rex
2382 4839 2629 4912 partibus
2667 4837 2778 4895 illis
2825 4845 3187 4908 quaecumque
3233 4836 3289 4889 ct
3327 4829 3710 4901 undecumque

1970 4960 2249 5016 LECTION
2255 4959 2354 5014 ES.

809 5046 870 5077 ⁸⁸⁸
899 5047 1198 5103 Gumadum
1235 5047 1290 5102 2.
1372 5045 1432 5078 ¹⁸⁹
1461 5045 1745 5104 dilationis
1771 5048 1856 5104 hic
1882 5049 2063 5103 inserit
2108 5050 2227 5103 Uss.

1913 5148 2110 5218 Nom:

407 5231 554 5306 (I21)
586 5235 828 5299 Factum,
860 5241 918 5290 ut
944 5233 1182 5299 videtur;
1218 5233 1609 5300 inconsultum,
1635 5235 1814 5306 potuit
1835 5237 1979 5292 enim

336 5318 429 5358 rex
471 5305 584 5360 alio
643 5306 861 5362 occulto
921 5311 1147 5376 peccato
1205 5319 1323 5360 esse
1382 5307 1700 5372 obstrictus,
1762 5308 1816 5363 in
1877 5308 1982 5364 hoc

334 5382 487 5448 certe
523 5376 846 5442 laudandus,
881 5376 1027 5447 quod
1070 5375 1287 5445 publice
1317 5391 1375 5431 se
1409 5378 1688 5448 indignum
1728 5379 1980 5435 declara-

336 5447 734 5519 rit,Aquidquid
767 5449 894 5504 dein
921 5448 1249 5519 judicaverit
1282 5447 1546 5519 pontifex.
1591 5451 1708 5504 Uss.

409 5517 560 5587 (122)
590 5517 895 5576 .chusatiV'i
927 5517 1162 5574 absoluti
1198 5518 1319 5573 loco
1357 5518 1738 5576 ablativorum.

406 5588 560 5658 (123)
593 5591 850 5662 Dionysio
879 5592 1114 5659 scilicet,
1154 5603 1300 5647 anno
1338 5587 1492 5658 1075,
1546 5605 1644 5660 per
1691 5605 1885 5663 papam
1924 5593 1980 5650 in

2065 5235 2279 5306 synodo
2339 5236 2580 5306 Romana
2635 5231 2910 5306 deposito.
2953 5227 3140 5306 Legati
3195 5232 3377 5306 autem
3416 5223 3568 5306 fuere
3591 5227 3714 5306 An-

2066 5296 2270 5364 selmus
2307 5305 2571 5362 Lucensis
2601 5311 2652 5358 et
2691 5296 2956 5358 Geraldus
2983 5296 3249 5355 OStiensis
3279 5296 3548 5368 episcopi.
3591 5296 3710 5353 Vid.

2066 5380 2406 5444 Arnulphus,
2441 5377 2536 5431 lib.
2572 5391 2642 5439 ιν,
2679 5389 2728 5429 c.
2780 5373 2858 5428 l3.
2903 5375 3024 5444 liss.

2140 5439 2284 5514 (124.
2341 5439 2422 5505 Cl.
2481 5446 2726 5516 Gregorii
2785 5443 2984 5516 ep.ra_d
3045 5441 3287 5498 Udouem
3345 5441 3498 5496 Trev.
3558 5439 3708 5495 arch.

2315 5514 3308 5662 ἓωέἒιῗὲιῗυξὶὲοείεὲἒὶξθρὶεοορυδ.
3350 5585 3471 5642 Uss.
