4014 6176
322 237 434 294 883

1213 202 1215 204 ﬁ
1302 238 1680 295 BERTHOLDI
1717 237 2132 295 PRESBYTER!
2170 239 2727 296 CONSTANTIENSIS

3575 239 3672 295 384

321 368 556 435 poterat,
597 364 739 432 auri,
780 365 991 435 argenti
1031 369 1088 419 et
1124 362 1413 433 palliorum
1451 363 1678 433 copiosa
1717 363 2036 433 ponderaA
2121 365 2238 420 Dux
2303 365 2463 420 etiam
2519 362 2825 420 Boudolfus
2889 377 3009 419 cum
3075 362 3308 419 consilio
3364 369 3671 420 cancrorum

322 453 835 523 percupientissime
867 452 1233 518 corradendo,
1279 465 1379 521 per
1415 458 1584 507 totam
1615 452 1968 522 quadragesi-

322 557 461 598 mam
494 543 816 613 peragratis,
848 542 1049 597 nullam
1079 542 1342 611 deinceps
1370 541 1437 596 ab
1468 542 1772 610 apostolico
1811 542 1967 613 regni

317 633 436 701 jam
467 632 769 699 interdicti,
803 639 862 687 ut
893 636 1194 701 oporteret,
1239 631 1513 687 licentiam
1542 637 1758 702 petens,
1802 633 1969 687 Vero-

324 734 409 776 nae
467 721 612 775 diem
652 720 949 791 palmarum
997 721 1274 775 animosus
1312 719 1604 790 plurimum
1654 727 1708 776 et
1756 727 1970 790 pertur-

324 810 486 864 batus
517 808 835 864 celebravit.
869 810 1000 865 lnde
1032 810 1194 864 etiam
1226 809 1452 864 intimus
1488 823 1711 866 suorum
1751 809 1970 865 Vercel-

237 907 242 912 ‘
327 898 494 954 lensis
543 899 953 968 antiepiscopus
993 899 1290 969 digressus,
1334 899 1390 954 in
1427 898 1532 964 via,
1575 913 1681 969 qua
1720 898 1971 954 leetanter

325 987 618 1058 pergebat,
669 988 955 1043 subitanea
1005 997 1183 1044 morte
1253 996 1309 1044 et
1365 987 1484 1058 ipse
1529 994 1965 1059 prmoccupatus,

325 1091 487 1146 equo,
555 1077 642 1132 cui
703 1077 1051 1146 praesidebat,
1119 1077 1248 1133 ilico
1306 1078 1512 1148 lapsus,
1572 1079 1629 1132 in
1694 1084 1969 1135 momento

322 1166 458 1221 satis
494 1165 788 1221 infeliciter
817 1166 1131 1235 exspiravit.

396 1255 687 1324 Postquam
755 1270 886 1311 vero
945 1257 1100 1325 regni
1168 1255 1428 1325 primates
1489 1255 1770 1325 perﬁdiam
1826 1257 1973 1327 regis

329 1341 407 1408 ¹⁹⁰,
469 1349 524 1398 et
582 1343 729 1413 pacti
779 1344 925 1414 quod
965 1344 1033 1398 ad
1090 1343 1418 1413 Oppinheim
1449 1350 1627 1399 actum
1668 1351 1752 1400 est
1808 1344 1975 1400 infra-

325 1431 584 1497 ctionem,
620 1430 799 1501 fugam
839 1432 987 1487 illius
1037 1438 1090 1487 et
1148 1432 1653 1488 reconciliationem
1691 1432 1974 1488 simulato-

325 1520 481 1585 riam,
534 1527 590 1574 et
628 1528 825 1575 cuncta
885 1535 984 1590 per
1041 1521 1476 1591 Longobardiam
1519 1522 1638 1591 ejus
1694 1521 1971 1578 molimina

229 1637 232 1639 »
325 1607 624 1663 artiﬁciosa
662 1616 1068 1678 compererant,
1112 1609 1281 1664 Ulmaa
1322 1615 1446 1679 post
1485 1609 1719 1665 natalem
1757 1611 1974 1666 Domini

2026 454 2203 524 ~regni
2246 455 2577 524 principum,
2641 458 2926 524 postquam
2985 465 3166 522 regem
3210 466 3330 508 vere
3369 453 3675 509 reconcilia-

2051 549 2162 597 tum
2195 543 2461 608 audierat,
2505 542 2754 598 nuntium
2794 542 2995 597 direxit
3023 541 3090 596 ad
3122 555 3264 607 eum,
3297 541 3458 596 nimis
3487 541 3674 597 obnixe

2050 636 2105 687 et
2143 631 2434 701 dignanter
2463 631 2780 697 obsecrans,
2833 645 2902 686 ne
2950 632 3067 701 ipse
3107 631 3326 685 omnino
3359 630 3414 684 in
3455 630 3677 686 Theuto-

2049 721 2202 777 nicas
2239 727 2424 791 partes
2467 721 2678 776 veniret
2717 721 2869 790 prius
2907 734 3066 790 quam
3097 726 3188 774 aut
3218 733 3409 789 papam
3447 719 3555 774 sive
3591 719 3678 773 im-

2053 812 2375 880 peratricem
2436 811 2566 866 illuc
2622 811 3003 880 praemitteret,
3046 809 3140 879 qui
3180 809 3285 878 ipsi
3321 807 3538 877 dignam
3575 822 3680 862 sus-

2051 901 2360 969 ceptionem
2420 907 2475 955 et
2537 899 2815 969 paciﬁcam
2871 898 3118 953 studiose
3182 902 3568 966 praepararent.
3607 896 3679 951 Ad

2051 989 2156 1044 hoc
2187 1003 2316 1044 sane
2357 1004 2515 1059 papa,
2556 989 2624 1044 ab
2663 989 2855 1044 eodem
2895 988 3074 1058 legato
3133 993 3436 1043 conventus
3473 991 3526 1041 et
3561 985 3684 1041 invi-

2052 1083 2217 1145 tatus,
2249 1093 2370 1134 sese
2410 1078 2808 1148 paratissimum
2840 1077 3181 1142 exhibuerat,
3215 1083 3300 1131 set
3338 1088 3449 1130 non
3477 1074 3578 1129 nisi
3607 1089 3686 1130 ac-

2053 1175 2211 1238 cepta
2249 1169 2318 1223 ab
2348 1169 2470 1238 ipso
2509 1182 2637 1238 rege
2684 1169 2836 1237 pacis
2875 1174 2929 1222 et
2976 1165 3102 1222 ﬁdei
3150 1166 3445 1221 securitate
3487 1164 3686 1234 jureju-

2053 1257 2228 1312 rando
2267 1257 2373 1312 sibi
2438 1263 2762 1312 contestata.
2805 1257 2919 1311 Rex
2957 1269 3087 1312 vero
3142 1254 3470 1325 legationem
3527 1253 3689 1322 pervi-

2054 1347 2260 1402 caciter
2323 1346 2668 1417 dedignatus,
2726 1359 2827 1400 nec
2882 1359 3037 1415 papa:
3093 1346 3464 1406 securitatem,
3522 1357 3686 1413 neque

2055 1442 2345 1506 oportunae
2386 1434 2781 1505 praemissionis
2832 1433 3088 1505 dignatus
3151 1438 3234 1489 est
3292 1446 3550 1504 peragere
3604 1445 3690 1502 po-

2057 1526 2428 1581 stulationem.

2127 1615 2370 1684 Denique
2426 1613 2480 1668 in
2527 1611 2715 1667 Idibus
2751 1610 3052 1681 praedictis,
3095 1616 3156 1667 ut
3201 1611 3561 1666 deliberatum
3598 1615 3698 1679 est,

325 1698 535 1766 aliquid
575 1713 742 1768 super
782 1707 887 1754 tam
928 1700 1120 1769 grandi
1151 1700 1374 1770 negotio
1406 1700 1746 1756 consiliaturi
1777 1714 1973 1756 conve-
1993 1703 2125 1759 Bex
2155 1717 2346 1773 magna
2377 1707 2529 1772 parte
2569 1701 2861 1770 optimates
2889 1700 3044 1771 regni
3077 1707 3476 1756 convenerunt.
3515 1698 3694 1768 Ibique

329 1792 550 1841 nerunt.
587 1789 650 1842 Et
687 1788 817 1857 quia
851 1789 1009 1857 pauci
1040 1803 1153 1856 prae
1193 1788 1390 1842 hiemis
1419 1789 1623 1844 nivosae
1664 1795 1719 1844 et
1755 1788 1977 1859 frigoris

329 1876 610 1931 nimietate
649 1877 950 1946 asperrima
989 1876 1237 1946 impediti
1268 1877 1381 1932 illic
1412 1886 1806 1942 convenerunt,
1850 1879 1978 1932 mis-

329 1965 406 2020 sis
449 1964 649 2020 litteris
697 1972 752 2020 et
797 1965 992 2036 legatis
1045 1967 1161 2021 suis
1220 1967 1563 2035 principibus
1609 1973 1663 2022 et
1700 1967 1978 2037 episcopis

333 2053 786 2124 Lotharingorum
826 2060 880 2109 et
937 2056 1228 2119 Saxonum,
1272 2069 1373 2111 nec
1429 2069 1540 2111 non
1581 2055 1974 2126 Bajoariorum,

324 2142 460 2196 item
497 2156 593 2198 eos
633 2157 731 2212 per
759 2142 942 2209 ﬁdem,
984 2157 1142 2212 quam
1185 2143 1331 2198 inter
1367 2158 1425 2198 se
1455 2143 1522 2198 ad
1557 2144 1790 2200 invicem
1822 2146 1980 2214 pepi-

332 2239 547 2298 gerant,
582 2240 636 2285 et
658 2231 925 2301 imprimis
967 2247 1062 2301 per
1114 2231 1547 2287 misericordiam
1587 2232 1681 2288 Dei
1722 2233 1979 2288 obsecra-

332 2329 417 2375 tos
445 2321 703 2376 sollerter
732 2321 1149 2388 admonuerant,
1191 2330 1247 2377 et
1289 2322 1581 2392 plurimum
1611 2322 1976 2379 soliicitantes

331 2412 720 2482 rogitaverant,
781 2420 840 2467 ut
875 2411 959 2467 vel
999 2412 1189 2466 saltem
1230 2413 1286 2466 in
1343 2411 1376 2463 3
1433 2412 1562 2466 ldus
1600 2413 1776 2467 Martii
1831 2413 1977 2482 apud

333 2501 678 2556 Forichheim
717 2501 1096 2567 convenirent,
1139 2500 1324 2570 ibique
1365 2499 1552 2555 habito
1609 2501 1886 2571 colloquio
1926 2508 1982 2558 et

331 2589 590 2659 prudenti
622 2591 857 2645 consilio
898 2589 1129 2645 difﬁnite
1181 2589 1543 2646 terminarent
1590 2590 1851 2660 quicquid
1901 2591 1982 2647 eis

330 2679 594 2748 optimum
645 2679 924 2735 videretur
961 2679 1030 2734 de
1085 2685 1229 2734 statu
1288 2680 1440 2749 regni
1496 2684 1551 2734 et
1601 2681 1886 2747 aecclesiae,
1928 2687 1984 2738 et

332 2768 457 2823 vitae
517 2767 733 2823 illorum
778 2769 1083 2824 necessaria
1125 2769 1487 2824 contuitione.
1527 2769 1741 2825 Abhinc
1795 2771 1978 2837 etiam,

336 2861 527 2925 utpote
577 2857 668 2926 qui
722 2857 1016 2927 plurimum
1072 2857 1275 2912 anxiati
1316 2858 1699 2928 undecumque
1738 2873 1796 2913 se
1845 2873 1986 2928 prae-

336 2946 534 3000 muniri
567 2947 881 3015 quaeritant,
916 2947 1119 3001 domno
1151 2947 1478 3016 apostolico,
1513 2947 1605 3017 qui
1633 2947 1812 3003 adhuc
1840 2947 1986 3018 apud

2058 1791 2246 1846 habito
2304 1790 2623 1859 colloquio,
2685 1801 2947 1857 perquam
3001 1787 3187 1843 multis
3227 1787 3287 1818 ¹⁹²
3323 1786 3690 1856 injustitiarum

2059 1887 2114 1936 et
2169 1879 2489 1949 injuriarum
2552 1877 3038 1933 calamitosissimis
3088 1876 3148 1908 ³³³
3188 1876 3698 1946 proclamationibus

2058 1976 2112 2024 et
2151 1968 2529 2038 querimoniis,
2562 1981 2699 2036 quas
2736 1965 2841 2020 sibi
2873 1973 2927 2019 et
2965 1967 3135 2021 totius
3184 1965 3346 2035 regni
3394 1965 3702 2034 primatibus

2061 2065 2116 2114 et
2150 2057 2418 2114 azcclesiis
2465 2057 2662 2112 inlatas
2719 2057 2966 2123 haberet,
3009 2069 3193 2126 regem
3249 2054 3614 2118 accusabant;
3654 2059 3701 2108 et

2058 2149 2185 2218 quia
2226 2161 2384 2216 papa,
2426 2160 2494 2200 ne
2528 2153 2587 2200 ut
2626 2147 2741 2216 regi
2781 2145 3095 2201 oboedirent
3124 2149 3219 2199 aut
3244 2145 3538 2211 servirent,
3573 2142 3695 2212 ipsis

2059 2245 2166 2292 tam
2224 2235 2590 2300 interdixerit,
2658 2235 2812 2306 regni
2879 2233 3144 2304 dignitate
3184 2233 3496 2303 privabant,
3535 2244 3696 2300 neque

2060 2327 2205 2397 regis
2261 2324 2452 2380 saltem
2511 2324 2733 2379 nomine
2801 2323 3026 2394 dignum
3085 2323 3156 2378 ob
3215 2321 3486 2388 inaudita,
3543 2319 3698 2389 ipsius

2060 2414 2345 2469 milletaria
2403 2413 2608 2484 ﬂagitia
2647 2412 3071 2482 adjudicabant;
3113 2416 3198 2466 set
3233 2411 3408 2466 alium
3472 2409 3572 2465 sibi
3610 2421 3696 2478 pro

2063 2503 2158 2560 illo
2208 2503 2412 2574 eligere
2452 2510 2506 2558 et
2563 2503 2899 2559 constituere
2956 2501 3290 2556 unanimiter
3351 2499 3697 2555 destinabant.

2064 2595 2249 2662 Legati
2291 2601 2473 2648 autem
2531 2593 2680 2648 sedis
2733 2591 3052 2662 apostolicae
3091 2589 3279 2646 audito
3337 2590 3449 2645 illic
3490 2596 3591 2644 tam
3627 2602 3700 2641 sa-

2064 2683 2271 2753 crilego
2327 2682 2571 2746 homine,
2629 2695 2739 2737 non
2799 2695 2988 2750 parum
3047 2679 3269 2750 quidem
3335 2678 3513 2734 mirati
3567 2681 3696 2743 sunt,

2065 2772 2213 2842 quod
2254 2772 2459 2827 tamdiu
2507 2771 2658 2826 illum
2700 2785 2866 2840 super
2903 2784 2961 2825 se
3002 2770 3408 2833 sustinuerunt.
3444 2771 3707 2822 Verumta-

2069 2875 2192 2916 men
2257 2860 2312 2914 id
2353 2860 2500 2929 quod
2560 2860 2867 2929 injunctum
2935 2865 3052 2914 erat
3109 2857 3189 2912 eis
3228 2871 3346 2913 non
3397 2855 3698 2920 reticebant,

2071 2950 2202 3019 quin
2283 2951 2468 3018 potius
2524 2950 2578 3003 in
2636 2947 2917 3003 audientia
2977 2953 3303 3002 cunctorum
3367 2944 3704 3016 propalabant

335 3035 628 3088 Canusium
669 3042 911 3090 moratus
944 3040 1048 3100 est,
1090 3034 1302 3089 litteras
1331 3037 1610 3104 supplices
1638 3044 1692 3092 et
1721 3027 2046 3093 sollicitu-C
2070 3055 2184 3095 sua:
2223 3039 2514 3110 legationis
2553 3037 3054 3103 commonitorium,
3104 3040 3164 3092 ut
3215 3036 3261 3091 si
3315 3035 3560 3106 quolibet
3603 3046 3702 3087 sua:

337 3121 524 3176 dinum
566 3123 884 3177 instantium
926 3123 1116 3192 plenas
1172 3123 1505 3194 dirigebant,
1548 3130 1603 3179 et
1649 3126 1985 3196 colloquium
2069 3130 2341 3185 cautionis
2370 3129 2602 3184 artiﬁcio
2635 3134 2820 3198 posset
2851 3127 2988 3192 ﬁeri,
3025 3127 3134 3181 isto
3175 3125 3363 3180 adhuc
3392 3120 3701 3194 aliquamdiu

337 3210 655 3267 condictum
697 3217 751 3267 et
798 3227 911 3268 sua:
965 3211 1262 3268 voluntatis
1323 3213 1664 3282 propositum
1721 3215 1825 3284 ipsi
1865 3215 1990 3270 inti-
2069 3219 2542 3288 qualitercumque
2571 3224 2898 3282 sustentato,
2941 3215 3106 3270 alium
3147 3214 3251 3269 sibi
3296 3228 3481 3286 regem
3520 3223 3703 3281 nequa-

337 3306 567 3365 mantes,
602 3302 720 3370 ejus
739 3316 906 3370 super
926 3301 1066 3369 haec,
1091 3308 1150 3356 ut
1183 3303 1236 3356 in
1269 3301 1525 3358 omnibus
1554 3302 1772 3358 illorum
1805 3304 1988 3359 causis
2071 3321 2230 3375 quam
2263 3307 2694 3369 constituerent;
2747 3303 2992 3372 alioquin
3044 3302 3171 3371 ipsi,
3214 3303 3349 3370 quia
3398 3301 3562 3356 multo
3608 3311 3704 3353 me-

338 3390 668 3458 oportuerit,
728 3390 1041 3458 consilium,
1101 3392 1505 3457 auctoritatem,
1565 3392 1843 3457 auxilium,
1885 3406 1988 3448 nec

343 3491 452 3533 non
493 3477 706 3534 litteras
744 3479 1058 3548 hujusmodi
1088 3480 1302 3535 indices
1341 3479 1396 3512 ¹⁹¹
1430 3495 1550 3535 cum
1582 3481 1988 3552 legatisipsius,

337 3566 406 3622 ad
465 3582 523 3622 se
582 3569 900 3638 quantotius
957 3569 1025 3623 ab
1083 3583 1149 3624 eo
1204 3568 1369 3640 dirigi
1435 3569 1736 3626 humillime
1786 3571 1991 3642 rogita-

340 3655 488 3710 bant.

412 3746 651 3800 Domnus
688 3751 868 3801 autem
927 3745 1283 3815 apostolicus,
1327 3751 1386 3802 ut
1444 3754 1528 3802 est
1584 3761 1691 3803 non
1751 3748 1989 3804 minimae

339 3835 740 3903 compassionis
796 3841 850 3890 et
906 3835 1283 3906 benignitatis,
1321 3837 1475 3906 juxta
1521 3838 1670 3906 quod
1719 3838 1823 3908 ipsi
1881 3843 1987 3893 tam

343 3920 752 3989 desiderabant,
824 3929 941 3979 toto
1008 3925 1401 3980 solertissimus
1440 3933 1641 3982 conatu
1699 3927 1991 4000 dignanter

344 4019 652 4081 peregerat,
695 4017 750 4066 et
786 4011 852 4066 ad
902 4013 1046 4068 idem
1096 4013 1430 4083 colloquium
1480 4024 1683 4071 sanctae
1732 4019 1989 4073 Romana:

343 4099 611 4156 aecclesiae
651 4100 940 4156 diaconum
981 4101 1336 4168 cardinalem,
1390 4117 1492 4158 nec
1530 4118 1639 4160 non
1691 4107 1991 4162 Massilien-

341 4203 457 4244 sem
479 4189 730 4244 abbatem
761 4190 970 4260 legatos
995 4189 1142 4262 (126)
1177 4207 1298 4247 cum
1332 4191 1531 4249 litteris
1561 4195 1675 4249 suis
1695 4197 1992 4252 commoni-

2070 3394 2177 3449 lius
2206 3403 2318 3451 suae
2357 3394 2703 3450 necessitatis
2733 3400 3018 3463 expertum
3050 3405 3161 3447 non
3210 3391 3531 3460 ignorarent
3578 3387 3704 3458 peri-

2072 3483 2275 3550 culum,
2308 3482 2693 3552 quodcumque
2731 3481 2835 3535 sibi
2876 3480 3141 3550 optimum
3182 3492 3298 3547 prie
3343 3479 3556 3535 caneris
3582 3475 3703 3532 indi-

2072 3579 2282 3639 carent,
2322 3571 2628 3642 apostOlico
2660 3583 2768 3625 non
2808 3568 3224 3625 contradicente
3263 3571 3606 3638 peragerent.
3632 3562 3701 3619 Ad

2073 3661 2192 3717 haec
2214 3663 2375 3717 etiam
2397 3661 2596 3716 littera}
2617 3658 2939 3729 apostolica
2964 3657 3020 3712 in
3042 3657 3462 3726 przesentiarum
3482 3655 3704 3711 recitata:

2072 3759 2201 3806 sunt
2229 3750 2392 3816 (128),
2427 3751 2482 3805 in
2522 3749 2722 3819 quibus
2753 3755 2955 3817 praeter
2984 3747 3182 3802 seriem
3212 3750 3268 3800 et
3299 3745 3549 3800 notitiam
3577 3743 3702 3797 data:

2074 3840 2189 3910 regi
2220 3840 2534 3895 christiana;
2565 3836 2965 3894 communionis
2995 3843 3475 3890 commemoratam
3497 3840 3549 3888 et
3584 3828 3703 3886 illud

2075 3929 2481 3996 continebatur,
2523 3927 2649 3998 quia
2687 3939 2798 3981 non
2839 3924 3068 3980 multum
3102 3923 3170 3979 de
3205 3923 3547 3992 paenitentiae
3574 3919 3705 3975 illius

2073 4033 2171 4089 spe
2219 4025 2274 4074 et
2331 4023 2591 4089 provectu
2641 4014 2702 4047 ¹⁹⁸
2740 4013 3036 4070 laetandum
3095 4013 3210 4068 suis
3265 4013 3504 4068 subditis
3558 4009 3702 4072 foret,

2074 4108 2331 4178 quoniam
2389 4107 2610 4176 quidem
2668 4102 3080 4173 Longobardos,
3136 4113 3277 4171 quos
3325 4100 3706 4157 inobmdientes

2074 4198 2205 4253 satis
2252 4197 2552 4262 invenerat,
2597 4191 3160 4250 inobmdientissimos
3200 4196 3255 4246 et
3303 4205 3372 4246 ex
3411 4189 3562 4246 malis
3597 4199 3707 4258 pes-

341 4280 500 4335 toriis
540 4280 933 4335 transmiserat.
993 4283 1116 4351 Ipse
1173 4288 1353 4338 autem
1400 4283 1458 4338 in
1507 4283 1734 4341 castello
1773 4285 1989 4356 eodem,
2073 4287 2241 4342 simos
2269 4284 2594 4350 reddiderit,
2639 4288 2692 4338 et
2721 4282 2931 4338 idcirco
2971 4280 3206 4345 cunctis,
3249 4280 3346 4349 qui
3394 4279 3494 4335 sub
3533 4288 3707 4332 manus

343 4383 668 4439 quamquam
702 4384 800 4440 pro
842 4375 924 4426 tot
954 4376 1009 4425 et
1039 4371 1206 4426 tantis
1253 4370 1625 4428 hereticorum
1675 4381 1729 4429 et
1767 4359 2224 4432 scisma-Dillius
2252 4381 2474 4444 sceptro
2514 4379 2674 4428 antea
2711 4370 2935 4436 fuerint,
2978 4369 3282 4440 apostolica
3311 4367 3584 4439 vigilantia
3612 4362 3709 4418 sol—

342 4460 574 4516 ticorum
617 4459 891 4514 scandalis
937 4465 992 4516 et
1045 4461 1425 4531 repugnantiis
1472 4475 1582 4518 non
1632 4477 1819 4532 parum
1863 4479 1995 4521 mte-
2074 4464 2245 4519 lerter
2283 4463 2510 4518 multum
2559 4461 2901 4517 exhortatum
2953 4464 3008 4514 et
3047 4457 3356 4514 consultum
3399 4463 3500 4523 est,
3549 4449 3709 4524 quati-

343 4548 628 4615 stiﬁcatus,
663 4563 836 4618 usque
876 4550 932 4604 in
971 4552 1271 4620 Augustum
1303 4565 1544 4607 mensem
1577 4554 1816 4623 perstitit
1843 4555 1992 4625 (127)
2075 4567 2178 4608 nus
2216 4552 2286 4608 ob
2340 4549 2653 4622 hujusmodi
2699 4549 3058 4605 necessitates
3102 4545 3341 4602 feliciter
3389 4540 3708 4614 superandas

344 4643 399 4692 et
429 4635 556 4692 inde
598 4637 822 4692 Romam
854 4651 1026 4703 suam,
1060 4637 1188 4692 dum
1230 4639 1312 4693 via
1341 4638 1447 4694 sibi
1487 4640 1541 4694 in
1593 4646 1776 4709 partes
1822 4642 1996 4698 Theu-
2075 4641 2298 4697 domino
2329 4642 2440 4697 Deo
2470 4653 2528 4694 se
2559 4639 2719 4694 unice
2758 4635 3190 4700 commendatos,
3223 4635 3278 4688 in
3324 4635 3407 4688 via
3448 4639 3501 4688 et
3537 4641 3705 4686 amore

346 4725 558 4781 tonicas
595 4726 663 4780 ad
694 4733 776 4782 tot
816 4725 1123 4782 discordias
1151 4729 1562 4797 componendas
1591 4743 1702 4786 non
1733 4733 1991 4800 patuerit,
2071 4731 2299 4801 justitize
2358 4731 2413 4785 in
2453 4730 2572 4785 dies
2610 4741 2826 4796 semper
2882 4726 3208 4781 attentiores
3245 4729 3301 4779 et
3351 4721 3706 4793 provectiores

344 4827 468 4870 cum
498 4814 727 4869 maxima
756 4822 1016 4885 acceptus
1046 4815 1364 4886 dignatione
1396 4818 1594 4874 civium
1624 4817 1992 4877 Romanorum
2075 4820 2440 4885 cucurrerint,
2503 4823 2556 4873 et
2603 4819 2683 4873 sic
2739 4815 3014 4871 currendo
3055 4815 3110 4869 in
3167 4829 3230 4870 ea
3288 4814 3703 4884 perseveranter,

343 4905 448 4960 sibi
489 4904 896 4960 occurrentium
935 4911 990 4961 et
1027 4907 1417 4964 venerabiliter
1455 4921 1578 4965 eum
1615 4909 1990 4980 salutantium,
2077 4909 2337 4966 divinitus
2365 4908 2620 4965 coronari
2651 4904 3098 4962 commeruerint.

343 4995 477 5052 satis
503 4993 744 5064 gloriose
783 4995 1104 5051 revisitavit.
2151 4999 2386 5056 Proinde
2415 4999 2579 5054 nimis
2604 4997 2662 5052 in
2691 4997 2786 5052 Dei
2825 4995 3000 5066 gratia
3039 4992 3230 5051 conﬁsi
3261 4997 3318 5049 et
3353 4983 3701 5050 corroboratl,

1737 5126 1957 5183 VARUE
1995 5127 2324 5183 LECTIONE

413 5214 475 5246 “°
503 5217 658 5289 regni
687 5216 740 5272 2.
820 5215 876 5250 ¹⁹¹
911 5217 1091 5275 indies
1119 5218 1172 5276 2.
1253 5219 1314 5256 ¹⁰⁹
1344 5221 1541 5278 multas
1567 5220 1622 5277 2.
1686 5223 1748 5254 m
1785 5225 2291 5282 calamitosissimas
2323 5235 2461 5278 corr.
2497 5220 2989 5278 calamitosissimis
3018 5218 3073 5276 2.
3153 5217 3213 5252 '9‘
3241 5217 3500 5289 provectu
3529 5211 3579 5267 2.
3612 5218 3701 5278 pro

345 5285 496 5342 tectu
529 5285 620 5342 ed.

1917 5369 2116 5425 ΝΟΤᾸΕ

589 5473 896 5556 ptrumque
917 5476 1252 5556 Dernardum
1276 5479 1492 5556 nomine
1525 5482 1659 5553 Reg.
1685 5499 1759 5550 ιν,
1783 5482 1874 5551 23,
1897 5483 1986 5539 24.
2073 5487 2444 5556 commoratus
2480 5484 2583 5556 est.
2621 5482 2753 5556 Reg-
2780 5496 2866 5556 ,ινν
2898 5477 3082 5556 23:28-

417 5543 553 5615 (127)
584 5543 894 5616 Carpinétaz
922 5549 1218 5619 Gregorius
1269 5550 1559 5620 plurimum
1606 5543 1682 5612 Eo
1742 5543 1991 5627 tempore
2146 5553 2292 5625 (128)
2325 5555 2531 5610 Desunt
2559 5552 2615 5609 in
2656 5543 2910 5623 REgistro
2940 5549 3207 5622 Gregorii.
