4014 6176
295 297 393 353 385

1566 297 1892 354 ANNALES.
1931 325 2004 338 —-
2039 298 2151 354 AN.
2196 296 2352 352 1077.

3537 307 3645 362 386

295 420 524 494 episcopi
553 433 824 486 seorsum,
873 428 927 476 et
974 421 1286 478 senatorius
1330 421 1467 478 ordo
1505 435 1774 489 seorsum,
1815 423 2170 492 proAmodo
2200 438 2385 480 secum
2416 425 2503 480 vix
2532 424 2754 495 collegit
2790 425 3104 496 episcopos,
3151 430 3644 502 Herbipolitanum,

290 510 663 568 constituendo
731 525 856 581 rege
913 510 1007 566 diu
1064 512 1401 580 multumque
1454 511 1728 566 consiliati
1768 517 1916 567 sunt.

289 600 514 656 Tandem
554 613 684 654 sane
737 606 910 654 totum
949 607 1260 656 senatorum
1302 614 1402 654 nec
1450 613 1558 654 non
1592 600 1779 669 populi
1820 614 1920 656 no-

286 704 458 745 varum
490 703 669 745 rerum
701 689 888 758 cupidi
919 690 1229 759 collegium,
1254 689 1638 760 episcoporum
1661 691 1917 759 primum,

287 785 466 848 utpote
531 778 858 847 spiritalium
924 779 1185 842 virorum,
1255 779 1494 834 divinum
1554 786 1608 833 et
1672 779 1919 847 spiritale

285 867 595 923 nominandi
627 875 682 922 et
721 867 957 936 eligendi
1009 869 1155 937 regis
1193 867 1318 922 dum
1360 874 1703 936 exspectaret
1732 874 1917 924 atten-

276 957 480 1011 tissime
539 954 876 1025 suﬁ‘ragium,
912 955 1022 1010 dux
1068 956 1401 1011 Alemannize
1450 955 1755 1012 Ruodolfus
1803 957 1919 1026 pri-

281 1059 419 1100 mum
477 1059 508 1099 a
572 1045 887 1114 Mogontin
945 1045 1229 1115 episcopo,
1299 1045 1500 1100 deinde
1539 1060 1569 1100 a
1609 1039 1825 1101 caéteris
1865 1045 1918 1098 in

267 1136 455 1204 regem
495 1134 564 1188 ab
603 1135 683 1188 eis
723 1134 1032 1189 nominatus
1061 1140 1118 1189 et
1145 1133 1354 1189 electus
1383 1141 1487 1189 est.
1531 1136 1642 1189 llos
1671 1135 1921 1203 sequitur

275 1223 390 1278 sine
429 1236 582 1277 mora
634 1228 784 1278 totus
839 1229 1060 1278 senatus
1099 1229 1154 1278 et
1192 1223 1452 1292 populus,
1491 1224 1652 1278 solita
1686 1223 1919 1292 jurisju-

274 1312 425 1366 randi
468 1311 731 1366 ﬁdelitate
769 1326 889 1367 sese
922 1312 1000 1367 illi
1043 1326 1236 1368 omnes
1264 1312 1318 1367 in
1357 1312 1414 1367 id
1446 1312 1624 1384 ipsum
1654 1312 1921 1382 legittime

271 1401 650 1470 subjicientes.

340 1492 452 1546 llac
485 1491 761 1546 electione
807 1505 934 1546 vere
965 1504 1076 1547 non
1117 1491 1380 1557 heretica,
1423 1497 1613 1562 utpote
1643 1491 1918 1546 communi

271 1579 440 1634 totius
472 1580 664 1649 populi
693 1579 950 1650 suffragio
981 1586 1036 1635 et
1068 1579 1438 1644 laudamento,
1471 1579 1527 1634 in
1559 1593 1668 1635 non
1703 1579 1919 1634 deside-

270 1675 445 1734 rante,
473 1669 698 1724 nolente
721 1676 775 1725 et
819 1677 1012 1725 coacto
1043 1669 1264 1730 homine
1287 1669 1552 1739 legittime
1573 1669 1652 1724 sic
1675 1675 1915 1738 peracta,

2003 514 2478 581 Wormatiensem,
2538 521 2592 570 et
2641 515 3030 570 Pataviensem.
3099 517 3334 582 Quartus
3390 524 3481 579 ille
3539 528 3646 580 Au-

2001 602 2297 670 gustensis,
2350 608 2465 658 toto
2513 617 2622 672 quo
2672 609 2888 672 poterat
2934 599 3341 662 versutissimus
3398 611 3642 681 ingenio,

2003 690 2171 744 corde
2201 691 2526 746 durissimus
2583 691 2953 756 adamantina,
3016 694 3165 748 sedis
3220 697 3540 764 apostolicae
3573 700 3647 755 le-

2001 778 2142 848 gatis
2172 785 2226 834 et
2255 781 2539 836 canonicis
2569 795 2756 836 eorum
2787 783 3076 838 sententiis
3109 790 3214 839 tam
3249 786 3500 854 pertinax
3529 795 3646 843 toto

2004 867 2170 923 biduo
2217 869 2512 934 restiterat,
2554 870 2702 939 quod
2759 884 3102 940 nequaquam
3144 873 3212 927 ad
3253 875 3643 932 oboediendum

2002 972 2158 1026 papae
2201 957 2313 1012 sive
2365 959 2480 1028 regi
2539 960 2844 1030 constringi
2903 967 3137 1030 poterat.
3190 963 3280 1018 Ad
3321 972 3646 1031 extremum,

2001 1047 2247 1114 quamvis
2299 1047 2661 1114 simulatorie,
2715 1050 2803 1103 vix
2853 1051 3138 1108 convictus
3165 1053 3233 1107 ab
3273 1054 3548 1120 omnibus,
3595 1054 3649 1110 in

2001 1135 2496 1190 communicatione
2553 1136 2762 1191 domini
2803 1141 2948 1209 regis
3002 1140 3086 1194 sui
3154 1142 3394 1198 Heinrici
3434 1143 3649 1200 confes-

2002 1237 2095 1278 sus
2133 1230 2215 1279 est
2240 1239 2298 1279 se
2322 1239 2600 1294 peccasse,
2634 1233 2688 1280 et
2717 1227 2788 1281 ob
2829 1227 2883 1281 id
2919 1228 3230 1285 sacerdotio
3251 1246 3351 1287 suo
3387 1248 3417 1287 a
3451 1233 3650 1304 legatis

2001 1313 2322 1382 apostolicis
2377 1314 2620 1382 privatus
2666 1320 2721 1368 et
2767 1315 2947 1384 digna:
2998 1319 3338 1387 paenitentiae
3388 1322 3650 1378 subactus

2003 1407 2106 1456 est.
2139 1404 2231 1457 Set
2269 1409 2449 1457 tatnen
2479 1410 2770 1471 antequam
2801 1405 3036 1472 abirent,
3073 1421 3200 1477 rege
3231 1408 3285 1462 id
3325 1411 3654 1480 suppliciter

2002 1491 2070 1546 ab
2110 1491 2190 1547 eis
2227 1490 2314 1546 vix
2354 1490 2695 1546 omnifariam
2734 1491 3065 1560 inplorante,
3091 1494 3157 1548 ad
3199 1502 3413 1566 tempus
3451 1497 3653 1554 solum-

2001 1580 2166 1636 modo
2188 1580 2309 1655 _ipsi
2341 1579 2578 1635 ofﬁcium
2617 1595 2772 1635 suum
2815 1595 3138 1637 concessum
3179 1591 3282 1640 est.
3329 1569 3336 1572 ’

2071 1669 2150 1724 lbi
2191 1668 2440 1739 profecto
2497 1669 2552 1724 in
2600 1669 2689 1724 die
2745 1677 2938 1725 sancto
2994 1672 3234 1740 paschae,
3295 1687 3416 1728 cum
3458 1689 3553 1730 rex
3592 1682 3648 1730 et

269 1757 561 1813 confestim
620 1757 750 1814 inde
808 1773 907 1828 per
934 1759 1279 1814 Babinberch
1310 1766 1365 1813 et
1395 1757 1758 1813 Wurciburcb
1798 1757 2186 1826 per-Bomnis
2223 1759 2404 1814 clerus
2443 1763 2498 1812 et
2536 1758 2773 1828 populus
2793 1759 2848 1814 in
2890 1761 3246 1828 processione
3289 1775 3397 1816 non
3439 1762 3653 1818 modica

266 1848 498 1918 agratis,
531 1847 585 1902 in
626 1847 805 1902 media
845 1848 1259 1918 quadragesima
1290 1848 1690 1917 Mogontiacum
1721 1861 1922 1916 perve-

268 1938 450 2003 niens,
485 1937 554 1990 ab
587 1935 792 1991 eisdem
827 1936 1104 2005 episcopis
1134 1942 1188 1990 et
1229 1935 1398 1991 totius
1428 1936 1615 2006 populi
1649 1944 1919 1991 conventu

264 2026 372 2080 sibi
404 2025 525 2080 illic
563 2024 617 2079 in
653 2027 857 2094 justum
915 2040 1098 2095 regem
1163 2030 1432 2080 rectorem
1473 2033 1528 2080 et
1574 2024 1920 2080 defensorem

264 2115 442 2170 totius
474 2115 628 2185 regni
667 2116 1001 2170 Francorum
1043 2113 1296 2170 laudatus
1327 2120 1526 2170 unctus
1546 2120 1605 2171 et
1635 2114 1924 2171 ordinatus

266 2210 372 2259 est.

334 2291 551 2348 Eodem
581 2292 670 2348 die
704 2307 830 2349 mox
866 2294 1015 2349 cives
1043 2293 1345 2364 Mogontini
1392 2292 1596 2349 bellum
1628 2307 1695 2348 ex
1727 2292 1924 2348 indus-

265 2381 376 2435 tria
406 2381 703 2436 movebant
733 2381 788 2434 iu
820 2395 964 2448 eum,
999 2395 1066 2436 ex
1095 2381 1296 2450 quibus
1336 2381 1460 2451 plus
1497 2395 1658 2451 quam
1704 2387 1925 2436 centum

261 2468 625 2534 ceciderunt,
649 2475 704 2523 et
728 2469 836 2524 duo
857 2475 1064 2524 tantum
1087 2484 1154 2525 ex
1170 2477 1324 2540 parte
1347 2471 1521 2540 regis;
1547 2477 1780 2526 caeteros
1799 2468 1927 2540 fuga

260 2565 322 2612 et
346 2559 541 2612 noctis
561 2558 897 2612 imminentia
926 2559 1013 2612 vix
1033 2574 1062 2612 a
1083 2566 1259 2614 morte
1290 2557 1641 2613 defensitant.
1666 2559 1754 2613 Sic
1784 2559 1930 2628 regis

258 2647 493 2702 milites
519 2647 748 2701 victoria
779 2647 1102 2702 mirabiliter
1144 2647 1304 2716 potiti
1349 2656 1496 2713 sunt,
1530 2653 1585 2702 et
1615 2653 1823 2701 tantum
1853 2647 1931 2702 ci-

258 2736 438 2790 vibus
471 2748 727 2802 pavorem
768 2735 1085 2802 intulerant,
1118 2743 1177 2790 ut
1215 2749 1426 2791 summo
1457 2735 1744 2791 confestim
1776 2749 1931 2790 mane

261 2825 548 2894 episcopo
597 2830 652 2879 et
690 2824 892 2879 domno
934 2823 995 2853 ¹⁹³
1050 2838 1151 2880 suo
1181 2839 1301 2879 sese
1360 2839 1488 2880 reos
1534 2825 1836 2888 dedissent,
1878 2829 1934 2879 et

265 2914 392 2981 ejus
454 2912 657 2982 adepta
687 2913 880 2981 gratia,
927 2913 1157 2982 gratiam
1197 2927 1416 2982 quoque
1448 2912 1612 2982 regis,
1654 2913 1777 2981 ipso
1807 2925 1930 2967 cum

264 3003 486 3072 quibus
507 3008 722 3071 poterat
736 3001 990 3057 omnibus
1008 3002 1430 3069 interveniente,
1443 3001 1527 3056 vix
1541 3002 1928 3070 acquisissent,

2001 1849 2069 1904 ad
2111 1849 2415 1904 aecclesiam
2461 1849 2637 1903 sancti
2693 1849 2958 1904 Johannis
3008 1849 3352 1906 sollemniter
3389 1859 3651 1918 astareut,

2002 1952 2033 1992 a
2070 1937 2265 2008 legatis
2301 1936 2624 2006 apostolicis
2665 1935 2824 2008 (129)
2869 1945 3202 2007 praeceptum
3243 1953 3354 1996 non
3398 1941 3516 1995 sine
3557 1954 3652 1995 ra-

2003 2028 2154 2082 tione
2211 2032 2266 2081 et
2322 2025 2588 2080 canonica
2637 2025 2822 2080 datum
2879 2035 2934 2082 et
2992 2027 3368 2084 conﬁrmatum
3429 2036 3530 2094 est,
3581 2042 3650 2083 ne

2005 2115 2146 2170 ultra
2177 2115 2400 2170 omnino
2440 2115 2724 2184 usurpatio
2765 2115 2884 2170 haec
2924 2116 2978 2171 in
3019 2116 3268 2172 :ecclesia
3307 2118 3483 2184 ﬁeret,
3527 2132 3650 2186 quae

2005 2220 2036 2260 a
2068 2204 2348 2260 nonnullis
2385 2203 2820 2272 simplicioribus
2857 2203 3117 2260 fratribus
3164 2213 3368 2262 temere
3409 2213 3462 2262 et
3504 2221 3651 2276 pra:-

2006 2299 2325 2363 sumptuose
2365 2299 2561 2349 contra
2591 2293 2814 2348 decreta
2851 2293 3147 2349 Clementis
3177 2309 3332 2364 papae
3372 2297 3650 2350 actitatur.

2007 2383 2198 2440 Solent
2254 2396 2488 2452 namque
2554 2381 2610 2436 in
2676 2381 2945 2436 sabbatho
3011 2389 3204 2438 sancto
3262 2383 3480 2453 paschae
3529 2389 3655 2439 ante

2008 2471 2245 2528 infusum
2304 2471 2541 2526 chrisma
2608 2471 2661 2526 in
2721 2485 2917 2541 aquam
2985 2471 3263 2542 baptismi,
3305 2486 3496 2528 omnes
3553 2474 3658 2527 cir-

2011 2567 2344 2616 cumstantes
2382 2574 2448 2615 ex
2512 2560 2630 2628 ipsa
2683 2573 2995 2629 aspergere,
3066 2565 3121 2615 et
3159 2574 3222 2615 ea
3261 2561 3316 2615 in
3364 2562 3508 2615 vasis
3544 2559 3660 2615 suis

2012 2657 2258 2717 accepta,
2291 2649 2370 2703 sic
2410 2663 2508 2718 per
2554 2655 2725 2704 totam
2755 2649 3258 2720 quinquagesimam
3293 2648 3438 2718 (130)
3470 2649 3660 2718 hujus-

2016 2737 2164 2792 modi
2240 2744 2446 2792 tantum
2503 2738 2806 2792 abutuntur
2860 2739 3176 2807 usurpativa
3224 2745 3278 2793 et
3343 2739 3658 2794 inordinata

2015 2825 2373 2894 aspersione;
2423 2838 2533 2880 non
2582 2825 2930 2880 attendentes
2958 2827 3134 2881 sancti
3176 2841 3328 2895 papae
3367 2826 3662 2881 Alexandri

2015 2915 2342 2970 rationabile
2409 2923 2464 2970 et
2530 2914 2913 2986 inrefragabile
2979 2922 3241 2971 statutum
3313 2915 3495 2987 (131),
3564 2917 3658 2986 qui

2015 3003 2268 3072 praecipit
2299 3009 2357 3058 ut
2393 3003 2450 3057 in
2481 3004 2737 3058 omnibus
2768 3004 3065 3059 Dominicis
3097 3004 3293 3059 diebus
3321 3005 3662 3060 exorcismus

263 3091 432 3147 Cives
495 3088 657 3145 etiam
705 3091 1154 3157 Wormatienses,
1212 3091 1506 3160 assumptis
1544 3091 1988 3159 undecumquec
2009 3093 2139 3148 salis
2169 3098 2223 3147 et
2246 3106 2403 3161 aquae
2432 3107 2462 3146 a
2492 3091 2874 3148 sacerdotibus
2902 3099 3113 3163 agatur,
3138 3100 3190 3148 et
3240 3092 3368 3149 inde
3399 3093 3658 3164 populus,

263 3195 379 3236 non
415 3180 661 3236 modicis
706 3180 1036 3235 militaribus
1083 3180 1377 3249 praesidiis,
1420 3186 1612 3235 contra
1651 3193 1833 3250 regem
1874 3183 1931 3233 et

262 3270 606 3339 episcopum
688 3283 846 3324 suum
920 3267 1250 3324 rebellantes
1324 3268 1705 3337 conjurabant.
1773 3267 1930 3323 Unde

263 3359 566 3429 praeterita
596 3358 785 3413 eadem
820 3358 1037 3413 civitate
1085 3372 1181 3413 rex
1209 3357 1459 3413 Triburia
1491 3357 1732 3423 divertit,
1766 3363 1822 3412 et
1849 3357 1931 3412 sic

263 3463 365 3518 per
403 3448 739 3504 Laurisham
787 3454 842 3503 et
895 3447 1166 3518 Ezzilinga
1231 3447 1606 3516 proﬁciscens,
1677 3446 1932 3515 diemque

263 3538 586 3608 palmarum
643 3537 813 3592 Ulmze
869 3536 1196 3601 subsistens,
1256 3535 1323 3590 ad
1383 3549 1556 3605 usque
1598 3535 1932 3591 Vindelicam

261 3631 581 3699 Augustam
637 3625 840 3680 ibidem
900 3625 1100 3694 pascha
1156 3632 1378 3679 acturus
1443 3623 1816 3692 pertenderat.
1874 3625 1934 3678 In

264 3715 533 3787 paschali
564 3716 706 3770 enim
739 3713 1044 3770 ebdomada
1076 3714 1334 3783 perplura
1364 3727 1487 3782 quae
1527 3726 1697 3782 regno
1729 3718 1784 3767 et
1823 3727 1935 3768 aec-

265 3808 462 3863 clesia:
541 3811 746 3860 sancta:
801 3803 1113 3859 necessaria
1169 3801 1404 3868 fuerant,
1447 3800 1560 3856 illic
1609 3807 1843 3856 tractare
1883 3806 1938 3856 et

267 3897 589 3966 disponere
628 3908 750 3949 cum
780 3892 1125 3963 principibus
1153 3893 1268 3946 suis
1298 3897 1697 3961 proposuerat;
1731 3889 1938 3960 setipsi

265 3988 458 4042 statim
504 3998 572 4040 se
601 3984 668 4039 ab
709 3998 776 4039 eo
824 3983 1126 4048 retrahere,
1170 3995 1279 4052 quo
1311 3981 1498 4036 nescio
1538 3980 1594 4036 id
1633 3979 1936 4036 infortunio

267 4077 576 4141 actitante,
608 4073 809 4128 viritim
838 4072 1186 4140 inceperunt.
1211 4072 1329 4126 Non
1369 4069 1546 4126 solum
1587 4083 1713 4124 vero
1745 4068 1937 4125 novitii

265 4165 506 4231 milites,
567 4167 650 4217 set
678 4163 841 4216 etiam
897 4161 1130 4230 antiqui,
1180 4160 1273 4229 qui
1301 4159 1405 4228 ipsi
1430 4158 1791 4228 jurejurando
1825 4160 1937 4228 jam

266 4253 401 4308 olim
457 4251 633 4307 ﬁdem
668 4243 832 4306 suam
881 4249 1352 4314 conﬁrmaverant,
1389 4255 1444 4302 et
1490 4247 1594 4316 ipsi
1636 4248 1937 4317 perjurium

267 4340 754 4412 parvipendentes
809 4345 1271 4409 apostataverant.
1336 4337 1438 4404 Qui
1485 4337 1649 4392 etiam
1687 4336 1755 4390 ab
1796 4337 1939 4390 Her-

2013 3182 2247 3238 ofﬁcinaa
2280 3188 2335 3236 et
2371 3181 2493 3237 loca
2523 3195 2714 3238 eorum
2744 3188 3124 3252 aspergantur.
3160 3183 3262 3239 Ubi
3293 3183 3450 3240 cellae
3482 3183 3659 3240 sancti

2010 3272 2146 3328 Galli
2177 3286 2206 3326 a
2245 3270 2506 3328 fratribus
2561 3270 2888 3343 regulariter
2925 3271 3134 3328 electus
3163 3273 3333 3328 abbas
3363 3273 3664 3343 praeﬁcitur

2012 3360 2300 3427 Lutoldus,
2333 3360 2578 3430 ejusdem
2627 3359 2867 3416 caanobii
2905 3359 3075 3416 frater
3103 3361 3438 3416 reverendus
3481 3360 3651 3430 (132).

2085 3453 2201 3506 Rex
2266 3449 2469 3504 ibidem
2546 3448 2746 3517 pascha
2793 3445 2985 3502 festive
3051 3450 3184 3502 satis
3247 3454 3494 3517 peracto,
3564 3462 3664 3517 per

2015 3539 2224 3594 Ulmam
2286 3535 2612 3592 revertendo
2677 3536 2903 3605 Augiam
2971 3535 3210 3601 intravit,
3254 3543 3308 3591 et
3346 3536 3475 3591 inde
3521 3538 3663 3592 Con—

2016 3627 2270 3682 stantiam
2304 3625 2570 3695 pervenit.
2614 3623 2770 3679 Unde
2801 3623 3096 3692 episcopus
3151 3624 3407 3690 civitatis,
3439 3631 3664 3694 aposto-

2018 3715 2141 3771 licae
2206 3714 2355 3769 sedis
2419 3713 2722 3782 legatorum
2786 3711 3119 3768 audientiam
3187 3727 3289 3768 nec
3343 3727 3453 3768 non
3496 3715 3661 3785 regiae

2021 3803 2321 3873 majestatis
2386 3801 2734 3872 praesentiam
2816 3801 3129 3857 cautissime
3212 3802 3528 3869 devitando,
3606 3804 3662 3858 in

2020 3893 2294 3964 quoddam
2353 3891 2636 3947 castellum
2675 3890 2892 3947 comitis
2954 3891 3170 3947 Ottonis
3213 3890 3370 3962 (I33)
3412 3893 3662 3960 secessit,

2020 3991 2075 4040 et
2112 3983 2189 4038 ibi
2230 3997 2330 4052 per
2360 3987 2531 4037 totum
2573 3980 2723 4036 illum
2763 3993 2963 4036 annum
3017 3981 3277 4050 perstitit,
3335 3980 3518 4039 ofﬁcio
3557 3983 3664 4039 sibi

2014 4074 2126 4142 jam
2165 4071 2337 4142 priori
2377 4083 2520 4126 anno
2560 4069 2627 4124 ab
2665 4069 2972 4139 apostolico
3013 4084 3238 4140 prorsus
3266 4071 3586 4140 interdicto,
3611 4077 3666 4128 et

2019 4168 2199 4217 tamen
2240 4161 2310 4216 ob
2351 4160 2406 4215 id
2436 4159 2504 4214 ab
2544 4173 2610 4214 eo
2643 4173 2984 4228 nequaquam
3043 4159 3303 4216 devitato.
3344 4163 3466 4231 Ipse
3506 4176 3664 4217 nam-

2020 4265 2127 4321 que
2177 4249 2492 4306 Wormatia:
2549 4263 2670 4304 cum
2736 4263 2767 4302 a
2805 4248 3213 4316 conspiratione
3254 4251 3664 4307 inobmdientia:

2020 4339 2352 4407 conscriptae
2407 4336 2467 4367 ¹⁹⁶
2507 4343 2839 4406 resurgeret,
2909 4343 3129 4402 extunc,
3189 4337 3338 4405 quod
3405 4352 3508 4394 nos
3565 4352 3666 4406 pro

265 4431 596 4500 bipolitana
647 4431 758 4498 jam
816 4428 1033 4482 civitate
1111 4426 1308 4481 litteris
1362 4425 1429 4480 ad
1498 4439 1691 4494 papam
1732 4425 2286 4486 invita-Dmiraculo
2318 4426 2521 4482 debitae
2561 4425 2789 4481 ultionis
2826 4423 3025 4478 divina}
3052 4431 3325 4486 notamus,
3356 4425 3666 4481 claudicare

265 4522 435 4576 toriis
468 4518 800 4590 praemissis,
855 4517 1114 4586 quatinus
1144 4516 1199 4570 in
1247 4520 1467 4570 nostras
1496 4521 1681 4582 partes
1714 4527 1813 4583 pro
1844 4528 1941 4568 re-
2021 4517 2210 4586 cmpit,
2244 4522 2298 4571 et
2335 4515 2415 4579 sic
2465 4514 2731 4584 deinceps
2761 4511 3080 4568 debilitatus
3109 4511 3436 4568 claudicavit
3469 4511 3549 4578 "7,
3581 4519 3668 4568 set

265 4611 485 4680 gimine
553 4607 945 4663 {ecclesiastico
1020 4605 1206 4660 venire
1280 4604 1619 4675 dignaretur,
1681 4603 1940 4658 ductores

266 4700 376 4769 ipsi
410 4698 670 4768 dirigere
722 4696 1089 4751 destinaverat
1121 4715 1134 4749 :
1184 4702 1268 4750 set
1317 4694 1371 4748 id
1403 4701 1533 4748 tunc
1561 4692 1784 4747 omnino
1817 4707 1940 4760 per-

268 4803 442 4860 agere
478 4801 602 4859 pra:
637 4784 861 4842 militari
899 4783 1130 4855 penuria
1159 4796 1271 4840 non
1301 4787 1536 4854 poterat.
1571 4783 1702 4836 Tres
1729 4780 1938 4837 solum-

2022 4612 2202 4660 tamen
2267 4603 2728 4670 communionem,
2799 4615 2908 4658 non
2974 4599 3234 4667 ofﬁcium,
3293 4601 3361 4656 ab
3401 4601 3664 4671 episcopo

2022 4691 2327 4748 Pataviensi
2383 4698 2509 4746 ante
2564 4691 2987 4762 Oppineimense
3046 4688 3106 4720 ¹⁹⁸
3164 4689 3501 4759 colloquium
3554 4690 3666 4759 jam

2023 4782 2252 4851 recepit.
2308 4782 2374 4838 Et
2405 4781 2499 4852 qui
2538 4787 2656 4838 toto
2713 4780 2938 4837 biennio
2977 4785 3138 4836 antea
3166 4777 3236 4835 ad
3266 4778 3372 4835 hoc
3402 4778 3524 4850 cogi
3564 4792 3668 4835 ne-

1656 4906 1880 4961 VARIE
1923 4906 2312 4962 LECTIONES.

346 5029 416 5062 ηε
447 5029 608 5086 dono
643 5027 692 5095 1,
769 5024 830 5058 ¹⁹⁶
859 5025 1139 5098 prmdictaa
1169 5026 1254 5082 ed.
1331 5023 1393 5056 ¹⁹⁷
1421 5021 1696 5080 claudicat
1731 5020 1805 5077 1‘.
1882 5021 1945 5055 ¹⁹⁸
1973 5023 2280 5094 oppinense
2310 5021 2365 5078 2.
2397 5035 2449 5077 v.
2490 5020 2634 5091 infra
2672 5019 2781 5078 col.
2813 5017 2922 5073 390

1881 5143 2097 5199 ΝΟΤᾸΕ.

346 5267 517 5336 (129i
548 5265 744 5323 Nescio
765 5263 897 5335 quid
919 5261 1054 5336 mali
1072 5258 1541 5336 deprehenderint
1559 5258 1723 5330 legati
1745 5259 1802 5315 in
1828 5259 1940 5336 hoc

2024 5259 2152 5314 dist.
2194 5257 2249 5325 3,
2309 5272 2375 5336 ex
2429 5254 2693 5313 decretali
2747 5253 2920 5336 prima
2976 5254 3096 5324 ejus
3142 5253 3406 5336 epistola,
3448 5269 3569 5327 cap.
3609 5256 3665 5326 5,

271 5327 404 5405 usu,
444 5353 617 5410 quem
650 5327 800 5410 certe
841 5327 1291 5410 antiquissimum
1327 5345 1448 5386 esse
1478 5327 1694 5410 constat
1722 5333 1944 5410 exAGreg
2023 5330 2465 5410 quamkquriﬁam
2495 5332 2850 5410 essenorunt
2888 5327 3262 5410 omnes."Uss.

268 5401 442 5484 gorio
466 5401 807 5484 'Turonensi,
841 5407 936 5462 lib.
971 5401 1010 5484 ί,
1043 5402 1334 5484 De‘gloria‘
1360 5408 1676 5484 martyrum,
1701 5417 1754 5484 cz
1775 5401 1866 5470 24,
1889 5409 1944 5459 et

269 5472 342 5542 Ex
365 5484 591 5540 Ordine
610 5472 879 5544 Romano,
901 5477 1107 5546 quique
1133 5472 1431 5530 h’odiedum
1457 5474 1689 5546 obtinet.
1710 5476 1832 5530 Uss.

351 5553 514 5626 (130)
549 5553 769 5626 Scilicet
795 5545 970 5619 usque
999 5547 1067 5602 ad
1088 5548 1514 5626 Pentecostem.‘
1537 5545 1655 5599 Uss.

351 5613 517 5697 (131)
560 5624 802 5680 Habetur
857 5613 982 5679 c'an.
1057 5621 1212 5689 Aqua
1274 5613 1424 5682 Sale,
1483 5614 1552 5670 de
1607 5621 1939 5687 consecrat.,

2099 5396 2339 5473 (132)7’cf.
2373 5398 2674 5456 Burchardi
2721 5411 2882 5454 casus
2928 5398 2984 5452 S.
3024 5396 3183 5464 Galli,
3216 5411 3267 5453 c.
3299 5398 3354 5453 7.
3385 5398 3530 5455 Mon.
3570 5400 3664 5456 SS.

2026 5471 2344 5612 "153%.;
2373 5541 2652 5614 Brigantio
2683 5546 2746 5614 et
2766 5539 3075 5606 Bucchorn,
3106 5552 3160 5596 v.
3191 5540 3364 5598 Stiilin
3393 5543 3669 5600 Wirttem-

2023 5617 2180 5688 berg.
2209 5612 2534 5674 Geschichte
2574 5614 2617 5686 Ι,
2650 5612 2778 5670 559.
