4014 6176
414 326 519 380 387

1398 315 1776 373 BERTHOLDI
1813 311 2225 368 PRESBYTER]
2266 315 2822 376 CONSTANTIENSIS

3649 327 3738 380 388

419 464 692 522 quaquam
724 454 960 520 poterat,
1029 452 1228 502 extunc
1272 443 1529 501 ordinare
1569 440 1821 506 clericos,
1864 437 2133 498 zeccle-A
2149 451 2283 508 pace
2331 441 2582 511 dixerim,
2642 443 2900 501 heretica:
2952 445 3457 518 etincorrigibiles
3519 464 3736 519 personae

416 542 527 597 sias
555 551 904 602 consecrare,
935 542 992 593 et
1019 542 1220 592 caetera
1249 531 1582 604 episcopalia
1607 531 1731 599 jura
1762 526 2061 599 perduellis

413 635 472 686 et
538 637 732 685 contra
797 625 878 682 fas
953 625 1202 696 pertinax
1281 621 1630 690 frequentare
1716 630 2059 687 nequaquam

413 719 718 789 quieverat.
794 715 1098 786 Apostolici
1163 724 1292 768 vero
1361 709 1545 780 legati,
1606 715 1907 764 convocato
1946 706 2060 761 illic

413 806 642 864 fratrum
683 805 940 876 collegio,
983 802 1279 873 capitulum
1322 814 1421 870 pro
1451 799 1577 869 fuga
1615 805 1669 853 et
1716 796 2060 852 inobaadien-

415 897 488 950 tia
545 895 791 966 episcopi
859 894 1100 958 illorum,
1170 904 1270 946 nec
1329 902 1438 944 non
1491 903 1588 959 pro
1629 887 1849 942 caeteris
1886 887 2060 954 ipsius

413 985 832 1051 temeritatibus,
875 981 1236 1052 neglegentiis
1274 986 1329 1034 et
1378 975 1900 1049 praesumptionibus
1937 989 2059 1029 cum

412 1077 494 1131 eis
521 1068 778 1131 fecerunt
819 1072 985 1142 (134).
1039 1071 1117 1126 lbi
1175 1070 1320 1126 datis
1359 1068 1600 1124 induciis
1636 1067 1958 1138 episcopum
1989 1065 2056 1120 ad

409 1178 469 1219 se
508 1170 857 1228 vocaverunt,
901 1168 954 1216 et
994 1175 1062 1215 ne
1100 1161 1226 1229 quis
1282 1158 1523 1214 ofﬁcium
1567 1156 1714 1212 illius
1762 1156 2056 1224 reciperet,

410 1267 477 1308 ex
515 1252 818 1322 apostolica
876 1250 1204 1306 auctoritate
1273 1248 1578 1302 ﬁrmissime
1647 1249 2053 1315 praeceperunt.

409 1342 784 1412 Symoniacam
844 1339 1078 1396 heresim
1133 1347 1188 1394 et
1225 1337 1558 1393 Nicolaicam
1601 1334 1660 1366 ¹⁹⁹
1713 1333 1890 1406 (135),
1932 1347 2056 1402 quae

409 1431 464 1486 in
497 1431 817 1501 episcopatu
849 1430 968 1497 illo,
1019 1430 1107 1484 eui
1147 1427 1303 1482 valde
1351 1427 1597 1481 inﬁnitus
1644 1425 1835 1480 subest
1882 1437 2058 1493 popu-

409 1519 514 1587 lus,
548 1520 691 1575 ultra
729 1519 949 1574 modum
1002 1523 1214 1588 regnat,
1273 1517 1429 1586 juxta
1467 1514 1792 1569 sententiam
1853 1514 1906 1568 in
1939 1515 2054 1568 Ro-

407 1623 565 1664 mana
603 1608 814 1679 synodo
864 1608 1044 1662 datam
1101 1606 1325 1662 omnino
1380 1604 1788 1660 damnaverant.
1833 1604 1897 1657 Et
1935 1616 2057 1671 spe-

408 1697 545 1752 ciale
579 1704 915 1766 praeceptum
975 1710 1088 1765 pra:
1128 1695 1346 1750 caeteris
1394 1694 1468 1748 ibi
1526 1692 1944 1762 replicaverant,
1987 1704 2055 1745 ne

2143 529 2680 588 antichristianorum
2722 534 3128 603 episcoporum,
3172 549 3273 590 nec
3313 549 3419 591 non
3456 541 3739 608 supparium

2143 618 2360 675 illorum
2418 621 2765 686 clericorum,
2820 623 3231 689 canonicorum,
3293 628 3738 694 monasterialium,

2142 708 2464 765 villanorum
2513 712 2879 776 sacerdotum,
2936 717 2990 767 et
3028 712 3339 782 hujusmodi
3372 714 3564 770 chorus
3597 731 3742 786 syna-

2142 811 2423 868 gogarnm,
2481 800 2846 870 dogmatizare
2899 806 2956 856 et
3011 801 3252 872 undique
3310 803 3660 873 disseminare,
3697 814 3743 861 et

2143 886 2444 942 mendaciis
2486 888 2746 943 inauditis
2795 891 3041 945 attestari
3088 905 3195 945 non
3227 892 3554 961 quiescebat.
3588 895 3743 949 Turba

2141 981 2321 1030 autem
2357 976 2696 1046 plebeiorum
2761 979 2828 1033 ab
2877 979 3189 1048 hujusmodi
3231 982 3480 1050 personis
3522 981 3743 1047 seducta,

2141 1063 2312 1119 nichil
2364 1065 2513 1121 aliud
2553 1066 2807 1132 credidit,
2851 1068 2925 1122 nil
2983 1068 3130 1123 aliud
3189 1069 3301 1140 egit
3337 1085 3432 1125 seu
3461 1070 3626 1135 scivit,
3657 1071 3748 1126 nisi

2142 1153 2286 1222 quod
2383 1153 2599 1210 illorum
2694 1157 3039 1212 sermociniis
3110 1162 3165 1213 et
3240 1157 3751 1227 pseudotestimoniis

2140 1256 2360 1314 semper
2394 1244 2619 1301 audivit.
2665 1246 2817 1301 Unde
2874 1247 3084 1316 liquido
3151 1261 3259 1303 non
3301 1248 3516 1303 minima
3552 1249 3750 1304 scisma-

2141 1337 2253 1386 tum
2320 1332 2690 1390 diversiclinia
2753 1349 2852 1405 per
2916 1343 3090 1391 totum
3133 1351 3358 1408 regnum
3400 1343 3581 1393 exorta
3616 1346 3747 1394 sunt.

2139 1421 2296 1475 Nulla
2370 1424 2840 1494 propinquitatum
2934 1433 3146 1493 natura,
3237 1440 3343 1482 non
3419 1427 3750 1482 amicitiarum

2139 1511 2357 1579 fiducia,
2401 1526 2510 1568 non
2550 1513 2750 1569 debita:
2798 1515 3159 1585 subjectionis
3196 1517 3551 1582 obmdientia,
3590 1516 3752 1572 nullus

2139 1599 2306 1655 divini
2364 1601 2578 1657 timoris
2651 1604 2762 1658 sive
2837 1605 3039 1661 amoris
3111 1611 3416 1677 respectus,
3485 1619 3590 1661 non
3643 1605 3751 1660 fidei

2140 1695 2378 1758 paetum,
2419 1703 2528 1746 non
2590 1691 2819 1760 iustitiae
2886 1693 3152 1760 debitum,
3231 1693 3437 1750 nullius
3475 1694 3644 1750 honor
3677 1693 3750 1749 vel

409 1787 532 1855 quis
571 1786 904 1842 christianus
941 1785 1268 1840 clericorum
1308 1784 1379 1840 ob
1412 1781 1863 1838 incontinentiam
1891 1775 2442 1836 dam—Breverentia
2498 1794 2769 1849 personae,
2833 1795 2935 1838 nec
2995 1782 3108 1838 fere
3165 1784 3433 1854 quicquid
3483 1783 3562 1839 fas
3597 1789 3647 1838 et
3675 1784 3754 1852 jus

409 1883 658 1929 natorum
718 1873 896 1930 ofﬁcia
935 1875 1159 1928 omnino
1220 1873 1509 1941 reciperet.
1543 1871 1622 1925 lbi
1662 1883 1882 1940 quoque
1925 1872 2053 1923 dum

408 1963 768 2034 quorumdam
825 1963 1173 2018 sacerdotum
1207 1962 1416 2032 judicia
1483 1966 1537 2016 et
1584 1968 1793 2029 septem
1842 1957 2055 2014 confra-

410 2061 552 2108 trum
590 2063 812 2108 suorum
851 2065 1019 2123 super
1047 2051 1166 2107 haec
1190 2051 1560 2106 testimonium
1589 2062 1689 2119 pro
1721 2049 2055 2118 recipiendis

409 2142 677 2198 mcclesiis
714 2143 847 2207 suis,
882 2149 1017 2212 quas
1046 2141 1366 2211 Symoniace
1396 2139 1697 2209 acquisisse
1739 2138 2054 2192 testimonio

409 2231 702 2287 multorum
743 2230 1005 2286 laicorum
1057 2229 1465 2285 evidentissimo
1505 2227 1944 2291 convinceretur,
1987 2227 2054 2281 ab

407 2321 670 2390 episcopo
728 2319 824 2375 illo
883 2319 1054 2388 recipi
1120 2318 1300 2374 solere
1339 2317 1757 2385 comperissent,
1790 2315 2055 2370 canonica

408 2410 619 2465 ratione
685 2409 803 2465 luec
855 2409 1063 2479 judicia
1119 2415 1174 2462 et
1227 2407 1539 2463 testimonia
1606 2420 1832 2476 prorsus
1879 2405 2051 2474 recipi

407 2511 517 2554 non
567 2499 735 2553 licere
792 2497 1254 2568 inrefragabiliter
1292 2495 1744 2565 comprobabant.
1779 2495 1832 2549 Si
1871 2501 2050 2549 autem

406 2588 650 2656 exceptis
688 2587 975 2642 heresibus
1033 2600 1131 2654 pro
1171 2586 1399 2639 crimine
1440 2584 1691 2654 quolibet
1728 2595 2053 2638 accusaren-

406 2680 514 2742 tur,
556 2675 869 2745 hujusmodi
920 2674 1129 2744 judicia
1169 2681 1220 2729 et
1262 2673 1574 2728 testimonia
1633 2685 1742 2727 non
1793 2671 2051 2740 reproba-

406 2763 558 2820 bant.
637 2766 740 2820 Pro
830 2765 1120 2819 heresibus
1194 2777 1320 2818 vero
1388 2763 1434 2817 si
1509 2763 1633 2832 quis
1697 2769 2050 2816 accusaretur

403 2853 751 2920 clericorum,
819 2868 987 2924 super
1051 2854 1195 2909 hunc
1296 2853 1538 2908 omnium
1624 2851 2046 2907 Christianorum

403 2943 728 2999 catholicam
789 2942 950 2998 fidem
989 2942 1327 3008 habentium,
1378 2941 1724 3002 clericorum,
1761 2939 2043 3004 laicorum,

403 3031 644 3086 virorum
701 3046 764 3086 ac
840 3032 1124 3086 mulierum
1183 3031 1553 3084 testimonium
1614 3029 1785 3098 recipi
1843 3027 2045 3083 debere

2136 1865 2377 1923 divinum
2417 1883 2636 1939 semper
2688 1869 2743 1924 in
2783 1871 2898 1926 suis
2935 1873 3155 1927 statutis
3192 1873 3488 1938 continuit,
3528 1887 3620 1928 sua
3650 1873 3753 1944 lege

2136 1963 2190 2012 et
2228 1956 2422 2014 ordine
2452 1957 2867 2027 dispensatorize
2908 1960 3099 2016 saltem
3140 1962 3558 2018 consuetudinis
3589 1962 3756 2017 obser-

2134 2047 2314 2102 vantia
2353 2046 2435 2102 vel
2475 2048 2825 2118 imaginatum
2867 2049 3230 2117 constiterat;
3270 2058 3418 2106 seta
3457 2051 3668 2106 minimo
3695 2051 3752 2105 ad

2137 2150 2310 2204 usque
2376 2137 2663 2192 maximum
2730 2138 2913 2192 cuncti
2988 2139 3230 2194 avaritize
3305 2140 3675 2196 sollertissime
3711 2146 3756 2194 et

2136 2223 2533 2292 indifferenter,
2591 2239 2701 2281 non
2741 2226 2922 2281 divina
2979 2242 3080 2282 nec
3129 2228 3368 2283 humana
3415 2228 3754 2292 attendentes,

2136 2312 2478 2369 studuerant.
2519 2315 2816 2384 Disciplina
2865 2330 3151 2386 nusquam,
3198 2317 3383 2387 pudor
3430 2332 3612 2372 revera
3644 2331 3755 2385 pre-

2136 2401 2330 2469 tiosus,
2390 2404 2592 2458 veritas
2666 2404 2941 2460 rarissima
3016 2414 3152 2472 erat,
3209 2407 3618 2462 mendaciorum
3654 2420 3755 2474 my-

2135 2491 2318 2548 riades
2355 2493 2685 2564 ubicumque
2725 2495 3044 2566 regnabant.
3087 2496 3175 2551 Sic
3221 2495 3499 2553 fraudium
3553 2495 3759 2550 inmani-

2133 2589 2236 2646 tas,
2303 2583 2683 2639 seandalorum
2772 2585 3058 2655 asperitas,
3137 2599 3238 2641 nec
3336 2601 3450 2643 non
3517 2590 3756 2641 malorum

2133 2670 2454 2726 omnifarius
2483 2673 2722 2728 omnium
2760 2688 3038 2740 numerus,
3071 2688 3192 2730 sese
3220 2673 3367 2730 ultra
3398 2675 3611 2730 modum
3649 2687 3758 2742 pro.

2132 2758 2317 2828 palare
2358 2774 2698 2829 nequaquam
2738 2776 3040 2817 cessavere.

2203 2849 2317 2903 Rex
2349 2863 2478 2904 vero
2511 2849 2800 2905 Heinricus
2839 2851 3039 2920 pascha
3083 2851 3137 2906 in
3187 2852 3532 2922 Aquileieusi
3571 2851 3756 2920 episco-

2130 2945 2258 3004 patu
2349 2945 2735 3003 commoratus,
2822 2944 3110 3009 postquam
3203 2941 3310 2996 sibi
3393 2938 3760 3013 Longobardos

2131 3025 2384 3082 omnibus
2431 3028 2609 3083 modis
2655 3027 2902 3094 allectos,
2957 3035 3012 3085 et
3061 3030 3114 3084 in
3162 3031 3388 3087 solitam
3427 3028 3762 3102 subjectionis

406 3119 808 3174 rationabiliter
836 3119 1196 3174 affirmabant.
1252 3117 1489 3173 Proinde
1539 3119 1664 3183 hoc,
1700 3117 1847 3186 quod
1879 3099 2450 3173 cano-Cﬁdelitatem
2510 3117 2572 3148 ²⁰⁰
2628 3117 2928 3186 adjuratos,
2990 3135 3104 3175 sua:
3160 3120 3437 3177 voluntati
3496 3099 3760 3176 consenta-

406 3209 529 3263 nica
567 3208 963 3278 scripturarum
1028 3207 1356 3262 auctoritate
1443 3206 1681 3261 ﬁendum
1755 3208 2049 3262 contestati

403 3304 552 3364 sunt,
604 3312 704 3367 pro
763 3297 1074 3367 hujusmodi
1132 3297 1312 3352 causis
1367 3297 1592 3351 omnino
1647 3295 2047 3351 observandum

400 3386 705 3456 apostolica
733 3387 1018 3442 sanctione
1049 3393 1103 3442 et
1132 3386 1424 3442 coercione
1465 3391 1868 3455 prmeepcrunt.

472 3478 589 3532 Rex
620 3477 860 3546 denique
916 3476 1045 3532 inde
1100 3477 1370 3546 Turegum
1420 3474 1764 3545 perveniens,
1797 3475 1910 3530 illic
1949 3475 2049 3530 ali-

401 3567 727 3636 quantisper
766 3567 1100 3622 morabatur.
1152 3568 1227 3621 Ea
1275 3571 1598 3634 tempestate
1659 3566 1889 3620 maxima
1920 3579 2046 3635 pars

398 3655 861 3712 ineontinentium
911 3654 1237 3712 clericorum
1287 3662 1343 3710 et
1390 3655 1858 3725 Symoniacorum,
1911 3668 2044 3711 con-

396 3749 601 3815 tempta
665 3745 974 3815 apostolica
1038 3746 1332 3813 sententia,
1393 3745 1749 3814 pertinaciter
1807 3745 1917 3814 jam
1960 3760 2043 3800 rc-

395 3847 552 3888 versa
585 3840 670 3889 est
697 3833 767 3888 ad
815 3834 1077 3889 vomitum
1135 3848 1315 3899 suum,
1357 3833 1593 3888 animata
1623 3833 1767 3903 regis
1797 3833 2040 3888 lleinrici

398 3933 615 3976 necnon
682 3921 1183 3991 antiepiscoporum
1258 3920 1406 3976 illius
1479 3936 1575 3991 spe
1650 3921 1923 3990 adjutoria
1987 3928 2042 3977 et

398 4006 741 4064 defensione.
793 4010 860 4064 Et
905 4009 1033 4079 quia
1081 4009 1283 4080 corrigi
1331 4023 1430 4078 per
1478 4009 1807 4066 Roudolfum
1858 4025 2041 4082 regem

401 4109 513 4152 non
573 4109 760 4167 parum
801 4096 1186 4164 formidabant,
1247 4098 1424 4168 ipsum
1455 4098 1784 4163 damnando,
1817 4099 2042 4154 anathe-

400 4184 727 4252 matizando,
752 4192 807 4241 et
828 4185 1006 4240 modis
1037 4185 1292 4241 omnibus
1321 4185 1665 4252 detestando,
1700 4185 2038 4243 omnifariam

399 4274 450 4330 ei
476 4273 753 4331 adversari
785 4282 840 4331 et
869 4275 1188 4331 calumniari
1233 4289 1343 4332 non
1374 4277 1682 4332 cessabant.
1724 4277 2039 4332 lleinricum

2133 3219 2268 3261 neos
2327 3207 2645 3262 auxiliarios
2693 3213 2748 3262 et
2788 3221 3012 3277 prorsus
3066 3209 3389 3266 individuos
3446 3212 3577 3266 satis
3613 3205 3759 3262 artiﬁ-

2131 3296 2281 3351 ciose
2329 3296 2689 3363 conduxerat,
2763 3303 2817 3352 ct
2875 3297 3042 3353 ﬁlium
3093 3313 3249 3354 suum
3309 3299 3655 3371 Symonianis
3705 3294 3754 3325 ²⁰¹

2129 3386 2543 3455 antiepisc0pis,
2596 3385 3008 3453 Mediolanensi,
3076 3387 3425 3457 Placentino,
3467 3396 3522 3446 et
3567 3386 3762 3443 caeteris

2131 3488 2229 3544 per
2266 3475 2470 3530 Italiam
2504 3476 2989 3531 excommunicatis
3051 3479 3466 3547 procurandum
3505 3485 3759 3534 commen-

2130 3563 2372 3630 daverat,
2431 3565 2549 3633 ipse
2597 3578 2768 3620 uxore
2819 3571 3056 3620 assumta
3104 3573 3178 3633 et,
3229 3582 3400 3636 quam
3433 3582 3499 3623 eo
3533 3567 3758 3622 locorum

2128 3653 2601 3724 qualitercumque
2640 3662 2970 3720 corraserat,
3015 3668 3122 3710 non
3155 3669 3324 3725 parva
3358 3657 3642 3728 peccunia,
3673 3667 3760 3724 per

2123 3743 2464 3798 Carantaniaa
2540 3743 2802 3813 abruptas
2878 3745 3159 3814 angustias
3261 3747 3574 3817 Bajoariam
3651 3756 3758 3799 cum

2126 3832 2316 3901 paucis
2373 3830 2714 3887 clandestina
2795 3839 2850 3888 et
2935 3833 3216 3902 inopinata
3273 3836 3631 3905 surreptione
3683 3831 3759 3884 vix

2124 3919 2436 3976 intraverat.
2499 3922 2621 3976 Mox
2659 3922 2974 3992 Ratispona:
3032 3937 3152 3977 cum
3213 3924 3611 3995 Pagoariorum
3640 3923 3762 3976 Boc-

2125 4012 2357 4066 miorum
2389 4025 2629 4080 quoque,
2666 4025 2765 4066 nec
2815 4025 2924 4067 non
2965 4013 3401 4070 Carantanorum
3436 4010 3760 4084 principibus

2125 4107 2198 4166 et,
2233 4113 2393 4170 quem
2432 4114 2617 4155 secum
2676 4100 2802 4156 inde
2861 4101 2967 4156 huc
3027 4101 3355 4170 adduxerat,
3405 4117 3517 4159 non
3549 4101 3759 4157 multum

2124 4189 2239 4244 viro
2271 4187 2546 4258 probabili
2601 4189 2908 4258 patriarcha
2955 4190 3317 4261 Aquileiensi,
3373 4193 3564 4248 habito
3603 4189 3760 4245 collo-

2110 4268 2254 4346 quio
2308 4276 2375 4332 de
2413 4278 2500 4332 his
2556 4279 2810 4334 omnibus
2856 4294 2980 4348 qua:
3018 4280 3362 4350 acciderant,
3429 4282 3668 4362 ipsis~ut
3715 4284 3761 4332 et

397 4370 600 4432 autem,
661 4379 822 4434 quem
862 4365 929 4420 ab
987 4365 1119 4420 olim
1171 4367 1282 4435 jam
1343 4364 1510 4422 ferme
1561 4373 1734 4421 totum
1787 4380 2302 4441 regnum,“nuper
2357 4367 2732 4438 Longobardis
2778 4381 2887 4424 non
2946 4368 3195 4424 minimas
3247 4385 3369 4427 suae
3410 4367 3762 4441 depositionis

397 4458 590 4524 utpote
634 4453 854 4526 flagitiis
883 4460 938 4510 et
985 4453 1321 4511 facinoribus
1350 4453 1734 4527 vulgatissimis
1763 4425 2589 4527 infamem,unerimoniarum
2657 4457 3119 4528 proclamationes
3173 4425 3507 4518 lacrimosus
3574 4470 3762 4530 propo-

396 4542 465 4598 ab
505 4542 755 4599 aecclesia
785 4543 947 4614 longe
1005 4542 1402 4614 profanandum
1451 4545 1788 4600 calumniose
1823 4546 2042 4615 procul-
2123 4545 2253 4614 suit,
2285 4551 2340 4602 et
2368 4552 2426 4602 ut
2451 4561 2509 4602 se
2567 4561 2670 4617 ope
2709 4546 2926 4602 illorum
2966 4548 3209 4604 astitrice
3257 4549 3329 4606 de
3364 4551 3454 4605 his
3491 4549 3560 4605 ad
3591 4553 3761 4604 votum

395 4636 632 4699 caverat,
695 4631 950 4687 laudibus
1001 4644 1150 4688 nunc
1214 4646 1244 4688 e
1320 4633 1598 4688 contrario
1653 4633 2042 4690 inmanissimis
2123 4649 2280 4691 suum
2345 4636 2518 4691 ultum
2575 4636 2642 4691 iri
2701 4642 2907 4706 posset,
2961 4651 3103 4708 quos
3156 4638 3273 4708 ipse
3334 4654 3407 4695 ex
3445 4635 3762 4710 quibusdam

395 4735 564 4791 super
592 4721 766 4778 ccelos
795 4722 1090 4778 exaltatum
1120 4727 1175 4778 et
1220 4722 1376 4792 quasi
1434 4723 1791 4793 injustissime
1823 4723 2041 4779 damna-
2125 4725 2460 4795 pauperibus
2493 4725 2547 4780 in
2579 4730 2686 4779 tam
2752 4738 2976 4796 magnos
3033 4726 3288 4783 dominos
3318 4728 3651 4784 sublimatus
3684 4737 3763 4779 ex-

395 4813 510 4865 tum
566 4811 699 4866 satis
784 4811 1120 4882 ejulabiliter
1203 4811 1652 4881 proclamaverat.
1731 4813 1824 4868 Set
1896 4813 2040 4869 istud
2125 4815 2344 4882 tulerat,
2386 4815 2745 4886 dignitatibus
2801 4823 2856 4871 et
2911 4816 3195 4874 beneflciis
3241 4817 3497 4888 ipsorum
3530 4824 3762 4874 eosasc

395 4912 742 4970 summopere
790 4902 953 4972 hujus
1003 4900 1370 4958 adulatorium
1417 4899 1842 4967 laudamentum,
1894 4901 2043 4958 illius
2121 4911 2402 4976 gratanter
2430 4911 2485 4960 et
2512 4905 2900 4973 munerandos,
2969 4905 3398 4978 digniflcandos,
3469 4915 3529 4964 ut
3578 4902 3764 4960 ﬁdelis-

396 4994 576 5046 autem
608 4989 809 5047 hostile
837 4991 1187 5061 vituperium,
1234 4991 1385 5062 quod
1433 4995 1614 5047 tamen
1644 4990 1790 5048 salva
1821 4990 2038 5050 illorum
2122 4993 2276 5050 simis
2303 4994 2419 5050 suis
2470 4994 2813 5066 promiserat.
2876 4995 2955 5050 Ad
3010 4995 3128 5052 haec
3177 4996 3489 5067 magnificis
3528 4989 3762 5052 muneri-

1748 5119 1971 5175 VARIIE
2025 5121 2306 5177 LECTION
2313 5122 2410 5176 ES.

471 5242 531 5276 ¹⁹⁹
559 5243 828 5304 nicolaiea
854 5243 910 5299 2.
986 5242 1050 5276 ²⁰⁰
1079 5242 1341 5303 ﬁdelitate
1371 5243 1426 5301 2.
1502 5243 1562 5276 ³⁰¹
1593 5243 1930 5315 symonianis
1957 5250 2006 5301 et
2034 5245 2176 5315 infra
2199 5261 2328 5317 pag.
2359 5243 2485 5300 302.
2517 5242 2743 5314 legitur;
2771 5245 3104 5316 symoniacis
3140 5247 3224 5303 ed.

1978 5371 2194 5426 NOTIE.

473 5494 612 5567 (134)
663 5495 743 5552 Cf.
807 5496 1062 5554 Bernoldi
1125 5509 1318 5567 opusc.
1386 5510 1440 5564 x,
1492 5495 1544 5552 4.
1586 5510 1641 5567 p.
1675 5493 1800 5561 379,
1845 5494 1937 5550 ubi
1968 5494 2036 5550 de
2121 5495 2357 5561 videtur,
2390 5495 2793 5552 Constantiensi
2833 5497 3119 5564 canonico,
3145 5511 3198 5554 n.
3231 5497 3327 5552 Ill.
3363 5497 3491 5553 Uss.
3533 5493 3614 5550 Cf.
3645 5494 3764 5547 Gre-

395 5567 591 5639 Otione
621 5567 807 5639 Const.
841 5569 1010 5639 episc.
1045 5567 1238 5624 eodem
1270 5568 1385 5624 fere
1416 5567 1609 5624 ordine
1640 5567 1838 5639 agitur.
2119 5567 2258 5636 gorii
2279 5582 2417 5639 repp.
2467 5569 2534 5623 ad
2573 5570 2821 5625 Ottonem
2860 5570 3031 5639 episc.
3087 5577 3142 5626 et
3179 5569 3244 5624 ad
3290 5567 3757 5624 Constanlienses.

472 5638 614 5711 (I35)
646 5638 717 5695 cf.
752 5638 1006 5696 Bernoldi
1053 5640 1467 5696 altercationem
1517 5653 1639 5695 cum
1683 5638 1940 5704 'Alboino,
1978 5642 2038 5692 ut
2121 5638 2287 5694 Mansi
2328 5640 2438 5703 XX,
2473 5654 2526 5708 p.
2559 5639 2684 5706 626,
2724 5639 2851 5695 627.
