4014 6176
296 306 394 362 389

1563 301 1890 359 ANNALES.
1929 329 2001 342 —-

2036 301 2145 357 AN.
2190 297 2343 357 1077.
3533 305 3646 362 390

295 434 388 488 bus
433 441 557 485 mox
608 427 714 499 ipsi
767 429 829 459 ¹⁰¹
886 427 1264 486 indifferenter
1316 430 1562 498 corrupti
1625 433 1790 493 sunt,
1859 427 2116 496 etAque
2163 426 2425 498 colligere
2473 427 2526 482 in
2574 425 2788 482 tantillo
2828 428 3092 497 temporis
3117 430 3351 488 articulo
3380 434 3641 505 potuerit,

291 519 661 591 qualicumque
739 518 961 588 ingenio
1026 520 1338 590 excogitare
1405 519 1620 588 potuit,
1685 517 1791 573 sibi
1858 518 1915 573 in
1995 523 2321 571 conventum
2352 522 2719 586 exspectasse.

289 608 535 664 auxilium
570 606 935 677 undecunque
964 609 1097 662 satis
1125 608 1325 663 obnixe
1355 608 1624 664 contracti
1662 612 1791 662 sunt
1828 607 1910 672 ²⁰³,

286 711 388 752 non
451 695 720 751 modicam
785 696 1191 752 auxiliariorum
1249 695 1518 762 militiam,
1577 695 1789 751 scilicet
1842 695 1910 751 ad

284 785 564 842 duodecim
611 783 782 840 ferme
827 785 1013 851 milia,
1072 786 1129 840 in
1176 786 1327 840 brevi
1385 785 1642 854 collegit;
1712 784 1913 854 quibus

282 877 389 945 regi
438 888 579 930 novo
626 873 894 943 congredi
944 880 1304 943 attemptans,
1347 889 1470 929 sese
1517 875 1574 929 in
1621 887 1910 928 occursum

280 964 420 1019 illius
466 977 628 1018 manu
677 963 965 1019 bellatoria
1013 965 1386 1033 promovebat.
1432 966 1640 1020 Praeter
1667 963 1768 1018 hos
1796 969 1910 1018 tota

276 1051 384 1109 fere
449 1052 894 1122 Burgundionum
952 1053 1142 1117 virtus,
1211 1052 1525 1108 Basiliensis
1589 1059 1645 1108 et
1707 1056 1913 1122 Argen-

276 1140 417 1196 tinus
464 1140 606 1210 (136)
659 1141 1061 1210 antiepiscopi,
1112 1141 1207 1210 qui
1255 1155 1433 1210 nuper
1481 1141 1549 1195 ab
1601 1140 1908 1210 apostolico

277 1229 610 1284 reconciliati
641 1236 698 1284 et
725 1230 782 1284 in
813 1235 966 1298 parte
992 1229 1224 1298 justitiae
1261 1243 1320 1284 se
1358 1229 1622 1298 deinceps
1651 1243 1908 1298 perman-

273 1332 428 1373 suros
495 1316 726 1388 professi
800 1325 965 1385 sunt,
1035 1331 1145 1374 non
1219 1317 1434 1374 modica
1498 1332 1718 1388 quoque
1785 1333 1912 1388 pars

273 1409 620 1474 Francorum,
654 1408 1017 1464 lierimannus
1063 1421 1248 1464 comes
1292 1407 1569 1463 Palatinus
1601 1406 1782 1479 (137),
1815 1407 1909 1476 qui

269 1512 434 1566 gener
480 1499 631 1568 regis
677 1497 930 1554 Roudolti
979 1496 1196 1553 futurus
1239 1504 1376 1560 erat,
1417 1504 1472 1553 et
1515 1499 1746 1553 maxima
1776 1512 1902 1567 pars
1939 1527 1946 1536 ι

273 1587 497 1644 militum
546 1587 712 1659 regis,
760 1601 902 1656 quos
943 1588 1054 1656 jam
1088 1588 1182 1642 diu
1212 1586 1495 1657 adjuratos
1522 1587 1628 1643 sibi
1659 1587 1912 1644 fidelissi-

268 1690 381 1732 mos
443 1676 565 1734 fore
631 1690 741 1733 non
807 1677 1169 1745 dubitaverat,
1229 1691 1331 1733 nec
1386 1690 1496 1732 non
1553 1691 1745 1733 omnes
1798 1677 1912 1733 fere

2068 607 2183 660 Rex
2233 613 2413 661 autem
2463 606 2754 661 Heinricus
2799 605 2987 662 habito
3037 606 3228 673 Ulmae,
3268 622 3391 664 cum
3441 612 3644 678 quibus

1995 701 2234 763 poterat,
2286 695 2590 765 colloquio,
2633 709 2817 765 regem
2867 694 3194 751 Roudolfum
3235 710 3358 752 cum
3408 698 3643 756 ducibus

1993 785 2109 839 suis
2162 784 2462 840 Berhtoldo
2511 794 2566 840 et
2602 784 2780 840 Welfo
2846 794 2901 839 et
2959 787 3176 841 caeteris
3221 786 3641 843 Alemannorum

1992 872 2098 941 ipsi
2157 879 2652 929 consentaneorum
2713 873 3041 943 majoribus,
3099 875 3399 931 secundum
3469 876 3640 946 legem

1991 960 2427 1027 Alemannicam,
2461 964 2616 1032 quasi
2659 963 2857 1032 dignos
2888 963 3147 1033 jugulari,
3179 963 3309 1019 fecit
3345 967 3644 1020 sententia-

1991 1049 2118 1104 liter
2162 1049 2509 1119 adjudicatos
2554 1051 2821 1118 damnari,
2873 1057 2927 1106 et
2963 1053 3167 1121 pariter
3203 1053 3560 1123 dignitatibus
3588 1060 3644 1109 et

1991 1138 2276 1194 beneficiis
2322 1139 2437 1193 suis
2487 1140 2726 1208 privari;
2781 1140 2983 1210 quibus
3030 1140 3317 1196 confestim
3347 1142 3644 1200 nonnullos

1989 1241 2213 1282 suorum
2245 1227 2604 1283 beneficiatos
2632 1228 2862 1294 ditavit;
2915 1238 2971 1285 et
3017 1231 3097 1286 sic
3140 1230 3194 1285 in
3246 1232 3503 1288 auxilium
3535 1233 3641 1305 sibi

1991 1315 2114 1382 hos,
2148 1324 2202 1371 et
2250 1330 2440 1372 omnes
2490 1331 2629 1386 quos
2672 1318 2872 1387 potuit,
2906 1332 3059 1374 more
3096 1334 3198 1376 suo
3227 1321 3509 1390 adjuratos
3537 1322 3645 1378 ob-

1992 1406 2117 1461 nixe
2147 1407 2433 1462 conduxit.
2486 1406 2567 1461 lbi
2618 1408 2928 1476 patriarcha
2959 1409 3258 1477 praedictus
3288 1425 3409 1466 cum
3443 1410 3644 1466 litteris

1993 1495 2451 1566 pseudographis,
2487 1496 2642 1565 quasi
2673 1510 2703 1550 a
2734 1497 2938 1552 domno
2967 1498 3275 1566 apostolico
3307 1500 3361 1554 in
3393 1500 3492 1555 has
3521 1515 3646 1570 par-

1994 1591 2077 1638 tes
2123 1598 2222 1652 per
2270 1584 2423 1638 illum
2469 1584 2832 1648 transmissis,
2884 1598 3067 1640 coram
3122 1587 3326 1656 populo
3373 1590 3641 1657 recitatis,

1995 1685 2177 1742 regem
2219 1687 2376 1728 suum
2423 1673 2753 1729 omnimodis
2800 1673 2862 1704 ²⁰⁷
2919 1673 3324 1741 defensitando,
3375 1684 3430 1731 et
3487 1679 3643 1746 quasi

267 1769 659 1837 consanguinei
711 1775 766 1823 et
814 1768 1047 1837 proximi
1095 1767 1261 1833 illius,
1293 1767 1493 1836 quibus
1536 1767 1654 1837 ipse
1691 1760 2308 1838 semperBanthentica
2336 1760 2438 1816 hac
2467 1763 2749 1831 majestate
2779 1777 2901 1818 eum
2937 1764 3153 1819 cunctis
3182 1764 3641 1831 commendando,

267 1856 626 1913 ﬁdelissimus
663 1858 891 1923 exstitit,
922 1858 980 1912 in
1029 1857 1284 1913 omnibus
1329 1858 1588 1913 Heinrico
1638 1857 1752 1928 regi
1801 1871 1909 1914 una

264 1945 647 2013 adhaeserant;
698 1946 765 2002 ab
815 1947 920 2002 isto
968 1951 1148 2002 autem
1181 1947 1404 2012 viritim,
1437 1945 1596 2001 fidem
1635 1954 1691 2001 et
1731 1947 1908 2016 jusju-

263 2036 494 2092 randum
544 2035 1013 2106 parvipendendo,
1045 2049 1105 2090 se
1133 2035 1520 2090 subtraxerant
1548 2034 1630 2089 ³⁰³.
1679 2037 1745 2092 Et
1775 2037 1903 2104 hoc,

259 2138 394 2192 quas
441 2126 674 2180 maxime
723 2139 840 2194 prae
884 2124 1103 2180 caeteris
1150 2125 1478 2191 notavimus,
1517 2125 1697 2180 tribus
1724 2133 1905 2181 actum

257 2219 340 2268 est
383 2228 454 2270 ex
501 2215 701 2270 causis.
749 2214 885 2281 Quia
935 2228 1033 2283 per
1079 2213 1232 2268 illum
1279 2212 1346 2269 ad
1390 2214 1621 2282 justitiae
1661 2215 1903 2285 regulam

255 2303 485 2372 corrigi,
536 2309 685 2358 utet
727 2301 1048 2371 praedictum
1095 2309 1198 2368 est,
1249 2316 1358 2358 non
1398 2304 1679 2358 minimum
1710 2303 1903 2360 formi-

249 2389 543 2447 daverunt.
576 2393 651 2447 Et'
669 2392 799 2460 quia
845 2391 1242 2461 propemodum
1271 2392 1516 2447 naturale
1547 2397 1650 2455 est,
1687 2407 1906 2462 semper

247 2480 404 2536 cives
451 2480 686 2535 vitiosos
725 2479 986 2534 virtuosis
1031 2480 1244 2535 civibus
1289 2480 1556 2536 invidere.
1622 2483 1690 2535 Et
1753 2481 1902 2549 quod

245 2569 486 2638 proprie
534 2567 700 2623 idolis
741 2568 945 2624 servire
991 2573 1093 2623 est.
1143 2570 1343 2623 Omnes
1393 2570 1598 2638 quippe
1648 2571 1905 2637 quaerita-

246 2657 386 2713 bant
417 2664 478 2712 et
507 2657 798 2728 exigebant
842 2657 911 2711 ab
941 2670 1008 2712 eo
1054 2657 1414 2712 insatiabilem
1443 2672 1557 2713 suae
1587 2657 1906 2725 cupiditatis

247 2746 572 2816 voraginem
622 2746 937 2816 prodigiosa
975 2746 1260 2802 effusionis
1289 2746 1550 2802 inauditae
1579 2747 1902 2817 ingurgitari

247 2835 560 2900 abusione;
619 2834 836 2891 scilicet
899 2841 958 2890 ut
1015 2848 1263 2905 regnum,
1315 2835 1462 2903 quod
1512 2843 1571 2890 ut
1617 2835 1904 2905 colligeret

249 2924 643 2980 miserabiliter
685 2924 748 2955 ²⁰¹⁵
795 2924 1117 2994 dissipatum
1166 2931 1390 2980 coactus
1437 2925 1700 2993 suscepit,
1733 2925 1903 2980 mise—

249 3014 482 3069 rabilius
524 3011 587 3044 ²⁰⁶
633 3015 780 3070 inter
825 3027 922 3070 eos
971 3012 1407 3082 dispertiendum
1455 3013 1678 3070 omnino
1732 3013 1900 3068 dissi-

1989 1849 2170 1918 ipsum
2217 1850 2273 1904 in
2323 1851 2478 1921 regni
2521 1849 2697 1906 fasces
2745 1851 3122 1922 dignissimum
3163 1855 3526 1909 assentatorie
3557 1868 3644 1909 sa-

1989 1940 2061 1994 tis
2079 1938 2387 1995 'idoneavit.
2419 1941 2519 2008 Qui
2555 1940 2773 1996 tandem
2806 1949 2931 2010 post
2960 1941 3274 2011 hujusmodi
3323 1944 3641 1999 mendacem

1987 2029 2414 2085 assentationem
2465 2044 2525 2084 se
2572 2030 2794 2086 domum
2849 2030 3173 2086 festinanter
3220 2033 3554 2102 proripiens,
3587 2038 3644 2088 et

1987 2124 2310 2187 sumptuoso
2357 2118 2585 2173 multum
2633 2125 2897 2188 apparatu
2948 2133 3009 2174 se
3056 2120 3112 2174 in
3154 2122 3302 2191 regis
3329 2122 3642 2190 qualecum-

1992 2220 2098 2275 que
2127 2208 2443 2277 suffragium
2473 2207 2873 2264 studiosissime
2913 2209 3268 2265 militaturum
3309 2211 3639 2281 rependens,

1988 2297 2238 2352 maniaco
2287 2295 2474 2353 furore
2522 2297 2824 2366 derepente
2871 2296 3048 2353 factus
3084 2304 3170 2354 est
3196 2300 3544 2368 arrepticins.
3579 2303 3642 2355 Et

1985 2385 2088 2442 hac
2133 2387 2389 2442 amentiae
2425 2387 2718 2442 metuenda
2754 2388 2968 2442 cunctis
3017 2388 3272 2456 passione
3303 2386 3367 2418 ²⁰⁸
3395 2388 3643 2458 aliquan-

1986 2476 2161 2544 tisper
2189 2475 2258 2530 ad
2307 2475 2613 2546 exemplum
2663 2475 3022 2532 mendacibus
3050 2482 3106 2531 et
3133 2476 3402 2546 apostatis
3430 2477 3643 2533 daemo-

1986 2565 2144 2620 niace
2195 2567 2330 2622 satis
2377 2567 2767 2634 discruciatus,
2818 2566 3116 2621 damnabili
3165 2567 3640 2622 consummatione

1986 2652 2368 2709 insanissimus
2416 2656 2732 2724 exspiravit.
2787 2655 2854 2709 Et
2896 2656 2977 2711 sic
3025 2669 3148 2711 cum
3198 2655 3480 2711 nonnullis
3517 2669 3642 2711 suo-

1986 2755 2105 2796 rum
2150 2742 2434 2798 subitanea
2473 2743 2664 2798 itidem
2710 2749 2886 2798 morte
2938 2744 3283 2814 direptorum
3333 2744 3401 2799 ad
3451 2745 3639 2800 sedem

1982 2845 2134 2888 suam
2184 2833 2535 2887 tumulandus
2583 2839 2898 2902 reportatus
2935 2839 3020 2888 est
3072 2832 3246 2904 (138).
3286 2836 3330 2890 Ο
3359 2848 3523 2904 quam
3573 2836 3644 2890 ti-

1985 2921 2217 2975 mendus
2244 2921 2389 2975 Dens
2415 2920 2684 2975 ultionum
2715 2920 3006 2976 dominus!
3062 2928 3118 2976 et
3165 2935 3326 2991 quam
3377 2922 3640 2978 terribilis

1982 3008 2039 3063 in
2097 3009 2344 3065 consiliis
2391 3024 2559 3078 super
2604 3009 2748 3064 filios
2795 3010 3112 3065 hominum!
3162 3013 3270 3067 lste
3299 3011 3466 3067 homo
3499 3013 3638 3080 jam-

249 3111 423 3171 paret.
489 3105 556 3158 Et
611 3104 738 3172 quia
797 3102 1040 3172 prudens
1085 3104 1168 3158 eis
1223 3103 1279 3157 in
1324 3103 1428 3158 hoc
1487 3116 1594 3158 non
1654 3088 2200 3167 consen-Cpridem
2251 3099 2370 3154 zelo
2418 3100 2514 3153 Dei
2562 3111 2901 3166 succensus,
2959 3108 3015 3154 et
3061 3114 3183 3155 cum
3232 3101 3637 3157 honestissimis

246 3200 440 3259 serat,
526 3191 594 3248 ad
675 3193 960 3262 antiquum
1025 3192 1409 3261 dissipatorem
1474 3206 1631 3247 suum
1699 3202 1903 3261 praeter

247 3296 391 3338 sana:
469 3282 674 3338 mentis
747 3282 1008 3352 pauculas
1082 3281 1242 3337 nimis
1319 3294 1583 3351 personas
1614 3323 1629 3348 ,
1707 3296 1900 3339 omnes

247 3370 580 3426 mirabiliter
634 3370 784 3428 velut
841 3372 898 3427 in
961 3370 1230 3426 sentinam
1297 3370 1692 3440 coinquinandi
1757 3384 1897 3427 con-

247 3460 542 3517 tinxerant.

311 3549 468 3606 Unde
511 3549 804 3606 Heinricus
832 3564 928 3606 rex
951 3590 964 3613 ,
1015 3554 1165 3606 tanta
1201 3549 1584 3605 auxiliatorum
1613 3548 1774 3618 c0pia
1803 3563 1903 3604 ro-

246 3637 500 3708 boratus,
562 3639 929 3696 Alemanniam
990 3638 1195 3709 praedis
1250 3638 1459 3708 rapinis
1515 3646 1571 3693 et
1628 3638 1900 3692 incendiis

242 3729 632 3789 devastaturns
677 3732 971 3788 invaserat.
1016 3730 1175 3786 Nulla
1204 3743 1334 3786 vero
1381 3730 1530 3784 inter
1565 3735 1812 3783 sanctum
1844 3733 1901 3784 et

245 3820 540 3887 profanum
588 3820 894 3877 differentia
945 3825 1082 3876 erat.
1133 3819 1339 3874 Boemii
1387 3818 1593 3888 quippe
1640 3817 1900 3872 mulieres

246 3909 297 3964 in
344 3911 628 3968 aacclesiis
673 3911 849 3980 palam
893 3913 1414 3978 constupraverant,
1465 3909 1708 3976 captivas
1745 3920 1897 3962 more

246 4011 338 4053 suo
382 4001 759 4065 abduxerant,
793 3997 1098 4055 aecclesiam
1138 4003 1193 4052 et
1230 3995 1504 4052 stabulum
1533 3994 1778 4065 ejusdem
1810 4009 1896 4049 re-

246 4091 510 4146 verentiae
562 4094 1046 4158 compntaverant;
1098 4094 1152 4142 et
1189 4087 1270 4141 sic
1319 4084 1400 4140 fas
1436 4084 1698 4153 nefasque
1737 4082 1899 4139 simul

247 4189 432 4234 omnes
489 4176 937 4242 confundentes,
1007 4175 1349 4232 ethnicorum
1410 4174 1621 4230 insania
1687 4180 1898 4243 partem

249 4279 352 4322 non
381 4267 666 4323 modicam
698 4266 845 4321 illius
876 4265 1067 4334 patria:
1097 4265 1374 4321 hostiliter
1411 4264 1575 4319 nimis
1605 4261 1900 4331 perlustra-

1981 3187 2076 3242 Dei
2117 3188 2266 3254 viris,
2299 3188 2722 3257 archiepiscopo
2749 3189 3036 3244 Juvavensi
3085 3197 3142 3245 et
3187 3192 3452 3260 episcopo
3481 3191 3637 3246 Pata-

1984 3276 2155 3331 viensi
2204 3285 2259 3332 et
2297 3291 2420 3332 cum
2461 3278 2681 3332 caeteris
2711 3277 2913 3332 Christi
2961 3278 3248 3346 militibus,
3281 3281 3349 3336 ad
3379 3280 3636 3350 Oppinei—

1981 3379 2168 3421 mense
2227 3365 2290 3397 ²⁰⁹
2347 3367 2683 3436 colloquium
2745 3368 3026 3436 praterito
3081 3382 3227 3425 anno
3285 3370 3632 3438 perveniens,

1982 3467 2094 3510 non
2154 3470 2343 3524 parum
2403 3456 2626 3524 quidem
2676 3469 2789 3523 prae
2838 3458 3058 3510 caeteris
3106 3457 3260 3525 regni
3311 3457 3637 3525 primatibus

1983 3544 2390 3602 aecclesiastica:
2447 3543 2784 3598 correctioni
2849 3551 2905 3598 et
2969 3544 3286 3598 christiana:
3351 3545 3636 3614 religionis

1983 3632 2295 3701 disciplinae
2343 3637 2398 3686 et
2445 3631 2814 3686 meliorationi
2864 3633 3193 3687 necessariae
3221 3633 3635 3690 sollertissimus

1981 3720 2214 3786 studuit,
2247 3727 2302 3775 et
2332 3719 2488 3788 quasi
2538 3719 2766 3789 angelus
2811 3721 3028 3775 Domini
3075 3721 3433 3788 exercituum,
3467 3727 3522 3777 et
3543 3736 3630 3778 se-

1981 3809 2219 3866 cundum
2265 3822 2423 3864 suum
2472 3821 2673 3864 nomen
2725 3806 2884 3879 (139)
2937 3809 3194 3880 princeps
3244 3817 3478 3880 patrum,
3512 3813 3632 3883 regi

1980 3898 2240 3955 Heinrico
2290 3911 2392 3954 nec
2430 3910 2541 3954 non
2580 3896 2796 3952 cunctis
2839 3899 2952 3955 Deo
3002 3905 3056 3954 et
3103 3908 3294 3956 sancto
3341 3902 3505 3957 Petro
3536 3902 3627 3957 in-

1980 3987 2390 4045 obmdientibus
2436 3993 2492 4042 et
2539 3986 2973 4057 repugnantibus
3009 3988 3193 4059 gladio
3230 3989 3460 4059 spiritus
3483 3991 3634 4047 anci-

1980 4076 2082 4148 piti
2130 4077 2312 4133 minax
2357 4076 2586 4132 multum
2635 4082 2691 4132 et
2738 4076 3052 4148 horrendus
3098 4078 3335 4135 viriliter
3387 4080 3634 4150 undique

1979 4168 2289 4224 obstiterat.
2340 4167 2494 4221 Nunc
2542 4173 2723 4221 autem
2755 4180 2864 4222 non
2895 4168 3129 4223 modicis
3157 4183 3481 4225 mammonae
3511 4184 3634 4226 cor-

1981 4265 2176 4327 ruptus
2204 4255 2504 4320 illecebris,
2553 4269 2584 4308 a
2625 4255 2742 4310 zelo
2777 4257 2839 4284 ²¹⁰
2881 4262 2936 4310 et
2959 4257 3171 4324 justitia
3201 4259 3297 4312 Dei
3327 4258 3633 4313 levissimus

250 4353 413 4424 bant;
446 4357 675 4412 scilicet
701 4371 732 4410 a
773 4355 1020 4425 patribus
1058 4352 1513 4409 Austri-Francia:
1543 4358 1598 4408 et
1626 4351 1959 4425 Moinonis_
1985 4351 2234 4416 apostata
2289 4351 2346 4400 et
2395 4344 2654 4414 princeps
2709 4343 2917 4398 erroris
2970 4341 3268 4400 infeliciter
3314 4346 3628 4402 declinavit.

249 4415 412 4500 fluvii,
446 4459 557 4516 per
602 4415 906 4501 Nechoram
958 4443 1178 4499 fluvium
1225 4447 1281 4497 et
1329 4441 1598 4511 Ezzilinga
1634 4415 1964 4510 oppidumD
1987 4415 2142 4493 Unde
2189 4437 2301 4492 Deo
2344 4433 2553 4504 judice,
2585 4434 2862 4503 mquitatis
2897 4434 3327 4498 servantissimo,
3359 4441 3414 4490 et
3443 4435 3533 4489 hic
3575 4436 3632 4490 in

248 4531 311 4586 ad
342 4549 532 4605 usque
563 4534 752 4590 Ulman
783 4538 839 4588 et
889 4533 1216 4599 Danubium,
1265 4543 1592 4601 quamquam
1633 4543 1742 4584 non
1781 4527 1900 4582 sine
1984 4524 2237 4594 exemplo
2285 4523 2500 4578 cunctis
2561 4521 2765 4577 intueri
2810 4521 3122 4577 volentibus
3179 4529 3386 4591 partem
3443 4522 3633 4578 calicis

250 4624 483 4681 maximo
540 4629 728 4691 metu,
778 4622 1251 4692 qualitercumque
1299 4619 1704 4691 pertingebant.
1753 4617 1904 4673 Scie-
1983 4617 2068 4672 sui
2098 4627 2392 4684 parumper
2421 4613 2812 4683 praegustavit,
2861 4618 2917 4667 et
2964 4613 3442 4683 praegustatum'in
3473 4618 3634 4668 aeter-

248 4709 376 4768 bant
406 4715 648 4784 quippe,
681 4726 864 4783 regem
895 4709 1226 4766 Roudolfum
1271 4711 1328 4764 in
1373 4708 1663 4764 obsidione
1712 4707 1900 4776 cujus-
1987 4719 2116 4762 num
2165 4711 2219 4760 et
2265 4702 2408 4758 ultra
2455 4715 2566 4759 non
2599 4701 3030 4758 exhauriendum
3060 4707 3284 4772 epotare
3315 4701 3634 4758 siticulosus

249 4797 369 4856 dam
399 4801 622 4858 castelli
647 4802 801 4871 juxta
828 4799 1134 4855 Danubium
1163 4809 1274 4853 non
1323 4810 1448 4852 cum
1497 4808 1659 4865 parva
1708 4793 1906 4850 militia
1986 4807 2205 4864 semper
2233 4791 2456 4847 minime
2485 4790 2743 4847 cessabit.

249 4891 596 4959 consedisse,
628 4894 684 4947 et
730 4888 846 4946 illic
893 4887 1125 4944 militum
1153 4899 1398 4955 suorum,
1427 4898 1568 4957 quos
1608 4884 1906 4940 undecum-
2055 4884 2225 4950 Quem
2253 4880 2611 4953 Augustensis
2656 4880 2951 4951 episcopus
2980 4891 3090 4936 non
3130 4879 3310 4936 minus
3338 4878 3634 4937 infeliciter

1614 5010 1838 5067 VARUE
1875 5009 2260 5067 LECTIONES.

317 5133 382 5206 f"
412 5134 556 5206 ipsis
583 5133 647 5206 2.
741 5129 988 5206 A’°‘_s‘unt.
1021 5133 1110 5206 Sic
1134 5144 1252 5206 non
1281 5130 1366 5206 ert.
1477 5129 1744 5206 "’fAsuptr.
1773 5128 1860 5206 2._
1919 5126 2004 5206 Δίου
2051 5123 2378 5206 mirabiliter
2405 5122 2558 5206 codd.
2591 5121 2835 5206 etmyss...
2870 5122 2958 5206 qui
3005 5127 3186 5206 tamen
3222 5121 3633 5206 emendationem

252 5191 545 5263 iudicat'f
589 5205 653 5238 ’°'
682 5202 987 5262 mirabilius
1014 5203 1168 5259 codd.
1200 5208 1249 5258 et
1284 5203 1404 5259 Uss.
1515 5191 1884 5258 '"omnimod.
1916 5197 1970 5254 2.
2084 5195 2148 5227 ¹⁰⁸
2193 5197 2448 5267 passione
2475 5193 2533 5248 2.
2645 5191 2708 5224 ²⁰⁹
2744 5191 3122 5264 opineimense
3151 5193 3206 5251 2.
3317 5194 3382 5229 ²¹⁹
3411 5195 3553 5253 caelo
3572 5195 3630 5252 2.

1840 5314 2057 5372 NOTAE.

327 5421 482 5494 (136)
550 5420 896 5480 Burchardns
951 5425 1007 5477 et
1051 5415 1409 5484 Wernherus,
1466 5416 1685 5474 Canusii
1746 5429 1902 5486 papae
1986 5409 2188 5494 gendon
2213 5421 2534 5494 successore
2582 5407 2768 5494 datas“
2782 5421 2853 5464 xv
2900 5407 3018 5464 Kal.
3068 5409 3212 5476 0ct.,
3262 5407 3376 5467 ind.
3417 5409 3464 5479 ι,
3493 5410 3631 5482 Reg.

255 5478 636 5552 reconciliati.
659 5478 806 5552 Uss.
841 5478 849 5479 ί
1395 5478 1405 5484 ’
1746 5478 1762 5486 ’
1819 5478 1835 5486 ’
1989 5478 2038 5551 ῐν,
2069 5483 2124 5548 5,
2155 5481 2210 5538 6.
2238 5479 2408 5537 Mansi
2438 5481 2548 5545 XX,
2574 5494 2630 5552 p.
2662 5478 2788 5552 239.
3451 5478 3454 5479 ⁷
3509 5503 3514 5506 -

328 5519 783 5638 ἱῗὲξῇ¹¹ἕῖῖὲηιῖῗδ⁵⁹
852 5636 880 5638 η
1247 5630 1318 5638 ,Α
1720 5629 1733 5638 _
1833 5628 1870 5638 __
1994 5519 2038 5551 "
2066 5519 2210 5623 (1’35;
2238 5519 2812 5622 ἓῶἰ¹ἥ³ᾆῖἆι¹ἦαῖἔιῖἀ

330 5628 491 5708 (138)
525 5637 602 5695 Cf.
637 5636 884 5708 Gregorii
917 5634 1004 5690 νη
1036 5647 1162 5704 epp.
1196 5630 1263 5688 ad
1294 5629 1674 5701 Aquileienses
1702 5629 1770 5686 de
1800 5628 1906 5686 eli-
