4014 6176
399 275 498 329 391

1373 270 1749 328 BERTHOLDI
1788 269 2200 327 PRESBYTER]
2238 268 2796 327 CONSTANTIENSIS

3634 271 3728 326 392

396 407 480 456 est
507 403 856 456 consecutus.
890 397 992 452 [lic
1021 397 1136 468 regi
1167 395 1438 453 Roudolfo
1469 397 1525 450 in
1555 396 1803 466 proximo
1834 395 2106 474 pascha}.
2123 410 2225 452 nec
2255 397 2427 466 ipsius
2447 410 2611 466 papre
2656 409 2758 451 nec
2804 393 3036 464 alicujus
3063 393 3467 464 magistratuum
3490 395 3730 465 judicium

396 499 723 560 quamquam
771 487 860 542 vix
909 487 1282 543 hominatione
1331 491 1386 541 et
1432 485 1559 541 fidei
1608 499 1716 543 non
1770 487 1911 542 ficta:
1949 501 2043 556 pa-

397 578 580 634 ctione
629 576 934 632 firmissime
985 575 1412 641 confmderatus,
1447 574 1575 630 ilico
1615 575 1744 630 dum
1792 589 2043 631 reversus

399 673 484 724 est
527 681 623 723 rex
661 667 971 734 Heinricus,
1022 666 1128 735 ipsi
1177 664 1516 735 gratulanter
1558 678 1877 730 occurrens,
1932 679 2045 720 om-

400 755 648 813 nifariam
697 756 754 786 ²¹¹
817 769 1039 825 quoque
1093 754 1348 810 adulatus
1395 761 1516 821 est,
1573 761 1628 810 et
1673 756 1730 809 in
1783 755 2044 811 comitatu

401 845 668 926 praedicto
700 859 870 914 usque
916 844 982 899 ad
1035 843 1240 900 Ulmam
1288 844 1395 914 ipsi
1434 844 1680 900 studiose
1711 843 2046 913 obsequialis

403 940 459 989 et
485 933 740 990 favoralis
778 947 886 990 non
925 935 1134 990 deerat.
1169 934 1288 990 lllic
1317 934 1481 990 etiam
1512 935 1799 990 missarum
1827 934 2046 990 sollem-

404 1023 511 1078 niis
549 1037 722 1092 usque
770 1023 837 1077 ad
887 1022 1066 1078 locum
1113 1023 1518 1079 communionis
1563 1023 1630 1078 ab
1679 1037 1746 1078 eo
1787 1023 2043 1092 peractis,

401 1112 471 1167 ad
502 1125 683 1181 regem
711 1116 764 1166 et
791 1117 1024 1167 caeteros
1053 1112 1335 1168 auditores
1359 1127 1418 1168 se
1449 1112 1739 1178 convertit,
1773 1117 1830 1166 et
1857 1123 2046 1182 parum

403 1200 533 1270 quid
600 1213 852 1256 sermone
917 1202 1281 1257 assentatorio
1349 1201 1418 1257 de
1484 1200 1816 1256 instantibus
1870 1200 2050 1256 causis

405 1288 892 1359 praecontionatus,
927 1303 1110 1345 coram
1159 1290 1416 1346 omnibus
1462 1305 1562 1345 sua
1613 1296 1809 1358 sponte
1840 1287 2051 1358 profes-

401 1391 496 1433 sus
543 1383 627 1432 est
677 1392 736 1432 se
783 1383 1026 1433 sanctam
1065 1379 1448 1434 eucharistiam
1490 1379 1545 1433 in
1586 1379 1964 1448 probationem
1996 1382 2051 1433 et

403 1466 719 1536 hujusmodi
761 1466 1030 1536 judicium
1079 1473 1431 1538 accepturum
1484 1466 1631 1536 fore,
1683 1467 1829 1538 quod
1887 1481 2052 1522 causa

401 1554 610 1610 domini
657 1554 740 1608 sui
790 1556 1033 1610 Heinrici
1090 1557 1236 1626 regis
1271 1557 1417 1625 justa
1458 1555 1642 1623 fuerit,
1677 1555 1930 1612 Roudolfi
1962 1570 2052 1610 au—

402 1649 513 1699 tem
559 1657 788 1712 prorsus
835 1643 1058 1713 injusta.
1109 1646 1174 1699 Et
1221 1645 1323 1712 sic,
1373 1652 1433 1702 ut
1470 1646 1526 1700 in
1559 1645 1785 1714 judiciis
1830 1645 2049 1700 solitum

2123 492 2178 540 et
2225 486 2550 541 sententiam
2598 485 2796 541 cadere
2837 497 2953 540 non
3003 484 3224 539 debere.
3272 485 3388 538 Non
3415 485 3554 540 enim
3582 493 3737 544 alten-

2123 575 2346 642 derant,
2386 576 2801 631 Constantinum
2850 574 3231 643 imperatorem
3257 615 3272 640 ,
3321 574 3466 628 Pauli
3511 575 3570 606 ²¹²
3612 577 3737 632 Con-

2125 664 2598 733 stantinopolitani
2643 664 2888 733 episcopi
2937 670 2992 718 et
3040 662 3269 717 heretici
3315 669 3647 731 sectatorem,
3688 665 3736 720 in

2126 756 2367 809 Romana
2412 754 2623 824 synodo
2671 768 2702 807 a
2749 759 2942 808 sancto
2989 753 3222 807 Martino
3273 766 3408 822 papa
3446 752 3548 806 650
3584 753 3737 809 domi-

2127 844 2267 898 nicae
2331 843 2727 898 incarnationis
2791 855 2936 897 anno
3003 841 3524 896 excommunicatum
3587 842 3738 899 fuisse

2132 932 2314 1004 (140).
2344 933 2627 989 Notandus
2655 933 2718 966 ’³³
2759 933 2921 986 etiam
2970 933 3051 986 eis
3087 931 3437 986 Constantius
3465 937 3563 996 est,
3594 946 3622 985 a
3650 933 3742 986 Fe-

2129 1020 2233 1077 lice
2264 1035 2402 1092 papa
2423 1022 2494 1077 ob
2515 1022 2794 1077 Arrianam
2825 1021 3060 1076 heresim
3083 1021 3576 1075 excommunicatus
3595 1018 3740 1089 (141).

2130 1110 2476 1166 Haribertum
2534 1123 2716 1180 regem
2774 1110 3106 1165 Francorum
3163 1123 3193 1163 a
3249 1114 3438 1162 sancto
3501 1108 3744 1162 Germano

2131 1199 2460 1255 Parisiorum
2490 1199 2752 1268 episc0po
2782 1198 2853 1254 ob
2891 1197 3138 1253 libidinis
3176 1197 3437 1267 flagitium
3477 1208 3582 1252 non
3609 1195 3748 1265 igno-

2130 1294 2255 1344 rent
2281 1289 2830 1353 excommunicatum,
2863 1294 2917 1342 et
2953 1287 3028 1342 ita
3067 1286 3134 1341 ad
3175 1285 3384 1341 inferos
3421 1283 3748 1340 descendisse

2131 1377 2442 1444 damnatum
2491 1375 2673 1447 (142).
2722 1377 2984 1432 Noverint
3030 1388 3252 1446 quoque
3310 1375 3620 1430 Hiltericum
3668 1387 3750 1428 re-

2131 1479 2250 1537 gem
2306 1468 2635 1521 Francorum
2684 1465 3010 1520 auctoritate
3067 1464 3330 1534 Stephani
3391 1476 3542 1533 papaa
3595 1474 3749 1534 regno

2134 1555 2465 1624 depositum,
2495 1557 2852 1610 tonsuratum
2901 1561 2956 1609 et
3004 1555 3059 1608 in
3106 1552 3496 1609 monasterium
3528 1553 3748 1618 missum,

2134 1651 2189 1700 et
2220 1645 2296 1699 ita
2323 1644 2612 1714 Pippinum
2660 1644 2714 1698 in
2765 1658 2947 1714 regem
2986 1643 3220 1698 electum
3251 1644 3580 1698 Francorum
3606 1640 3748 1711 (143),

404 1738 508 1798 est,
560 1732 662 1787 hac
710 1733 1093 1788 sacramentali
1141 1735 1459 1790 conditione
1511 1735 1809 1803 praamissa,
1843 1732 2193 1790 scilicetBet
2239 1747 2270 1787 a
2333 1738 2524 1788 sancto
2581 1731 2870 1788 Bonefacio
2918 1733 3180 1802 episcopo
3227 1731 3542 1802 Mogontino
3579 1730 3641 1785 ad
3682 1743 3754 1784 re-

405 1826 465 1876 ut
514 1821 566 1874 id
617 1821 884 1877 Dominici
934 1824 1186 1892 corporis
1235 1831 1290 1879 et
1337 1825 1619 1896 sanguinis
1655 1829 2054 1880 sacramentum

404 1910 481 1965 ita
529 1910 634 1965 sibi
683 1910 750 1964 ad
799 1912 1028 1967 salutem
1080 1914 1334 1983 corporis
1373 1921 1427 1969 et
1483 1916 1677 1969 animae
1737 1913 2053 1982 profecerit,

405 2001 484 2054 uti
515 2013 678 2055 causa
724 1999 1009 2055 obtinendi
1061 2003 1213 2072 regni
1247 2002 1506 2058 Heinrico
1548 2004 1664 2073 regi
1699 2003 1923 2058 domino
1954 2015 2054 2057 suo

401 2089 546 2157 justa
597 2094 652 2144 et
699 2095 814 2144 rata
871 2088 1076 2154 fuerit,
1122 2091 1241 2160 ipse
1301 2098 1773 2161 praesumptuosus
1822 2091 2054 2160 justitia:

407 2177 562 2246 quasi
614 2178 833 2246 populis
879 2181 1328 2236 commendandae
1377 2183 1757 2249 examinator,
1813 2180 1868 2234 in
1935 2178 2055 2234 haec

404 2266 568 2320 verba
617 2268 1059 2323 communicavit.
1110 2271 1321 2326 Extunc
1371 2270 1620 2340 profecto
1673 2269 1929 2340 passione
1960 2282 2054 2322 ar-

405 2360 595 2422 reptus
624 2354 796 2421 letali,
832 2356 887 2410 in
936 2355 1056 2412 dies
1103 2371 1322 2428 semper
1349 2362 1409 2414 se
1440 2358 1717 2414 dolentior
1747 2356 2052 2422 contabuit,

407 2441 586 2498 donec
633 2444 1022 2500 miserabiliter
1067 2447 1217 2515 justo
1267 2448 1363 2502 Dei
1405 2448 1618 2518 judicio
1666 2445 2052 2510 discruciatus,

409 2535 465 2585 et
494 2534 942 2601 praesumptionis
970 2535 1252 2602 praedicta:
1283 2536 1338 2590 in
1368 2550 1429 2591 se
1454 2536 1749 2591 vindictam
1788 2533 2056 2590 cecidisse

402 2619 708 2687 confessus,
743 2635 855 2677 non
889 2631 1016 2691 post
1046 2624 1246 2679 multos
1279 2625 1398 2680 dies
1445 2632 1500 2681 et
1547 2625 1665 2695 ipse
1712 2630 1888 2680 morte
1921 2637 2059 2694 prae-

401 2715 596 2764 ventus
627 2711 989 2778 amarissima,
1025 2712 1167 2767 diem
1211 2714 1481 2770 clauserat
1529 2720 1850 2770 extremum.
1900 2712 2055 2780 Quod

2135 1835 2302 1894 gnum
2333 1828 2734 1878 consecratum.
2775 1822 3032 1878 Nicolaus
3081 1835 3218 1892 papa
3249 1821 3562 1877 Lotharium
3591 1833 3750 1890 regem

2137 1913 2471 1967 Francorum
2501 1911 3008 1978 excommunicavit,
3057 1925 3124 1966 eo
3161 1910 3332 1980 quod,
3387 1909 3658 1980 repudiata
3693 1908 3754 1963 Ie-

2136 2001 2349 2070 gittima
2398 2015 2567 2056 uxore
2615 2014 2732 2068 sua,
2782 1999 3129 2055 Waldradam
3167 1999 3232 2031 ²¹¹ι
3276 1998 3632 2056 concubinam
3676 1997 3754 2051 ha-

2136 2090 2269 2144 bere
2299 2088 2876 2159 praesumpserit(144)
2905 2131 2919 2155 ,
2969 2089 3064 2160 qui
3103 2103 3224 2144 cum
3265 2090 3462 2145 Romae
3488 2102 3545 2144 se
3573 2088 3637 2143 de
3658 2085 3760 2141 illa-

2138 2178 2210 2233 tis
2249 2178 2573 2234 criminibus
2609 2192 2873 2234 excusare
2902 2177 3086 2244 vellet,
3118 2179 3336 2248 sibique
3388 2177 3493 2234 hoc
3524 2176 3758 2248 judicium

2138 2268 2552 2338 injungeretur,
2605 2267 2748 2323 utsi
2804 2267 3074 2323 innocens
3121 2274 3286 2335 esset,
3339 2267 3665 2324 fiducialiter
3703 2265 3760 2320 ad

2139 2356 2579 2412 communionem
2623 2355 2937 2424 accederet,
2969 2357 3204 2412 accessit
3233 2357 3583 2422 temerarius,
3622 2361 3671 2410 et
3703 2353 3760 2410 de

2139 2459 2302 2502 manu
2349 2446 2535 2502 domni
2583 2447 2873 2517 apostolici
2916 2447 3185 2517 judicium
3229 2449 3334 2504 sibi
3364 2448 3620 2519 sumpsit.
3648 2447 3760 2501 Nam

2140 2549 2249 2592 non
2297 2535 2470 2592 multo
2516 2545 2641 2605 post
2686 2537 2804 2606 ipse
2851 2543 2906 2592 et
2953 2550 3144 2594 omnes
3184 2536 3442 2596 fautores
3469 2539 3582 2608 ejus
3607 2535 3762 2592 subita

2139 2630 2315 2681 morte
2346 2627 2628 2694 perierunt
2657 2625 2819 2692 (145).
2869 2626 3211 2683 Theodosius
3257 2628 3567 2697 imperator
3601 2641 3628 2681 a
3663 2638 3761 2680 san-

2139 2719 2229 2769 cto
2257 2714 2545 2770 Ambrosio
2577 2715 2645 2770 ab
2687 2715 2918 2770 introitu
2948 2715 3010 2746 ³¹³
3041 2715 3307 2772 :ecclesia:
3347 2715 3691 2788 propellitur,
3719 2717 3763 2768 et

390 2795 601 2868 Jtaque
644 2799 911 2868 judicium
962 2801 1164 2858 domno
1213 2817 1368 2873 papa
1416 2804 1527 2859 dux
1563 2803 1710 2859 Welf
1753 2816 1880 2858 mox
1926 2801 2059 2857 fecit
2140 2803 2212 2858 ob
2242 2802 2452 2858 scelera
2491 2817 2588 2859 sua
2625 2804 2693 2858 ad
2734 2804 2999 2875 agendam
3040 2806 3431 2875 paenitentiam
3470 2812 3591 2862 octo
3629 2815 3762 2859 men—

403 2885 711 2957 deligenter
740 2889 1000 2945 intimari.
1047 2892 1142 2946 Cui
1186 2892 1301 2962 ipse
1343 2907 1490 2960 mox,
1522 2907 1632 2949 non
1672 2891 1904 2948 mendax
1935 2905 2059 2961 pro-
2138 2891 2292 2946 sibus
2338 2891 2393 2946 in
2439 2892 2743 2948 custodiam
2781 2894 3016 2950 mittitur
3055 2893 3225 2965 (146).
3258 2895 3593 2952 Ludowicus
3620 2893 3764 2962 impe-

404 2975 590 3043 pheta,
652 2977 1029 3033 indubitanter
1086 2981 1446 3048 remandavit,
1499 2981 1647 3052 quod
1704 2982 1821 3050 ipse
1871 2993 2058 3035 revera
2143 2987 2313 3048 rator,
2344 2983 2510 3037 armis
2538 2983 2826 3052 depositis,
2854 2985 2922 3040 ad
2952 2983 3214 3055 agendam
3256 2986 3633 3056 paenitentiam
3669 2981 3764 3052 epi-

407 3063 476 3118 de
507 3065 613 3119 hoc
644 3067 910 3133 praescius
949 3075 1094 3123 esset
1124 3069 1253 3137 quia
1302 3070 1446 3126 idem
1477 3072 1770 3142 episcopus
1799 3071 1868 3126 de
1897 3071 2054 3126 novis
2073 3061 2116 3120 C
2135 3084 2428 3141 scoporum
2453 3072 2665 3141 judicio
2693 3072 3013 3130 includitur.

406 3152 557 3208 illius
609 3154 736 3208 anni
785 3153 1035 3225 frugibus
1093 3172 1386 3228 numquam
1444 3166 1760 3230 gustaturus
1813 3159 2046 3228 fuisset;

408 3241 558 3311 quod
610 3243 774 3312 paulo
824 3252 969 3313 post,
1019 3252 1078 3300 ut
1127 3247 1388 3303 divinavit
1432 3249 1516 3304 vir
1561 3249 1918 3320 apostolicus,
1969 3251 2049 3307 rei

407 3332 783 3400 comprobavit
817 3339 1062 3390 eventus.
1104 3337 1436 3407 Quamquam
1477 3351 1587 3395 non
1636 3338 1844 3396 idcirco
1877 3354 2050 3411 βορη-

407 3419 476 3476 lis
519 3419 605 3476 his
661 3427 716 3476 et
772 3421 1085 3492 hujusmodi
1133 3425 1415 3497 signorum
1464 3429 1872 3485 ostensionibus
1917 3430 2050 3486 satis

403 3523 681 3579 superque
729 3514 1097 3582 commonitis,
1147 3517 1493 3572 necessitatis
1542 3517 1947 3574 aacclesiasticaa
1995 3523 2050 3574 et

404 3601 770 3656 correctionis
815 3616 930 3658 suae
969 3617 1151 3671 causa,
1185 3605 1292 3662 hoc
1339 3607 1484 3678 regis
1529 3608 1784 3664 Roudolfi
1809 3609 2049 3678 justissi-

403 3702 547 3744 mum
598 3689 820 3746 omnino
865 3697 920 3746 et
967 3692 1332 3750 desiderabile
1379 3695 1690 3768 suffragium
1731 3696 1898 3753 fuisse
1930 3712 2051 3767 per-

401 3784 582 3833 actum
631 3791 792 3834 nemo
841 3778 1009 3836 ferme
1040 3782 1316 3839 sufficeret
1355 3787 1707 3854 persuadere,
1749 3793 1834 3842 set
1863 3788 2049 3856 potius

401 3867 518 3936 regi
558 3866 850 3933 Heinrico,
891 3870 1134 3926 omnium
1181 3873 1449 3928 bonorum
1498 3887 1721 3931 suorum
1770 3875 2047 3932 incensori

402 3960 458 4009 et
488 3954 842 4022 devastatori,
876 3963 932 4012 et
959 3963 1039 4014 tot
1070 3959 1343 4017 heresium
1386 3969 1442 4018 et
1486 3965 1801 4021 scismatum
1832 3967 2046 4022 auctori

401 4049 459 4099 et
487 4041 785 4111 defensori,
819 4051 935 4101 toto
979 4047 1101 4123 nisu
1132 4059 1502 4121 percuperent
1531 4054 1796 4111 individui
1829 4069 2049 4126 semper

398 4131 704 4188 adhaerere.

469 4222 619 4276 Tunc
667 4235 818 4300 vero,
868 4238 993 4294 quae
1045 4226 1256 4284 heresis
1303 4235 1357 4286 et
1402 4231 1752 4288 seminarium
1792 4239 1911 4289 erat
1938 4233 2046 4290 cle-

397 4311 658 4379 ricorum,
693 4313 1002 4381 pertinaces
1032 4317 1280 4373 nonnulli
1322 4321 1518 4389 passim
1549 4323 1860 4379 concionati
1891 4331 2039 4390 sunt,

2202 3161 2340 3229 Quid
2372 3175 2606 3232 namque
2635 3161 2742 3218 hoc
2768 3168 2823 3218 et
2851 3177 2974 3232 quae
3005 3163 3262 3234 perplura
3287 3165 3608 3236 hujusmodi
3631 3170 3758 3228 sunt,

2135 3263 2360 3306 necesse
2411 3249 2576 3306 fuerit
2631 3265 2820 3307 sanum
2876 3253 3218 3322 sapientibus
3273 3267 3753 3319 commemorasse,

2133 3338 2238 3394 nisi
2289 3339 2360 3394 ob
2409 3340 2799 3410 responsiones
2856 3342 3324 3411 inportunissimze
3397 3351 3452 3400 et
3505 3344 3756 3400 mendosa!

2133 3429 2474 3497 quorundam
2505 3431 2813 3486 morionum
2859 3431 3237 3503 garrulitatis?
3276 3433 3525 3490 Plurima
3555 3435 3754 3505 quippe,

2131 3519 2354 3588 regibus
2397 3518 2642 3576 inaudita
2689 3519 2971 3586 hactenus,
3019 3522 3074 3576 in
3113 3525 3420 3594 synagogis
3465 3525 3576 3580 suis
3618 3522 3757 3578 fabu-

2131 3606 2264 3663 losis
2319 3608 2645 3677 ineptiarum
2701 3615 2758 3666 et
2821 3623 3085 3681 nugarum
3151 3611 3467 3670 ludibriosa
3531 3611 3758 3684 profere-

2129 3697 2262 3753 bant
2317 3698 2598 3770 privilegia
2639 3702 2730 3770 jus
2785 3702 3064 3772 publicum
3122 3702 3488 3773 ignorantes,
3545 3712 3623 3762 set
3676 3718 3758 3759 ne-

2129 3801 2237 3857 que
2265 3788 2402 3843 scita
2431 3803 2529 3844 sua
2578 3791 2812 3860 plebeia,
2855 3792 3100 3863 quamvis
3147 3806 3178 3847 a
3221 3795 3457 3852 sciendo
3487 3800 3748 3857 vocentur,

2129 3876 2372 3946 plenarie
2429 3879 2561 3935 satis
2615 3880 2874 3938 scientes.
2933 3884 3176 3953 Namque
3226 3897 3330 3952 pro
3385 3893 3533 3942 motu
3572 3885 3649 3941 sui
3699 3883 3752 3937 li-

2131 3965 2277 4022 bitus
2304 3967 2368 3999 ²¹⁸
2395 3968 2658 4038 quaelibet
2705 3970 2760 4026 in
2801 3978 3088 4044 utramque
3137 3981 3348 4044 partem
3398 3973 3755 4032 indifferenter

2129 4061 2185 4110 et
2233 4055 2527 4112 laudabant
2573 4065 2628 4114 et
2673 4059 3074 4130 vituperabant.
3123 4064 3188 4118 Et
3214 4071 3274 4119 ut
3294 4066 3407 4134 jam
3440 4062 3643 4135 pridem
3671 4075 3750 4117 res

2129 4158 2226 4200 sua
2255 4146 2516 4202 vocabula
2544 4149 2912 4216 ammiserant,
2945 4151 3018 4206 ita
3049 4151 3192 4222 apud
3237 4166 3337 4209 eos
3374 4154 3551 4209 adhuc
3597 4163 3754 4225 usque

2130 4248 2238 4290 non
2281 4249 2371 4290 res
2407 4241 2493 4291 set
2540 4238 2758 4294 nomina
2808 4244 3014 4296 tantum
3060 4241 3206 4297 laudi
3260 4249 3316 4298 et
3378 4243 3575 4300 honori
3620 4246 3754 4307 sunt,

2129 4338 2252 4393 qua;
2298 4324 2505 4395 absque
2553 4329 2890 4396 proprietate
2938 4330 3000 4361 ³⁸⁷
3045 4335 3101 4386 et
3138 4329 3338 4388 officiis
3379 4334 3496 4389 suis
3546 4342 3755 4403 prorsus

395 4401 452 4492 in
483 4415 642 4492 reges
670 4415 997 4473 quamquam
1035 4385 1334 4464 hereticos
1358 4416 1414 4465 et
1461 4413 1676 4468 cunctis
1713 4385 2042 4483 ﬂagitiorum
2063 4385 2367 4469 Dinaniter
2391 4385 2607 4471 sonant.
2641 4385 2791 4473 Sicut
2831 4418 2973 4486 enim
3022 4385 3108 4474 lex
3144 4385 3175 4476 a
3223 4385 3492 4492 legendo,
3515 4385 3759 4478 sacerdos

395 4487 810 4581 facinorumque
841 4493 1085 4550 reatibus
1131 4496 1398 4564 exoletos,
1430 4502 1812 4570 sanguinarios
1848 4502 2042 4558 nefan-
2124 4517 2155 4558 a
2203 4517 2382 4571 sacro,
2432 4504 2542 4560 dux
2587 4520 2618 4561 a
2670 4507 2890 4573 ducatu,
2942 4509 3132 4565 consul
3173 4525 3203 4566 a
3252 4487 3614 4576 consulendo,
3646 4523 3754 4581 gra-

397 4579 682 4648 dissimos,
715 4594 818 4637 nec
848 4595 959 4638 non
989 4583 1327 4642 omnifariam
1359 4587 1620 4658 profanos
1638 4597 1693 4646 et
1720 4591 2039 4663 sacrilegos,
2122 4593 2313 4650 viones
2364 4608 2394 4650 a
2458 4608 2670 4653 morum
2725 4599 3023 4668 gravitate,
3073 4601 3187 4657 sive
3237 4603 3386 4673 quod
3437 4608 3590 4659 tanto
3641 4579 3752 4671 plus

1757 4719 1977 4774 VARLE
2024 4720 2407 4776 LECTIONES.

1630 4833 1977 4963 ἷισνιῖἓξὲἔὲ.
1997 4839 2488 4980 ⁸⁶⁶ίιῖῗτξβῗὲιῗὶἓ
2500 4839 2645 4967 ¹Ξ¹¹¹⁵

1900 5033 2115 5089 NOTAE.

469 5132 612 5221 (.149)
653 5138 775 5221 Non
823 5139 1001 5221 ipsum
1025 5143 1463 5221 Constantinum
1491 5159 1633 5221 _seu_
1663 5147 2036 5221 Constantem,
2122 5150 2242 5221 XII,
2266 5149 2410 5221 4,,p.
2443 5149 2570 5208 393.

397 5205 1217 5304 ieteijusndu‘ntaxat‘tvpym‘
1256 5216 1544 5304 damnavit
1585 5218 1865 5304 hiartinus.
1915 5205 2037 5275 Vid.
2199 5205 2568 5304 quildem:
2597 5225 2925 5304 exemplum
2951 5227 3223 5304 similibus
3249 5231 3433 5290 verbis
3463 5232 3550 5289 bis
3578 5236 3758 5304 protu-

397 5278 900 5368 Pag'iﬁrev.nl_lom‘.
944 5278 1169 5368 Pontif,
1197 5293 1242 5368 ρ.
1275 5290 1406 5368 1,_p.
1437 5287 1563 5343 423.
1597 5291 1721 5368 Uss.
1913 5360 2015 5368 Μ
2123 5278 2518 5368 lubegégidus
2541 5278 3165 5368 1οὲ)ἰὲἑῦρἶεῶὶὶΞὶἰᾶ

506 5348 623 5430 illi)
672 5353 795 5430 yid.
845 5348 1166 5414 Bernoldus'
1193 5360 1250 5415 in
1299 5348 1609 5418 Hérmanno
1655 5361 1724 5416 ad
1752 5374 1880 5418 ann.
1911 5360 2038 5416 358.
2193 5363 2337 5430 (145)
2367 5348 3123 5430 Ηὸιλῶεἰόἶῶεἶᾶἷηᾶἶδόξ

473 5420 654 5514 (Ιξξὲ-
672 5425 1146 5514 HermannLIAu‘g.
1195 5430 1432 5514 adnann.
1478 5431 1604 5490 563.
1654 5433 1804 5490 Idem
1842 5432 2044 5504 legitur
2139 5420 2341 5514 “(14.6)
2383 5420 2714 5514 pangit};
2739 5420 3253 5514 Theo—dos'iincerta
3297 5454 3401 5514 est,
3444 5447 3544 5504 sed
3583 5450 3756 5503 custo-

395 5493 679 5634 apklggrn.
711 5498 916 5584 οριιεεξἰ
946 5502 1031 5569 v1,
1062 5493 1122 5568 9:
1151 5516 1204 5571 p.
1565 5576 1578 5589 ⁸
1896 5493 1927 5504 ν
2076 5516 2084 5524 τ’
2121 5493 2211 5560 dia
2262 5493 2714 5570 fabulosajllss:
2750 5493 3065 5573 inﬁgit
3105 5493 3749 5591 Hér'ﬁoﬁ."o'5£sc'."vi,

604 5567 620 5634 )
649 5568 851 5626 Eadem
879 5573 1074 5630 nsdem
1102 5573 1285 5630 verbis
1319 5579 1534 5632 exstant
1561 5590 1617 5632 ιη
1656 5577 2036 5634 Bern.00usc.
2119 5574 2174 5634 9.
2209 5591 2262 5634 ι).
2295 5577 2422 5634 360.

604 5567 620 5636 )
649 5568 851 5626 Eadem
879 5567 1074 5630 iisdem
1102 5567 1285 5630 verbis
1319 5579 1534 5632 exstant
1561 5576 1617 5632 in
1656 5577 2036 5648 Bern.0pusc.
2119 5574 2174 5646 9,
2207 5591 2262 5649 p.
2295 5577 2422 5638 360.

468 4820 526 4855 ²¹¹
579 4820 863 4879 omnifaria
909 4820 964 4879 2.
1023 4825 1309 4885 omnifarie
1361 4831 1480 4888 Uss.
1593 4833 1656 4864 ²¹²

399 4839 870 4924 ιιι’ἑζ...ίῖιῖ¹¹ἓ¹¹ἓῖξὲ
909 4839 1480 4924 ἴληθωτέἐῖἓηειυξὲ·
1593 4839 1862 4924 ’Ἰηυέἔὲἓέἶ
1888 4839 1957 4924 2;.
1997 4839 2295 4924 me?”
2325 4852 2473 4921 Pom
2500 4839 2645 4924 BEN“
2756 4839 2818 4873 ²¹³
2845 4841 3101 4900 Notam"
3128 4843 3183 4899 2-

491 4892 640 4950 intro
663 4892 717 4950 2.
750 4907 890 4951 corr.
921 4907 1043 4953 saec.
1074 4899 1236 4956 XIV.
1266 4899 1517 4960 introitu.

3293 4846 3356 4878 ’³⁸
3395 4847 3674 4904 waldrada
3701 4843 3751 4897 2.
