4044 6180
194 339 282 395 393

1452 325 1777 382 ANNALES.
1814 353 1888 367 —

1922 329 2032 384 AN.
2081 327 2233 384 1077.
3415 334 3526 388 394

192 461 433 534 quispiam
473 457 693 514 illorum
735 453 980 511 laborum
1021 452 1267 522 pondere
1303 457 1560 522 gravatur
1596 449 1874 528 quanto§A
1890 453 2169 520 nentibus,
2210 459 2293 507 set
2332 465 2397 506 ex
2427 452 2647 507 nomine
2675 452 2952 522 episcopis
2981 453 3206 510 directae
3244 463 3390 522 sunt,
3426 472 3524 526 per

191 549 384 609 caeteris
421 544 799 617 praeponitur;
841 543 917 598 ita
951 555 1046 597 rex
1083 556 1114 596 a
1153 539 1395 611 regendo
1441 540 1664 609 proprie
1695 538 1805 594 dici
1889 557 2024 611 quas
2054 544 2133 597 eis
2159 555 2349 597 omnes
2378 541 2787 610 conjurationes
2818 549 2872 596 et
2903 543 3053 611 pacis
3084 544 3532 612 perturbationes

191 641 254 697 vel
317 633 660 693 denominari
719 631 1129 701 comprobatur.
1165 629 1450 700 Regulam
1509 641 1658 693 vero,
1722 626 1805 683 vel

190 727 317 800 quod
373 730 523 781 recte
578 723 743 778 ducat
799 733 901 776 nec
938 719 1197 774 aliorsum
1249 717 1546 788 aliquando
1607 715 1806 780 trahat,

190 817 255 872 vel
290 814 442 884 quod
491 819 680 882 regat,
739 810 851 865 sive
899 808 1046 878 quod
1097 814 1246 862 recte
1288 806 1506 861 vivendi
1566 819 1810 861 normam

191 905 436 978 praebeat,
468 916 564 957 seu
595 899 743 970 quod
783 899 1074 953 distortum
1116 909 1450 965 pravumque
1481 895 1612 964 quid
1644 894 1814 949 corri-

186 1001 279 1066 gat,
311 991 584 1049 nominari
614 1002 724 1044 non
751 989 995 1058 ignotum
1027 994 1130 1042 est.
1164 987 1332 1042 Recte
1364 985 1531 1055 igitur
1559 983 1812 1039 faciendo

186 1095 371 1140 nomen
421 1081 568 1151 regis
613 1083 850 1142 tenetur,
892 1076 1138 1145 alioquin
1182 1075 1487 1141 amittitur;
1548 1073 1692 1128 unde
1731 1078 1817 1128 est

185 1173 273 1228 hoc
312 1176 473 1226 vetus
519 1167 758 1236 elogium
801 1185 812 1219 :
862 1167 975 1220 Rex
1003 1164 1127 1228 eris,
1157 1165 1206 1218 si
1243 1173 1381 1218 recte
1417 1163 1591 1232 facis;
1630 1177 1676 1216 st
1712 1177 1815 1216 non

182 1261 320 1331 facis,
357 1273 459 1314 non
495 1257 619 1310 eris.
661 1253 845 1325 Regia:
891 1253 1060 1323 igitur
1105 1252 1336 1306 virtutes
1374 1251 1652 1320 praecipue
1691 1250 1814 1306 duae

184 1356 314 1413 sunt,
346 1345 569 1416 justicia
601 1349 655 1398 et
692 1343 898 1412 pietas;
941 1341 1064 1411 plus
1091 1347 1272 1395 autem
1304 1340 1359 1394 in
1390 1339 1612 1410 regibus
1643 1339 1818 1409 pietas

186 1436 448 1502 laudatur,
502 1446 623 1487 nam
666 1430 888 1501 justicia
946 1442 1233 1499 persevera
1264 1427 1328 1458 ²¹⁸
1366 1434 1468 1483 est.
1518 1428 1572 1483 Si
1611 1434 1821 1496 autem,

185 1540 270 1582 nec
321 1527 474 1594 juste
515 1521 769 1592 judicent
797 1518 881 1586 "9,
929 1532 1031 1574 nec
1080 1518 1168 1588 pie
1214 1516 1682 1582 condescendant,
1724 1530 1820 1572 ne-

1891 639 1946 687 et
1994 630 2310 697 discordiae,
2357 636 2411 685 et
2456 643 2524 684 ne
2574 629 2831 685 Heinrico
2886 632 3022 700 regi,
3075 639 3134 686 ut
3189 632 3332 688 solet
3389 634 3526 704 regi,

1892 720 2204 775 oboedirent
2241 725 2332 773 aut
2370 719 2660 784 servirent,
2701 719 3050 775 interdictum
3092 727 3192 775 est.
3235 724 3378 789 Quas
3417 737 3532 792 pra).

1895 809 2112 864 caeteris
2165 807 2478 863 Basiliensis
2525 815 2578 862 et
2625 809 2956 878 Argentinus
3012 811 3376 880 antiepiscopi
3417 825 3532 868 om-

1895 899 2024 954 nino
2083 898 2421 967 contemptui
2479 897 2763 963 habentes,
2815 898 2974 952 ilocci
3031 899 3381 969 pendebant;
3440 901 3534 956 alii

1895 1002 2046 1055 vero,
2098 986 2342 1056 qualibet
2399 994 2514 1041 arte
2564 994 2619 1040 et
2674 987 2966 1042 occasione
3026 996 3316 1057 poterant,
3377 991 3532 1059 quasi
3609 1049 3614 1054 ,

1897 1089 2189 1144 numquam
2241 1075 2479 1130 directas
2525 1075 2631 1130 sibi
2678 1075 3085 1132 dissimulantes
3124 1092 3231 1133 non
3282 1079 3536 1148 propala-

1897 1164 2048 1229 bant,
2081 1170 2134 1218 et
2173 1169 2401 1227 tantum,
2453 1170 2615 1232 prout
2663 1177 2824 1232 posse
2872 1164 2952 1219 cis
2999 1166 3238 1231 suberat,
3289 1167 3368 1220 eis
3411 1167 3535 1222 dili-

1897 1259 2090 1322 genter
2120 1251 2508 1307 obaudiebant.
3231 1303 3238 1310 ,

1971 1341 2171 1396 Eadem
2224 1346 2547 1410 tempestate
2604 1340 2772 1396 abbas
2827 1341 3178 1397 Massiliensis
3235 1342 3418 1412 (148),
3478 1350 3533 1398 et

1899 1443 2020 1484 cum
2062 1443 2128 1484 eo
2167 1429 2508 1486 Christianus
2539 1428 2681 1500 (149)
2730 1430 3165 1498 sapientissimus
3213 1433 3534 1498 monachus,

1901 1517 2030 1575 dum
2068 1519 2266 1574 reverti
2303 1519 2369 1573 ad
2419 1518 2678 1574 domnum
2730 1519 3091 1588 apostolicum
3139 1521 3464 1586 niterentur,
3506 1535 3536 1576 a

186 1628 274 1683 que
317 1611 564 1684 regulam
604 1608 771 1665 ofﬁcii
808 1608 893 1663 sui
921 1607 1006 1663 vei
1045 1607 1161 1664 sola
1199 1607 1389 1662 saltem
1430 1604 1821 1662 nominationis
1902 1622 2012 1678 quo
2043 1609 2114 1664 ob
2144 1609 2416 1664 sedandas
2451 1616 2763 1665 nostrorum
2802 1609 3110 1665 discordias
3147 1611 3202 1665 in
3245 1611 3540 1666 Theutoni-

187 1702 410 1773 imagine
461 1699 744 1754 minimum
791 1695 924 1766 quid
975 1695 1266 1765 attingant,
1315 1699 1400 1749 set
1449 1693 1633 1762 potius
1679 1691 1820 1746 ultra
1904 1711 1996 1751 cas
2036 1704 2219 1766 partes
2267 1698 2416 1753 missi
2464 1705 2610 1763 sunt,
2653 1712 2683 1752 a
2730 1699 2929 1753 comite
2970 1698 3207 1767 quodam
3249 1698 3544 1754 Oudalrico

189 1791 395 1848 modum
442 1795 498 1844 et
554 1786 796 1842 insanias
851 1784 1194 1840 ethnicorum
1254 1781 1633 1852 superlativas,
1697 1780 1817 1834 vitm
1843 1785 2075 1855 Bcapti,
2109 1787 2434 1856 depraedati,
2471 1794 2525 1841 et
2556 1787 2610 1841 in
2654 1787 2936 1857 castellum
2968 1789 3276 1858 Lenciburg
3305 1788 3364 1818 ²²¹
3397 1787 3553 1858 (150)

189 1880 503 1937 facinorosae
569 1883 624 1932 et
690 1875 984 1931 luxuriosae
1059 1873 1369 1928 libertatem
1444 1869 1824 1926 nefandissimi
1907 1873 2232 1930 incarcerati
2271 1883 2419 1930 sunt.
2452 1877 2598 1941 Quos
2638 1889 2732 1930 rex
2773 1875 3060 1931 lleinricus
3098 1884 3289 1946 captos
3327 1891 3548 1946 compe-

189 1969 522 2025 omnifariam
568 1974 623 2020 et
673 1962 1017 2034 portentuosi
1076 1967 1388 2027 exerceant,
1447 1957 1826 2014 crudelissima
1908 1963 2077 2027 riens,
2111 1978 2242 2031 non,
2277 1970 2334 2019 ut
2365 1965 2566 2020 domno
2596 1964 2903 2032 apostolico
2937 1965 3297 2034 jurejurando
3330 1971 3545 2036 pactum

189 2055 499 2113 dominandi
530 2055 812 2123 majestate
852 2050 1112 2121 populum
1151 2050 1517 2118 supprimant,
1549 2055 1606 2103 et
1635 2047 1827 2102 miser-
1903 2053 2013 2120 jam
2062 2053 2212 2118 fecit,
2247 2053 2446 2107 dimitti
2494 2052 2774 2121 praecepit.
2809 2053 3184 2108 Cluniacensis
3226 2061 3406 2110 autem
3456 2054 3550 2109 ab-

189 2148 308 2203 rime
357 2156 682 2214 supressum
729 2141 1015 2207 devorent,
1052 2145 1109 2194 et
1135 2138 1205 2194 ad
1253 2138 1614 2193 interneciem
1636 2135 1700 2166 ²²⁰
1739 2149 1826 2191 us-
1910 2140 2006 2194 bas
2037 2139 2199 2209 paqu
2239 2148 2362 2209 post
2392 2140 2606 2194 litteras
2633 2140 2701 2194 ad
2733 2154 2855 2195 eum
2896 2142 3346 2197 commonitorias
3375 2150 3554 2196 trans-

189 2251 280 2306 que
329 2240 684 2298 consumant,
717 2246 816 2286 eur
859 2243 969 2286 non
1018 2229 1190 2299 magis
1231 2227 1452 2298 proprie
1509 2226 1722 2296 tyranni
1772 2226 1824 2280 in
1911 2228 2077 2293 misit,
2121 2229 2175 2283 in
2217 2229 2418 2297 quibus
2463 2229 2596 2283 satis
2642 2243 2918 2298 superque
2965 2229 3117 2284 illum
3169 2245 3268 2298 pro
3309 2231 3551 2299 perjurio

189 2323 495 2395 bujusmodi
543 2320 847 2384 fortissimi,
897 2332 1059 2388 quam
1108 2317 1332 2372 abusive
1381 2321 1436 2370 et
1491 2315 1698 2384 absque
1749 2313 1828 2368 rei
1910 2318 2189 2386 coarguit;
2242 2317 2446 2386 quippe
2495 2325 2625 2372 nota
2671 2317 2777 2386 ipsi
2830 2322 2940 2372 tota
2990 2317 3459 2372 reconciliationis
3499 2323 3554 2372 ct

190 2416 411 2470 veritate
468 2425 628 2482 reges
681 2414 794 2464 sint
845 2407 1244 2476 nuncupandi?
1290 2407 1572 2475 Tyrannus
1623 2403 1828 2473 quippe
1912 2403 2397 2460 confmderationis
2427 2419 2589 2460 causa
2633 2406 2775 2460 inter
2805 2419 2997 2475 papam
3038 2413 3092 2461 et
3123 2419 3304 2476 regem
3354 2404 3552 2471 fuerat,

187 2517 380 2574 graece,
417 2500 585 2556 latine
616 2498 776 2554 fortis
805 2498 1234 2566 interpretatur;
1267 2494 1408 2564 apud
1441 2499 1655 2548 veteres
1685 2493 1830 2547 enim
1912 2500 2103 2562 utpote
2134 2495 2226 2564 qui
2269 2495 2581 2564 praecipuus
2611 2494 2880 2549 mediator
2910 2494 2995 2548 his
3034 2501 3237 2563 praesto
3267 2495 3556 2550 intererat.

189 2592 353 2648 fortes
382 2604 545 2660 reges
575 2587 789 2658 tyranni
819 2587 997 2642 vocati
1027 2592 1174 2640 sunt.
1199 2583 1356 2654 Apud
1376 2585 1597 2638 Graecos
1626 2588 1827 2647 autem,

188 2682 329 2751 quod
391 2689 654 2748 tanquam
714 2677 876 2732 bases
931 2674 1193 2745 populum
1251 2672 1578 2737 sustineant,
1638 2669 1831 2725 basilei

188 2778 482 2834 vocantur,
533 2766 678 2822 unde
723 2773 777 2821 et
819 2766 980 2820 bases
1026 2775 1262 2818 coronas
1309 2761 1366 2815 in
1413 2775 1473 2815 se
1521 2761 1833 2829 congiratas

1913 2583 2145 2651 Insuper
2191 2583 2295 2652 ipsi
2345 2581 2481 2638 facie
2532 2583 2768 2638 revelata
2826 2583 3140 2638 liberrimus
3186 2583 3568 2650 demandavit,

1913 2672 2061 2739 quod
2125 2671 2179 2726 id
2237 2672 2601 2726 certissimum
2669 2671 2998 2741 perditionis
3071 2673 3219 2726 illius
3292 2672 3554 2727 indicium

1913 2756 2076 2824 foret,
2127 2759 2274 2826 quod
2325 2766 2430 2812 tam
2484 2772 2708 2828 magnos
2747 2765 2801 2813 et
2843 2759 3218 2814 sanctissimos
3263 2760 3360 2813 Dei
3409 2761 3557 2814 viros

185 2865 484 2915 ostentant.
518 2854 826 2910 Notandum
866 2859 1071 2922 praeter
1110 2852 1228 2906 haec
1266 2849 1581 2904 christianis
1611 2847 1833 2916 regibus
1914 2847 2287 2901 incarceratos
2328 2855 2553 2915 pr0pter
2586 2847 2852 2915 justitiam
2893 2847 3042 2902 sedis
3079 2847 3399 2916 apostolica:
3430 2861 3556 2902 eon-

187 2956 283 3015 est,
327 2948 426 3016 qui
474 2943 744 3000 dominari
791 2943 846 2996 in
897 2939 1158 3010 populum
1208 2939 1393 3007 potius
1437 2950 1597 3006 quam
1636 2949 1834 2990 secun-
1915 2942 2155 3005 temptor
2183 2935 2513 2990 inhumanus
2544 2948 2652 2990 non
2693 2935 2972 3001 liberaret,
3005 2942 3090 2990 set
3129 2935 3313 3004 potius
3350 2935 3558 2990 intrudi

187 3038 312 3094 dum
372 3047 576 3091 nomen
633 3045 788 3087 suum
836 3030 1014 3099 ipsum
1072 3041 1264 3097 regere
1330 3024 1831 3095 percupientissimi
1865 3025 2261 3099 ~praeciperet.
2314 3025 2426 3090 Qua
2475 3023 2567 3078 ille
2615 3023 3044 3079 commonitione
3093 3025 3228 3080 satis
3280 3024 3560 3083 liberrime

189 3135 332 3193 sunt,
374 3123 526 3195 quod
568 3122 637 3178 de
673 3093 968 3177 Octaviano
1007 3119 1063 3173 in
1102 3093 1345 3172 Romana
1393 3093 1623 3170 historia
1660 3114 1833 3182 scrip-
1855 3093 2214 3183 Ceoargutus
2243 3118 2298 3166 et
2325 3113 2414 3166 vix
2447 3111 2779 3177 confractus,
2813 3112 2914 3166 etsi
2942 3125 3050 3167 non
3081 3127 3182 3181 pro
3213 3114 3344 3180 Deo,
3379 3123 3559 3172 tamen

192 3225 298 3273 tum
331 3223 438 3271 est.
480 3215 775 3280 Postquam
807 3207 951 3264 idem
983 3220 1083 3276 pro
1114 3219 1201 3272 eo,
1235 3205 1383 3275 quod
1417 3218 1531 3259 rem
1561 3203 1836 3273 publicam
1919 3217 2018 3273 pro
2047 3203 2183 3257 tanti
2223 3202 2514 3256 monitoris
2551 3200 2986 3270 importunitate,
3021 3201 3234 3256 vinctos
3264 3203 3379 3269 Dei,
3413 3204 3562 3260 solu-

193 3311 437 3377 augeret,
480 3305 776 3371 Augustus,
813 3299 922 3367 jam
953 3297 1136 3351 Caesar
1171 3301 1227 3349 et
1265 3295 1564 3363 imperator
1596 3291 1838 3362 appella-
1919 3299 2007 3348 tos
2036 3297 2090 3346 et
2121 3290 2347 3355 liberos,
2380 3289 2496 3345 suis
2525 3295 2704 3344 autem
2735 3289 2990 3344 omnibus
3020 3289 3370 3359 depraedatos
3407 3291 3560 3346 abire

195 3400 277 3449 tus
307 3399 413 3458 est,
448 3391 578 3446 dum
629 3388 773 3444 ludis
819 3392 874 3441 et
920 3383 1237 3454 spectaculo
1285 3385 1652 3438 Romanorum
1703 3382 1840 3435 inte-
1920 3380 2219 3437 consensit.
2277 3379 2377 3446 Qui
2437 3393 2617 3434 rerum
2675 3378 2779 3432 sibi
2841 3377 3176 3446 direptarum
3236 3380 3552 3448 rependiun‘

195 3488 386 3547 resset,
421 3487 478 3535 et
508 3479 613 3548 ipsi
645 3491 675 3531 a
706 3475 912 3546 populo
943 3473 1354 3544 pronuntiatum
1394 3471 1557 3537 foret,
1591 3476 1651 3525 ut
1679 3483 1838 3526 voea-

196 3579 344 3627 retur
379 3569 521 3624 deus
550 3574 606 3622 et
634 3565 910 3630 dominus,
944 3561 1125 3618 statim
1157 3575 1318 3616 manu
1348 3561 1609 3630 vultuque
1648 3572 1838 3614 averso

197 3658 474 3714 indecoris
534 3652 942 3710 adulationibus
1016 3650 1238 3716 restitit,
1298 3656 1354 3704 et
1417 3648 1838 3718 appellationem

200 3749 400 3804 domini
441 3751 504 3802 ut
549 3745 713 3800 homo
763 3740 1078 3806 declinavit,
1110 3753 1174 3794 ac
1205 3738 1294 3793 die
1333 3738 1584 3807 sequenti
1623 3750 1838 3792 omnem

199 3836 460 3906 populum
491 3834 642 3888 dicto
672 3830 991 3901 gravissimo
1031 3827 1322 3896 corripuit,
1355 3826 1749 3894 dominumque
1780 3838 1840 3880 se

200 3933 320 3994 post
355 3921 623 3995 appellari
664 3934 731 3975 ne
769 3933 799 3973 a
841 3917 1033 3973 liberis
1080 3916 1302 3986 quidem
1333 3916 1449 3970 suis
1479 3915 1743 3985 permisit.
1779 3916 1843 3969 Et

198 4015 245 4069 si
295 4021 422 4069 tunc
474 4011 612 4067 tanti
641 4009 861 4074 vitrum,
905 4020 1001 4062 rex
1047 4004 1262 4060 scilicet
1309 4003 1564 4070 idolatra,
1605 4011 1659 4057 at
1698 4016 1842 4058 nunc

199 4102 385 4171 quanti
423 4098 740 4156 christiana;
770 4093 1054 4166 dignitatis
1093 4092 1278 4148 nobile
1318 4091 1669 4162 margaritum
1691 4097 1715 4146 γ
1751 4093 1845 4171 Set

203 4167 317 4246 haec
345 4195 538 4245 contra
570 4183 924 4256 nugigerulos
951 4182 1154 4237 dixisse
1185 4179 1438 4236 sufﬁciat.
1798 4167 1811 4173 ”

273 4279 364 4334 His
403 4273 882 4347 postpaschalibus
911 4270 1106 4326 diebtts
1140 4267 1460 4338 apostolicae
1499 4267 1844 4324 auctoritatis

205 4366 395 4422 littera:
439 4363 598 4435 (147)
650 4361 906 4417 omnibus
953 4360 1090 4414 citra
1144 4357 1394 4413 Rhenum
1446 4371 1542 4426 per
1586 4356 1841 4412 Alsatiam

1913 3470 2068 3539 juxta
2127 3469 2272 3538 regis
2330 3473 2666 3536 praeceptum
2727 3463 3124 3534 aliquantisper
3178 3467 3564 3535 praestolantes

1921 3559 2138 3614 tandem
2155 3557 2265 3612 'diu
2305 3555 2550 3610 frustrati
2580 3569 2643 3609 ac
2673 3553 2870 3620 delusi,
2900 3555 3056 3608 vacui
3088 3561 3141 3608 et
3171 3553 3340 3609 ferme
3371 3556 3572 3611 nuduli

1921 3647 1989 3702 ad
2020 3645 2194 3700 sancti
2233 3643 2438 3700 Aurelii
2471 3642 2782 3698 cmnobium
2805 3642 2868 3671 ¹²²
2899 3641 3264 3696 divertebant.
3300 3642 3414 3698 lllic
3445 3650 3563 3699 toto

1921 3732 2275 3791 humanitatis
2313 3730 2496 3786 studio
2527 3730 2594 3784 ab
2634 3730 2830 3784 abbate
2863 3728 3197 3785 Willihelmo
3229 3737 3283 3785 et
3321 3731 3564 3801 suscepti

1924 3831 1977 3880 et
2027 3823 2254 3878 multum
2294 3820 2573 3876 caritative
2605 3833 2704 3889 per
2742 3824 2916 3874 totum
2947 3816 3060 3874 fere
3089 3833 3292 3874 annum
3324 3821 3563 3888 tractati,

1926 3914 2078 3984 pacis
2123 3909 2575 3980 tranquillitatem
2626 3921 2851 3977 suaeque
2909 3909 3243 3963 reversionis
3288 3909 3568 3978 possibili-

1926 4008 2089 4057 tatem
2123 4013 2244 4055 cum
2277 4011 2385 4053 non
2417 3997 2684 4052 mediocri
2721 3995 2985 4051 suavitate
3013 3996 3314 4065 prmstolati
3345 4004 3492 4052 sunt.

1997 4091 2112 4144 Rex
2168 4097 2317 4143 vero
2363 4084 2668 4141 Roudolfus
2730 4085 2978 4140 collectis
3035 4085 3277 4155 undique
3334 4087 3564 4142 militum

1926 4192 2148 4235 suorum
2196 4176 2392 4245 copiis,
2435 4175 2548 4244 regi
2597 4175 2856 4229 Ileinrico
2904 4188 3219 4240 occurrere,
3261 4179 3315 4229 et
3368 4175 3567 4230 virtute

1926 4267 2122 4323 bellica
2160 4264 2265 4334 ipsi
2302 4262 2563 4333 congredi
2602 4269 2947 4331 attemptare,
2984 4263 3091 4316 Deo
3123 4262 3310 4330 judice
3350 4277 3570 4332 magna-

1927 4359 2106 4412 nimus
2145 4353 2449 4424 proposuit.
2492 4354 2730 4420 Aceepta
2768 4351 3004 4418 denique
3045 4349 3243 4403 ducum
3284 4352 3569 4405 comitum-

205 4463 261 4510 et
313 4421 713 4523 Lotharingiam
761 4457 816 4505 et
862 4449 1212 4504 Teutonicam
1271 4447 1552 4502 Franciam
1611 4421 2034 4516 comma-une
2064 4455 2288 4498 suorum
2320 4455 2422 4496 nec
2453 4453 2560 4495 non
2593 4440 2763 4494 totius
2801 4437 3009 4493 militize
3048 4451 3184 4503 suis,
3217 4452 3339 4507 qua:
3379 4438 3468 4494 vix
3499 4438 3566 4493 ad
3637 4457 3648 4470 ι

1555 4646 1776 4703 VARl/E
1827 4642 2207 4701 LECTIONES.

289 4855 349 4886 ”‘
379 4857 446 4935 i_la
476 4858 529 4914 2.
564 4871 663 4935 per
692 4870 750 4935 se
778 4869 905 4912 vera
939 4851 1163 4935 ed.___’_“.9
1196 4848 1577 4935 judicantﬂ;T
1619 4850 1682 4881 “°
1722 4849 2155 4935 internecionem
2171 4847 2295 4935 351:,
2335 4845 2740 4935 f'LLenzburg
2773 4857 2943 4915 prope
2990 4845 3199 4901 Ararim
3240 4847 3458 4905 ﬂuvium
3501 4849 3555 4906 in

213 4941 355 4996 pago
380 4917 638 5000 Ergaugia
667 4927 842 4997 glossa
869 4941 973 4981 size
1001 4927 1160 4982 XIV.
1192 4917 1245 4980 in
1274 4925 1328 4978 2.
1406 4924 1468 4954 ¹²²
1509 4923 1760 4991 ilirsaug.
1795 4921 1968 4990 glossa
1998 4935 2120 4974 saec.
2154 4920 2244 4973 XI
2259 4921 2295 4971 ιν
2327 4918 2380 4972 in
2410 4917 2463 4972 2.

1675 5179 1695 5198 ,
1788 5120 2002 5176 NOTAE).

301 5327 423 5404 Q47)
459 5334 666 5390 Desunt
702 5333 788 5390 hze
827 5332 1026 5390 litterae
1064 5331 1210 5404 apud
1247 5331 1530 5404 mensium.

298 5400 430 5477 (μβ)
467 5405 589 5460 Vid.
619 5406 867 5477 Gregorii
905 5400 1138 5475 epistola
1176 5405 1237 5459 V.
1276 5402 1332 5477 ἶ.

325 5465 430 5554 149)
484 5477 698 5554 gaulus
726 5465 1192 5554 "Bernriedensis
1228 5472 1397 5554 refert
1427 5514 1443 5540 ,
1513 5465 1846 5554 Bernardum

222 5538 463 5603 abbatem
499 5547 890 5606 Massiliensem
928 5561 1115 5605 secum
1161 5546 1382 5603 duxisse
1429 5538 1710 5613 egregium
1737 5538 1849 5613 _do-

223 5618 422 5673 ctorem
460 5619 772 5690 quemdam,
810 5619 1034 5678 nomine
1071 5610 1848 5684 Christianumfpo'stmodum

426 5725 661 5787 PATROL.
700 5727 942 5788 CXLVII.

1933 5322 2220 5376 Aversanze
2278 5317 2512 5375 civitatis
2567 5315 2927 5386 episcopum,
2985 5315 3161 5386 cujus,
3205 5318 3577 5386 opusﬂexstat

1933 5391 2188 5447 eximium
2228 5397 2419 5447 contra
2456 5384 2827 5444 Turonensem
2876 5384 3282 5449 Berengarium.
3323 5384 3423 5442 Hic
3469 5386 3571 5442 sub

1930 5463 2039 5519 alio
2070 5461 2290 5518 nomine
2314 5459 2629 5518 Guitmundi
2659 5458 2894 5518 celebris
2923 5465 3026 5516 est.
3060 5458 3180 5515 Uss.

2009 5532 2162 5605 (150)
2200 5535 2366 5604 Cujus
2403 5545 2587 5589 comes
2614 5536 2752 5588 erat.

3366 5705 3430 5762 l3
