4044 6180
481 330 590 396 395

1455 318 1828 375 BERTHOLDI
1871 314 2290 384 PRESBYTER!
2329 316 2888 373 CONSTANTIENSIS

3736 318 3840 372 396

483 459 726 530 quinque
763 450 988 508 millium
1023 452 1383 520 pugnatorum
1431 443 1776 515 pertingebat
1815 456 2120 508 numerum,
2142 440 2442 513 Aoumque
2474 447 2528 498 et
2547 440 3062 511 quomodocumque
3093 447 3328 511 poterat,
3349 441 3416 498 ad
3447 456 3506 497 se
3538 455 3687 499 more
3717 457 3839 510 suo,

481 542 722 601 unanimi
768 541 901 596 satis
948 534 1369 600 consultatione,
1412 546 1522 588 non
1570 533 1741 588 visum
1789 539 1872 587 est
1909 531 1989 586 eis
2033 545 2118 586 sa-

483 647 608 690 num
666 627 978 700 huiusmodi
1038 623 1445 695 congressionis
1491 621 1801 687 consilium,
1850 628 1934 675 set
1983 635 2117 690 pru-

479 721 631 777 denti
664 719 917 776 cautione
956 713 1318 770 differendum
1355 711 1421 766 ad
1467 718 1678 780 tempus
1717 709 2116 775 deliberabant,

474 822 764 880 quousque
795 806 1059 872 deinceps
1107 809 1189 857 tot
1235 801 1582 855 militantium
1631 799 1902 869 myriades
1949 798 2116 853 indu-

471 900 640 956 strius
686 896 1070 962 undecumque
1118 890 1491 955 contraheret,
1528 888 1729 957 quibus
1766 887 1973 955 absque
2013 888 2115 942 de-

472 990 732 1045 trimento
817 996 1040 1038 suorum
1125 979 1468 1035 adversarios
1541 991 1671 1032 suos
1745 977 2116 1045 oportunitate

471 1078 732 1146 adoptata
773 1072 1032 1137 subdere,
1084 1076 1139 1124 et
1182 1067 1521 1124 omnifariam
1569 1067 1674 1122 sibi
1723 1065 1788 1122 ad
1839 1065 2118 1120 servitium

473 1166 854 1233 constringere
906 1162 1186 1230 majestate
1238 1157 1386 1226 regia
1443 1156 1770 1211 victoriosus
1816 1152 2114 1210 sufﬁceret.

473 1258 595 1326 Ipse
635 1259 813 1309 autem
847 1249 1091 1320 quamvis
1130 1247 1326 1301 nolens
1365 1254 1418 1300 et
1449 1245 1670 1309 invitus,
1711 1244 1958 1299 consiliis
1987 1244 2116 1300 illo-

472 1360 592 1402 rum
628 1341 923 1413 acquievit,
967 1347 1022 1394 et
1065 1337 1288 1392 dimissa
1326 1349 1357 1390 a
1396 1349 1454 1389 se
1505 1333 1792 1404 dignanter
1837 1338 2119 1389 contracta

475 1433 849 1496 multitudine,
900 1427 1216 1496 intimisque
1264 1425 1379 1480 suis
1425 1424 1492 1479 ad
1543 1423 1831 1478 tuitionem
1870 1424 2024 1492 regni
2063 1429 2118 1478 et

475 1525 544 1579 ad
585 1519 967 1576 iumineutium
1008 1515 1274 1570 bellorum
1316 1513 1663 1567 inmanitates
1701 1512 1970 1567 cavendas
2000 1511 2121 1566 dili-

479 1610 796 1682 gentissime
852 1605 1215 1677 praemonitis,
1247 1604 1375 1672 quia
1404 1617 1434 1656 a
1475 1601 1797 1671 primatibus
1847 1602 2120 1656 Saxonum

2198 531 2412 588 scilicet
2462 530 2841 600 jurejurando,
2903 530 3282 601 undecumque
3338 537 3727 597 contraxerat;
3787 539 3842 589 et

2199 622 2280 677 sic
2318 620 2722 690 expeditionem
2771 621 2827 674 iu
2879 621 3167 676 Saxoniam
3217 626 3410 677 contra
3466 635 3650 691 regem
3696 623 3843 678 Rou-

2199 707 2426 773 dolfum,
2471 714 2526 764 et
2563 709 2618 763 in
2647 708 3019 764 Alemanuiam
3059 715 3251 764 contra
3279 708 3449 764 duces
3489 709 3842 766 Berbtoldum

2200 802 2255 852 et
2303 795 2536 852 Welfum
2575 805 2630 852 et
2667 805 2900 853 cateros
2951 797 3169 853 illorum
3219 797 3608 868 suifragaueos,
3650 799 3846 855 soller-

2201 886 2408 941 tissime
2455 887 2802 956 disponebat.
2870 889 2934 942 Et
2992 886 3162 942 ferme
3214 886 3397 942 nullus
3451 887 3520 943 de
3566 890 3847 959 Pagoariis

2200 983 2337 1042 erat,
2388 982 2590 1045 prater
2627 976 3103 1046 archiepiscopum
3139 978 3494 1032 Juvaveusem
3555 984 3611 1032 et
3666 979 3847 1034 comi-

2200 1070 2309 1120 tem
2361 1066 2633 1135 quendam
2671 1066 3037 1136 Eggebertum
3073 1064 3256 1137 (152),
3297 1068 3430 1135 quin
3473 1069 3625 1135 juxta
3654 1068 3848 1124 volun-

2201 1161 2368 1209 tatem
2428 1154 2575 1208 illius
2636 1155 2740 1223 ipsi
2798 1154 3081 1210 assisteret
3127 1162 3182 1210 et
3235 1155 3591 1211 consentiret.
3644 1156 3844 1213 Eadem

2201 1251 2523 1313 tempestate
2564 1244 2784 1313 quidam
2828 1245 3058 1302 comites
3089 1245 3158 1300 de
3205 1244 3537 1312 Alemannis,
3564 1248 3674 1315 iam
3727 1247 3845 1318 pri-

2202 1332 2324 1388 dem
2367 1334 2512 1404 regis
2541 1335 2794 1390 Roudolﬁ
2845 1334 3162 1392 electissimi
3210 1335 3445 1405 adiurati
3477 1335 3698 1403 milites,
3733 1345 3848 1392 tur-

2205 1424 2289 1492 pis
2348 1422 2483 1479 lucri
2533 1437 2694 1478 causa
2750 1423 2818 1478 ab
2867 1437 2934 1479 eo
2989 1424 3391 1493 apostatabant,
3453 1432 3507 1480 et
3563 1427 3850 1496 occupatis

2203 1511 2528 1581 quibusdam
2568 1512 2921 1568 castellorum
2974 1512 3268 1582 prasidiis,
3310 1513 3533 1583 pradis,
3575 1515 3848 1570 incendiis

2203 1606 2258 1654 et
2295 1601 2428 1656 totis
2474 1601 2789 1670 rapinarum
2828 1607 2882 1656 et
2932 1602 3316 1670 pervasionum
3354 1601 3762 1672 direptionibus
3791 1605 3846 1660 in

481 1700 681 1756 obnixe
737 1698 871 1752 satis
926 1694 1288 1757 invitabatur,
1347 1692 1639 1761 assumptis
1702 1704 1884 1746 secum
1946 1690 2173 1761 tribus_
2203 1689 2484 1745 dominum
2531 1704 2709 1756 suum,
2757 1690 2814 1745 in
2863 1690 3057 1746 ducem
3093 1689 3419 1758 Welfonem,
3461 1693 3518 1746 in
3557 1691 3702 1748 bona
3741 1707 3847 1750 ac-

481 1787 785 1858 episcOpis,
838 1785 1162 1850 Pataviensi,
1212 1758 1622 1843 Wormatiensi,
1679 1758 2516 1850 Herbipolitano,Bclesiarum,
2568 1792 2670 1834 nec
2727 1791 2837 1834 non
2893 1778 2951 1835 in
2998 1792 3190 1835 omnes
3243 1793 3273 1834 a
3328 1793 3388 1834 se
3444 1779 3843 1848 discordantes,

483 1891 582 1932 nec
631 1889 741 1930 non
799 1871 1063 1929 cardiuali
1120 1870 1438 1940 apostolica
1484 1869 1652 1935 sedis,
1686 1883 1808 1924 cum
1847 1867 2127 1923 nonnullis

480 1964 917 2020 necessariorum
965 1974 1190 2016 suorum
1229 1974 1258 2013 a
1297 1957 1546 2022 secretis,
1582 1958 1636 2012 in
1685 1958 1972 2012 Saxoniam
2021 1958 2127 2012 iter

479 2067 636 2109 suum
666 2050 1007 2107 acceleravit.
1041 2050 1208 2115 Quem
1239 2048 1372 2102 totis
1392 2045 1454 2076 ²²³
1494 2046 1659 2116 regia
1689 2045 2123 2101 honorificentia

479 2141 786 2213 insignibus
833 2145 888 2194 et
934 2137 1295 2192 laudamentis
1351 2134 1747 2205 gloriosissime
1796 2135 1929 2189 satis
1974 2135 2125 2190 salu-

481 2238 650 2286 tatum
683 2236 737 2284 et
765 2227 1149 2298 glorificatum,
1181 2231 1243 2279 ut
1271 2230 1326 2278 et
1359 2237 1543 2293 regem
1574 2231 1628 2278 et
1658 2223 1938 2278 dominum
1968 2238 2124 2279 suum

481 2319 763 2389 oportuit,
822 2315 970 2371 omni
1029 2311 1391 2382 subiectionis
1440 2318 1494 2366 et
1551 2312 1873 2368 reverentia
1929 2312 2125 2383 digna-

481 2408 632 2463 tione
682 2413 737 2461 et
776 2403 1062 2460 conamine
1113 2401 1534 2471 acceptissimun
1574 2415 1697 2456 eum
1735 2401 2126 2471 congratulan-

481 2501 568 2550 ter
605 2494 1025 2566 magniﬁcabant
1063 2496 1119 2546 et
1148 2490 1392 2545 venerati
1431 2496 1578 2545 sunt.
1621 2489 1724 2545 Ubi
1765 2490 2038 2559 aquitatis
2073 2496 2127 2545 et

483 2591 832 2652 paternarum
875 2580 1025 2634 illius
1073 2579 1252 2649 gentis
1295 2577 1474 2647 legum
1522 2577 1730 2632 arbiter
1770 2578 2125 2647 iustissimus,

482 2674 690 2742 absque
738 2683 1093 2740 personarum
1143 2668 1466 2737 acceptione
1516 2667 1756 2723 omnium
1818 2668 2128 2736 proclama-

2207 1868 2340 1922 totis
2389 1867 2600 1928 viribus
2651 1874 2706 1922 et
2761 1867 2972 1924 artibus
3030 1867 3465 1923 inhumanissimi
3523 1883 3622 1938 per
3676 1877 3845 1925 totam

2208 1954 2564 2024 provinciam,
2598 1960 2762 2024 prout
2810 1960 3084 2025 poterant,
3126 1957 3357 2026 grassati
3404 1961 3551 2012 sunt.
3595 1958 3845 2028 Undique

2206 2043 2374 2114 igitur
2420 2044 2732 2114 huiusmodi
2790 2051 2973 2101 motus
3029 2057 3128 2114 per
3185 2047 3494 2115 provincias
3540 2061 3733 2103 omnes
3779 2049 3848 2104 ab

2208 2133 2494 2203 utriusque
2527 2134 2698 2203 partis
2733 2133 3101 2190 sectatoribus
3133 2135 3461 2205 promiscue,
3504 2142 3562 2191 ut
3590 2138 3646 2191 in
3687 2136 3850 2192 bellis

2207 2222 2387 2288 solet,
2449 2236 2547 2292 per
2604 2227 2780 2277 totum
2836 2236 3038 2278 annum
3096 2223 3249 2278 illum
3307 2225 3628 2295 agebantur.
3693 2227 3847 2281 Unde

2207 2309 2376 2365 fames
2405 2324 2516 2366 non
2545 2311 2787 2378 minima,
2822 2319 2876 2366 et
2907 2313 3036 2380 quia
3068 2317 3214 2367 terra
3245 2312 3488 2368 fructum
3531 2328 3688 2369 suum
3737 2328 3847 2371 non

2209 2398 2456 2465 dederat,
2489 2405 2544 2454 et
2581 2400 2710 2469 quia
2759 2400 3040 2468 pradictis
3069 2400 3346 2456 violentiis
3393 2407 3642 2472 raptores
3679 2408 3738 2458 et
3774 2403 3852 2459 la-

2209 2491 2398 2542 trones
2455 2488 2637 2543 omnia
2693 2494 3186 2558 consumpserant,
3247 2504 3345 2558 per
3399 2496 3583 2559 partes
3634 2499 3851 2548 nostras

2210 2575 2420 2640 effecta,
2454 2576 2655 2631 multos
2683 2577 3075 2632 contabescere
3106 2585 3160 2632 et
3198 2578 3585 2634 miserabiliter
3621 2579 3850 2637 interire

2209 2672 2484 2734 coegerat.
2535 2665 2740 2720 Divina
2780 2666 2986 2734 pariter
3016 2673 3075 2720 ut
3104 2673 3160 2720 et
3198 2666 3475 2722 seculares
3513 2667 3691 2738 legum
3725 2684 3854 2726 con-

486 2764 665 2818 tiones
717 2759 1292 2830 querimoniarumquc
1331 2757 1704 2811 incusationes
1744 2757 2124 2814 sollertissimo
2207 2754 2524 2808 stitutiones
2566 2768 2669 2810 nec
2709 2754 3133 2810 nominabantur
3170 2755 3361 2810 saltem
3403 2757 3490 2812 his
3519 2757 3737 2825 diebus,
3769 2767 3854 2815 set

479 2851 709 2922 iustitia
761 2832 1030 2905 scrutinio
1073 2845 1410 2916 iudicialiter
1432 2845 1630 2900 'coram
1661 2859 1719 2900 se
1759 2844 1996 2900 diffinire
2025 2860 2124 2902 co-
2208 2843 2606 2911 unusquisque,
2640 2849 2804 2912 prout
2854 2848 3089 2912 poterat,
3121 2844 3195 2898 ita
3239 2858 3298 2899 se
3333 2845 3518 2913 judice
3550 2854 3606 2901 et
3634 2861 3854 2904 correco

482 2949 644 2996 natus
691 2945 794 2994 est.
828 2937 982 2993 Unde
1025 2948 1136 2990 non
1175 2935 1454 3001 inmerito,
1505 2948 1627 2988 cum
1676 2933 1767 2988 ille
1825 2934 1978 3002 prior
2024 2949 2125 3004 pro
2209 2937 2330 2986 tore
2403 2931 2706 2986 victitabat.
2790 2930 3038 2986 lnaudita
3112 2932 3378 2988 hactenus
3451 2933 3854 2992 discordiarum

482 3034 633 3082 motu
677 3027 761 3080 sui
800 3025 1010 3092 libitus,
1044 3024 1101 3078 in
1138 3023 1266 3078 illos
1311 3036 1530 3091 semper
1576 3020 1850 3086 etl'eratus,
1899 3023 2124 3092 pradis,
2151 3020 2484 3130 Cscismata,
2525 3018 2794 3074 fraudium
2835 3021 3122 3089 turpisque
3161 3026 3403 3090 quastus
3443 3023 3764 3092 ignominia,
3800 3031 3857 3080 et

521 3114 687 3130 κ
730 3118 772 3130 -.
1109 3124 1484 3130 -.-μω-ηημ
1761 3112 2105 3130 __-_--.._.___
2213 3109 2262 3130 =..
2299 3109 2346 3130 ε..
2467 3110 2620 3130 mm
2658 3108 2921 3130 manu-
2986 3123 3086 3130 κ..-
3126 3109 3187 3130 ,ι
3224 3123 3368 3130 ---μ
3592 3118 3632 3130 -.
3687 3113 3823 3130 ηη

482 3114 692 3182 rapinis
722 3118 776 3168 et
806 3112 1061 3167 omnibus
1109 3124 1488 3179 pressurarum
1537 3111 1717 3166 modis
1754 3112 2126 3180 grassabatur,
2151 3108 2192 3130 ν
2212 3109 2265 3163 in
2297 3109 2432 3178 ipsis
2462 3110 2624 3163 etiam
2657 3108 2943 3173 acclesiis,
2981 3123 3090 3177 quo
3121 3109 3192 3165 ob
3222 3123 3373 3179 spem
3404 3111 3556 3180 pacis
3583 3118 3639 3168 et
3667 3113 3858 3170 defen-

481 3203 585 3257 iste
611 3203 758 3271 iuste
784 3199 1058 3270 iudicans,
1083 3213 1208 3254 cum
1240 3199 1423 3268 rigore
1450 3199 1680 3267 iustitia
1711 3213 1874 3268 prava
1893 3215 2127 3270 quaque
2210 3198 2383 3253 sionis
2433 3211 2522 3253 res
2569 3212 2696 3252 suas
2743 3198 3146 3254 conservandas
3193 3211 3384 3254 omnes
3439 3213 3855 3273 congesserant,

483 3291 537 3345 in
569 3289 778 3344 directa
817 3287 1143 3354 reformans,
1179 3287 1246 3342 ab
1288 3286 1542 3342 omnibus
1580 3288 1786 3356 pariter
1824 3289 2124 3344 amabatur.
2211 3301 2242 3341 a
2280 3286 2756 3356 contemptoribus
2784 3286 2879 3341 Dei
2911 3287 3193 3343 innumera
3225 3289 3362 3343 clam
3392 3295 3448 3344 et
3476 3291 3650 3360 palam
3685 3295 3861 3348 sacri—

480 3381 628 3436 Uxor
662 3375 820 3450 (151)
861 3384 1043 3432 autem
1084 3375 1231 3446 regis
1270 3376 1324 3430 in
1365 3383 1548 3444 partes
1588 3376 1916 3447 Burgundia
1955 3392 1985 3432 a
2015 3379 2126 3432 Tu-
2211 3375 2351 3446 legia
2409 3375 2666 3445 plorabili
2718 3376 3000 3444 maiestate
3057 3377 3352 3447 imperiose
3409 3380 3610 3448 passim
3656 3395 3858 3438 conre-

481 3483 612 3538 rego
661 3467 971 3532 divertens,
1023 3465 1078 3520 in
1117 3463 1357 3534 quodam
1403 3463 1629 3519 castello
1678 3479 1814 3532 suo,
1870 3465 2131 3535 plurimas
2210 3465 2469 3536 gnabant.

480 3555 931 3629 Burgundionum
975 3553 1089 3608 illic
1131 3567 1358 3624 passura
1396 3553 1650 3622 injuria),
1683 3553 1807 3623 plus
1835 3569 1997 3624 quam
2027 3570 2131 3611 an-
2285 3556 2380 3610 His
2427 3555 2666 3624 denique
2705 3553 2940 3610 domnus
2984 3555 3323 3624 apostolicus
3367 3557 3590 3624 auditis,
3640 3559 3859 3617 litteras

483 3661 612 3702 unm
660 3644 952 3701 dimidium
1001 3642 1336 3698 morabatur.
1369 3643 1579 3712 Quippe
1627 3642 1960 3710 Basiliensis,
1993 3646 2130 3700 Lau-

484 3735 774 3792 sannensis
814 3741 868 3789 et
906 3734 1239 3803 Argentinus
1286 3731 1671 3802 antiepiscopi,
1704 3747 1826 3788 cum
1876 3735 2131 3790 omnibus

487 3839 628 3894 quos
682 3823 750 3879 ad
806 3837 865 3878 se
913 3829 1269 3888 attraxerant,
1321 3834 1446 3876 mox
1493 3820 1697 3889 pradis
1750 3821 2025 3878 incendiis
2076 3831 2130 3879 et

491 3912 822 3968 omnimodis
880 3910 1292 3980 persuasionum
1342 3915 1397 3964 et
1452 3909 1918 3979 impugnationum
1970 3927 2128 3982 pres-

489 4002 634 4056 suris
662 4007 860 4055 cuncta
884 4013 1007 4068 qua
1038 3999 1103 4052 ad
1137 4012 1319 4065 regem
1352 3998 1699 4066 pertinebant
1728 3999 2128 4057 studiosissime

491 4091 865 4154 devastabant,
916 4101 1202 4156 quousque
1252 4093 1420 4141 totam
1469 4085 1637 4142 ferme
1694 4087 1840 4142 illam
1900 4091 2129 4158 patriam

491 4180 597 4235 sibi
628 4179 854 4247 regique
893 4189 992 4230 suo
1032 4174 1420 4244 subiiciebant.
1469 4176 1562 4229 Set
1600 4189 1709 4230 non
1749 4177 1955 4247 absque
1989 4181 2130 4236 malo

491 4271 547 4322 et
576 4265 905 4320 detrimento
943 4276 1063 4318 suo.
1107 4262 1196 4317 Bis
1225 4263 1428 4332 quippe
1459 4277 1489 4316 a
1515 4263 1780 4319 militibus
1810 4266 1954 4337 regis
1984 4269 2130 4324 Rou-

492 4354 621 4410 doiti
651 4353 800 4421 victi,
833 4351 960 4408 casi
991 4357 1046 4406 et
1075 4349 1244 4422 fugati
1274 4357 1402 4406 sunt
1432 4351 1876 4422 Burgundionum
1909 4363 2120 4426 turma,

2216 3643 2358 3715 (153)
2388 3643 2705 3713 specialiter
2733 3643 2927 3713 legatis
2963 3646 3078 3700 suis
3107 3659 3209 3701 nec
3240 3659 3350 3701 non
3390 3647 3644 3703 omnibus
3669 3652 3764 3719 qui
3797 3653 3856 3707 in

2212 3734 2565 3790 'l‘heotonieis
2611 3733 2858 3802 partibus
2903 3738 3050 3799 sunt,
3097 3736 3398 3804 majoribus
3433 3741 3487 3792 et
3525 3739 3854 3810 minoribus,

2215 3822 2635 3887 transmittebat,
2685 3826 2802 3877 toto
2849 3822 2972 3876 nisu
3030 3835 3218 3878 revera
3283 3827 3855 3897 percupieutissimus,

2213 3918 2272 3968 ut
2310 3911 2559 3981 quolibet
2587 3909 2808 3980 ingenio
2838 3918 3044 3979 posset,
3079 3911 3284 3966 nostris
3313 3913 3363 3967 ei
3408 3914 3855 3986 suifragantibus,

2213 4000 2610 4070 componenda
2639 4000 2791 4068 pacis
2820 4014 2984 4055 causa
3003 4001 3058 4054 in
3085 4001 3226 4056 hanc
3257 4002 3484 4071 patriam
3517 4009 3853 4074 perveniret.

2213 4092 2271 4146 ln
2331 4091 2435 4156 his,
2487 4090 2730 4158 inquam,
2780 4088 2981 4144 litteris
3035 4089 3229 4160 legatis
3279 4092 3394 4147 suis
3449 4098 3735 4166 praecepit,
3797 4105 3858 4153 ut

2214 4185 2504 4249 utrumque
2544 4192 2726 4248 regem
2774 4178 3080 4234 ﬁrmissime
3129 4191 3554 4251 pramonerent,
3595 4189 3858 4255 quatinus

2213 4270 2318 4326 sibi
2349 4269 2485 4324 viam
2524 4281 2647 4323 cum
2694 4280 2827 4337 pace
2871 4272 2926 4322 et
2976 4270 3271 4324 securitate
3318 4273 3373 4326 in
3423 4272 3521 4328 has
3569 4282 3754 4344 partes
3801 4285 3857 4332 et

2215 4359 2336 4424 bos,
2369 4359 2425 4412 in
2471 4355 2672 4425 quibus
2718 4355 2996 4411 confidere
3041 4364 3246 4426 posset,
3287 4359 3546 4416 ductores
3583 4366 3861 4421 concede-

490 4459 612 4515 qua
663 4451 846 4513 partes
891 4439 1269 4496 Alemannicas
1315 4439 1642 4509 pradatura
1691 4442 1897 4512 impetu
1937 4439 2356 4511 hostili'rent,
2426 4452 2485 4501 ut
2549 4446 2660 4500 Deo
2725 4443 2934 4500 fautore
3000 4451 3108 4500 tam
3175 4447 3481 4518 pracipuas
3544 4450 3856 4510 discordias

485 4528 961 4603 SuperbiSSime'“
999 4529 1328 4584 invaserant.
2210 4535 2447 4591 sedat-ct.
2497 4536 2564 4589 Et
2608 4533 2761 4589 illum
2802 4535 2896 4602 qui
2945 4533 3049 4588 sibi
3098 4536 3153 4589 in
3203 4535 3305 4593 hac
3342 4552 3504 4595 causa
3543 4546 3597 4596 et
3636 4545 3855 4600 cateris

557 4624 671 4678 Rex
719 4624 898 4676 autem
947 4618 1238 4673 Heinricus
1282 4618 1350 4672 ab
1398 4618 1548 4673 Ulma
1587 4633 1646 4674 se
1695 4621 1750 4675 in
1810 4623 2124 4694 Pagoariam
2210 4625 2362 4697 regni
2445 4622 2874 4693 sapientioribus
2921 4629 2976 4678 et
3033 4624 3354 4682 melioribus
3418 4631 3734 4688 consentire
3799 4642 3855 4690 et

483 4711 779 4780 proripuit,
830 4716 885 4764 et
933 4706 1124 4762 divisis
1176 4707 1320 4762 inter
1375 4721 1505 4762 suos
1553 4715 1606 4762 et
1663 4709 1820 4764 ducis
1858 4712 2011 4767 Welfi
2071 4721 2125 4769 et
2208 4713 2456 4771 obadire
2513 4711 2704 4777 nollet,
2757 4711 2974 4779 publica
3030 4715 3591 4774 excommunicatione
3640 4721 3709 4776 ab
3751 4737 3854 4777 ac-

481 4808 806 4856 caterorum
845 4797 951 4852 sibi
995 4795 1376 4850 rebellantium
1423 4796 1706 4851 beneficiis
1743 4805 1798 4852 et
1837 4801 2118 4858 acclesia-
2203 4803 2387 4860 clesia
2436 4800 2694 4855 membris
2741 4799 3053 4856 damnatum
3110 4804 3333 4859 omnino
3381 4816 3743 4878 separarent;
3796 4813 3848 4867 ei

482 4903 602 4946 rum
659 4889 838 4955 bonis,
870 4891 955 4943 set
1010 4885 1239 4941 maxime
1299 4884 1650 4953 Pataviensis,
1693 4899 1884 4943 omnes
1945 4905 2114 4959 quos-
2200 4899 2381 4949 autem
2430 4890 2524 4960 qui
2575 4888 2867 4959 oboediret,
2910 4890 3063 4962 regni
3114 4893 3486 4952 monarchiam
3542 4901 3850 4967 apostolica

1832 5063 2057 5122 VARUE
2103 5066 2490 5126 LECTIONES.

549 5167 615 5199 "'
653 5165 824 5223 totius
852 5161 937 5219 ed.
1014 5159 1080 5194 ³¹⁴
1114 5158 1430 5232 superbisse
1458 5158 1513 5218 2.

2054 5315 2270 5372 ΝΟΤτΕ.

2274 5462 2411 5534 (152)
2441 5463 2577 5520 Vide
2606 5463 2745 5521 infra
2775 5465 2884 5523 col.
2915 5465 3042 5531 401,
3073 5467 3198 5527 402.

2269 5534 2412 5618 (1513)
2442 5537 2522 5592 Ex
2566 5538 2814 5618 Gregorii
2855 5539 2942 5593 VII
2986 5539 3211 5618 Begest.
3253 5544 3341 5612 IV,
3373 5543 3463 5613 23,
3496 5547 3564 5603 ad
3606 5550 3850 5612 Bernar-

2196 5606 2325 5664 dnm
2353 5606 2644 5665 diaconum
2676 5606 2732 5665 et
2763 5606 3099 5667 Bernarduni
3124 5606 3398 5672 abbatem.

508 5541 518 5551 .
551 5465 708 5552 0a.!)
741 5463 1245 5552 Αμξβιινθὲίθιξρξοξ
1258 5458 1720 5552 βειῖὲπεξξξβίηέ
1741 5459 1927 5552 υῖίρείε
1957 5463 2119 5552 £1,932-

475 5530 576 5595 rici
617 5530 700 5605 IV,
741 5539 914 5592 altera
951 5532 1168 5590 Rudolﬂ
1219 5533 1440 5601 coniux.
1484 5531 1603 5586 Vid.
1654 5530 1722 5586 ad
1770 5544 1897 5588 ann.
1957 5533 2112 5591 1079.

479 5613 594 5666 Uss.
