4014 6176
169 345 258 399 397

1421 340 1745 397 ANNALES.
1784 365 1856 379 —
1891 339 2001 395 AN.
2049 339 2203 392 1077.

3385 356 3492 410 398

169 467 455 527 auctoritate
512 467 896 535 imponerent;
946 472 1002 522 et
1046 466 1302 521 omnibus
1349 467 1443 536 qui
1494 467 1549 521 in
1593 463 2012 536 regnoAsitum
2067 467 2134 520 ad
2200 466 2479 522 dominum
2544 481 2700 522 suum
2764 469 3067 539 giorianter
3137 487 3488 547 peregerunt.

166 563 340 622 essent,
372 554 496 624 ipsi,
529 561 587 612 ut
617 560 922 623 oporteret,
955 555 1071 626 regi
1092 554 1424 621 obmdirent,
1457 555 1767 621 subessent,

167 646 419 711 servirent,
451 649 507 700 et
534 641 874 700 omnifariam
907 658 1030 700 eum
1059 645 1127 699 ad
1159 650 1420 700 statutum
1451 651 1506 699 et
1536 643 1772 699 aedifica-

165 737 342 792 tionem
370 732 634 790 ecclesiae
671 733 1022 789 sublimatum
1055 733 1457 804 digniﬁcarent.

227 823 299 880 Ad
326 822 427 879 hoc
455 819 764 879 Boudolfus
792 836 888 876 rex
909 835 1030 877 cum
1052 823 1166 877 suis
1186 823 1442 878 omnibus
1471 820 1773 892 promptis-

157 915 306 970 simus
349 911 702 978 obmdiebat;
734 910 831 966 sed
875 911 1002 980 quia
1047 911 1161 966 vias
1209 925 1308 981 per
1335 911 1500 981 Alpes
1532 911 1774 980 undique

163 1001 396 1059 obclusas
421 1007 478 1056 et
507 999 829 1056 insidiatum
877 999 1068 1069 plenas
1096 1001 1388 1056 Heiuricus
1417 1015 1514 1056 rex
1543 1001 1645 1056 sub
1675 1012 1774 1055 sua

160 1104 302 1148 manu
350 1089 686 1155 obtinuerat,
719 1089 775 1144 id
824 1087 1024 1144 frustm
1071 1089 1337 1155 voluerat,
1371 1090 1517 1159 quod
1563 1103 1776 1159 nequa-

158 1193 300 1250 quam
353 1178 418 1232 ad
482 1177 735 1233 effectum
803 1177 1108 1246 perducere
1174 1184 1410 1248 poterat.
1485 1179 1778 1234 iieinricus

158 1275 317 1325 autem
347 1281 442 1323 rex
490 1268 692 1322 timens
729 1267 1050 1336 apostolica":
1098 1267 1444 1322 auctoritatis
1484 1268 1777 1336 judicium,

155 1359 255 1413 suis
297 1356 552 1412 omnibus
591 1355 751 1411 unice
791 1355 1077 1426 praecepit,
1120 1369 1188 1411 ne
1237 1357 1361 1425 quis
1407 1356 1475 1412 ad
1507 1371 1564 1412 se
1595 1370 1782 1412 acces-

155 1461 257 1502 sum
286 1446 579 1511 inveniret,
613 1446 707 1514 qui
756 1444 1086 1516 legationem
1116 1445 1475 1516 apostolicam
1505 1445 1777 1514 haberet;

154 1536 294 1605 quasi
320 1549 380 1591 se
409 1534 518 1590 hac
545 1541 663 1590 arte
691 1532 988 1590 defendere
1009 1549 1076 1590 ex
1106 1536 1318 1592 ratione
1347 1549 1378 1591 a
1409 1543 1563 1592 reatu
1592 1535 1782 1606 vulga-

155 1624 345 1680 tissimo
393 1623 698 1680 sufficeret.
746 1625 862 1679 iam
910 1624 1054 1679 enim
1103 1624 1251 1680 aliud
1301 1625 1562 1697 quiddam
1595 1626 1782 1681 inten-

1925 554 2020 608 liis
2047 555 2233 624 itaque
2261 555 2456 611 diebus
2475 555 2769 612 cardinalis
2798 559 3073 615 Romanus
3094 561 3234 632 (154)
3257 563 3488 638 litteras,

1857 649 1915 697 ut
1965 645 2175 712 jussum
2225 651 2309 700 est
2358 646 2484 715 ipsi,
2543 648 2991 704 commonitorias
3049 650 3115 706 ad
3175 653 3490 713 Heinricum

1856 745 2037 801 regem
2105 745 2205 802 pro
2273 734 2534 802 praedicta
2595 737 2883 804 apostolici
2915 739 3206 796 'adventus
3254 743 3323 798 ad
3384 758 3487 801 nos

1856 833 2019 874 causa
2091 835 2190 890 per
2253 823 2525 891 quendam
2603 827 2927 882 monachum
3011 830 3486 900 Herbipolitanum

1856 908 2146 978 dignanter
2175 911 2566 966 transmiserat.
2629 915 2785 970 Hunc
2823 922 3024 984 autem,
3075 927 3200 975 ante
3231 935 3390 991 quam
3421 923 3491 978 ad

1856 997 2033 1067 ipsum
2064 999 2348 1066 pervenire
2380 1008 2585 1069 posset,
2619 1003 2838 1071 quidam
2870 1019 2938 1060 ex
2965 1009 3323 1066 secretalibus
3353 1014 3491 1082 ejus,

1858 1101 2022 1142 causa
2067 1087 2282 1143 itineris
2325 1088 2474 1143 illius
2523 1089 2818 1161 diligenter
2857 1095 3157 1164 explorata,
3191 1106 3409 1169 captum
3441 1107 3498 1156 et

1859 1176 1998 1232 male
2027 1182 2337 1244 tractatum,
2370 1191 2472 1232 nec
2520 1192 2630 1234 non
2690 1183 3016 1238 servientem
3077 1186 3224 1242 illius
3267 1190 3497 1244 misera-

1860 1265 2047 1320 biliter
2101 1266 2482 1332 verberatum,
2538 1268 2990 1338 incarcerabant;
3068 1274 3280 1331 litteras
3353 1291 3488 1334 vero

1862 1355 2071 1410 ablatas
2126 1369 2236 1411 non
2294 1363 2353 1410 ut
2407 1357 2759 1426 apostolicus,
2821 1369 2905 1416 set
2961 1366 3117 1432 quasi
3173 1365 3496 1436 diabolicas,

1863 1443 2204 1499 omnifariam
2247 1444 2622 1513 profanabant.
2666 1448 2788 1502 Mox
2825 1448 2893 1503 ad
2925 1463 3048 1505 eum
3078 1451 3260 1509 denuo
3292 1454 3503 1512 litteras

1863 1532 2008 1588 idem
2031 1533 2325 1588 cardinalis
2343 1535 2620 1591 Romanus
2652 1549 2750 1604 per
2777 1538 3066 1606 quemdam
3098 1542 3324 1598 militem
3355 1543 3505 1600 fami-

1866 1621 2053 1677 liarem
2103 1623 2277 1693 ipsius
2331 1637 2430 1692 pro
2487 1623 2676 1679 eadem
2727 1638 2785 1679 re
2832 1627 3161 1684 artificiosus
3191 1630 3500 1702 dirigebat;

152 1713 292 1768 derat
321 1713 516 1784 potius
560 1726 724 1782 quam
773 1712 1186 1768 oboedientiam.
1221 1711 1634 1782 Expeditionem
1665 1714 1825 1790 sci-ﬁ
1867 1726 2003 1782 quas
2050 1713 2152 1767 sub
2199 1712 2426 1768 alterius
2470 1713 2692 1783 quidem
2742 1729 2974 1785 persona
3023 1717 3140 1788 ipse
3188 1727 3505 1790 apportatas

155 1802 287 1864 licet,
325 1816 490 1872 quam
551 1815 743 1857 omnes
797 1801 882 1856 sui
935 1803 1046 1872 jam
1097 1803 1433 1872 juraverant,
1493 1803 1548 1857 in
1605 1789 2110 1870 Saxo-Bsuscepit
2143 1808 2197 1856 et
2227 1802 2444 1856 recitari
2475 1802 2624 1868 fecit,
2669 1809 2754 1858 set
2800 1817 2930 1860 aure
2979 1807 3162 1862 statim
3211 1789 3501 1878 obdurata,

151 1893 296 1945 niam.
357 1891 518 1947 Unde
576 1906 638 1947 se
693 1891 762 1946 de
819 1891 1081 1962 Pagoaria
1139 1906 1261 1947 cum
1318 1892 1520 1962 quibus
1567 1898 1784 1961 poterat

151 1981 391 2036 omnibus
431 1981 490 2036 in
518 1981 664 2036 iulio
685 1994 871 2036 mense
892 1986 1194 2036 retraxerat
1215 1981 1270 2036 in
1301 1995 1452 2037 suam
1475 1982 1780 2050 Franciam,

147 2068 248 2124 illic
285 2069 679 2140 undecumque
725 2070 1073 2126 collectitans
1119 2070 1329 2127 militiae
1379 2085 1490 2128 non
1524 2073 1786 2142 parvissi-

147 2170 236 2213 ma:
263 2159 700 2229 qualescumque
731 2161 938 2230 capias.

202 2247 315 2302 Rex
345 2247 595 2318 denique
626 2247 932 2305 Roudolfus
962 2254 1252 2320 postquam
1293 2250 1585 2320 comperit,
1620 2252 1674 2306 in
1724 2265 1783 2306 se

144 2343 190 2390 et
215 2335 270 2391 in
301 2351 444 2392 suos
478 2344 560 2393 tot
589 2338 901 2394 cohortium
927 2339 1243 2394 militarium
1277 2345 1564 2394 contracto
1607 2340 1785 2409 ipsum

145 2431 434 2496 tantopere
487 2427 755 2482 institisse
803 2426 1061 2497 collegio,
1095 2427 1212 2497 ipse
1246 2441 1354 2482 non
1388 2429 1482 2483 diu
1514 2436 1784 2496 moratus,

135 2525 434 2570 occurrere
488 2521 546 2569 et
592 2513 738 2569 bello
794 2515 845 2570 ei
892 2516 1154 2584 congredi
1205 2516 1511 2571 industrius
1559 2517 1787 2572 multum

132 2609 471 2672 attemptare
508 2616 618 2658 non
650 2603 902 2659 cessavit.
935 2605 1000 2658 Et
1029 2605 1111 2659 sic
1139 2603 1207 2658 ad
1237 2618 1412 2673 usque
1444 2605 1790 2674 Herbipolim

134 2693 495 2760 perveniens,
557 2692 671 2747 illic
729 2691 918 2747 eadem
990 2693 1215 2748 obsessa
1271 2692 1490 2748 civitate
1546 2693 1790 2763 aliquan-

136 2781 300 2850 tisper
360 2780 652 2845 tardavit,
715 2793 778 2835 ea
833 2780 1047 2835 scilicet
1103 2781 1431 2847 occasione;
1494 2795 1562 2836 ne
1618 2783 1664 2836 si
1723 2783 1791 2837 ad

136 2870 339 2926 Renum
372 2875 496 2924 tam
530 2869 758 2938 copioso
806 2871 1083 2925 exercitus
1111 2870 1196 2925 sui
1227 2869 1433 2940 impetu
1464 2869 1792 2926 festinanter

141 2959 522 3025 pertenderet,
590 2958 709 3027 ipse
780 2957 1005 3013 timidus
1070 2966 1126 3014 et
1180 2960 1476 3014 exterritus
1541 2959 1609 3014 ad
1667 2975 1792 3016 eum

137 3055 477 3104 transmeare
522 3060 633 3103 non
680 3046 927 3103 auderet.
961 3046 1078 3103 lilic
1124 3047 1287 3102 etiam
1336 3047 1506 3102 duces
1534 3048 1792 3104 Berhtol-

1864 1889 2076 1944 litteras
2105 1889 2320 1945 auditas
2365 1889 2619 1945 efferatus
2665 1891 2828 1947 nimis
2866 1893 3239 1963 floccipendit,
3275 1896 3502 1954 latorem

1865 1978 2080 2034 illarum
2111 1978 2298 2034 itidem
2329 1987 2544 2049 captum
2595 1982 2650 2035 in
2697 1983 3001 2038 custodiam
3031 1987 3171 2040 mitti
3204 1990 3501 2058 praecepit;

1866 2067 1960 2137 qui
1992 2073 2116 2137 post
2160 2068 2458 2137 paullulum
2503 2067 2629 2139 fuga
2676 2069 2920 2140 dilapsus
2965 2073 3034 2126 ab
3065 2086 3152 2141 eo,
3188 2074 3274 2129 vix
3304 2075 3504 2131 comite

1864 2158 1976 2212 vita
2005 2171 2064 2212 se
2095 2171 2125 2212 e
2154 2157 2407 2213 custodia
2439 2157 2800 2227 proripiebat.

1940 2248 2154 2301 interea
2191 2251 2307 2301 toto
2351 2246 2531 2315 quoad
2581 2254 2797 2316 poterat
2845 2250 2965 2304 nisu
3008 2251 3308 2307 exercitum
3338 2253 3510 2308 unde-

1869 2349 2102 2404 cumque
2160 2348 2270 2391 non
2323 2334 2598 2390 modicum
2667 2336 2972 2393 industrius
3037 2348 3405 2408 contraxerat,
3457 2349 3512 2397 et

1869 2425 2024 2479 Reno
2073 2439 2196 2480 cum
2261 2425 2464 2494 quibus
2520 2424 2818 2496 collegerat
2876 2427 3132 2482 omnibus
3189 2430 3507 2496 retransito,

1870 2526 2227 2569 occursurum
2267 2528 2325 2568 se
2376 2514 2491 2584 regi
2540 2513 2814 2571 Roudolfo
2855 2515 3164 2572 simulabat.
3209 2517 3328 2572 illic
3366 2519 3514 2575 inter

1872 2602 2081 2656 Renum
2131 2608 2185 2656 et
2223 2602 2542 2657 ‘Nechoram
2598 2603 2839 2670 fluvium,
2909 2607 3029 2675 ejus
3067 2606 3309 2677 undique
3362 2607 3516 2662 vadis

1874 2691 2345 2760 qualitercumque
2394 2692 2714 2757 obstructis,
2747 2698 2924 2748 castra
2963 2696 3148 2750 metati
3199 2700 3348 2763 sunt,
3409 2697 3514 2751 Pa-

1875 2780 2189 2849 goariorum
2215 2787 2595 2849 exspectantes
2624 2781 2905 2838 auxilium.
2946 2785 3062 2838 Rex
3100 2783 3338 2854 denique
3369 2787 3517 2842 Rou-

1876 2868 2059 2924 dolfus
2099 2876 2382 2938 comperto
2428 2869 2646 2924 illorum
2691 2876 2915 2937 metatu,
2958 2871 3150 2927 relicta
3191 2873 3344 2928 urbis
3371 2873 3516 2943 (155)

1875 2958 2166 3014 obsidione
2223 2965 2278 3014 et
2323 2959 2593 3014 machinis
2641 2959 2758 3015 suis
2809 2960 3196 3030 desolatoriis,
3259 2961 3516 3019 festinato

1876 3047 2105 3102 multum
2155 3048 2361 3116 impetu
2417 3047 2484 3102 ad
2535 3049 2725 3117 ipsos,
2777 3063 2975 3119 pugnae
3044 3050 3153 3106 illis
3215 3051 3515 3109 inferendae

137 3134 252 3190 dum
281 3143 338 3192 et
371 3134 617 3192 Welfum
646 3140 702 3192 et
730 3139 963 3191 caeteros
1012 3135 1241 3190 militum
1282 3149 1505 3191 suorum
1535 3108 2248 3201 Aleman-Gavidissimus,
2301 3108 2572 3190 audacter
2610 3108 2982 3204 pertenderat.
3036 3137 3334 3196 Confestim
3385 3154 3516 3211 ergo

139 3236 321 3280 norum
372 3238 598 3280 cuneos
663 3223 1010 3294 praestolatus
1061 3218 1399 3290 auxiliarios,
1459 3224 1787 3294 quibusdam

139 3314 400 3369 machinis
457 3320 526 3368 et
590 3313 968 3369 instrumentis
1033 3312 1246 3368 bellicis
1306 3313 1459 3369 urbis
1478 3313 1541 3345 ²¹⁸
1603 3329 1792 3371 muros

137 3401 417 3460 destruere
469 3402 902 3458 sollertissimus
948 3401 1294 3458 moliebatur.
1331 3403 1438 3472 ipsi
1485 3411 1666 3459 autem
1694 3418 1796 3460 nu-

135 3505 272 3548 mero
299 3493 466 3564 quasi
502 3492 760 3561 quinque
791 3490 1000 3546 milium
1047 3504 1343 3548 occurerre
1372 3492 1423 3547 ei
1454 3492 1796 3562 gratulanter

134 3582 554 3640 accelerabanl.

202 3671 314 3725 Rex
369 3684 518 3728 vero
582 3669 874 3726 Heinricus
912 3667 1198 3738 explorato
1248 3668 1466 3724 illorum
1506 3669 1794 3736 comitatu,

144 3771 231 3826 per
298 3760 561 3817 triduum
629 3758 848 3815 illorum
915 3759 1133 3814 itineris
1188 3758 1461 3828 quendam
1509 3758 1799 3814 articulum

144 3849 449 3917 occupavit,
488 3847 705 3904 bellum
755 3849 836 3903 eis
887 3860 997 3903 non
1030 3861 1154 3902 cum
1193 3847 1374 3917 parvis
1401 3847 1518 3902 suis
1546 3847 1797 3902 cohorti-

143 3934 235 3991 bus
263 3936 477 3994 iuferre
501 3943 895 4006 temptaturus.
919 3936 1002 3992 illi
1023 3941 1202 3991 autem
1225 3936 1633 4008 congressionis
1651 3936 1802 3992 illius

144 4027 681 4096 percupientissimi,
740 4027 847 4082 iter
903 4025 971 4080 ad
1029 4039 1152 4080 eum
1210 4023 1534 4081 festinanter
1580 4040 1801 4095 promo-

143 4114 348 4170 vehant.
385 4118 458 4172 Et
511 4128 646 4171 cum
697 4119 806 4170 tam
851 4113 1087 4184 proximi
1135 4115 1541 4183 convenissent,
1583 4122 1642 4172 ut
1688 4128 1798 4171 non

145 4201 258 4268 plus
285 4219 454 4274 quam
491 4205 617 4260 duo
657 4203 889 4258 miliaria
934 4217 965 4257 a
1010 4216 1070 4257 se
1099 4201 1387 4269 distarent,
1420 4209 1475 4259 et
1522 4217 1713 4260 omnes
1743 4205 1798 4259 in

142 4288 190 4344 id
218 4291 400 4363 ipsum
434 4291 648 4348 armati
678 4291 880 4349 bellum
928 4305 1053 4346 cum
1102 4305 1230 4361 rege
1259 4291 1528 4347 audenter
1551 4292 1799 4348 destina-

139 4389 249 4436 rent
277 4396 621 4447 conserere,
646 4381 762 4450 ipse
801 4395 860 4436 se
891 4379 1082 4435 eadem
1111 4388 1273 4436 nocte
1313 4379 1436 4450 fuga
1467 4382 1536 4436 ab
1567 4382 1650 4437 eis
1678 4395 1802 4451 pro-

146 4467 345 4539 ripiens
402 4486 544 4529 cum
599 4470 734 4536 suis,
794 4474 920 4526 ante
979 4468 1114 4524 solis
1176 4475 1356 4524 ortum
1416 4485 1527 4540 pra:
1585 4472 1802 4526 czeteris

144 4557 502 4617 Wormatiam
538 4572 700 4616 suam
746 4572 868 4614 cum
918 4557 1162 4615 ludibrio
1211 4564 1266 4613 et
1301 4558 1518 4628 probris
1565 4562 1810 4628 ipsorum

144 4648 296 4704 etiam
369 4651 727 4706 villanorum
792 4647 1123 4718 ingreditur.
1177 4648 1284 4716 ipsi
1342 4661 1472 4702 vero
1530 4655 1810 4717 comperta

144 4733 259 4807 fuga
303 4741 452 4810 ejus,
497 4751 686 4808 usque
734 4736 802 4792 ad
851 4744 1158 4792 castrorum
1205 4736 1386 4792 locum
1427 4736 1575 4791 illum
1627 4752 1814 4807 perse-

146 4830 316 4885 cuturi
341 4829 431 4896 ⁸³⁸,
470 4841 611 4884 cum
642 4839 754 4882 non
788 4826 1052 4882 mediocri
1085 4825 1322 4895 impetus
1359 4826 1626 4881 terribilis
1655 4827 1813 4882 festi-

147 4919 324 4973 nantia
364 4916 812 4988 pertenderunt.
859 4917 1077 4971 Etcum
1118 4922 1227 4970 tam
1265 4915 1678 4986 longinquatum
1705 4918 1814 4986 jam

148 5015 174 5056 a
204 5019 261 5060 se
311 5014 371 5062 et
423 5013 546 5062 tam
601 5004 956 5060 vehementer
1003 5004 1324 5060 exterritum
1367 5018 1491 5059 eum
1530 5005 1599 5059 ab
1630 5006 1818 5075 explo-

1877 3223 1945 3278 ad
1971 3224 2142 3293 ipsam
2173 3237 2346 3293 usque
2395 3223 2569 3293 ripam
2599 3223 2746 3279 ﬂuvii
2789 3225 3042 3294 praedicti
3090 3229 3271 3284 animo
3320 3229 3517 3284 audaci

1879 3326 1979 3382 pro
2010 3313 2162 3382 regni
2191 3313 2297 3367 sibi
2324 3313 2566 3382 impositi
2606 3319 2662 3368 et
2689 3313 3004 3370 christiana:
3027 3316 3312 3386 religionis
3332 3317 3520 3372 defen-

1877 3402 2032 3457 sione
2090 3401 2391 3456 bellaturus
2439 3403 2803 3471 perveniens,
2855 3403 3108 3458 hostibus
3159 3419 3188 3459 e
3236 3406 3519 3460 contrario

1878 3489 2196 3545 ulteriorem
2253 3489 2426 3558 ripam
2482 3488 2550 3542 ad
2609 3489 2712 3542 tria
2758 3487 2927 3543 ferme
2963 3490 3194 3544 miliaria
3244 3505 3366 3545 cum
3406 3491 3523 3546 suis

1880 3579 2058 3648 copiis
2085 3579 2140 3632 in
2189 3578 2410 3646 longum
2458 3577 2876 3646 occupantibus,
2917 3579 3302 3635 transvadandi
3341 3580 3522 3635 locum

1881 3679 2226 3736 nequaquam
2262 3664 2611 3730 inveniebat;
2663 3665 2868 3734 quippe
2907 3666 3024 3736 ripa
3056 3681 3122 3722 ex
3151 3668 3382 3723 adverso
3413 3673 3522 3722 tam

1881 3755 2144 3812 altissima
2201 3753 2494 3819 eminebat,
2546 3753 2693 3823 quod
2743 3768 2924 3822 nemo,
2977 3769 3044 3810 ne
3101 3755 3279 3812 dicam
3329 3771 3521 3828 eques,

1883 3844 2052 3915 pedes
2092 3843 2270 3899 saltim
2317 3843 2431 3898 illic
2470 3856 2757 3898 ascensum
2809 3850 3013 3913 praeter
3058 3845 3194 3902 vada
3244 3846 3524 3903 artissima

1881 3935 1992 3990 duo
2031 3933 2150 3990 sola
2179 3933 2424 3989 invenire
2457 3932 2746 4002 potuisset.

1951 4027 2103 4080 Tunc
2143 4022 2448 4080 Roudolfus
2495 4037 2590 4078 rex
2627 4023 2743 4092 ipse
2781 4023 3137 4081 inclamitavit
3177 4033 3232 4082 et
3265 4030 3522 4098 rogitavit

1882 4113 2201 4170 multotiens
2248 4126 2430 4183 regem
2469 4113 2762 4168 Henricum
2801 4121 2856 4169 et
2895 4129 3001 4170 una
3057 4123 3291 4172 caateros
3333 4119 3521 4188 primi-

1883 4203 2061 4260 cerios
2108 4203 2400 4267 exercitus,
2434 4208 2493 4256 ut
2539 4202 2585 4256 si
2634 4216 2858 4272 regnum
2881 4205 2943 4234 "7
2990 4205 3094 4260 sibi
3146 4212 3253 4260 tam
3285 4208 3525 4275 pertina-

1883 4293 2022 4347 citer
2068 4298 2330 4360 tantoque
2373 4291 2495 4358 jure
2562 4291 2812 4345 obtinere
2876 4292 3240 4356 decerneret,
3299 4308 3463 4349 unum
3497 4311 3525 4349 e

1886 4381 2103 4436 duobus
2148 4381 2414 4450 eligeret;
2466 4384 2560 4435 aut
2602 4379 2695 4434 ille
2753 4379 2857 4435 sibi
2916 4379 2981 4434 ad
3034 4395 3092 4435 se
3137 4383 3526 4438 transvadandi

1887 4469 2066 4525 locum
2099 4468 2292 4534 daret;
2343 4468 2428 4522 sin
2458 4475 2659 4532 autem,
2692 4467 2808 4536 ipse
2847 4467 2914 4521 ad
2954 4467 3063 4522 duo
3095 4469 3326 4524 miliaria
3358 4471 3530 4539 ripam

1893 4565 1949 4614 et
1995 4558 2174 4613 locum
2224 4571 2348 4626 qua:
2398 4563 2760 4625 occupaverat
2807 4555 3146 4626 relinquens,
3188 4560 3522 4628 rctrogradu

1894 4647 2091 4713 abiret,
2140 4645 2318 4701 donec
2367 4659 2490 4699 cum
2538 4650 2651 4700 tota
2709 4660 2806 4700 sua
2863 4645 3056 4700 militia
3113 4645 3181 4701 ad
3239 4661 3297 4701 se
3348 4648 3534 4702 itidem

1896 4736 2189 4803 transiret;
2223 4741 2278 4790 et
2307 4733 2353 4789 si
2384 4735 2439 4788 in
2471 4733 2567 4790 illo
2610 4735 2830 4790 minimc
2879 4734 3040 4790 aliter
3076 4735 3401 4804 conﬁderet,
3435 4737 3540 4791 hoc

1893 4825 2253 4895 jurejurando
2295 4829 2512 4894 pactum
2562 4823 2954 4879 inviolabiliter
2991 4824 3342 4880 conﬁrmaret
3386 4847 3396 4880 :
3441 4825 3543 4882 de-

1901 4930 2044 4970 mum
2075 4929 2202 4970 vero
2229 4913 2519 4984 justissimi
2549 4914 2753 4982 judicis
2783 4928 3031 4970 censura:
3063 4921 3294 4986 uterque
3327 4931 3545 4973 causam

1901 5020 2051 5062 suam
2111 5003 2513 5058 decernendam
2558 5002 2907 5057 devotissime
2965 5005 3433 5070 commendarent,
3497 5014 3552 5061 et

146 5097 391 5152 nutibus
458 5094 898 5165 comperissent,
958 5094 1026 5149 ab
1092 5094 1456 5150 insectatione
1533 5095 1820 5164 proposita
1903 5096 1984 5150 sic
2012 5100 2106 5148 aut
2135 5092 2321 5148 duello
2351 5091 2458 5161 ipsi
2502 5091 2627 5156 soli,
2661 5097 2755 5146 aut
2803 5091 2847 5145 si
2881 5092 3064 5161 potius
3093 5093 3552 5162 prudentioribus

146 5185 272 5240 satis
320 5182 688 5243 mmstissimi
753 5189 1141 5250 cessaverunt;
1203 5182 1312 5240 iter
1373 5187 1556 5242 autem
1607 5199 1820 5256 propo-
1905 5191 1960 5241 et
2004 5182 2327 5239 melioribus
2374 5181 2528 5251 regni
2576 5179 2865 5236 consilium
2907 5179 3186 5238 videretur
3207 5181 3290 5250 “3,
3324 5182 3550 5254 publico

1541 5312 1765 5370 VARUE
1802 5310 2188 5370 LECTIONES.

212 5439 275 5474 ”‘
302 5439 488 5498 urbes
531 5436 596 5495 2.
671 5437 736 5472 ¹¹⁶
765 5435 1110 5510 persecutori
1148 5433 1206 5508 2.
1282 5433 1346 5467 ¹²⁷
1377 5448 1425 5492 r.
1470 5437 1746 5508 cptinere.
1777 5455 1826 5497 s.
1856 5439 1910 5497 2.
1989 5437 2054 5470 ⁸⁸⁸
2083 5435 2299 5493 videret
2329 5433 2385 5490 2.

1769 5552 1984 5611 NOTAE.

214 5649 365 5723 (154)
409 5648 769 5710 Bernardus.
873 5661 886 5678 ν

1983 5646 2144 5724 (155)
2186 5640 2680 5716 Wirceburgensis.
