4014 6176
512 335 618 390 399

1484 327 1862 385 BERTHOLDI
1902 325 2315 392 PRESBYTER]
2353 326 2913 382 CONSTANTIENSIS

3773 333 3881 388 400

504 459 656 537 bello
686 471 786 528 pro
811 456 1025 526 justitia
1063 469 1160 511 sua
1209 452 1613 524 comprobanda
1643 451 1866 508 domino
1895 453 2007 508 Deo
2038 451 2360 511 mo-Asuos
2379 450 2591 521 aliquot
2621 451 2816 508 diebus
2857 451 3205 521 przestolatos
3225 452 3288 483 ’³³
3319 452 3456 524 (156)
3510 461 3566 510 et
3603 457 3671 512 de
3714 470 3879 512 manu

509 549 763 603 deratore
793 545 1020 601 indilate
1062 549 1463 600 concertarent.
1505 544 1620 598 Rex
1648 549 1826 597 autem
1859 540 2148 597 lleinricus
2229 540 2375 611 regis
2404 541 2682 612 Roudolfl,
2713 542 2802 597 cui
2851 540 2964 598 fere
2995 542 3369 611 obviaverant,
3403 545 3556 613 pacis
3595 546 3878 616 praedictae

506 651 638 691 aure
683 635 978 690 surditiosa
1029 634 1432 697 obmutescens,
1475 631 1680 686 nullum
1722 632 1772 686 ei
1823 643 2145 700 responsum

508 724 682 779 dedit.
750 725 850 779 Hic
905 736 1072 788 vero;-
1115 728 1174 776 ut
1230 721 1285 776 id
1345 727 1458 776 tota
1524 719 1879 788 simplicitate
1936 719 2143 774 dictum

505 812 844 876 ostenderet,
893 811 1040 881 quod
1090 815 1375 879 tantopere
1423 809 1490 862 ab
1548 823 1616 864 eo
1664 814 1938 878 exegerat,
1991 814 2044 862 et
2084 812 2144 862 ut

506 901 572 956 ad
590 901 900 970 hujusmodi
917 900 1183 969 judicium
1210 913 1331 953 eum
1353 897 1601 968 quolibet
1627 898 1847 968 ingenio
1871 897 2141 952 irritatum

508 997 849 1059 provocaret,
873 988 997 1044 loco
1035 1002 1135 1043 suo
1165 994 1221 1042 et
1251 985 1445 1042 castris
1482 1000 1541 1041 se
1581 1000 1704 1042 cum
1750 987 1866 1040 suis
1914 985 1980 1040 ad
2031 984 2140 1040 duo

505 1079 733 1134 miliaria
784 1079 937 1147 quasi
990 1076 1168 1148 fugam
1217 1075 1479 1131 simulans
1515 1075 1847 1131 dimovebat.
1879 1075 2139 1144 Sequenti

503 1167 738 1237 denique
786 1167 875 1222 die
931 1181 1053 1222 cum
1093 1179 1202 1221 non
1252 1165 1307 1219 in
1357 1163 1462 1219 hoc
1511 1165 1672 1219 etiam
1727 1163 2025 1233 profecisse
2080 1179 2138 1219 se

500 1256 944 1325 persentisceret,
977 1257 1172 1310 iterato
1205 1255 1440 1322 impetus
1489 1253 1670 1309 bellici
1711 1267 1939 1308 accursu
1971 1258 2138 1306 meta-

499 1352 609 1400 tum
659 1345 968 1413 pridianum
1016 1344 1376 1399 audacissime
1433 1343 1752 1412 occupavit,
1811 1347 1869 1397 ut
1915 1343 1962 1396 si
2020 1347 2136 1396 arte

495 1449 592 1489 seu
613 1433 676 1464 ²¹⁹
704 1436 904 1490 virtute
935 1433 1180 1504 qualibet
1215 1440 1540 1503 attemptare
1590 1438 1794 1502 posset,
1828 1432 1933 1502 ipsi
1981 1431 2139 1487 belli-

497 1537 625 1578 cose
646 1522 709 1552 ²³⁰
732 1523 1204 1592 qualitercumque
1235 1522 1497 1592 congredi
1534 1528 1847 1576 conaretur.

566 1615 715 1668 Tunc
745 1612 965 1682 quidam
1009 1612 1076 1666 de
1108 1611 1430 1680 primatibus
1461 1611 1604 1680 regis
1648 1610 1891 1666 llcinrici
1932 1609 2135 1665 bellum

496 1701 720 1756 omnino
761 1701 1153 1766 detrectantes,
1201 1706 1255 1755 et
1301 1699 1543 1755 dedecus
1581 1714 1695 1755 suae
1745 1698 2052 1754 timiditatis
2082 1705 2136 1754 et

2226 628 2537 684 interventu
2587 629 2851 685 liberatos
2897 644 3022 686 mox
3069 632 3400 698 assumebat,
3447 640 3503 688 et
3559 634 3698 691 inito
3746 649 3874 690 cum

2227 717 2308 772 eis
2338 717 2592 784 consilio,
2633 719 3004 774 Alemanniam
3055 721 3257 789 praedis
3286 728 3339 776 et
3372 722 3646 778 incendiis
3693 725 3879 780 denuo

2224 807 2707 863 inhumanissimus
2781 807 3119 875 devastabat,
3200 810 3545 881 principibus
3611 813 3876 870 Aleman-

2226 908 2419 950 norum
2451 910 2627 965 nuper
2669 897 2737 952 de
2786 897 2931 953 bello
2963 898 3231 967 prmdicto
3274 903 3528 967 reversis,
3571 910 3625 957 et
3667 909 3779 958 tam
3811 918 3879 959 ex

2225 985 2522 1054 improviso
2552 984 2930 1042 fraudulenter
2976 987 3198 1042 invasis.
3239 989 3452 1060 Quippe
3483 997 3614 1046 tunc
3643 992 3878 1048 maxime

2225 1088 2412 1143 pacem
2455 1075 2735 1144 putabant,
2771 1083 2826 1130 et
2874 1075 3084 1131 idcirco
3133 1077 3335 1133 milites
3382 1093 3513 1135 suos
3560 1095 3627 1136 ex
3675 1081 3878 1137 itinere

2222 1161 2477 1233 fatigatos
2505 1164 2727 1220 domum
2759 1165 2910 1219 abire
2953 1167 3064 1234 jam
3112 1168 3293 1222 securi
3328 1169 3746 1237 permittebant.
3782 1173 3878 1226 Set

2223 1259 2403 1307 tamen
2432 1266 2542 1307 non
2578 1254 2696 1308 sine
2729 1253 2963 1309 maximo
3009 1269 3230 1311 suorum
3274 1257 3606 1314 detrimento
3637 1259 3876 1327 patriam

2219 1339 2368 1395 illam
2401 1348 2734 1409 pervaserat.

2292 1433 2350 1485 In
2381 1431 2574 1486 eodem
2606 1431 2804 1486 itinere
2843 1432 2899 1486 in
2950 1431 3074 1488 loco
3105 1434 3419 1504 campestri,
3452 1449 3574 1490 cum
3622 1436 3776 1492 circa
3814 1453 3875 1493 se

2222 1519 2464 1589 undique
2494 1520 2768 1575 incendiis
2797 1520 2991 1576 ardere
3022 1529 3077 1576 et
3111 1521 3318 1578 fumare
3367 1525 3648 1594 regionem
3689 1526 3873 1596 depo-

2218 1607 2460 1675 pulatam
2508 1609 2983 1680 contemplaretur
3004 1609 3068 1641 ³³⁸
3105 1611 3198 1667 ubi
3248 1619 3451 1682 praeter
3495 1613 3632 1670 alias
3687 1615 3879 1685 plures

2218 1706 2324 1748 una
2382 1696 2634 1752 :ecclesia
2693 1713 2816 1754 cum
2876 1699 3000 1769 plus
3055 1714 3216 1772 quam
3274 1708 3494 1758 centum
3552 1703 3873 1760 hominibus

492 1788 793 1844 manifestae
825 1789 1106 1858 injustitim
1137 1789 1527 1844 conscientiam
1576 1787 1916 1858 quantalibet
1963 1780 2505 1842 hono-Bcombusta
2558 1793 2613 1842 et
2678 1787 2925 1843 desolata
2979 1793 3083 1853 est,
3141 1789 3470 1847 Imbricconi
3536 1793 3871 1863 Augustensi

495 1879 590 1944 ris,
624 1893 948 1948 quamquam
987 1877 1212 1943 falsarii,
1245 1878 1536 1933 occasione
1586 1876 1882 1933 defendere
1943 1892 2132 1946 percu-

493 1967 729 2036 pientes,
764 1968 914 2037 pacis
951 1968 1338 2036 compendium
1387 1966 1625 2036 fideique
1675 1971 1892 2035 pactum
1923 1981 1954 2021 a
1983 1966 2136 2022 duci-

490 2056 594 2112 bus
629 2057 926 2112 Bertholdo
958 2063 1012 2112 et
1045 2056 1216 2112 Welfo
1241 2057 1441 2112 obnixe
1463 2057 1849 2126 quaeritabant,
1875 2057 2135 2126 quatinus

486 2145 592 2200 sibi
640 2146 707 2201 ad
756 2146 1078 2201 alterutrum
1127 2159 1226 2214 pro
1285 2146 1508 2201 instanti
1568 2145 1913 2200 necessitatis
1967 2150 2131 2200 tantae

486 2235 720 2290 articulo
788 2235 1029 2303 colloqui
1096 2235 1228 2304 quid
1278 2234 1598 2290 familiarius
1664 2234 1929 2290 licuisset.
1989 2236 2127 2302 Quo,

485 2331 651 2394 prout
700 2323 1124 2394 rogaverant’“,
1187 2323 1412 2393 pacifice
1470 2323 1750 2391 colloquio
1818 2322 1929 2377 illis
1993 2336 2127 2378 con-

485 2427 664 2476 cesso,
711 2413 778 2468 ad
812 2413 947 2468 illud
996 2413 1125 2468 ilico
1170 2412 1225 2466 hi
1264 2412 1358 2481 qui
1390 2426 1456 2467 ex
1495 2419 1726 2481 utraque
1757 2419 1910 2481 parte
1941 2412 2130 2467 idonei

483 2504 584 2558 visi
658 2509 785 2556 sunt
858 2507 1253 2556 convenerunt.
1313 2500 1430 2554 Illic
1497 2501 1844 2555 sermociuiis
1899 2501 2132 2556 diversis

488 2591 557 2645 ab
589 2597 819 2658 utraque
852 2596 1004 2658 parte
1035 2589 1242 2643 diutius
1273 2589 1563 2653 consertis,
1593 2589 1711 2644 htec
1742 2589 2132 2645 collocutionis

486 2693 694 2736 summa
728 2685 1003 2748 postremo
1025 2677 1254 2733 diftinita
1284 2684 1367 2732 est
1401 2697 1412 2732 :
1449 2685 1507 2732 ut
1545 2678 1801 2733 videlicet
1841 2677 1897 2732 in
1939 2679 2131 2747 primis

490 2770 636 2824 inter
679 2781 739 2822 se
805 2781 993 2836 pacem
1042 2766 1270 2821 firmiter
1324 2767 1720 2832 condixissent,
1763 2766 1907 2821 bello
1975 2767 2133 2821 inmi-

486 2857 636 2912 nenti
671 2869 899 2926 prorsus
928 2863 1057 2911 tunc
1088 2869 1151 2909 ea
1181 2854 1502 2910 conditione
1533 2855 1805 2923 dirempto
1843 2862 1898 2910 et
1933 2868 2131 2910 conso-

485 2947 620 3016 pito,
671 2946 929 3015 quatinus
993 2945 1228 3014 majores
1285 2943 1454 2998 totius
1519 2943 1672 3013 regni
1739 2957 1930 2998 omnes
2005 2949 2130 3012 post

482 3035 762 3104 paululum
812 3040 1013 3102 praeter
1060 3033 1250 3089 ambos
1287 3048 1445 3103 reges
1489 3033 1556 3088 ad
1603 3032 1938 3102 colloquium
1973 3034 2126 3102 juxta

2218 1872 2502 1944 episcopo,
2537 1883 2596 1930 ut
2636 1884 2691 1932 et
2731 1878 3055 1946 praedictum
3103 1885 3188 1934 est
3234 1879 3533 1936 infeliciter
3580 1881 3868 1950 defuncto,

2217 1959 2531 2030 Sigifridum
2581 1964 2923 2034 capellanum
2979 1981 3159 2034 suum,
3219 1969 3516 2038 reprobate
3576 1985 3642 2026 eo
3702 1987 3867 2041 quem

2216 2047 2414 2106 fratres
2469 2053 2736 2108 canonice
2785 2055 3017 2110 electum
3062 2057 3173 2126 jam
3224 2057 3550 2125 habuerant,
3591 2060 3866 2129 qualiter-

2217 2153 2449 2209 cumque
2478 2143 2790 2210 supposuit,
2825 2156 2935 2198 non
2976 2150 3035 2199 ut
3083 2145 3388 2202 zecclesiam
3419 2155 3656 2218 regeret,
3688 2155 3778 2205 set
3807 2158 3870 2207 ut

2215 2227 2319 2283 sibi
2351 2229 2416 2283 ad
2450 2231 2760 2300 ingruentia
2791 2232 2934 2288 bella
2962 2246 3066 2303 ope
3104 2234 3388 2290 individua
3419 2237 3682 2306 praesidio
3719 2239 3868 2294 assi-

2215 2323 2405 2372 steret.
2437 2319 2592 2385 Quod
2624 2319 2888 2390 deinceps
2916 2323 2992 2376 ita
3023 2336 3113 2377 res
3144 2324 3416 2392 probavit.
3451 2325 3657 2381 Eodem
3688 2326 3781 2382 die
3812 2332 3871 2382 et

2216 2403 2338 2459 loco
2398 2405 2552 2461 cella:
2610 2409 2785 2463 sancti
2849 2408 2985 2464 Galli
3057 2411 3329 2480 quendam
3395 2415 3872 2484 consanguineum

2215 2506 2374 2548 suum
2411 2493 2596 2566 (157),
2631 2496 2874 2565 ejusdem
2907 2497 3015 2553 loci
3057 2511 3166 2554 non
3197 2499 3546 2568 monachum,
3569 2503 3764 2558 eadem
3786 2504 3873 2559 in-

2218 2583 2462 2638 tentione
2494 2585 2781 2640 constituit
2801 2600 2969 2655 super
2985 2587 3256 2642 abbatiam
3293 2587 3358 2619 ’³⁸
3378 2603 3443 2644 eo
3466 2589 3654 2646 itidem
3677 2605 3871 2661 repro-

2213 2669 2366 2735 bato,
2401 2671 2494 2740 qui
2527 2673 2853 2742 regulariter
2883 2689 2911 2728 a
2942 2674 3204 2731 fratribus
3234 2677 3462 2743 electus,
3496 2692 3524 2732 a
3551 2693 3677 2749 rege
3707 2681 3871 2737 Rou-

2212 2758 2363 2814 dolfo
2402 2760 2533 2814 illuc
2573 2761 2742 2816 abbas
2791 2762 3078 2818 ordinatus
3127 2769 3228 2817 est.
3279 2763 3378 2829 Qui
3428 2765 3635 2832 pariter
3664 2771 3723 2818 ut
3762 2768 3875 2820 Au-

2212 2848 2488 2917 gusteusis
2517 2850 2856 2918 suppositus,
2881 2850 3082 2905 dehinc
3104 2857 3295 2905 contra
3317 2865 3500 2921 regem
3529 2853 3870 2909 lloudolfum

2213 2950 2322 2992 non
2356 2938 2699 3006 regulariter,
2733 2953 2952 3008 semper
2997 2940 3280 3008 loricatus,
3312 2941 3454 2995 bella
3504 2955 3612 2996 non
3673 2955 3874 2998 mona-

2212 3027 2366 3080 chica
2451 3027 2867 3083 sollertissimus
2951 3031 3202 3084 astruxit.
3283 3031 3550 3100 Aquileiae
3635 3046 3869 3102 quoque

481 3123 692 3176 Renum
742 3123 1118 3186 convenirent,
1169 3127 1224 3176 et
1279 3121 1483 3177 ibidem
1539 3135 1662 3175 cum
1716 3121 1911 3192 legatis
1961 3106 2627 3184 simulCHeim'icum’",
2680 3121 3076 3188 Augustensem
3128 3121 3452 3175 canonicum
3511 3127 3568 3176 et
3615 3123 3870 3192 capella-

479 3210 802 3280 apostolicis
837 3210 1142 3279 justissimo
1164 3209 1226 3239 ²³²
1257 3210 1487 3264 rationis
1509 3210 1819 3278 judiciariaa
1852 3211 2120 3277 examine,

479 3299 612 3368 quid
681 3298 966 3368 optimum,
1053 3297 1252 3366 quidve
1320 3297 1679 3367 justissimum
1763 3313 1931 3368 super
2013 3306 2120 3353 tam

479 3388 674 3459 grandi
725 3402 891 3443 causa
937 3385 1098 3451 foret,
1151 3385 1564 3455 dijudicandum
1609 3387 2014 3455 deliberarent;
2067 3394 2123 3443 et

472 3477 723 3532 alterutri
757 3490 942 3547 regum
982 3476 1074 3546 qui
1114 3473 1536 3531 diftinitionibus
1581 3475 1801 3531 illorum
1834 3489 1944 3531 non
1987 3490 2122 3532 con-

475 3565 708 3621 sentiret
733 3564 1016 3635 despecto,
1048 3564 1324 3620 communi
1363 3571 1490 3620 voto
1521 3565 1902 3630 contrairent;
1955 3564 2118 3620 alteri

478 3656 697 3711 tandem
745 3660 1116 3710 consentaneo
1165 3660 1278 3709 tota
1329 3653 1589 3709 ﬁdelitate
1638 3660 1693 3709 et
1750 3655 2117 3722 subjectione,

478 3753 537 3800 ut
594 3746 710 3814 regi
768 3751 1010 3814 oportet,
1069 3744 1526 3799 obtedientissimi
1583 3744 1872 3798 servirent.
1931 3745 2119 3799 Cardi-

480 3835 656 3889 nalem
724 3839 904 3888 autem
972 3834 1274 3888 Romanum
1348 3832 1688 3887 Trevirensis
1751 3839 1805 3888 et
1860 3834 2118 3888 Metensis

477 3921 722 3990 episcopi
762 3921 816 3975 in
867 3921 1132 3990 praedicto
1162 3921 1268 3976 hoc
1311 3919 1591 3990 colloquio
1629 3935 1751 3976 cum
1790 3921 2117 3991 quibusdam

477 4009 622 4078 regis
653 4009 894 4063 Heinrici
925 4008 1392 4064 consecretalibus
1423 4009 1655 4078 primum
1676 4010 1866 4065 audire
1890 4024 2118 4079 prorsus

475 4097 821 4163 recusabant,
854 4097 982 4166 quia
1013 4111 1042 4150 a
1076 4111 1202 4166 rege
1247 4110 1357 4152 non
1404 4097 1509 4151 nisi
1560 4097 1665 4152 fide
1715 4098 1840 4153 data
1886 4098 2014 4165 sibi,
2049 4112 2116 4155 ne

475 4186 699 4241 omnino
754 4184 1067 4253 reciperent
1121 4192 1176 4240 et
1227 4184 1481 4240 audirent
1534 4199 1727 4254 papam
1777 4193 1832 4241 et
1879 4186 2116 4257 legatum

471 4273 641 4341 illius,
709 4273 986 4329 licentiam
1053 4273 1339 4342 acquirere
1403 4273 1469 4328 ad
1534 4273 1978 4330 conlocutionem
2063 4283 2119 4331 et

2206 3219 2334 3260 num
2363 3221 2541 3272 suum,
2575 3207 2958 3276 patriarcham,
2994 3209 3289 3278 reprobate
3337 3225 3404 3266 eo
3453 3212 3549 3280 qui
3590 3214 3870 3269 canonice

2203 3308 2234 3348 a
2264 3295 2411 3350 clero
2444 3301 2498 3350 et
2529 3295 2732 3366 populo
2764 3297 2972 3351 electus
3020 3305 3124 3366 est,
3168 3299 3647 3371 qualitercumque
3678 3316 3872 3372 appo-

2203 3385 2332 3440 suit.
2393 3384 2599 3440 Deinde
2639 3385 2695 3438 in
2745 3387 3060 3456 Pagoariam
3094 3387 3292 3442 itinere
3324 3402 3434 3458 quo
3491 3392 3663 3459 carpit
3722 3404 3870 3461 pro-

2202 3474 2377 3530 fectus
2415 3480 2517 3528 est.
2570 3473 2702 3529 inde
2741 3474 2991 3530 collectis
3034 3476 3416 3547 undecumque
3471 3479 3701 3536 militum
3737 3495 3871 3539 suo-

2202 3577 2320 3618 rum
2367 3562 2674 3618 auxiliariis
2739 3564 3083 3632 cohortibus,
3142 3565 3342 3621 iterum
3362 3566 3426 3597 ³³⁸
3467 3567 3522 3623 in
3569 3571 3867 3628 Franciam

2203 3667 2454 3708 reversus
2502 3657 2605 3717 est,
2647 3657 2731 3707 set
2789 3659 2970 3708 tamen
3020 3654 3173 3723 prius
3227 3657 3518 3712 Juvavensi
3575 3659 3866 3730 archiepi-

2199 3755 2390 3810 δουρί),
2423 3741 2674 3796 simulata
2722 3741 2944 3812 quidem
2994 3743 3102 3798 fide
3151 3743 3218 3798 ad
3275 3760 3333 3800 se
3385 3753 3603 3815 vocato,
3637 3756 3693 3803 et
3737 3756 3864 3808 arte

2199 3830 2533 3898 omnimoda,
2565 3830 2612 3886 si
2663 3845 2787 3887 eum
2833 3831 2939 3886 sibi
2988 3832 3288 3904 adjungere
3345 3845 3552 3906 posset,
3584 3838 3725 3893 satis
3763 3854 3865 3895 su-

2198 3933 2405 3988 perque
2435 3920 2565 3976 licet
2592 3920 2795 3976 frustra
2824 3927 3213 3992 pertemptato.
3245 3925 3369 3994 ipse
3398 3939 3550 3993 vero,
3575 3934 3636 3982 ut
3657 3942 3861 3984 revera

2199 4013 2404 4064 sancta:
2453 4008 2720 4064 :ecclesiaa
2769 4009 3068 4066 immobilis
3111 4012 3388 4083 columna,
3436 4015 3552 4070 basi
3600 4017 3863 4074 veritatis

2201 4097 2446 4167 pondere
2504 4098 2730 4168 superni
2778 4100 2982 4154 amoris
3039 4099 3418 4158 fundatissime
3475 4107 3857 4175 superposita,

2201 4200 2322 4241 cum
2381 4201 2439 4241 se
2499 4193 2580 4242 tot
2624 4187 3006 4244 vecordiarum
3055 4191 3312 4246 versutiis
3370 4200 3656 4262 tantopere
3729 4198 3859 4267 capi

2202 4275 2594 4345 perspicaciter
2639 4278 3022 4346 persensisset,
3057 4285 3172 4336 toto
3223 4295 3331 4350 quo
3372 4289 3587 4350 poterat
3617 4298 3678 4338 se
3719 4284 3859 4342 inde

471 4377 660 4434 pacem
717 4363 1035 4432 praedictam
1110 4362 1373 4433 agendam
1471 4369 1745 4433 poterant.
1830 4365 2170 4437 Postremo_
2205 4365 2516 4436 proripiens
2562 4365 2768 4432 studio,
2820 4367 3029 4422 relictis
3067 4370 3182 4423 suis
3230 4371 3503 4437 omnibus,
3537 4371 3625 4426 vix
3675 4361 3858 4430 ferme

471 4433 670 4517 tamen,
704 4452 834 4506 licet
870 4451 1224 4518 coactissimi,
1271 4450 1505 4506 eundem
1553 4452 1790 4522 legatum
1820 4461 1876 4508 et
1904 4433 2435 4510 litterastolusiin
2473 4454 2845 4510 Alemanniam
2894 4456 2962 4511 ad
3010 4471 3124 4513 sua:
3154 4459 3326 4527 partis
3357 4466 3410 4514 et
3440 4433 3859 4519 communionis

468 4542 894 4611 sanctionesque
941 4540 1276 4611 apostolicas
1321 4546 1376 4596 et
1423 4541 1751 4608 audierant,
1806 4547 1862 4597 et
1923 4550 1980 4597 ut
2019 4558 2118 4612 par
2199 4545 2345 4599 viros
2384 4550 2551 4599 noctu
2589 4543 2824 4599 latenter
2852 4542 3094 4614 fugiebat
3129 4544 3310 4618 (158).

465 4627 568 4686 fuit
617 4637 732 4685 tota
771 4631 1124 4685 veneratione
1161 4637 1538 4698 susceperant.
1580 4630 1670 4684 Sic
1700 4645 1800 4700 pro
1834 4630 2114 4702 colloquio
2269 4631 2504 4686 Tandem
2537 4632 2722 4702 igitur,
2755 4645 2877 4686 cum
2926 4639 3173 4703 tempore
3203 4634 3462 4692 condicto
3496 4637 3746 4707 undique
3774 4641 3852 4696 ad

467 4720 726 4776 condicto
759 4719 1073 4790 peragendo
1099 4761 1113 4786 ,
1158 4733 1226 4774 ne
1267 4719 1392 4788 quis
1431 4733 1614 4789 regum
1661 4734 1759 4774 seu
1802 4721 2111 4790 principum
2196 4720 2528 4791 colloquium
2573 4720 2904 4776 destinatum
2935 4722 3028 4792 qui
3069 4723 3136 4778 ad
3181 4724 3288 4780 hoc
3317 4725 3493 4781 vocati
3537 4727 3854 4784 nominati-

469 4811 713 4878 qualibet
742 4817 858 4865 arte
907 4809 991 4866 vel
1019 4808 1260 4864 factione
1282 4809 1338 4863 id
1368 4809 1682 4878 impediret,
1709 4808 1813 4864 lide
1861 4811 1930 4865 ad
1971 4811 2111 4866 alte-
2194 4823 2300 4878 que
2328 4817 2456 4864 sunt
2502 4809 2736 4878 majores
2783 4809 3151 4881 melioresque
3198 4815 3352 4883 regni
3405 4816 3704 4872 convenire
3729 4819 3853 4887 jam

465 4905 675 4954 rutrum
706 4899 832 4954 data
861 4906 915 4954 et
943 4904 1189 4968 accepta,
1221 4905 1274 4953 et
1308 4912 1440 4967 pace
1473 4897 1677 4968 pariter
1705 4897 1882 4954 donec
1921 4913 2112 4956 omnes
2193 4899 2510 4968 cwpissent,
2571 4913 2668 4954 rex
2697 4899 2992 4956 Ileinricus
3021 4914 3130 4956 non
3180 4901 3448 4959 mediocri
3489 4903 3692 4960 iterum
3732 4908 3856 4963 col-

463 4987 520 5043 in
545 5002 643 5043 sua
673 4989 918 5043 redirent
959 4988 1234 5054 condicta,
1283 4985 1588 5042 Roudolfus
1624 5000 1723 5042 rex
1751 5001 1875 5043 cum
1904 4989 2020 5044 suis
2047 4989 2105 5044 in
2187 4988 2329 5044 lecta
2366 4988 2581 5054 militia,
2604 4987 2767 5044 fidem
2799 5003 2898 5058 per
2935 4990 3216 5060 principes
3245 4992 3491 5061 ejusjam
3521 4994 3852 5052 condictam

459 5076 831 5133 Saxoniam’”
860 5076 1161 5148 glorianter
1190 5074 1354 5131 redit.
2187 5077 2428 5147 perfidus
2475 5076 2798 5146 infringens,
2839 5078 2990 5148 pacis
3039 5085 3259 5148 pactum
3311 5080 3568 5137 efferatus
3609 5087 3851 5142 omnino

528 5169 643 5222 Rex
691 5171 872 5222 autem
929 5165 1220 5221 lieinricus
1265 5164 1322 5220 in
1382 5163 1576 5221 eodem
1625 5163 1748 5222 loco
1806 5166 2102 5237 Pagoarios
2185 5165 2608 5236 parvipendens,
2643 5172 2758 5222 toto
2807 5167 2989 5236 quoad
3038 5175 3256 5238 poterat
3303 5169 3549 5241 ingenio,
3593 5187 3662 5228 ne
3693 5188 3847 5232 cou-

1824 5263 2048 5317 VARLE
2083 5264 2468 5319 LECTIONES.

522 5334 585 5365 ¹²⁹
613 5349 672 5391 se
697 5335 752 5388 2.
813 5334 892 5409 _”°
922 5333 1246 5409 bellicos_2._
1273 5405 1284 5409 _
1311 5333 1778 5409 f“_rogay_eratl_2.
1830 5333 2229 5409 ⁸δέ’,εἱυεεὶεςνίιιΐ
2259 5335 2312 5390 2.
2391 5333 2455 5366 ’⁸³
2483 5336 2709 5392 saxonia
2737 5334 2793 5388 2.
2855 5334 2918 5367 '“
2947 5335 3216 5406 pstolatos
3253 5337 3309 5394 2.
3351 5340 3709 5409 praestolatus
3738 5345 3834 5400 ed.

455 5405 518 5437 ³⁸⁸
547 5405 950 5477 contemplaret
976 5406 1031 5459 2.
1107 5404 1170 5436 ²³⁶
1199 5405 1346 5460 abb'.
1379 5405 1429 5462 2.
1481 5403 1486 5404 “
1513 5404 1576 5434 ’³⁷
1606 5404 1662 5458 h.
1695 5405 1749 5459 2.
1828 5403 1892 5434 ’³⁸
1921 5405 1996 5460 ite
2034 5405 2090 5460 2.

2039 5505 2256 5564 ΝΟΤίΕ.

2177 5579 2256 5633 cis
2286 5576 2474 5632 illium.
2509 5578 2630 5634 Uss.

527 5574 661 5646 (156)
703 5578 740 5632 1.
782 5591 831 5632 e.
873 5591 1014 5646 quos
1044 5574 1393 5646 praestolatus
1421 5582 1558 5630 erat.

2249 5647 2407 5720 (158)
2447 5646 2528 5704 Cf.
2570 5651 2731 5705 vitam
2768 5649 2823 5708 S.
2864 5649 3194 5709 Gebebardi.

523 5647 683 5721 (157)
728 5648 1039 5704 Udalricum
1067 5647 1284 5704 scilicet
1320 5646 1628 5716 Marquardi
1675 5647 1966 5722 Carentani
1993 5647 2092 5723 du-
