4014 6176
167 289 243 344 401

1409 302 1736 363 ANNALES.
1779 334 1848 346 —
1886 305 1995 361 AN.
2043 303 2199 360 1077.

3378 309 3486 366 402

160 413 388 506 venirent,
430 413 539 506 illis
579 417 822 506 undique
861 420 1277 480 sollertissimus
1324 426 1633 484 obstiterat.
1677 430 1983 491 llliAniam
2023 431 2086 463 ’³³
2115 431 2494 487 devastatnrus
2521 445 2622 488 suo
2653 431 2765 487 ritu
2800 432 3098 502 pervadere
3128 433 3478 506 destinasset,

159 508 310 558 autem
370 501 677 571 hujusmodi
746 507 1026 576 explorata
1093 515 1212 582 ejus
1267 516 1540 571 vecordiae
1597 518 1759 573 solita

163 590 589 660 tergiversatione,
620 605 782 648 causa
812 610 926 651 suae
958 599 1345 656 collocutionis
1374 609 1428 658 et
1458 607 1757 674 proposita}

164 686 227 735 tot
258 678 638 735 discordiarum
696 688 752 736 et
806 685 1118 741 scismatum
1161 691 1327 745 totius
1367 695 1518 763 regni
1559 694 1756 752 futurae

159 767 604 825 confmderationis
641 784 870 839 prorsus
929 773 1149 841 infecta,
1193 782 1439 848 quamvis
1476 797 1586 840 non
1626 785 1756 840 abs-

158 869 244 925 que
275 857 575 926 praegrandi
615 862 1044 918 murmuratione
1083 870 1336 934 permoti,
1381 874 1756 943 unusquisque

154 945 197 998 in
240 958 325 999 sua
371 946 667 1002 remeabat.
717 949 838 1018 Ipse
887 957 1088 1018 autem,
1141 956 1217 1009 uti
1252 958 1361 1026 jam
1412 959 1753 1029 deliberavit,

151 1032 299 1087 solitis
333 1033 603 1090 incendiis
660 1037 971 1108 prtedisque
1019 1042 1300 1112 insistens,
1353 1049 1588 1106 rebelles
1625 1065 1755 1107 suos

148 1121 440 1191 ubicumque
481 1137 642 1179 manu
681 1128 1016 1196 majestativa
1076 1134 1432 1201 pertinaciter
1495 1154 1755 1208 pervase-

146 1217 228 1264 rat.
259 1210 365 1265 lllic
399 1213 732 1282 Argentinus
759 1216 1051 1287 episcopus
1092 1221 1251 1290 (159),
1295 1239 1408 1294 prae
1442 1229 1659 1284 caeteris
1696 1231 1751 1285 in

145 1297 279 1367 hujus
313 1299 458 1354 modi
499 1302 736 1371 negotiis
766 1304 1019 1361 incentor
1043 1315 1097 1362 et
1126 1311 1416 1369 auxiliator
1445 1315 1593 1371 illius
1622 1325 1752 1373 tunc

143 1388 437 1456 praecipuus,
485 1392 716 1460 quadam
758 1393 847 1449 die
879 1410 1030 1452 more
1071 1400 1290 1457 militari
1332 1404 1593 1462 bellicose
1626 1407 1753 1463 lori-

141 1483 286 1542 catus,
341 1484 394 1532 et
432 1484 520 1533 tot
557 1480 821 1537 malorum
882 1491 936 1539 et
978 1485 1281 1546 facinorum
1321 1494 1660 1552 armiductor
1697 1504 1753 1554 et

142 1564 476 1632 primicerius,
517 1581 638 1622 cum
669 1569 737 1625 ad
770 1578 947 1627 castra
989 1583 1256 1634 remearet
1293 1582 1408 1651 regi
1449 1597 1549 1638 suo
1589 1585 1752 1641 nimis

138 1654 403 1710 crudeliter
429 1658 761 1728 morigerus,
795 1667 970 1719 morte
1000 1669 1304 1736 repentina,
1347 1686 1468 1727 cum
1508 1689 1566 1729 se
1606 1675 1748 1732 lecto

1841 529 1896 578 et
1933 523 2104 579 duces
2141 521 2492 578 Bertholdum
2533 527 2588 578 et
2625 521 2856 578 Welfum
2909 537 3030 578 cum
3087 525 3307 581 caeteris
3360 529 3480 584 Ale-

1841 625 2160 667 mannorum
2202 613 2524 668 cohortibus
2563 611 2667 666 sibi
2725 611 2873 667 bello
2931 626 3328 683 congressuros
3367 627 3475 670 non

1839 696 2135 767 dubitaret;
2171 699 2424 770 prudenti
2466 700 2686 769 quidem
2743 700 2976 756 consilio
3025 715 3312 757 occursum
3352 702 3478 758 illo-

1838 802 1956 842 rum
1995 789 2298 854 declinans,
2341 795 2490 844 recta
2521 790 2573 843 in
2609 789 2924 859 Pagoariam
2965 804 3087 844 cum
3127 791 3242 845 suis
3279 791 3474 856 itione,

1837 876 1984 932 bello
2017 877 2238 942 cedens,
2281 878 2675 948 commigravit.
2717 878 2924 933 Dehinc
2961 880 3254 947 assumptis
3289 895 3474 935 secum

1837 965 1994 1020 ducis
2018 967 2383 1031 Boemiorum,
2417 966 2634 1022 illorum
2677 967 3113 1036 provincialium,
3148 968 3478 1023 militaribus

1836 1053 2031 1122 copiis,
2075 1054 2444 1123 Eggibertum,
2488 1069 2595 1109 non
2638 1069 2817 1123 parva:
2867 1056 3117 1110 valentia:
3169 1063 3224 1110 et
3260 1057 3478 1113 virtutis

1835 1143 2111 1205 comitem,
2153 1143 2244 1211 qui
2278 1144 2382 1198 sibi
2417 1143 2796 1210 rebellaverat,
2849 1145 3071 1214 praedis,
3112 1146 3384 1202 incendiis
3423 1156 3478 1203 et

1835 1231 2182 1287 castellorum
2224 1232 2372 1286 illius
2419 1232 2804 1287 obsidionibus
2854 1235 3104 1302 pertinax
3143 1236 3262 1304 ejus
3308 1236 3474 1290 deva-

1834 1324 2009 1377 stator
2076 1321 2350 1377 hostiliter
2414 1322 2712 1392 inpetebat.
2774 1325 2832 1377 In
2891 1325 3046 1392 cujus
3103 1326 3476 1381 devastatione

1834 1411 2052 1466 nivosas
2089 1411 2291 1481 algoris
2330 1411 2640 1466 nimietates
2695 1412 2775 1466 sic
2833 1426 2953 1466 cum
2995 1413 3110 1467 suis
3148 1428 3475 1484 quamquam

1832 1499 1918 1554 vix
1988 1501 2322 1570 perpetiens,
2391 1501 2568 1555 tribus
2635 1499 2877 1555 castellis
2935 1501 3082 1555 illius
3139 1502 3474 1572 aliquamdiu

1833 1588 2093 1654 obsessis,
2126 1594 2179 1643 et
2209 1589 2276 1644 ad
2309 1589 2552 1644 ultimum
2603 1589 2817 1644 bellicis
2866 1589 3246 1645 instrumentis
3297 1595 3475 1660 captis

1831 1683 1885 1731 et
1924 1677 2239 1744 destructis,
2274 1692 2534 1748 pervasor
2571 1677 2895 1732 durissimus
2942 1678 3236 1732 hiemabat.
3292 1682 3473 1749 Ipsum

138 1743 419 1838 collocaret,
466 1747 522 1800 in
563 1758 842 1807 momento
900 1763 1212 1822 praeventus
1276 1768 1378 1815 est.
1441 1762 1594 1818 Unde
1659 1755 2069 1835 suinenique
2099 1767 2203 1821 sibi
2226 1743 2492 1822 resistere
2523 1768 2743 1821 minime
2782 1765 3142 1821 sufficientem
3177 1767 3244 1821 ad
3285 1781 3469 1838 regem

133 1831 242 1887 satis
283 1848 561 1904 superque
610 1840 880 1906 exterriti,
925 1855 1032 1898 non
1083 1859 1272 1914 parum
1323 1849 1744 1921 obstupuerunt,

134 1921 208 1988 qui
240 1922 339 1977 vita
371 1923 524 1979 illius
564 1924 830 1997 ﬂagitiosa
870 1933 1170 1990 tantotiens
1207 1939 1556 1996 scandalizati
1596 1948 1744 1998 sunt.

133 2005 232 2075 lpse
257 2022 488 2081 namque
517 2021 706 2070 contra
730 2027 1067 2088 praeceptum
1091 2026 1414 2082 canonicum
1437 2031 1745 2087 concubina

131 2097 332 2162 quadam
362 2101 548 2165 vidua,
581 2104 798 2172 publica
831 2110 1132 2176 pertinacia
1164 2114 1523 2184 inpudoratus
1543 2119 1745 2176 abusus

129 2191 210 2250 est,
248 2200 406 2255 quam
465 2191 622 2246 militi
682 2191 782 2249 δυο
840 2204 1086 2267 nuptam,
1148 2216 1253 2257 non
1296 2205 1510 2261 modica
1549 2209 1616 2263 ab
1674 2223 1741 2265 eo

127 2277 360 2340 peccunia
429 2284 486 2333 et
523 2280 810 2338 beneﬁciis
858 2293 1092 2356 emptam
1133 2291 1471 2362 abstulerat;
1541 2297 1742 2354 dehinc

126 2362 239 2456 apud
278 2378 478 2434 papam
525 2383 625 2438 pro
666 2370 977 2440 hujusmodi
1037 2386 1326 2436 accusatus
1367 2383 1524 2456 (160)
1569 2386 1739 2456 ipsam

122 2449 400 2538 ahjuratam
444 2470 554 2512 non
603 2459 971 2531 devitaverat;
1023 2473 1332 2538 praeterque
1381 2449 1513 2529 haec
1546 2449 1740 2533 nefan-

121 2537 302 2595 dissimi
337 2544 624 2611 cujusdam
665 2548 908 2605 incestus
946 2553 1115 2622 ipsam
1167 2537 1416 2614 infamem
1465 2565 1744 2633 suspicio-

119 2639 233 2694 nem,
278 2643 582 2701 numquam
651 2638 723 2692 ob
791 2639 843 2694 id
905 2656 1001 2696 sua
1058 2644 1385 2702 abalienavit
1449 2649 1743 2710 fornicaria

118 2715 352 2805 coitione.
400 2721 493 2775 Sic
532 2724 625 2777 Dei
686 2734 1034 2798 contemptor
1082 2732 1405 2805 industrius,
1448 2744 1508 2794 ut
1546 2742 1743 2798 Paulus

115 2804 482 2901 §amosatenus
519 2813 816 2883 episcopus
871 2817 962 2871 ille
1018 2804 1395 2880 Antiochenus
1431 2827 1603 2896 (16]),
1647 2832 1740 2901 qui

115 2889 409 2952 feminarum
453 2903 738 2958 consortio
798 2903 1124 2974 delectatus,
1175 2910 1395 2968 clericis
1437 2889 1737 2974 suisvidem

115 2986 380 3076 concessit,
417 3000 489 3042 ne
519 2989 624 3043 sibi
654 2990 762 3046 hoc
790 2993 858 3047 ab
888 2995 968 3048 eis
999 2997 1204 3053 crimen
1237 3001 1492 3070 imputari
1525 3017 1733 3076 posset,

1831 1856 2188 1925 Ungariorum
2228 1869 2350 1910 cum
2384 1869 2552 1910 uxore
2581 1855 2730 1926 (162)
2771 1855 2995 1924 suisque
3034 1856 3288 1910 omnibus
3325 1855 3475 1927 fuga-

1829 1947 1939 1998 tum
1973 1944 2192 1999 exulare
2233 1945 2434 2015 coegit.

1898 2032 2098 2087 Eadem
2139 2038 2463 2103 tempestate
2503 2031 2806 2088 Roudolfus
2845 2047 2960 2094 rex,
3003 2041 3290 2104 postquam
3331 2048 3470 2103 pra:-

1827 2120 1972 2175 dicta
2004 2121 2354 2191 expeditione
2387 2121 2536 2176 finita
2575 2122 2630 2175 in
2663 2121 2949 2176 Saxoniam
2981 2137 3103 2177 cum
3135 2123 3250 2178 suis
3281 2123 3468 2191 rediit,

1824 2214 1875 2263 et
1919 2210 2252 2279 colloquium
2294 2210 2633 2277 condictum,
2676 2211 2822 2280 regis
2860 2211 3101 2265 Heinrici
3140 2209 3376 2266 factione
3417 2216 3474 2266 et

1825 2300 2053 2369 perfidia
2094 2300 2414 2369 impeditum
2461 2301 2801 2369 recognovit,
2843 2300 2976 2368 quid
3028 2300 3245 2354 tandem
3286 2301 3472 2369 potius

1823 2395 2141 2458 ageretnon
2173 2389 2381 2450 habuit,
2406 2402 2567 2458 quam
2593 2387 2836 2457 utjudex
2867 2387 3215 2456 aequissimus
3245 2401 3472 2457 regnum

1823 2480 2148 2534 Saxonicum
2209 2479 2539 2548 pacilicaret,
2583 2485 2637 2532 et
2685 2477 2987 2532 secundum
3046 2477 3197 2546 leges
3251 2477 3472 2532 illorum

1825 2581 1989 2635 prava
2018 2582 2250 2636 quaeque
2275 2567 2577 2637 justissime
2611 2566 2917 2621 examinata
2949 2567 3274 2636 corrigeret.
3327 2566 3473 2619 Prae-

1828 2661 1910 2710 ter
1949 2655 2067 2709 haec
2115 2655 2379 2723 quosdam
2431 2653 2495 2685 ’³ο
2547 2654 2936 2709 Westfalorum
2977 2660 3031 2709 et
3069 2654 3471 2724 Tboringorum

1825 2744 1929 2798 sibi
1992 2743 2322 2798 rebellantes
2378 2743 2526 2813 regia
2603 2746 2884 2811 majestate
2943 2745 3211 2798 coercuit.
3255 2745 3466 2798 Domno

1824 2833 1985 2886 etiam
2053 2831 2358 2901 apostolico
2425 2837 2592 2886 totam
2658 2847 2838 2886 rerum
2906 2837 3180 2901 gestarum
3248 2831 3470 2898 seriem,

1823 2921 2036 2976 directo
2059 2923 2170 2990 jam
2203 2922 2426 2975 Romam
2467 2920 2667 2990 legato,
2702 2920 2942 2975 intimari
2974 2919 3124 2985 fecit,
3159 2921 3279 2989 ejus
3308 2933 3474 2989 super

1823 3009 1910 3064 his
1967 3009 2256 3064 consilium
2296 3015 2350 3063 et
2401 3008 2659 3063 auxilium
2719 3008 3096 3063 sollertissime
3152 3008 3473 3077 quaeritans.

113 3073 298 3168 cunctis
335 3076 456 3130 suis
495 3079 778 3168 canonicis
844 3088 899 3137 et
955 3085 1174 3141 clericis
1227 3073 1946 3168 subparrochianis,Clpse
2005 3105 2184 3152 autem
2244 3097 2292 3152 ei
2353 3097 2522 3151 nichil
2562 3097 2708 3150 aliud
2769 3096 3126 3161 remandavit,
3176 3096 3281 3150 nisi
3322 3096 3470 3165 quod

113 3167 194 3211 nec
245 3174 351 3217 non
415 3166 520 3219 toti
582 3168 850 3225 :ecclesiae
908 3174 1226 3230 scandalum
1287 3192 1395 3234 non
1454 3182 1734 3240 minimum

114 3244 329 3315 effectus,
372 3251 512 3308 iram
575 3255 670 3310 Dei
724 3261 1048 3327 promeruit,
1101 3270 1323 3323 aeternae
1372 3269 1740 3329 damnationis

115 3334 268 3433 rigore
296 3338 626 3433 feriendus:
659 3359 738 3400 va:
771 3349 974 3418 quippe
1006 3351 1212 3409 homini
1245 3371 1342 3425 per
1361 3373 1522 3428 quem
1553 3362 1742 3433 hujus-

119 3426 240 3480 modi
267 3431 591 3488 scandalum
622 3436 789 3491 venit.
832 3439 924 3493 ναξ
955 3454 1187 3511 namque
1220 3445 1274 3499 in
1305 3426 1506 3503 divinis
1544 3426 1744 3509 litteris

121 3525 201 3578 pro
230 3523 432 3575 aeterno
467 3521 624 3576 luctu
646 3525 928 3580 scribitur.
963 3530 1160 3586 Paulus
1189 3532 1466 3591 hereticus
1496 3538 1587 3594 ille
1620 3555 1742 3596 cum

122 3599 376 3662 damnatus
401 3610 472 3665 ab
498 3612 753 3668 mcclesia
785 3615 956 3671 nollet
996 3619 1303 3689 discedere,
1346 3626 1413 3680 ad
1445 3629 1528 3682 sui
1568 3629 1742 3686 dede—

123 3691 245 3781 coris
280 3698 564 3753 cumulum
611 3701 829 3768 publica
883 3705 1010 3760 inde
1061 3722 1220 3764 manu
1270 3713 1601 3781 expellitur:
1655 3719 1743 3772 hic

120 3777 278 3866 itidem
307 3787 374 3840 ab
405 3790 721 3858 apostolica
753 3795 1038 3850 sanctione
1071 3811 1171 3866 pro
1210 3777 1499 3859 heresibus
1536 3807 1652 3861 suis
1689 3816 1744 3862 et

120 3863 308 3937 ﬂagitiis
335 3877 614 3933 canonice
639 3880 747 3948 jam
785 3863 1094 3952 damnatus,
1136 3891 1359 3957 superni
1385 3892 1590 3960 judicis
1618 3911 1743 3950 sen-

117 3959 258 4012 tentia
312 3964 376 4018 ad
448 3969 766 4036 exemplum
835 3975 1049 4029 cunctis
1125 3959 1589 4038 evidentissimum
1660 3991 1742 4041 est

118 4041 380 4136 derepente
431 4063 493 4111 ut
537 4070 568 4110 a
617 4059 744 4126 vita,
804 4060 885 4115 sic
943 4076 974 4116 a
1022 4077 1192 4135 regno
1249 4069 1344 4124 Dei
1405 4071 1736 4130 eliminatus.

116 4137 253 4196 Quem
289 4143 370 4196 sui
401 4153 723 4214 acceptum,
781 4162 907 4204 mox
952 4150 1020 4204 ad
1061 4153 1247 4210 sedem
1300 4171 1450 4213 suam
1501 4159 1737 4218 infausto

115 4219 280 4282 itinere
325 4234 715 4289 tumulandum
755 4242 1128 4307 reportarunt.

173 4313 271 4371 Rex
333 4335 467 4378 vero
535 4323 846 4392 Heinricus,
915 4327 1043 4384 dum
1106 4333 1270 4389 tertio
1324 4340 1453 4392 tunc
1483 4338 1732 4396 Aleman-

1824 3187 2150 3252 litterarum,
2219 3201 2354 3255 quas
2421 3186 2666 3255 proxime
2707 3191 2762 3240 et
2819 3185 3012 3255 legatis
3067 3185 3182 3239 suis
3247 3191 3302 3239 et
3366 3198 3474 3240 una

1824 3277 2078 3333 omnibus
2133 3277 2593 3331 Theutonicarum
2638 3274 2871 3344 partium
2912 3274 3260 3344 principibus
3297 3280 3476 3328 trans-

1823 3367 2068 3432 miserat,
2109 3381 2168 3421 se
2215 3379 2324 3421 non
2372 3365 2654 3435 ignoraret
2696 3377 2805 3418 non
2847 3363 3062 3417 modica
3101 3363 3358 3417 aviditate
3397 3361 3475 3416 ef-

1824 3456 2024 3512 fectum
2083 3462 2452 3524 exspectasse.
2508 3453 2663 3508 Unde
2704 3452 3000 3506 cardinalis
3053 3450 3144 3504 ille
3195 3452 3476 3504 Romanus

1827 3559 1937 3600 non
1979 3559 2168 3614 parum
2201 3543 2423 3612 quidem
2455 3542 2746 3604 animatus,
2775 3541 2928 3608 juxta
2960 3538 3110 3606 quod
3164 3538 3218 3591 in
3273 3537 3475 3592 litteris

1826 3633 2232 3696 continebatur,
2267 3636 2552 3685 contracto
2592 3628 2873 3682 Saxonicae
2914 3626 3212 3696 provinciae
3262 3625 3476 3694 episco-

1829 3735 2021 3791 porum
2090 3725 2526 3786 cmterorumque
2595 3715 2902 3784 principum
2960 3714 3106 3784 apud
3171 3713 3470 3769 Goslariam

1827 3810 2081 3880 collegio,
2133 3821 2314 3878 regem
2377 3807 2690 3861 lleinricum
2750 3804 3069 3875 apostolicae
3129 3803 3474 3860 auctoritatis

1825 3899 2096 3955 sententia
2137 3897 2190 3951 in
2231 3896 2265 3949 2
2293 3896 2423 3951 Idus
2460 3895 2782 3950 Novembris
2831 3892 2972 3963 (163;
3016 3908 3045 3947 a
3085 3894 3470 3950 communione

1824 3987 2074 4057 corporis
2112 3992 2167 4041 et
2204 3985 2485 4055 sanguinis
2531 3984 2767 4052 Domini,
2810 3997 2911 4039 nec
2961 3995 3070 4038 non
3120 3997 3150 4037 a
3189 3982 3473 4040 liminibus

1821 4083 2024 4131 sanctae
2065 4075 2331 4131 {ecclesiae
2357 4072 2645 4128 catholicae
2699 4072 3090 4142 juridicialiter
3155 4071 3468 4127 damnatum

1821 4164 2044 4221 omnino
2076 4162 2584 4226 excommunicavit,
2628 4163 2790 4232 eique
2830 4162 3054 4216 omnino
3086 4161 3240 4231 regni
3274 4161 3472 4232 guber-

1820 4253 2012 4309 nacula
2042 4253 2346 4318 interdixit,
2381 4266 2446 4306 eo
2480 4251 2627 4320 quod
2659 4263 2869 4305 summo
2910 4249 3101 4318 primae
3141 4249 3290 4303 sedis
3328 4261 3470 4318 apo-

1819 4342 2030 4398 stolicae
2107 4341 2353 4411 pontifici
2419 4338 2478 4370 ’“
2548 4353 2776 4408 prorsus
2847 4336 3195 4391 inoboediens
3269 4334 3466 4390 factus.

1465 4455 1688 4511 VARUE
1725 4459 2006 4514 LECTION
2013 4459 2090 4513 ES

171 4526 223 4556 IIS

249 4530 598 4592 alemannam
628 4536 682 4594 2.
761 4540 824 4571 "°
854 4543 1122 4612 quosdam
1170 4562 1332 4618 usque
1369 4550 1662 4608 Mediolani
1722 4554 1864 4625 (pag.
1925 4554 2032 4608 305
2075 4555 2170 4609 lin.
2219 4553 2329 4623 26.)
2367 4551 2495 4622 folio
2543 4552 2720 4606 exciso
2760 4549 2942 4604 desunt
2987 4547 3052 4603 Γ.
3130 4545 3187 4578 ’⁸⁸
3231 4546 3372 4601 deest
3407 4543 3462 4600 2.

1663 4653 1880 4708 ΝΟΤίΕ.

177 4721 313 4795 (159)
353 4731 740 4791 Werinherus.

181 4791 322 4882 960)
368 4801 739 4882 cf.__Gregorii
770 4810 878 4865 νη.
912 4812 1149 4882 Registr.
1193 4815 1282 4882 Ill,
1323 4814 1376 4881 4,
1412 4815 1501 4872 die
1531 4817 1565 4870 3
1595 4820 1734 4874 Non.

121 4860 244 4931 Sept.
276 4860 322 4924 a'.
368 4873 511 4925 1075
553 4860 697 4932 data.

181 4935 554 5029 titilLSimilia
577 4947 786 5029 profert
816 4952 1072 5029 Bernold.
1105 4957 1304 5026 Opnsc.
1337 4959 1429 5025 lll,
1460 4960 1514 5024 7,
1549 4975 1601 5029 p.
1635 4959 1742 5014 252

125 5007 516 5094 ethhronieon_
547 5007 692 5094 anno
729 5022 939 5078 Claudii
982 5027 1023 5079 l.

183 5076 417 5170 cf.
455 5089 632 5170 Vitam
667 5092 818 5170 beati
841 5076 1218 5170 ritdal—beronis
1257 5101 1502 5170 episcopi
1547 5104 1742 5158 llerbi-

126 5148 492 5239 θξῖξξδξιξίδρῐιρ.
538 5160 581 5224 l,
629 5163 718 5216 ubi
750 5148 1215 5239 Arnoldius—ejus
1244 5148 1742 5238 ﬁit'éﬁ”:iiiaiﬁ"iié-

123 5213 554 5315 dicitur,
570 5213 718 5315 :quie
741 5213 1052 5315 (ii'ééiiﬁiaa
1080 5213 1217 5315 aliis

125 5285 406 5381 Engling
436 5285 840 5381 (ξοῴὶιῖςᾷμυῖὖὲ
852 5285 1543 5375 'éh's'iiﬁmjﬁiti'éhiiéic'd

125 5369 295 5452 {liga
327 5370 468 5424 OEni
514 5369 766 5452 fluminis'
806 5386 890 5433 est
926 5369 1122 5452 situm.’
1171 5383 1308 5437 Huic
1367 5369 1488 5452 post
1521 5369 1740 5443 felicem

124 5425 322 5514 fratrum
353 5455 644 5514 excessum
678 5449 730 5502 in
771 5425 1338 5507 sortemudo'tisuu‘rbs

125 5507 487 5593 Quibusnad
543 5530 616 5593 se
670 5522 1071 5593 pertinentibus
1126 5523 1344 5578 cecidit.
1388 5507 1578 5583 Dan-lio
1610 5507 1739 5586 €666

122 5580 257 5630 antea
298 5580 493 5639 Putina
537 5580 895 5661 urbs'inclyta
935 5599 989 5648 et
1025 5592 1228 5649 famosa
1267 5580 1573 5664 vocaturi?
1615 5580 1740 5669 quae

1757 4750 1980 4818 unasi
2010 4748 2332 4818 metropolis
2369 4754 2425 4803 et
2461 4753 2634 4803 mater
2678 4745 2971 4818 civitatum
3004 4741 3468 4818 versus__Panno-

1825 4810 1965 4876 niam
1997 4821 2064 4876 ad
2104 4810 2392 4876 australem
2427 4819 2636 4894 plagam
2667 4818 2733 4872 ad
2773 4814 3042 4894 arcendos
3060 4810 3300 4894 hostiles
3331 4812 3465 4865 Pan-

1824 4893 2114 4965 noniorum
2143 4893 2396 4947 incursus
2434 4896 2488 4946 et
2536 4889 2938 4965 devastationes
2977 4889 3286 4965 antiquitus
3333 4896 3464 4965 cou-

1824 4965 2014 5018 stituta
2043 4963 2162 5029 fuit,
2201 4983 2228 5012 »
2272 4969 2325 5017 et
2364 4976 2514 5034 nunc
2537 4961 2712 5014 Pitten
2754 4956 3080 5034 appellatur.
3129 4956 3287 5034 Patet
3333 4953 3462 5007 hinc

1830 5036 1967 5091 ratio
1999 5043 2104 5089 tam
2146 5025 2567 5107 persecutionis,
2610 5043 2770 5107 quam
2791 5025 3306 5107 ’fugze-Eggeberti;
3340 5038 3464 5105 cum

1829 5108 1970 5161 enim
2004 5107 2092 5161 hic
2124 5095 2304 5175 partes
2341 5095 2703 5177 Adalberonis
2732 5095 2977 5177 episcopi
3027 5095 3462 5177 Herbipoleusis,

1827 5179 2005 5233 soceri
2036 5171 2134 5232 sui
2159 5175 2514 5250 ablleinrico
2545 5172 2676 5250 sede
2707 5187 2803 5226 sua
2833 5171 2995 5240 pulsi,
3039 5175 3304 5250 tueretur,
3350 5171 3466 5250 ipse

1827 5263 2047 5318 quoque
2078 5247 2282 5321 eversis
2302 5245 2506 5321 castris
2536 5245 2674 5321 suis,
2710 5257 2938 5321 quorum
2975 5245 3466 5321 .prtecipuu-m‘erat

1824 5313 2082 5390 Neuburg
2112 5317 2502 5387 Scherdingam
2532 5316 2678 5370 inter
2715 5313 2767 5368 et
2792 5313 3103 5392 Patavium,
3156 5313 3209 5362 in
3261 5313 3463 5392 tutiora

1824 5406 1944 5446 sese
2016 5381 2263 5459 rccipere
2320 5381 2546 5443 coactus
2594 5392 2696 5459 est,
2727 5385 2804 5459 ad
2839 5385 3186 5459 Putinensem
3247 5381 3461 5435 scilicet

1824 5464 2012 5518 urbem
2041 5453 2191 5516 sua'm
2223 5461 2277 5514 in
2317 5459 2606 5529 Hungariaa
2645 5457 2844 5510 ﬁnibus
2874 5456 3051 5529 sitam.
3089 5453 3206 5507 Uss.

1895 5533 2040 5604 (163)
2099 5549 2130 5586 (ι
2170 5524 2520 5604 commquio'ne
2555 5559 2624 5567 —
2651 5542 2872 5604 regnum
2916 5524 3109 5604 ordine
3149 5527 3354 5604 mutato
3395 5537 3461 5577 ex

1823 5597 1911 5675 ep.
1943 5597 2189 5676 Gregorii
2219 5604 2305 5666 IV,
2337 5599 2427 5667 23,
2457 5614 2620 5670 supra
2651 5598 2870 5655 laudata
2900 5597 3069 5667 petita
3097 5601 3242 5650 sunt.
