4014 6176
477 277 583 334 403
1450 280 1826 336 BERTHOLDI
1869 281 2280 336 PRESBYTERI
2319 277 2876 336 CONSTANTIENSIS
3741 273 3842 328 404

479 419 728 477 regnum,
763 407 960 476 quoin
1001 407 1243 464 Romana
1281 405 1493 478 synodo
1541 421 1663 462 eum
1697 408 1845 477 justa
1893 404 2372 468 damna-Afuerit
2434 405 2597 460 etiam
2665 403 2822 458 cibus
2859 406 2915 457 et
2969 400 3316 457 delectabills
3360 397 3556 456 animat
3593 398 3838 456 refectio.

480 502 595 550 tum
651 495 927 552 sententia
983 494 1230 564 privavit,
1273 501 1328 550 et
1366 494 1445 550 sic
1484 495 1752 565 privatum
1810 498 2123 552 anathema-
2204 494 2322 551 Illic
2360 492 2587 550 conviva
2625 491 2877 547 Christus
2905 504 3123 560 semper
3151 491 3205 546 in
3239 489 3574 560 pauperibus
3600 487 3844 545 ofﬁciose

479 583 682 650 tizavit,
724 597 835 640 non
873 584 940 638 ab
980 598 1046 639 eo
1087 584 1385 652 permissus
1423 585 1728 640 temeritate
1767 591 1916 641 tanta
1963 586 2120 641 inva-
2204 582 2623 654 procurabatur.
2665 580 2818 635 Fecit
2855 593 3090 649 namque
3145 579 3252 634 sibi
3309 578 3517 634 amicos
3563 577 3632 633 de
3673 591 3842 633 mam-

482 672 678 738 deret;
712 679 767 728 et
795 673 1023 742 insuper
1051 673 1189 726 viam
1220 676 1275 726 et
1313 672 1535 728 ductum
1566 673 1634 728 ad
1684 680 1765 728 tot
1816 675 2122 730 discordias
2204 685 2365 728 mona
2403 669 2730 740 iniquitatis,
2773 675 2832 724 ut
2871 682 2993 724 cum
3044 667 3325 733 deﬁceret,
3377 667 3433 722 in
3483 672 3689 723 aeterna
3725 680 3844 722 eam

480 763 736 816 scismata
783 767 839 818 et
888 761 1057 816 totius
1113 761 1265 829 regni
1313 759 1650 817 facinorosas
1689 769 1743 816 et
1781 761 2124 818 calamitosas
2203 759 2556 816 tabernacula
2596 759 2929 827 reciperent.
2962 756 3232 825 Quicquid
3281 756 3426 812 enim
3475 756 3544 812 de
3593 757 3709 812 suis
3751 757 3849 812 ha-

482 849 789 904 simultates
843 849 1253 920 componendas
1292 856 1640 918 contemptor
1677 850 1772 904 Dei
1812 857 1866 905 et
1904 857 2122 920 aposto-
2203 849 2334 904 bere
2393 854 2608 918 poterat
2665 845 3032 917 patrimoniis,
3099 859 3225 914 quae
3289 844 3624 916 amplissima
3679 851 3849 902 tanta

484 937 604 993 lica:
643 938 811 998 sedis.
851 938 955 1008 ipsi
997 939 1246 1007 pertinax
1303 938 1528 993 omnino
1585 938 1666 992 vel
1725 952 1871 994 nunc
1929 939 2121 994 saltem
2204 951 2456 1007 personae
2494 935 2915 1005 responderant,
2951 939 3154 1003 praeter
3190 933 3506 991 manifestas
3541 934 3850 990 necessita-

485 1025 788 1082 concedere
851 1025 1202 1082 detrectaret.
1243 1024 1575 1082 Roudolfum
1621 1039 1749 1082 vero
1796 1027 2123 1084 auctoritate
2203 1029 2307 1092 tes,
2340 1025 2568 1086 cottidie
2599 1026 2655 1079 in
2691 1023 2999 1093 hujusmodi
3040 1022 3285 1079 studiose
3325 1023 3678 1092 disperserat.
3730 1024 3859 1079 Bal-

483 1114 784 1184 apostolica
822 1114 878 1168 in
917 1128 1142 1186 regnum
1183 1114 1541 1181 conﬁrmavit,
1583 1120 1638 1170 et
1675 1115 1931 1170 omnibus
1967 1115 2120 1184 regni
2204 1128 2428 1170 nearum
2495 1113 2734 1169 fomenta
2800 1119 2855 1168 et
2922 1112 3225 1182 plumarum
3283 1111 3567 1168 mollitiem
3623 1113 3856 1169 onino

485 1203 860 1272 optimatibus,
902 1208 963 1257 ut
989 1203 1094 1273 ipsi
1127 1208 1186 1257 ut
1215 1207 1436 1272 oportet
1465 1202 1580 1272 regi
1619 1201 1882 1266 faverent,
1919 1203 2121 1258 ﬁrmis-
2205 1202 2498 1258 devitabat.
2540 1204 2777 1257 Stratum
2819 1203 2939 1270 ejus
2986 1199 3332 1270 frequentius
3388 1206 3532 1256 terra
3587 1200 3712 1266 fuit,
3753 1215 3858 1256 seu

483 1292 618 1346 sime
684 1291 969 1361 praecepit.
1041 1293 1142 1345 Per
1177 1290 1547 1346 Alemanniam
1587 1305 1808 1361 quoque
1837 1292 2122 1362 utriusque
2204 1290 2335 1360 quid
2375 1289 2523 1346 aliud
2563 1291 2632 1346 de
2671 1289 3008 1355 durioribus,
3043 1287 3700 1358 psiathio(166),tapetio
3739 1289 3862 1346 sive

487 1379 656 1450 partis
697 1379 974 1436 bellicosa;
1012 1379 1173 1434 nimis
1219 1379 1275 1433 in
1315 1378 1636 1434 alterutrum
1694 1379 1990 1450 phalanges
2044 1380 2124 1434 (11-
2204 1380 2378 1450 paleis
2435 1379 2728 1434 rarissimis
2777 1383 3084 1448 praaparata
3122 1377 3232 1444 ¹⁴³;
3291 1385 3348 1432 et
3386 1391 3507 1434 cum
3552 1378 3864 1448 paullisper

485 1470 659 1524 versis
698 1469 942 1537 undique
977 1468 1235 1533 motibus,
1265 1474 1351 1523 set
1389 1468 1536 1523 circa
1584 1469 1885 1524 Danubium
1933 1468 2124 1538 praeci-
2204 1467 2821 1538 fragilecorpusculum
2861 1465 3288 1522 dormitiuncula
3345 1472 3501 1536 rapta
3557 1467 3815 1524 reﬁceret
3844 1511 3858 1535 ,

483 1571 611 1626 pue,
645 1571 779 1626 pace
817 1569 1046 1626 prorsus
1075 1556 1421 1622 conturbata,
1457 1555 1660 1625 praedis
1689 1556 1876 1612 itidem
1915 1557 2125 1626 rapinis
2205 1556 2335 1612 ilico
2369 1557 2437 1611 ad
2476 1556 2692 1626 vigilias
2728 1555 3118 1624 orationesque
3163 1553 3356 1610 solitas
3402 1554 3566 1609 nimis
3600 1553 3862 1625 inpiger-

481 1652 537 1702 et
575 1644 848 1701 incendiis
876 1643 1205 1706 insistendo,
1247 1648 1302 1698 et
1340 1658 1428 1699 res
1474 1643 1700 1711 alienas,
1739 1651 1826 1701 set
1853 1645 2128 1701 aecclesia-
2206 1645 2343 1700 rima
2381 1642 2642 1700 fervebat.
2683 1643 2782 1698 Cui
2822 1642 3072 1698 Christus
3109 1642 3164 1696 in
3213 1641 3403 1707 corde,
3451 1641 3690 1711 psalmus
3726 1656 3860 1698 ver-

480 1735 648 1791 sticas
686 1733 986 1802 praecipue,
1034 1732 1140 1787 sibi
1187 1732 1405 1802 publica
1451 1734 1734 1790 invasione
1782 1731 2444 1804 usurpando,Bbumque
2475 1731 2624 1787 illius
2661 1745 2879 1800 semper
2915 1731 2970 1786 in
3011 1743 3108 1786 ore
3147 1730 3354 1786 sonuit.
3395 1729 3534 1798 Quid
3573 1735 3706 1785 tunc
3745 1729 3858 1785 sibi

481 1835 581 1892 pro
608 1834 769 1892 posse
797 1835 898 1876 suo
930 1821 1325 1877 debacbantur.
2203 1821 2410 1877 laboris
2442 1819 2820 1890 insumpserit,
2853 1819 2972 1889 ipse
3002 1819 3154 1874 solus
3181 1818 3341 1874 testis
3369 1825 3424 1874 et
3463 1817 3719 1874 conscius
3749 1825 3861 1886 est,

551 1910 756 1965 Eodem
783 1915 1029 1980 tempore
1058 1913 1238 1982 Agnes
1276 1910 1595 1980 imperatrix
1626 1909 1778 1982 (164)
1811 1911 2123 1980 hujusmodi
2205 1923 2327 1964 cum
2357 1921 2467 1978 quo
2505 1913 2615 1964 tam
2645 1907 2834 1963 intime
2865 1906 2930 1938 ’δι
2958 1912 3281 1963 conversata
3320 1912 3424 1962 est.
3473 1908 3675 1962 Omnes
3723 1920 3864 1962 suos

478 1998 784 2055 seditiones
816 2002 924 2068 jam
976 1999 1068 2054 diu
1117 1999 1313 2055 sedare
1359 2013 1706 2070 summepere
1759 2000 2120 2067 contendens,
2205 2003 2314 2054 tam
2354 1997 2496 2053 ultra
2535 1997 2755 2053 modum
2794 1997 2888 2052 diu
2928 2001 3206 2066 noctuque
3252 1995 3553 2052 laborando
3600 1997 3866 2052 convice-

479 2084 627 2144 exitu
687 2087 835 2143 felici
887 2088 951 2140 19
990 2087 1108 2142 Kal.
1155 2090 1374 2144 Januar.
1417 2088 1559 2144 diem
1619 2089 1867 2144 ultimum
1906 2090 2121 2144 clausit.
2207 2097 2311 2155 rat,
2345 2088 2400 2142 in
2443 2086 2783 2143 vestimentis
2823 2099 3120 2156 pauperum
3162 2085 3413 2140 manibus
3441 2085 3556 2141 suis
3582 2098 3869 2140 consueu-

477 2180 607 2245 Quze
637 2176 1013 2246 duodeviginti
1053 2177 1190 2244 (165)
1233 2192 1298 2231 ex
1338 2191 1450 2246 quo
1491 2191 1651 2233 sacro
1691 2177 1958 2233 velamine
1998 2191 2124 2233 con-
2208 2177 2312 2243 dis,
2355 2177 2598 2246 ipsisque
2631 2175 2964 2245 pauperibus
3001 2174 3325 2240 sordidulis,
3370 2180 3455 2230 set
3486 2188 3600 2244 pra!
3639 2176 3868 2230 caeteris

479 2272 692 2322 secrata
723 2271 806 2320 est
835 2265 1014 2330 annis,
1046 2266 1196 2336 regia
1225 2265 1400 2336 gloria
1441 2272 1495 2320 et
1532 2248 1639 2321 una
1677 2265 1805 2321 vitae
1835 2266 2124 2322 mundanae
2206 2263 2494 2329 scabiosis,
2547 2263 2800 2333 leprosis,
2843 2263 3134 2330 ulcerosis,
3175 2263 3329 2318 sanie
3369 2262 3679 2332 proﬁuendi
3720 2264 3870 2319 tabi-

479 2355 822 2424 voluptuosis
860 2354 1078 2409 deliciis
1115 2368 1215 2423 pro
1257 2367 1428 2425 regno
1477 2356 1574 2410 Dei
1621 2356 1843 2424 spretis,
1876 2355 2002 2411 vita;
2041 2370 2126 2411 re-
2205 2353 2311 2414 dis.
2369 2353 2482 2408 sive
2530 2353 2774 2423 qualibet
2832 2353 3089 2423 passione
3147 2351 3374 2420 fmtidis,
3440 2353 3866 2408 accuratissime

482 2443 693 2514 ligiosm
722 2442 958 2498 stadium
1017 2443 1268 2498 certatim
1325 2457 1583 2513 aggressa
1639 2449 1741 2498 est.
1803 2443 2125 2498 Psalmodite
2208 2441 2568 2508 balneandis,
2628 2440 3024 2507 confovendis,
3092 2440 3392 2496 vestiendis
3454 2439 3867 2510 visitandisque

481 2539 537 2588 et
574 2532 919 2588 orationibus
947 2532 1036 2587 die
1065 2546 1128 2586 ac
1161 2535 1322 2588 nocte
1345 2531 1616 2588 indefessa
1646 2547 1864 2602 semper
1893 2531 2124 2598 institit;
2209 2545 2444 2601 operosa
2501 2531 2718 2586 Christo
2785 2531 3193 2597 ministraverit,
3263 2537 3318 2586 et
3383 2530 3641 2586 omnibus
3684 2531 3874 2586 servis

485 2633 704 2677 carnem
741 2634 895 2675 suam
953 2634 1073 2675 cum
1113 2620 1263 2676 vitiis
1303 2627 1358 2677 et
1396 2621 1882 2691 concupiscentiis,
1936 2628 2126 2691 utpote
2210 2620 2306 2676 Dei
2345 2633 2404 2675 se
2443 2626 2556 2675 tota
2609 2619 2917 2674 humilitate
2956 2619 3399 2674 humanissimam
3450 2619 3771 2674 exhibuerit
3815 2628 3869 2675 et

485 2723 610 2778 qua:
647 2708 849 2764 Christi
890 2722 1076 2764 revera
1116 2709 1357 2764 secutrix
1387 2707 1571 2776 fuerit,
1613 2711 1905 2780 semetipsa
1960 2710 2130 2765 veris-
2212 2707 2498 2764 liberalem
2557 2707 2909 2774 omnimodis,
2968 2708 3171 2764 chorus
3226 2707 3539 2777 hujusmodi
3589 2714 3647 2762 et
3703 2709 3874 2764 turba

484 2798 620 2853 sime
659 2797 946 2869 abnegata,
1001 2797 1192 2853 sedula
1233 2798 1394 2852 nimis
1427 2799 1716 2855 cruciﬁxit.
1777 2800 1884 2868 Ipsi
1925 2799 2130 2869 quippe
2212 2811 2311 2868 per
2349 2803 2525 2853 terras
2562 2797 2617 2850 in
2648 2797 2703 2852 id
2737 2797 2912 2867 ipsum
2945 2796 3360 2865 conclamitans,
3403 2795 3714 2866 praedicare
3756 2811 3873 2854 non

485 2901 609 2943 cum
648 2886 1003 2943 desiderabili
1042 2885 1227 2942 cordis
1274 2887 1696 2958 compunctione
1749 2887 1986 2943 lacrimae
2023 2887 2128 2942 sibi
2212 2886 2467 2956 quiescit.
2499 2886 2709 2956 Quippe
2761 2887 3018 2942 omnibus
3065 2886 3395 2955 ubicumque
3436 2899 3535 2956 per
3581 2885 3877 2941 accelesias

486 2976 749 3032 divinitus
777 2977 920 3032 datae
950 2989 1120 3045 panes
1157 2975 1379 3031 fuerunt
1415 2977 1535 3032 sine
1573 2977 2016 3040 intermissione;
2050 2976 2131 3031 sic
2213 2981 2307 3031 aut
2336 2975 2666 3031 monasteria
2694 2976 2819 3031 vita:
2851 2975 3124 3046 religiosa:
3165 2977 3436 3045 personis,
3470 2975 3874 3044 qualitercum-

488 3078 611 3121 cum
650 3064 879 3120 Ezechia
915 3078 1133 3134 semper
1180 3064 1491 3135 recogitans
1547 3079 1738 3121 omnes
1793 3079 1968 3121 annos
2003 3057 2189 3121 vitaeC
2211 3079 2317 3135 que
2348 3063 2617 3134 largitatis
2647 3079 2763 3120 suae
2793 3064 3071 3134 inpendiis
3100 3064 3504 3120 communicare
3534 3065 3874 3132 conabatur,

490 3153 544 3208 in
575 3158 725 3208 tanta
754 3153 1118 3208 amaritudine
1156 3153 1353 3209 animae
1410 3169 1543 3210 sum.
1584 3156 1795 3221 Quanto
1834 3155 1977 3210 enim
2018 3169 2129 3210 ma—
2213 3160 2268 3210 et
2295 3153 2377 3208 sic
2405 3152 2655 3222 privatim
2694 3160 2750 3207 et
2786 3153 3152 3209 communiter
3188 3150 3548 3208 fraternitatis
3584 3165 3788 3208 eorum
3821 3160 3877 3210 et

489 3257 596 3313 gna
626 3240 728 3298 fuit
757 3243 811 3298 in
851 3241 1039 3296 saeculi
1072 3242 1430 3313 magnalibus,
1472 3249 1622 3298 tanto
1653 3258 1712 3298 se
1742 3243 2046 3298 humiliavit
2075 3243 2129 3297 in
2213 3241 2522 3298 orationum
2554 3241 2847 3296 memorias
2882 3241 3235 3297 sedulissima
3281 3241 3665 3311 participabat.
3700 3243 3880 3299 Here-

493 3331 768 3387 omnibus.
811 3329 965 3386 Unde
1006 3331 1247 3400 respexit
1284 3331 1353 3386 ad
1393 3332 1650 3388 humilem
1690 3339 1744 3388 et
1773 3333 1970 3402 spiritu
2001 3348 2133 3404 pau-
2213 3331 2340 3387 ticis
2376 3336 2556 3386 autem
2597 3336 2653 3384 et
2688 3329 2976 3400 ypocritis,
3019 3337 3078 3385 ut
3111 3330 3322 3400 absque
3359 3342 3724 3400 personarum
3777 3346 3875 3388 ac-

494 3420 772 3492 perculam
811 3421 1048 3490 Spiritus
1096 3427 1338 3476 sanctus.
1380 3422 1565 3492 Regiis
1612 3423 1918 3493 insignibus
1965 3423 2134 3492 depo-
2215 3420 2471 3488 ceptione
2494 3432 2704 3490 magna:
2724 3419 2780 3474 in
2797 3433 2990 3475 omnes
3009 3419 3281 3475 libertatis
3301 3424 3358 3476 et
3382 3419 3876 3487 invectioniserat,

493 3512 634 3578 sitis,
667 3517 723 3566 et
751 3511 806 3566 in
847 3525 1116 3580 pauperes
1154 3510 1354 3566 Christi
1397 3518 1451 3566 et
1499 3512 1778 3568 zecclesias
1815 3511 2136 3582 disperditis
2217 3507 2379 3564 nimis
2407 3521 2620 3576 aspera,
2661 3507 2991 3564 auctoritate
3029 3515 3086 3562 et
3122 3507 3481 3578 coargutione
3511 3509 3878 3579 magisteriali

490 3601 691 3656 vilibus
720 3614 815 3656 usa
854 3607 937 3655 est
975 3599 1330 3666 vestimentis,
1373 3600 1506 3656 illud
1541 3600 1770 3657 maxime
1801 3614 1912 3658 non
1942 3602 1998 3656 in
2029 3601 2135 3658 hoc
2217 3597 2352 3652 satis
2389 3594 2584 3652 infesta
2623 3596 2938 3662 resistebat,
2989 3602 3045 3651 et
3082 3596 3312 3652 maxime
3361 3595 3640 3652 nicolaitis
3685 3605 3750 3654 et
3789 3614 3884 3669 sy-

492 3689 856 3754 solummodo,
917 3694 1000 3744 set
1055 3690 1109 3745 in
1140 3688 1396 3745 omnibus
1443 3690 1752 3756 attendens,
1796 3696 1855 3745 ut
1893 3704 1960 3745 ne
2001 3689 2134 3760 quid
2217 3684 2507 3741 monianis.
2550 3685 2791 3740 Primum
2849 3697 3084 3753 namque
3143 3698 3264 3739 cum
3320 3698 3351 3739 a
3389 3685 3673 3741 nonnullis
3717 3687 3883 3758 regni

495 3779 656 3836 nimis
693 3780 783 3833 sit.
815 3779 1146 3834 Cottidianis
1173 3777 1618 3834 confessionibus
1656 3792 1767 3834 non
1797 3779 1974 3834 solum
2004 3793 2136 3848 ope-
2219 3773 2543 3844 primatibus
2599 3772 2801 3829 obnixe
2858 3779 3166 3844 rogaretur,
3211 3773 3283 3828 ob
3339 3773 3436 3828 ﬁlii
3492 3773 3577 3829 sui
3634 3776 3885 3844 puerilia

493 3882 634 3933 rum,
703 3881 890 3922 verum
956 3881 1176 3936 quoque
1243 3868 1636 3938 cogitationum
1703 3867 2135 3923 inordinatarum
2218 3863 2420 3919 dehinc
2448 3877 2578 3921 vero
2611 3863 2874 3934 juvenilia
2921 3870 3100 3919 errata
3140 3863 3450 3920 coercenda
3499 3878 3598 3920 seu
3649 3870 3878 3936 tempe-

492 3969 594 4010 nec
624 3966 736 4009 non
775 3953 1191 4020 insomniorum,
1232 3969 1353 4010 sese
1392 3957 1474 4010 sui
1509 3955 1562 4010 in
1603 3956 1878 4026 principio
1916 3969 2140 4012 accusa-
2221 3953 2410 4018 randa,
2452 3958 2512 4007 ut
2551 3953 2606 4007 in
2645 3952 2999 4008 Theutonicis
3028 3952 3277 4022 partibus
3315 3951 3576 4009 monitrix
3624 3952 3788 4010 illius
3829 3961 3888 4009 et

493 4043 599 4098 trix
631 4055 934 4112 expurgare
963 4042 1124 4098 solita
1155 4049 1257 4098 est.
1291 4045 1411 4112 ipsa
1437 4045 1640 4115 quippe
1673 4045 1962 4116 magistros
1990 4045 2139 4101 obm-
2219 4040 2524 4097 correctrix
2582 4046 2825 4096 materna
2882 4040 3175 4111 disciplina
3228 4048 3284 4097 et
3334 4041 3588 4098 libertate
3646 4044 3888 4099 caeteris

492 4131 835 4193 dientiarios,
878 4144 1019 4200 quos
1068 4145 1180 4202 pra:
1219 4133 1436 4188 czeteris
1485 4133 1858 4203 religiosiores
1907 4139 1962 4189 et
2010 4148 2138 4202 pru-
2219 4130 2498 4186 sollertior
2563 4135 2617 4184 et
2681 4128 3002 4187 familiarior
3069 4137 3398 4198 moraretur,
3467 4131 3888 4204 aliquantisper

492 4220 775 4276 dentiores
824 4227 1066 4284 noverat,
1108 4233 1326 4290 semper
1364 4221 1679 4277 individuos
1715 4237 1899 4278 secum
1949 4222 2140 4278 soller-
2220 4219 2518 4275 consensit.
2551 4220 2774 4274 Demum
2807 4232 2936 4274 vero
2965 4233 3090 4275 cum
3129 4219 3240 4276 ﬁlio
3288 4233 3390 4276 suo
3437 4222 3666 4290 ejusque
3717 4236 3752 4278 a
3801 4237 3892 4280 se-

494 4310 703 4366 tissima
770 4309 1024 4375 habebat,
1092 4323 1325 4379 quorum
1385 4310 1685 4366 cottidiana
1725 4310 1982 4377 lectione,
2025 4311 2139 4367 col-
2220 4309 2387 4366 cretis
2415 4308 2480 4340 ’⁸³
2513 4309 2818 4365 tantotiens
2853 4309 3224 4376 communitis,
3255 4317 3312 4366 et
3350 4311 3497 4367 omni
3535 4319 3652 4366 arte
3695 4320 3758 4368 et
3797 4314 3890 4369 in-

493 4399 719 4465 latione,
744 4398 1033 4468 disciplina
1051 4405 1105 4454 et
1134 4399 1476 4455 contuitione
1505 4399 1728 4456 salutari
1751 4383 2385 4470 discretissimeDgenio
2415 4399 2712 4469 coargutis,
2755 4399 3079 4470 objurgatis,
3122 4399 3428 4456 obsecratis
3466 4406 3748 4470 oportune
3791 4417 3892 4472 pa-

493 4501 552 4542 se
584 4487 827 4557 undique
859 4487 1174 4556 praemuniri
1205 4488 1482 4558 cupiebat.
1513 4489 1784 4559 Quicquid
1810 4488 1873 4520 ω
1895 4489 2038 4545 enim
2060 4489 2138 4545 illi
2224 4488 2358 4544 riter
2389 4494 2441 4543 et
2473 4488 2789 4557 inportune,
2831 4495 2886 4542 et
2935 4501 3037 4542 nec
3083 4488 3366 4543 minimum
3403 4488 3537 4560 quid
3576 4496 3889 4560 propterea

496 4576 682 4632 oneris
719 4588 821 4644 per
857 4575 1244 4630 oboedientiam
1285 4575 1658 4646 imponebant,
1699 4577 1819 4633 sine
1849 4591 1999 4633 mora
2030 4579 2139 4635 Deo
2221 4577 2506 4643 correctis,
2533 4577 2696 4632 immo
2723 4576 2906 4646 potius
2926 4575 3202 4632 deteriora
3234 4576 3608 4643 molientibus,
3641 4581 3889 4636 omnino

495 4664 714 4719 subdita
743 4663 1079 4720 voluntativa
1133 4665 1267 4719 satis
1322 4666 1700 4735 supportabat.
1741 4666 1954 4734 Jejunia
1992 4667 2140 4723 illius
2220 4665 2644 4722 abhominabilis
2683 4679 2785 4720 nec
2826 4678 2935 4720 non
2992 4664 3156 4721 etiam
3209 4668 3389 4736 gravis
3443 4666 3511 4721 ad
3566 4665 3884 4724 videndum

495 4752 766 4823 simplicia
787 4758 843 4808 et
872 4766 981 4808 non
1005 4752 1411 4823 superstitiosa,
1434 4753 1611 4808 victus
1629 4753 1911 4809 modestus
1932 4761 1988 4810 et
2007 4757 2141 4811 satis
2222 4756 2396 4821 ﬁeret,
2420 4759 2504 4811 tot
2523 4753 2864 4820 insolentias,
2890 4742 3128 4824 rapinas,
3153 4753 3407 4821 invidias,
3430 4757 3888 4826 repugnantiam,

496 4842 716 4898 sobrius
745 4846 801 4898 et
840 4841 1166 4898 mirabiliter
1212 4846 1546 4912 temperatus
1593 4849 1730 4910 erat,
1771 4849 1827 4898 et
1869 4843 1936 4898 ad
1989 4857 2140 4900 men-
2218 4844 2504 4900 vecordias
2543 4851 2598 4900 et
2636 4841 2959 4899 multifarias
2997 4856 3186 4900 eorum
3227 4844 3472 4901 insanias
3508 4843 3722 4902 diutius
3755 4850 3889 4916 pati

495 4929 668 4987 sulam
699 4932 820 5001 ejus
847 4945 1065 5002 semper
1095 4945 1161 4988 ex
1193 4931 1392 4987 divinis
1421 4931 1757 4988 recitabatur
1786 4930 1972 5000 lectio,
2013 4947 2137 5004 qua:
2221 4947 2500 4998 recusans,
2541 4946 2601 4988 se
2639 4933 2865 4988 Romam
2901 4931 2971 4988 ad
3008 4936 3258 4989 sanctum
3298 4933 3516 4989 Petrum
3547 4939 3604 4989 et
3633 4938 3721 4988 tot
3749 4947 3894 4990 san-

1841 5048 2065 5104 VARIAE
2116 5048 2503 5106 LECTIONES.

563 5145 625 5179 ’δ’
663 5144 934 5218 quidquid
964 5143 1018 5201 2.
1096 5143 1161 5177 ’⁸⁸
1191 5149 1557 5217 praeparatum
1593 5146 1676 5202 ed.
1754 5145 1818 5178 ἰδ
1855 5145 2049 5204 intimo
2078 5145 2133 5203 2.
2213 5145 2278 5179 ’⁸³
2307 5144 2602 5204 assecretis
2630 5143 2684 5198 2.

2056 5261 2272 5318 ΝΟΤΛΕ.

569 5358 706 5428 (164)
737 5360 978 5416 Virtutes
1008 5359 1126 5428 ejus
1162 5357 1427 5428 praedicat
1457 5359 1619 5416 etiam
1651 5360 1843 5418 Petrus
1871 5358 2136 5424 Damiani,
2225 5373 2282 5429 p.
2320 5356 2439 5429 115.
2480 5359 2602 5416 Uss.

497 5438 604 5486 tam
647 5433 702 5486 in
742 5430 992 5502 epistolis
1029 5430 1098 5485 ad
1139 5444 1268 5502 eam,
1298 5430 1444 5502 datis
1483 5433 1636 5502 (Opp.
1681 5438 1720 5486 t.
1763 5433 1805 5497 I,
1833 5430 2049 5502 p.112
2087 5437 2143 5502 et
2227 5428 2245 5502 ξ
2296 5428 2435 5498 (165)
2472 5433 2536 5490 Α.
2575 5428 2699 5485 1061
2746 5436 2979 5489 exeunte
3018 5430 3102 5488 vel
3154 5429 3292 5486 1062
3339 5431 3562 5488 ineunte
3612 5433 3895 5492 moniah's

497 5502 676 5584 θρίξ(ιεῖ
709 5499 870 5584 quam
899 5502 1003 5584 _inn
1036 5501 1429 5584 Opusculonﬁﬁ
1469 5499 1676 5584 (μ’ᾙὲ
1726 5515 1781 5572 p.
1823 5499 1952 5584 372)Δ
1989 5501 2137 5584 conf.
2224 5499 2523 5584 {aegrest}
2556 5517 2605 5556 ν.
2638 5516 2824 5584 supra.

498 5571 698 5630 Mabill.
729 5571 934 5631 ‘Annal.
966 5572 1194 5640 Bened.,
1238 5580 1276 5628 t.
1319 5574 1406 5640 ιν,
1458 5571 1512 5644 p.
1561 5573 1687 5640 617,
1729 5571 1853 5643 seq.
1904 5579 1958 5628 et
1992 5579 2032 5628 t.
2079 5573 2138 5640 V,
2293 5571 2431 5643 (166)
2464 5573 2635 5632 Parva
2660 5571 2844 5630 storea
2882 5573 3297 5633 monachorum.
