4014 6176
184 273 274 329 405

1432 278 1758 335 ANNALES.
1797 307 1868 321 —

1903 274 2015 336 AN.
2060 275 2218 334 1077.
3403 264 3513 332 406

182 404 365 454 ctorum
386 397 745 452 contubernia
790 411 914 454 cum
962 400 1218 456 omnibus
1245 401 1361 457 suis
1396 413 1464 457 ex
1493 406 1612 459 toto
1641 416 1782 459 eon-
1804 401 2155 467 Alatrocinia
2183 401 2332 458 illius
2361 407 2417 457 et
2447 401 2574 471 quia
2605 400 2863 457 domnum
2897 412 3091 470 papam
3122 402 3423 472 sacrilegus
3453 402 3509 458 in

178 486 364 543 tulerat.
396 484 510 541 lllic
557 485 822 557 quicquid
873 488 942 544 de
973 489 1135 545 bonis
1163 491 1279 546 suis
1307 490 1513 547 habere
1544 498 1784 561 poterat,

176 576 221 631 in
253 588 373 630 usus
404 587 701 644 pauperum
751 577 982 633 cottidie
1031 578 1389 648 expenderat,
1444 585 1499 635 et
1529 580 1609 635 sic
1657 580 1786 635 vitae

171 669 346 721 sanctae
388 668 441 717 et
488 662 761 734 religiosae
810 671 1070 734 provectu
1118 667 1173 722 in
1222 668 1341 723 dies
1398 682 1457 723 se
1489 682 1706 739 semper
1731 668 1787 723 in

176 752 419 808 anteriora
448 752 771 821 extendens,
796 760 851 810 et
883 756 1188 825 posteriora
1214 756 1564 824 obliviscens,
1596 771 1789 828 super-

177 854 248 896 na;
272 840 565 896 vocationis
595 841 838 897 bravium
869 842 1135 913 legittime
1164 843 1429 901 certando
1459 859 1788 915 cursumque

175 929 599 997 consummando,
650 931 855 986 ibidem
913 931 1320 1002 triumphaliter
1378 939 1434 990 et
1488 934 1788 1005 glorianter

176 1022 432 1089 persecuta
481 1025 586 1074 est.
637 1021 769 1076 Cum
817 1026 997 1076 autem
1047 1036 1147 1092 pro
1195 1027 1279 1078 tot
1328 1023 1632 1094 magniﬁcis
1660 1026 1787 1080 vitae

172 1112 262 1160 tam
287 1106 611 1163 beatissima
660 1109 1073 1165 remunerandaa
1104 1110 1403 1180 pietatibus
1432 1118 1648 1182 tempus
1694 1112 1785 1166 in-

172 1200 338 1262 staret,
386 1194 621 1251 febrium
668 1197 929 1268 languore
971 1198 1223 1256 laetanter
1252 1200 1395 1256 ultra
1442 1201 1663 1257 solitum
1692 1215 1786 1256 ar-

171 1290 322 1354 repta,
382 1299 615 1355 quarum
684 1285 1158 1357 intemperantiam
1246 1290 1363 1359 ipsa
1445 1290 1788 1346 medicinalis

170 1373 285 1429 artis
312 1387 419 1429 non
448 1375 706 1445 imperita
761 1384 889 1431 ante
919 1378 1238 1433 multotiens
1267 1378 1516 1450 mitigare
1548 1393 1788 1435 consue-

170 1469 318 1529 verat,
364 1477 465 1533 per
514 1463 635 1519 dies
679 1465 1096 1534 quatuordecim
1125 1481 1344 1537 semper
1372 1468 1428 1522 in
1458 1468 1623 1524 horas
1651 1468 1786 1523 viri-

171 1551 256 1605 bus
298 1553 550 1622 corporis
605 1553 910 1622 diminutis,
966 1555 1165 1610 mentis
1219 1561 1399 1612 autem
1458 1557 1514 1611 in
1571 1557 1790 1613 Christo

168 1639 439 1709 gratiosius
492 1642 842 1713 ampliﬁcatis
916 1648 971 1699 et
1045 1645 1440 1713 corroboratis,
1508 1646 1791 1717 aegerrime

1872 492 2121 549 aecclesia
2150 492 2296 547 inter
2324 491 2607 546 missarum
2653 489 2939 545 sollemnia
2976 487 3133 543 altari
3163 491 3508 547 assistentem

1869 580 1926 636 in
1982 585 2356 650 contemptum
2405 578 2501 635 Dei
2554 585 2771 649 captum
2829 578 2885 633 in
2935 578 3128 633 turrim
3184 591 3336 633 suam
3385 580 3509 634 abs—

1864 670 2054 738 traxit,
2087 668 2335 740 perfecto
2366 668 2495 724 odio
2526 674 2579 725 et
2620 668 2783 739 digna
2834 667 3220 737 persecutione
3250 666 3514 723 adversa-

1871 764 1958 813 tus
1988 763 2089 813 est.
2140 759 2200 813 In
2249 770 2359 828 quo
2390 757 2744 813 obmdientia:
2801 756 3098 812 certamine
3159 755 3248 811 hic
3304 755 3387 810 vir
3415 755 3510 811 Dei

1869 846 2074 903 zelotes
2132 846 2429 917 perfectus,
2481 846 2743 901 hereticis
2800 842 3049 911 infestus,
3095 844 3265 914 judex
3305 845 3508 914 justus,

1870 934 2289 991 elemosinarum
2347 934 2698 1003 dispensator
2735 934 2939 1005 largus,
2989 947 3198 1005 magna;
3247 947 3513 1004 compun-

1870 1024 2070 1079 ctionis
2127 1030 2182 1078 et
2234 1023 2575 1077 lacrimarum
2635 1023 2809 1094 gratia
2855 1024 2910 1078 in
2943 1023 3251 1079 orationum
3291 1036 3511 1078 suarum

1869 1113 2161 1168 sedulitate
2223 1112 2480 1177 donatus,
2514 1112 2781 1167 castitatis
2810 1118 2865 1167 et
2894 1112 3248 1168 continentia:
3278 1111 3514 1168 dilector

1870 1202 2203 1272 praecipuus,
2262 1206 2453 1270 utpote
2509 1213 2540 1255 a
2592 1214 2766 1270 puero
2814 1200 3056 1271 legitime
3105 1203 3431 1272 conjugatus
3460 1207 3515 1256 et

1870 1289 2033 1360 paulo
2059 1297 2185 1360 post
2211 1289 2407 1345 viduus
2462 1288 2688 1345 effectus
2738 1289 3033 1358 juvenilem
3084 1290 3138 1345 in
3169 1305 3228 1347 se
3258 1289 3513 1346 ardorem

1869 1379 2133 1449 deinceps
2182 1381 2336 1449 juxta
2391 1377 2681 1434 consilium
2761 1378 2998 1448 apostoli
3048 1379 3129 1434 sic
3185 1393 3516 1449 permanens

1869 1468 2102 1524 viriliter
2158 1468 2450 1534 continuit,
2511 1468 2850 1534 caritativus,
2908 1467 3151 1533 humilis,
3203 1467 3513 1538 hospitalis,

1872 1557 2072 1623 suavis,
2151 1549 2402 1622 aﬁ‘abilis,
2505 1558 2784 1620 constans,
2866 1555 3166 1622 modestus,
3246 1556 3520 1626 patienter

1873 1646 2223 1717 longanimis,
2276 1645 2428 1717 pacis
2460 1652 2515 1701 et
2562 1643 2808 1700 veritatis
2856 1649 3097 1700 sectator
3126 1648 3181 1699 et
3210 1643 3362 1700 mirae
3392 1644 3518 1699 reli-

171 1726 372 1784 multum
389 1729 595 1786 defecit
633 1737 689 1787 et
723 1731 1028 1788 contabuit.
1061 1733 1348 1788 Postremo
1369 1747 1490 1789 cum
1521 1734 1589 1789 ad
1618 1749 1789 1805 usque
1812 1732 2056 1807 Bgionis
2085 1736 2242 1791 miles
2270 1735 2577 1791 industrius
2623 1740 2677 1789 et
2706 1733 3119 1789 administrator
3152 1752 3163 1786 :
3198 1732 3292 1801 qui
3342 1732 3519 1788 beatae

169 1816 308 1873 ﬁnem
339 1824 660 1889 perventum
710 1826 814 1888 est,
864 1822 1026 1878 bonis
1057 1821 1205 1877 illius
1243 1824 1353 1892 jam
1384 1823 1452 1878 ab
1482 1836 1546 1879 ea
1576 1823 1631 1879 in
1663 1839 1794 1879 usus

170 1919 445 1976 pauperum
492 1912 546 1964 et
594 1910 966 1966 aecclesiarum
1034 1910 1428 1967 discretissime
1485 1910 1790 1983 dispositis,

168 1998 463 2053 convocatis
490 1999 558 2053 ad
613 2014 673 2055 se
723 1999 779 2055 in
820 2000 1012 2070 primis
1040 1999 1245 2057 domno
1284 2001 1615 2071 apostolico,
1649 2016 1791 2057 cun-

165 2084 255 2139 ctis
280 2085 521 2143 ﬁdelium
576 2101 800 2145 suorum
853 2098 907 2145 et
956 2090 1254 2146 amicorum
1287 2092 1539 2161 personis
1566 2091 1790 2147 carissi-

168 2173 270 2239 mis,
330 2177 535 2246 quibus
601 2177 848 2235 ultimum
903 2179 1021 2235 vale
1088 2177 1295 2236 faciens
1352 2179 1583 2236 animam
1640 2194 1793 2236 suam

163 2263 623 2321 commendaverat
658 2264 742 2332 '“,
774 2269 830 2321 et
859 2266 1115 2322 omnibus
1159 2266 1275 2323 suis
1312 2275 1475 2337 prout
1505 2266 1796 2323 desidera-

160 2350 223 2404 vit
250 2352 542 2417 ordinatis,
601 2355 1001 2411 communicata
1061 2355 1262 2412 dehinc
1311 2356 1662 2413 devotissime
1692 2370 1796 2412 eu-

160 2438 431 2507 charistia,
466 2456 587 2497 cum
644 2443 863 2498 caeteris
913 2444 1201 2499 orantibus
1258 2452 1313 2499 et
1351 2445 1714 2514 psallentihus
1740 2450 1797 2501 et

157 2526 259 2596 ipsa
290 2543 407 2584 una
440 2530 682 2599 psallens
720 2536 777 2587 et
829 2532 1033 2603 gratias
1088 2546 1276 2602 agens,
1308 2532 1366 2587 in
1396 2546 1589 2588 manus
1614 2534 1711 2589 Dei
1744 2539 1797 2589 et

157 2623 471 2675 sanctorum
500 2621 645 2676 Petri
703 2626 758 2676 et
814 2621 965 2676 Pauli
1014 2622 1267 2692 spiritum
1304 2637 1461 2677 suum
1491 2622 1799 2679 exultanter

158 2708 574 2764 commendavit.
649 2710 887 2765 Tandem
953 2709 1188 2765 domnus
1271 2710 1609 2781 apostolicus
1665 2726 1796 2768 exe-

160 2796 425 2865 quialibus
466 2795 681 2863 ofﬁciis,
734 2799 1020 2854 missarum
1080 2799 1405 2867 sollemniis,
1459 2800 1794 2870 elemosinis,

162 2884 349 2955 vigiliis
403 2900 629 2956 quoque
689 2902 790 2957 per
853 2887 1065 2959 aliquot
1123 2888 1242 2943 dies
1297 2888 1640 2945 sollemniter
1695 2904 1795 2960 pro

162 2973 322 3029 anima
360 2974 517 3031 illius
570 2975 881 3042 celebratis,
924 2976 979 3032 in
1039 2977 1288 3033 aecclesia
1349 2984 1553 3034 sancta:
1603 2979 1794 3035 Petro-

1874 1825 1998 1880 vita:
2025 1828 2080 1880 et
2108 1820 2424 1879 christiana:
2456 1822 2665 1879 militiae
2687 1821 2959 1893 tyrocinio
2992 1820 3236 1891 prudens
3265 1820 3322 1875 in
3353 1834 3520 1876 carne

1874 1914 2173 1970 ambulavit
2205 1921 2289 1970 set
2320 1928 2430 1970 non
2462 1912 2762 1969 secundum
2820 1925 3040 1967 carnem
3094 1908 3365 1976 militavit,
3418 1924 3519 1979 pro

1869 2005 2081 2074 justitia
2126 2010 2181 2060 et
2237 2003 2343 2059 ﬁde
2402 2003 2579 2059 fausto
2639 2001 2983 2070 triumphans
3038 2001 3300 2071 martyrio
3355 1999 3519 2054 vitam

1876 2093 2049 2148 ﬁnivit
2091 2091 2469 2163 temporalem,
2529 2104 2656 2146 mox
2714 2103 2814 2160 pro
2874 2103 2940 2145 eo
2996 2086 3234 2145 feliciter
3289 2087 3522 2158 adeptus

1875 2181 2208 2237 ineffabilem
2264 2181 2388 2236 vitae
2428 2179 2688 2250 perennis
2746 2177 3194 2234 inmortalitatem
3220 2180 3276 2233 et
3305 2192 3525 2247 semper

1877 2271 2105 2327 virentis
2163 2269 2413 2341 paradysi
2472 2267 2890 2323 desiderandam
2932 2281 3045 2336 prae
3077 2265 3331 2321 omnibus
3358 2280 3525 2322 amm-

1878 2358 2123 2414 nitatem.
2161 2359 2259 2414 llic
2304 2356 2526 2428 quidem
2566 2371 2596 2411 a
2650 2354 2862 2410 civibus
2892 2353 3171 2419 Romanis,
3203 2360 3287 2408 set
3318 2355 3520 2424 princi-

1878 2462 1983 2519 pue
2013 2449 2081 2503 ab
2112 2448 2275 2505 Urbis
2303 2445 2681 2518 optimatibus,
2734 2457 2929 2514 magno
2961 2443 3184 2512 planctu
3232 2447 3287 2497 et
3316 2441 3521 2511 cjulatu

1877 2545 1938 2591 ut
1967 2536 2231 2605 oportuit,
2264 2537 2611 2600 lamentatus,
2674 2539 2801 2603 post
2856 2530 3169 2603 magniﬁcas
3206 2530 3523 2601 exequiales

1878 2625 2118 2695 agendas
2147 2623 2391 2680 ofﬁciose
2441 2624 2574 2679 satis
2603 2630 2658 2679 et
2686 2623 2917 2678 honeste
2946 2622 3100 2690 juxta
3131 2620 3295 2676 ritum
3324 2621 3523 2676 Roma-

1879 2727 2008 2768 num
2066 2713 2211 2782 apud
2270 2716 2518 2768 sanctum
2574 2713 2789 2766 Petrum
2848 2708 3173 2775 celebratas,
3233 2709 3289 2764 in
3338 2708 3521 2764 medio

1880 2801 2054 2871 ipsius
2104 2801 2355 2871 paradysi
2406 2800 2592 2856 debita
2646 2799 2866 2854 laudum
2898 2802 2953 2853 et
2999 2810 3288 2868 ymnorum
3320 2796 3521 2864 inpen-

1878 2891 2034 2947 sione
2084 2891 2343 2962 gratiosa,
2405 2886 2755 2945 devotissime
2805 2892 2886 2942 est
2944 2885 3147 2941 tumbae
3205 2896 3523 2939 marmoreae

1877 2979 2171 3050 inpositus,
2203 2987 2257 3035 et
2304 2980 2377 3034 ita
2426 2977 2814 3035 decentissima
2860 2975 2967 3031 sibi
3017 2974 3376 3031 tumulatione
3413 2975 3525 3029 Deo

166 3062 327 3132 nellze,
358 3079 489 3135 quae
522 3066 836 3121 Vaticanum
876 3066 1148 3137 Apollinis
1192 3067 1505 3138 appellatur
1548 3061 1936 3139 antiqui-Cet
1965 3074 2156 3124 sancto
2216 3070 2378 3123 Petro
2410 3073 2495 3124 est
2523 3067 2591 3122 ab
2648 3064 2903 3121 omnibus
2959 3063 3325 3119 intentissime
3378 3076 3527 3118 com-

165 3157 256 3219 tus,
272 3153 426 3224 juxta
457 3153 631 3210 altare
681 3155 1041 3222 Dominicum,
1074 3154 1143 3210 ad
1175 3155 1317 3211 latus
1349 3156 1562 3212 scilicet
1589 3165 1795 3213 sanctae

164 3240 500 3310 Petronellaa,
548 3259 761 3300 sacrum
808 3246 1033 3315 Agnetis
1088 3244 1455 3317 imperatricis
1493 3246 1794 3317 apostolica

162 3343 245 3386 sua
272 3332 620 3405 indulgentia
668 3340 724 3389 et
771 3333 1117 3390 absolutione
1165 3336 1465 3391 tantotiens
1492 3350 1523 3391 a
1554 3339 1796 3405 peccatis

166 3423 386 3480 remissae
431 3423 851 3494 corpusculum,
901 3423 957 3479 in
1005 3424 1346 3495 sarcophago
1391 3426 1792 3494 consignatum,

166 3524 268 3567 cum
295 3514 474 3584 ymnis
513 3521 568 3570 et
598 3513 851 3569 laudibus
882 3514 1051 3570 totius
1079 3520 1284 3571 sanctae
1315 3516 1573 3570 Romanae
1604 3516 1797 3571 aeccle-

163 3598 243 3655 siae
270 3601 320 3657 in
349 3602 405 3658 id
436 3604 627 3674 ipsum
658 3602 1091 3659 consonantibus
1119 3604 1410 3674 dignanter
1437 3602 1710 3673 sepelivit.

222 3690 415 3749 :Estivo
445 3700 705 3762 tempore
736 3692 979 3762 ejusdem
1025 3692 1151 3747 anni
1182 3694 1443 3748 Romanae
1475 3692 1627 3747 urbis
1657 3706 1798 3761 prae-

165 3774 318 3834 fectus
346 3781 496 3851 (167)
532 3797 563 3836 a
592 3782 917 3852 quibusdam
939 3781 1143 3849 Quintii
1167 3781 1430 3851 proximis
1452 3795 1551 3851 per
1572 3779 1799 3835 insidias

166 3863 464 3926 interfectus
524 3874 625 3926 est.
676 3872 777 3938 Qui
820 3872 931 3941 jam
982 3868 1186 3925 dudum
1235 3869 1439 3925 domno
1488 3869 1797 3939 apostolico

166 3966 363 4021 peccata
420 3973 533 4015 sua
582 3958 824 4029 perfecte
865 3957 1151 4015 confessus
1180 3966 1234 4013 et
1263 3957 1330 4013 ad
1362 3959 1529 4013 Deum
1562 3971 1797 4014 conver-

165 4056 263 4110 sus,
314 4051 587 4106 mundum
640 4063 762 4105 cum
823 4049 938 4104 suis
994 4047 1409 4104 delectamentis
1455 4048 1799 4103 illecebrosis

166 4136 395 4193 omnibus
444 4140 682 4194 omnino
739 4137 1053 4208 relinquere
1107 4143 1163 4193 et
1207 4138 1276 4192 ad
1325 4137 1643 4193 monasticae
1671 4138 1796 4193 vitae

167 4221 547 4288 perfectionem
596 4226 823 4282 tendere
882 4226 1428 4296 percupientissimus
1472 4226 1680 4292 voluit;
1714 4233 1798 4281 set

165 4310 221 4366 ab
245 4317 558 4384 apostolico
606 4330 706 4386 per
760 4316 1150 4371 oboedientiam
1207 4316 1430 4371 omnino
1484 4316 1795 4385 prohibitus

1878 3158 2182 3213 mendatus.
2217 3156 2456 3212 Tandem
2504 3169 2655 3221 vero,
2707 3156 2865 3224 cujus
2903 3153 2960 3209 in
2990 3152 3098 3208 vita
3128 3167 3226 3208 sua
3257 3159 3379 3223 tyro
3411 3166 3527 3207 mu-

1877 3247 2141 3317 nicipatui
2199 3246 2484 3316 inpensius
2555 3243 2888 3308 militaverit,
2974 3249 3030 3296 et
3104 3240 3253 3312 quod
3321 3240 3524 3296 mundo

1877 3350 2066 3392 revera
2097 3348 2229 3391 usus
2258 3336 2330 3390 sit
2383 3341 2656 3404 tamquam
2688 3345 2799 3387 non
2830 3337 3099 3396 uteretur,
3135 3329 3309 3398 palam
3340 3329 3522 3383 omni-

1877 3426 1981 3481 bus
2027 3424 2301 3496 apparuit.
2343 3438 2466 3478 cum
2516 3428 2599 3477 tot
2656 3420 2934 3475 miraculis
2985 3424 3039 3473 et
3068 3417 3363 3485 virtutibus
3408 3430 3525 3470 non

1879 3515 2043 3570 modo
2102 3512 2381 3576 Romanis,
2442 3523 2628 3565 verum
2683 3521 2907 3577 quoque
2963 3506 3219 3561 omnibus
3247 3503 3379 3559 illuc
3426 3517 3521 3558 un-

1879 3603 2046 3674 dique
2103 3598 2563 3657 concurrentibus
2630 3598 2741 3665 jam
2814 3595 3037 3664 jamque
3113 3591 3522 3647 evidentissime

1880 3690 2166 3755 exclaruit,
2222 3701 2382 3758 quam
2422 3698 2651 3757 magnus
2680 3686 2751 3740 sit
2798 3682 2944 3752 apud
2983 3682 3173 3737 Deum.
3207 3680 3362 3735 Enim
3390 3691 3521 3735 vero

1880 3786 1961 3836 tot
2017 3785 2072 3834 et
2134 3784 2279 3833 tanta
2338 3774 2547 3831 meritis
2607 3772 2782 3843 ipsius
2838 3770 3042 3826 ibidem
3087 3771 3232 3825 Deus
3262 3773 3524 3839 operatur

1879 3867 2168 3938 magnalia,
2201 3870 2261 3921 ut
2286 3865 2376 3920 vix
2414 3863 2743 3935 quibusdam
2784 3859 3008 3932 probari
3041 3858 3274 3930 possint,
3310 3857 3526 3914 scilicet

1880 3956 2092 4012 aemulis
2126 3955 2294 4021 illius,
2326 3955 2381 4009 in
2423 3951 2651 4009 veritate
2682 3950 2851 4006 fuisse
2880 3947 3043 4005 facta.
3078 3948 3233 4005 Unde
3266 3961 3430 4015 nunc,
3464 3954 3525 4004 ut

1878 4047 2096 4103 illorum
2128 4044 2395 4100 invidiosa
2426 4042 2600 4112 palam
2642 4039 3021 4097 confutaretur
3056 4037 3434 4105 incredulitas,
3468 4038 3523 4093 in

1880 4135 2125 4207 proxima
2182 4135 2426 4190 Romana
2478 4131 2690 4202 synodo
2756 4128 2915 4202 (168)
2968 4129 3218 4198 quaedam
3262 4127 3523 4183 miracula

1879 4226 1981 4281 sub
2039 4223 2354 4280 testimonio
2413 4228 2495 4277 tot
2524 4227 2579 4276 et
2610 4225 2883 4275 tantorum
2941 4218 3180 4272 virorum
3234 4222 3398 4272 tantae
3428 4231 3523 4271 au-

1880 4313 2154 4370 ctoritatis
2210 4316 2429 4380 tamque
2486 4307 2872 4379 probabilium,
2928 4303 3043 4358 illic
3096 4302 3290 4372 procul
3350 4302 3521 4357 dubio

167 4408 254 4467 est,
278 4382 335 4459 et
362 4407 417 4461 in
450 4382 787 4477 praefectura
844 4419 943 4460 sua
1001 4418 1320 4475 permanere
1371 4382 1558 4474 jussus
1596 4412 1699 4472 est,
1734 4382 2019 4461 uthacta
2049 4401 2357 4471 litterisque
2401 4395 2779 4454 commendata
2834 4391 3053 4463 publice
3107 4389 3518 4454 recitabantur;

166 4488 265 4545 zelo
292 4494 383 4550 Dei
413 4500 666 4551 armatus
694 4499 749 4550 et
800 4494 971 4564 judex
1001 4494 1277 4565 :equitatis
1323 4500 1378 4549 et
1420 4493 1648 4563 justitia:
1679 4507 1795 4549 ser-

166 4580 493 4639 vantissimus
526 4588 611 4639 tot
657 4582 1098 4653 malefactoribus
1146 4582 1459 4648 obsisteret,
1500 4589 1555 4637 et
1604 4582 1658 4636 in
1690 4581 1792 4637 hac

166 4665 483 4728 obedientia
528 4672 746 4729 Christo
784 4678 1065 4743 gratanter
1092 4671 1369 4727 militaret.
1402 4671 1558 4738 Quod
1598 4677 1652 4726 et
1684 4684 1792 4726 non

170 4755 372 4816 minimo
418 4762 716 4818 oboediens
745 4769 946 4818 conatu
1002 4775 1101 4831 pro
1140 4774 1304 4831 posse
1333 4773 1434 4816 suo
1466 4761 1797 4816 omnimodis

167 4855 438 4906 exsecutus
468 4856 577 4906 est.
610 4851 765 4907 Unde
822 4856 878 4905 et
904 4850 1149 4917 Quintio,
1210 4849 1620 4906 malefactorum
1673 4862 1794 4905 om-

171 4934 300 4992 nium
346 4939 689 5009 primicerio,
750 4928 1164 4996 sollertissimus
1218 4939 1290 4995 ob
1348 4944 1433 4996 tot
1486 4938 1706 5008 rapinas
1742 4943 1798 4993 et

1876 4491 1944 4546 de
2003 4502 2235 4561 quorum
2287 4486 2467 4543 veraci
2542 4485 2809 4541 relatione
2874 4480 3097 4537 omnino
3153 4477 3234 4533 fas
3286 4490 3395 4533 non
3448 4477 3521 4532 sit

1876 4579 2185 4650 quempiam
2241 4577 2513 4632 dubitare.
2543 4572 2811 4641 Quiddam
2848 4582 2996 4634 vero,
3031 4566 3179 4638 quod
3211 4579 3318 4623 non
3352 4565 3517 4621 mini-

1877 4684 1979 4725 ma:
2036 4667 2179 4738 apud
2228 4667 2506 4723 Romanos
2559 4659 2909 4719 admirationi
2965 4657 3283 4721 haberetur,
3338 4654 3519 4710 adhuc

1878 4757 2077 4813 viventi
2112 4755 2305 4812 eodem
2346 4750 2749 4809 interfectionis
2778 4750 2898 4818 ejus
2943 4757 3089 4816 anno
3120 4756 3307 4798 revera
3336 4748 3515 4796 actum

1878 4849 2032 4903 ineo
2084 4845 2338 4902 refertur.
2397 4842 2636 4912 Quadam
2685 4850 2918 4907 namque
2965 4834 3055 4890 die
3084 4846 3208 4889 cum
3239 4830 3517 4901 quoddam

1881 4935 2178 4994 oratorium
2237 4946 2400 4989 causa
2438 4928 2707 4987 orationis
2756 4933 2841 4982 est
2897 4922 3197 4995 ingressus,
3245 4926 3372 4978 ante
3401 4918 3520 4976 ﬁni-

1508 5063 1731 5120 VARIE
1774 5061 2159 5119 LECTIONES.

1732 5204 1948 5262 NOTAE.

230 5128 291 5163 ’“
316 5134 792 5193 commendaverit
816 5133 872 5189 2.

174 5368 184 5378 .
234 5299 382 5378 (16⁸1)
417 5304 695 5378 Cinthium
744 5303 1289 5378 appellat_S.__Petrus
1333 5303 1596 5378 Damiani,
1638 5304 1795 5378 cujus

166 5374 274 5494 (ipse
301 5374 538 5458 virtutes
584 5376 746 5447 epist.
779 5374 830 5431 'l’
868 5382 923 5433 et
972 5374 1008 5428 2
1062 5374 1159 5429 lib.
1204 5389 1325 5457 vin,
1374 5374 1455 5459 ad.
1492 5376 1787 5459 eum'datis

198 5446 645 5511 eprvedicat,-nec
693 5461 802 5505 non
849 5446 1048 5503 Paulus
1076 5446 1507 5511 BernrtedenSis,
1539 5462 1633 5511 qui
1663 5461 1786 5504 eum

1875 5303 2034 5371 cujus
2061 5303 2354 5371 prOpterea
2382 5293 2568 5371 odium
2589 5292 2841 5371 incurrit,
2869 5287 3089 5371 nonnisi
3117 5300 3220 5371 suo
3235 5286 3514 5371 sanguine

1874 5361 2347 5451 exstinguendum,
2381 5370 2561 5451 Ipsum
2613 5361 3120 5451 ab'apparitoribus
3149 5361 3513 5417 Heinriciana‘.

262 5435 645 5517 redicatynec
693 5461 802 5505 non
849 5446 1048 5503 Paulus
1076 5435 1507 5512 Bernriedensis,
1539 5447 1633 5517 qui
1663 5461 1786 5504 eum
1869 5435 2272 5517 persecutionis
2302 5435 2543 5517 occisum
2573 5436 2788 5517 scribit.
2820 5435 2941 5500 Uss,

165 5512 393 5572 Cincium
424 5526 605 5587 vocat,
638 5534 668 5574 a
697 5533 808 5591 quo
854 5518 995 5591 alter
1040 5517 1261 5575 Cincius
1288 5531 1386 5571 seu
1415 5512 1684 5591 Quintius,
1718 5518 1786 5573 de

164 5596 262 5653 quo
290 5601 438 5648 anno
469 5591 654 5660 priore
710 5589 909 5659 actum,
962 5589 1016 5646 in
1056 5602 1330 5645 carcerem
1372 5589 1654 5657 conjectus
1682 5598 1785 5655 est,

1929 5513 2103 5589 .(168)
2135 5516 2318 5571 Mense
2346 5510 2537 5567 Martio
2555 5522 2605 5565 a.
2645 5507 2798 5562 1078.
