  <div class='ocr_page' id='page_1' title='image "/cluster/home/n/w/nwhite01/storage/ocr_20150623/147/hvd.32044073505281/209.png"; bbox 0 0 4044 6180; ppageno 0'>
   <div class='ocr_carea' id='block_1_1' title="bbox 415 211 516 267">
    <p class='ocr_par' dir='ltr' id='par_1_1' title="bbox 415 211 516 267">
     <span class='ocr_line' id='line_1_1' title="bbox 415 211 516 267; baseline 0 0"><span class='ocrx_word' id='word_1_1' title='bbox 415 211 516 267; x_wconf 86' lang='lat'><strong>407</strong></span> 
     </span>
    </p>
   </div>
   <div class='ocr_carea' id='block_1_2' title="bbox 1385 212 2810 293">
    <p class='ocr_par' dir='ltr' id='par_1_2' title="bbox 1385 212 2810 293">
     <span class='ocr_line' id='line_1_2' title="bbox 1385 212 2810 293; baseline 0.001 -24"><span class='ocrx_word' id='word_1_2' title='bbox 1385 213 1763 270; x_wconf 84' lang='lat' dir='ltr'><strong>BERTHOLDI</strong></span> <span class='ocrx_word' id='word_1_3' title='bbox 1804 212 2216 293; x_wconf 81' lang='lat' dir='ltr'><strong>PRESBYTERI</strong></span> <span class='ocrx_word' id='word_1_4' title='bbox 2253 215 2810 272; x_wconf 83' lang='lat' dir='ltr'><strong>CONSTANTIENSIS</strong></span> 
     </span>
    </p>
   </div>
   <div class='ocr_carea' id='block_1_3' title="bbox 3673 208 3782 264">
    <p class='ocr_par' dir='ltr' id='par_1_3' title="bbox 3673 208 3782 264">
     <span class='ocr_line' id='line_1_3' title="bbox 3673 208 3782 264; baseline 0 0"><span class='ocrx_word' id='word_1_5' title='bbox 3673 208 3782 264; x_wconf 79' lang='lat'><strong>408</strong></span> 
     </span>
    </p>
   </div>
   <div class='ocr_carea' id='block_1_4' title="bbox 411 334 3784 410">
    <p class='ocr_par' dir='ltr' id='par_1_4' title="bbox 411 334 3784 410">
     <span class='ocr_line' id='line_1_4' title="bbox 411 334 3784 410; baseline -0.001 -16"><span class='ocrx_word' id='word_1_6' title='bbox 411 345 526 394; x_wconf 90' lang='lat' dir='ltr'><strong>tam</strong></span> <span class='ocrx_word' id='word_1_7' title='bbox 568 338 872 394; x_wconf 91' lang='lat' dir='ltr'><strong>orationem</strong></span> <span class='ocrx_word' id='word_1_8' title='bbox 921 338 1030 394; x_wconf 92' lang='lat' dir='ltr'><strong>duo</strong></span> <span class='ocrx_word' id='word_1_9' title='bbox 1089 338 1184 408; x_wconf 89' lang='lat' dir='ltr'><strong>pili</strong></span> <span class='ocrx_word' id='word_1_10' title='bbox 1233 338 1300 392; x_wconf 90' lang='lat' dir='ltr'><strong>ad</strong></span> <span class='ocrx_word' id='word_1_11' title='bbox 1350 351 1658 392; x_wconf 87' lang='lat' dir='ltr'><strong>mensuram</strong></span> <span class='ocrx_word' id='word_1_12' title='bbox 1706 336 1863 408; x_wconf 87' lang='lat' dir='ltr'><strong>digitl</strong></span> <span class='ocrx_word' id='word_1_13' title='bbox 1893 338 2236 400; x_wconf 78' lang='lat' dir='ltr'><strong>uniusActo</strong></span> <span class='ocrx_word' id='word_1_14' title='bbox 2276 341 2574 396; x_wconf 79' lang='lat' dir='ltr'><strong>certamine</strong></span> <span class='ocrx_word' id='word_1_15' title='bbox 2621 339 2890 410; x_wconf 81' lang='lat' dir='ltr'><strong>legittimo</strong></span> <span class='ocrx_word' id='word_1_16' title='bbox 2929 345 3036 396; x_wconf 90' lang='lat' dir='ltr'><strong>tam</strong></span> <span class='ocrx_word' id='word_1_17' title='bbox 3077 337 3274 410; x_wconf 77' lang='lat' dir='ltr'><strong>insigni</strong></span> <span class='ocrx_word' id='word_1_18' title='bbox 3313 335 3503 409; x_wconf 67' lang='lat' dir='ltr'><strong>gloria:</strong></span> <span class='ocrx_word' id='word_1_19' title='bbox 3542 334 3784 391; x_wconf 68' lang='lat' dir='ltr'><strong>caelestis</strong></span> 
     </span>
    </p>
   </div>
   <div class='ocr_carea' id='block_1_5' title="bbox 415 427 2056 499">
    <p class='ocr_par' dir='ltr' id='par_1_5' title="bbox 415 427 2056 499">
     <span class='ocr_line' id='line_1_5' title="bbox 415 427 2056 499; baseline -0.002 -15"><span class='ocrx_word' id='word_1_20' title='bbox 415 428 566 499; x_wconf 82' lang='lat' dir='ltr'><strong>longi</strong></span> <span class='ocrx_word' id='word_1_21' title='bbox 611 428 666 482; x_wconf 87' lang='lat' dir='ltr'><strong>in</strong></span> <span class='ocrx_word' id='word_1_22' title='bbox 717 427 916 496; x_wconf 86' lang='lat' dir='ltr'><strong>pollice</strong></span> <span class='ocrx_word' id='word_1_23' title='bbox 965 442 1156 483; x_wconf 91' lang='lat' dir='ltr'><strong>manus</strong></span> <span class='ocrx_word' id='word_1_24' title='bbox 1194 427 1340 482; x_wconf 92' lang='lat' dir='ltr'><strong>illius</strong></span> <span class='ocrx_word' id='word_1_25' title='bbox 1367 432 1756 492; x_wconf 89' lang='lat' dir='ltr'><strong>excreverant;</strong></span> <span class='ocrx_word' id='word_1_26' title='bbox 1798 441 1907 496; x_wconf 91' lang='lat' dir='ltr'><strong>quo</strong></span> <span class='ocrx_word' id='word_1_27' title='bbox 1939 427 2056 496; x_wconf 90' lang='lat' dir='ltr'><strong>ipse</strong></span> 
     </span>
    </p>
   </div>
   <div class='ocr_carea' id='block_1_6' title="bbox 420 515 2060 586">
    <p class='ocr_par' dir='ltr' id='par_1_6' title="bbox 420 515 2060 586">
     <span class='ocr_line' id='line_1_6' title="bbox 420 515 2060 586; baseline -0.001 -14"><span class='ocrx_word' id='word_1_28' title='bbox 420 517 532 572; x_wconf 67' lang='lat' dir='ltr'><strong>viso</strong></span> <span class='ocrx_word' id='word_1_29' title='bbox 563 516 624 547; x_wconf 67' lang='grc'><strong>’⁵⁷</strong></span> <span class='ocrx_word' id='word_1_30' title='bbox 655 530 764 572; x_wconf 91' lang='grc'><strong>11011</strong></span> <span class='ocrx_word' id='word_1_31' title='bbox 813 531 1000 586; x_wconf 90' lang='lat' dir='ltr'><strong>parum</strong></span> <span class='ocrx_word' id='word_1_32' title='bbox 1051 531 1171 571; x_wconf 81' lang='lat' dir='ltr'><strong>cum</strong></span> <span class='ocrx_word' id='word_1_33' title='bbox 1221 515 1493 580; x_wconf 91' lang='lat' dir='ltr'><strong>omnibus,</strong></span> <span class='ocrx_word' id='word_1_34' title='bbox 1527 515 1728 585; x_wconf 86' lang='lat' dir='ltr'><strong>quibus</strong></span> <span class='ocrx_word' id='word_1_35' title='bbox 1753 529 1877 571; x_wconf 88' lang='lat' dir='ltr'><strong>mox</strong></span> <span class='ocrx_word' id='word_1_36' title='bbox 1909 530 2060 571; x_wconf 88' lang='lat' dir='ltr'><strong>mon-</strong></span> 
     </span>
    </p>
   </div>
   <div class='ocr_carea' id='block_1_7' title="bbox 2140 424 3782 499">
    <p class='ocr_par' dir='ltr' id='par_1_7' title="bbox 2140 424 3782 499">
     <span class='ocr_line' id='line_1_7' title="bbox 2140 424 3782 499; baseline -0.003 -16"><span class='ocrx_word' id='word_1_37' title='bbox 2140 429 2416 499; x_wconf 89' lang='lat' dir='ltr'><strong>triumpho</strong></span> <span class='ocrx_word' id='word_1_38' title='bbox 2447 431 2765 499; x_wconf 84' lang='lat' dir='ltr'><strong>perenniter</strong></span> <span class='ocrx_word' id='word_1_39' title='bbox 2797 431 3050 485; x_wconf 89' lang='lat' dir='ltr'><strong>coronari</strong></span> <span class='ocrx_word' id='word_1_40' title='bbox 3101 427 3358 484; x_wconf 89' lang='lat' dir='ltr'><strong>delectat.</strong></span> <span class='ocrx_word' id='word_1_41' title='bbox 3389 424 3595 481; x_wconf 88' lang='lat' dir='ltr'><strong>Eodem</strong></span> <span class='ocrx_word' id='word_1_42' title='bbox 3637 437 3782 479; x_wconf 88' lang='lat' dir='ltr'><strong>anno</strong></span> 
     </span>
    </p>
   </div>
   <div class='ocr_carea' id='block_1_8' title="bbox 2140 512 3782 587">
    <p class='ocr_par' dir='ltr' id='par_1_8' title="bbox 2140 512 3782 587">
     <span class='ocr_line' id='line_1_8' title="bbox 2140 512 3782 587; baseline -0.004 -15"><span class='ocrx_word' id='word_1_43' title='bbox 2140 518 2390 587; x_wconf 82' lang='lat' dir='ltr'><strong>quaedam</strong></span> <span class='ocrx_word' id='word_1_44' title='bbox 2429 525 2674 574; x_wconf 75' lang='lat' dir='ltr'><strong>matrona</strong></span> <span class='ocrx_word' id='word_1_45' title='bbox 2704 518 2759 573; x_wconf 90' lang='lat' dir='ltr'><strong>in</strong></span> <span class='ocrx_word' id='word_1_46' title='bbox 2789 517 3105 574; x_wconf 83' lang='lat' dir='ltr'><strong>Alemannia</strong></span> <span class='ocrx_word' id='word_1_47' title='bbox 3144 529 3372 586; x_wconf 92' lang='lat' dir='ltr'><strong>puerum</strong></span> <span class='ocrx_word' id='word_1_48' title='bbox 3414 526 3526 569; x_wconf 93' lang='lat' dir='ltr'><strong>non</strong></span> <span class='ocrx_word' id='word_1_49' title='bbox 3551 512 3782 567; x_wconf 91' lang='lat' dir='ltr'><strong>multum</strong></span> 
     </span>
    </p>
   </div>
   <div class='ocr_carea' id='block_1_9' title="bbox 417 600 3784 675">
    <p class='ocr_par' dir='ltr' id='par_1_9' title="bbox 417 600 3784 675">
     <span class='ocr_line' id='line_1_9' title="bbox 417 600 3784 675; baseline -0.002 -14"><span class='ocrx_word' id='word_1_50' title='bbox 417 605 630 671; x_wconf 93' lang='lat' dir='ltr'><strong>stravit,</strong></span> <span class='ocrx_word' id='word_1_51' title='bbox 664 605 918 674; x_wconf 86' lang='lat' dir='ltr'><strong>stupidus</strong></span> <span class='ocrx_word' id='word_1_52' title='bbox 948 605 1192 669; x_wconf 79' lang='lat' dir='ltr'><strong>effectus,</strong></span> <span class='ocrx_word' id='word_1_53' title='bbox 1227 612 1357 659; x_wconf 89' lang='lat' dir='ltr'><strong>tune</strong></span> <span class='ocrx_word' id='word_1_54' title='bbox 1387 611 1440 659; x_wconf 92' lang='lat' dir='ltr'><strong>et</strong></span> <span class='ocrx_word' id='word_1_55' title='bbox 1473 605 1528 658; x_wconf 91' lang='lat' dir='ltr'><strong>in</strong></span> <span class='ocrx_word' id='word_1_56' title='bbox 1563 612 1839 674; x_wconf 92' lang='lat' dir='ltr'><strong>posterum</strong></span> <span class='ocrx_word' id='word_1_57' title='bbox 1872 619 2056 660; x_wconf 89' lang='lat' dir='ltr'><strong>secum</strong></span> <span class='ocrx_word' id='word_1_58' title='bbox 2136 607 2394 672; x_wconf 90' lang='lat' dir='ltr'><strong>vivacem,</strong></span> <span class='ocrx_word' id='word_1_59' title='bbox 2455 613 2509 662; x_wconf 93' lang='lat' dir='ltr'><strong>et</strong></span> <span class='ocrx_word' id='word_1_60' title='bbox 2564 621 2686 662; x_wconf 92' lang='lat' dir='ltr'><strong>eum</strong></span> <span class='ocrx_word' id='word_1_61' title='bbox 2745 620 2812 662; x_wconf 94' lang='lat' dir='ltr'><strong>eo</strong></span> <span class='ocrx_word' id='word_1_62' title='bbox 2870 607 3076 675; x_wconf 88' lang='lat' dir='ltr'><strong>pariter</strong></span> <span class='ocrx_word' id='word_1_63' title='bbox 3117 609 3280 674; x_wconf 90' lang='lat' dir='ltr'><strong>caput</strong></span> <span class='ocrx_word' id='word_1_64' title='bbox 3335 601 3493 672; x_wconf 90' lang='lat' dir='ltr'><strong>quasi</strong></span> <span class='ocrx_word' id='word_1_65' title='bbox 3541 600 3784 656; x_wconf 88' lang='lat' dir='ltr'><strong>hominis</strong></span> 
     </span>
    </p>
   </div>
   <div class='ocr_carea' id='block_1_10' title="bbox 417 692 2056 763">
    <p class='ocr_par' dir='ltr' id='par_1_10' title="bbox 417 692 2056 763">
     <span class='ocr_line' id='line_1_10' title="bbox 417 692 2056 763; baseline 0 -15"><span class='ocrx_word' id='word_1_66' title='bbox 417 693 553 749; x_wconf 88' lang='lat' dir='ltr'><strong>satis</strong></span> <span class='ocrx_word' id='word_1_67' title='bbox 573 694 756 748; x_wconf 89' lang='lat' dir='ltr'><strong>mirari</strong></span> <span class='ocrx_word' id='word_1_68' title='bbox 778 693 1010 748; x_wconf 85' lang='lat' dir='ltr'><strong>solebat.</strong></span> <span class='ocrx_word' id='word_1_69' title='bbox 1037 695 1093 747; x_wconf 95' lang='lat' dir='ltr'><strong>ln</strong></span> <span class='ocrx_word' id='word_1_70' title='bbox 1116 692 1304 747; x_wconf 90' lang='lat' dir='ltr'><strong>eadem</strong></span> <span class='ocrx_word' id='word_1_71' title='bbox 1332 705 1554 762; x_wconf 89' lang='lat' dir='ltr'><strong>quoque</strong></span> <span class='ocrx_word' id='word_1_72' title='bbox 1577 693 1786 762; x_wconf 83' lang='lat' dir='ltr'><strong>synodo</strong></span> <span class='ocrx_word' id='word_1_73' title='bbox 1809 695 2056 763; x_wconf 64' lang='lat' dir='ltr'><strong>quaedam</strong></span> 
     </span>
    </p>
   </div>
   <div class='ocr_carea' id='block_1_11' title="bbox 420 779 2061 850">
    <p class='ocr_par' dir='ltr' id='par_1_11' title="bbox 420 779 2061 850">
     <span class='ocr_line' id='line_1_11' title="bbox 420 779 2061 850; baseline -0.002 -12"><span class='ocrx_word' id='word_1_74' title='bbox 420 783 550 838; x_wconf 92' lang='lat' dir='ltr'><strong>item</strong></span> <span class='ocrx_word' id='word_1_75' title='bbox 601 781 878 847; x_wconf 90' lang='lat' dir='ltr'><strong>miracula,</strong></span> <span class='ocrx_word' id='word_1_76' title='bbox 911 795 1032 849; x_wconf 72' lang='lat' dir='ltr'><strong>quae</strong></span> <span class='ocrx_word' id='word_1_77' title='bbox 1073 779 1361 835; x_wconf 87' lang='lat' dir='ltr'><strong>Mediolani</strong></span> <span class='ocrx_word' id='word_1_78' title='bbox 1393 781 1460 835; x_wconf 88' lang='lat' dir='ltr'><strong>ad</strong></span> <span class='ocrx_word' id='word_1_79' title='bbox 1492 781 1841 850; x_wconf 87' lang='lat' dir='ltr'><strong>sepulchrum</strong></span> <span class='ocrx_word' id='word_1_80' title='bbox 1873 781 2061 837; x_wconf 88' lang='lat' dir='ltr'><strong>domni</strong></span> 
     </span>
    </p>
   </div>
   <div class='ocr_carea' id='block_1_12' title="bbox 421 868 2063 939">
    <p class='ocr_par' dir='ltr' id='par_1_12' title="bbox 421 868 2063 939">
     <span class='ocr_line' id='line_1_12' title="bbox 421 868 2063 939; baseline -0.001 -13"><span class='ocrx_word' id='word_1_81' title='bbox 421 870 697 927; x_wconf 89' lang='lat' dir='ltr'><strong>Erlebaldi</strong></span> <span class='ocrx_word' id='word_1_82' title='bbox 745 869 909 938; x_wconf 71' lang='lat'><strong>(169),</strong></span> <span class='ocrx_word' id='word_1_83' title='bbox 970 868 1062 938; x_wconf 91' lang='lat' dir='ltr'><strong>qui</strong></span> <span class='ocrx_word' id='word_1_84' title='bbox 1115 874 1169 923; x_wconf 92' lang='lat' dir='ltr'><strong>et</strong></span> <span class='ocrx_word' id='word_1_85' title='bbox 1222 868 1339 937; x_wconf 92' lang='lat' dir='ltr'><strong>ipse</strong></span> <span class='ocrx_word' id='word_1_86' title='bbox 1380 877 1606 939; x_wconf 85' lang='lat' dir='ltr'><strong>propter</strong></span> <span class='ocrx_word' id='word_1_87' title='bbox 1639 870 1904 938; x_wconf 84' lang='lat' dir='ltr'><strong>justitiam</strong></span> <span class='ocrx_word' id='word_1_88' title='bbox 1936 876 2063 925; x_wconf 83' lang='lat' dir='ltr'><strong>ante</strong></span> 
     </span>
    </p>
   </div>
   <div class='ocr_carea' id='block_1_13' title="bbox 420 955 2065 1028">
    <p class='ocr_par' dir='ltr' id='par_1_13' title="bbox 420 955 2065 1028">
     <span class='ocr_line' id='line_1_13' title="bbox 420 955 2065 1028; baseline -0.002 -13"><span class='ocrx_word' id='word_1_89' title='bbox 420 959 721 1015; x_wconf 85' lang='lat' dir='ltr'><strong>triennium</strong></span> <span class='ocrx_word' id='word_1_90' title='bbox 771 971 962 1026; x_wconf 90' lang='lat' dir='ltr'><strong>passus</strong></span> <span class='ocrx_word' id='word_1_91' title='bbox 1018 963 1121 1021; x_wconf 91' lang='lat' dir='ltr'><strong>est,</strong></span> <span class='ocrx_word' id='word_1_92' title='bbox 1155 955 1294 1011; x_wconf 83' lang='lat' dir='ltr'><strong>facta</strong></span> <span class='ocrx_word' id='word_1_93' title='bbox 1337 965 1484 1024; x_wconf 91' lang='lat' dir='ltr'><strong>sunt,</strong></span> <span class='ocrx_word' id='word_1_94' title='bbox 1537 959 1912 1027; x_wconf 87' lang='lat' dir='ltr'><strong>probabilibus</strong></span> <span class='ocrx_word' id='word_1_95' title='bbox 1943 973 2065 1028; x_wconf 89' lang='lat' dir='ltr'><strong>per-</strong></span> 
     </span>
    </p>
   </div>
   <div class='ocr_carea' id='block_1_14' title="bbox 424 1045 2064 1104">
    <p class='ocr_par' dir='ltr' id='par_1_14' title="bbox 424 1045 2064 1104">
     <span class='ocr_line' id='line_1_14' title="bbox 424 1045 2064 1104; baseline 0 -2"><span class='ocrx_word' id='word_1_96' title='bbox 424 1047 575 1104; x_wconf 90' lang='lat' dir='ltr'><strong>sonis</strong></span> <span class='ocrx_word' id='word_1_97' title='bbox 631 1052 743 1102; x_wconf 88' lang='lat' dir='ltr'><strong>tota</strong></span> <span class='ocrx_word' id='word_1_98' title='bbox 794 1046 1020 1100; x_wconf 83' lang='lat' dir='ltr'><strong>veritate</strong></span> <span class='ocrx_word' id='word_1_99' title='bbox 1078 1045 1193 1100; x_wconf 89' lang='lat' dir='ltr'><strong>illic</strong></span> <span class='ocrx_word' id='word_1_100' title='bbox 1250 1046 1637 1102; x_wconf 91' lang='lat' dir='ltr'><strong>attestantibus</strong></span> <span class='ocrx_word' id='word_1_101' title='bbox 1675 1054 1730 1102; x_wconf 91' lang='lat' dir='ltr'><strong>et</strong></span> <span class='ocrx_word' id='word_1_102' title='bbox 1761 1048 1957 1103; x_wconf 88' lang='lat' dir='ltr'><strong>litteris</strong></span> <span class='ocrx_word' id='word_1_103' title='bbox 2001 1062 2064 1102; x_wconf 90' lang='lat' dir='ltr'><strong>ea</strong></span> 
     </span>
    </p>
   </div>
   <div class='ocr_carea' id='block_1_15' title="bbox 424 1135 2065 1203">
    <p class='ocr_par' dir='ltr' id='par_1_15' title="bbox 424 1135 2065 1203">
     <span class='ocr_line' id='line_1_15' title="bbox 424 1135 2065 1203; baseline 0 -12"><span class='ocrx_word' id='word_1_104' title='bbox 424 1135 800 1191; x_wconf 89' lang='lat' dir='ltr'><strong>commendata</strong></span> <span class='ocrx_word' id='word_1_105' title='bbox 831 1135 1354 1200; x_wconf 86' lang='lat' dir='ltr'><strong>demonstrantibus,</strong></span> <span class='ocrx_word' id='word_1_106' title='bbox 1415 1135 1641 1190; x_wconf 90' lang='lat' dir='ltr'><strong>recitata</strong></span> <span class='ocrx_word' id='word_1_107' title='bbox 1697 1142 1844 1191; x_wconf 91' lang='lat' dir='ltr'><strong>sunt.</strong></span> <span class='ocrx_word' id='word_1_108' title='bbox 1878 1137 1976 1203; x_wconf 77' lang='lat' dir='ltr'><strong>Qui</strong></span> <span class='ocrx_word' id='word_1_109' title='bbox 2010 1142 2065 1191; x_wconf 89' lang='lat' dir='ltr'><strong>et</strong></span> 
     </span>
    </p>
   </div>
   <div class='ocr_carea' id='block_1_16' title="bbox 421 1222 2062 1294">
    <p class='ocr_par' dir='ltr' id='par_1_16' title="bbox 421 1222 2062 1294">
     <span class='ocr_line' id='line_1_16' title="bbox 421 1222 2062 1294; baseline -0.001 -13"><span class='ocrx_word' id='word_1_110' title='bbox 421 1227 540 1294; x_wconf 90' lang='lat' dir='ltr'><strong>ipse</strong></span> <span class='ocrx_word' id='word_1_111' title='bbox 585 1228 773 1279; x_wconf 91' lang='lat' dir='ltr'><strong>orator</strong></span> <span class='ocrx_word' id='word_1_112' title='bbox 828 1222 1270 1289; x_wconf 86' lang='lat' dir='ltr'><strong>facundissimus,</strong></span> <span class='ocrx_word' id='word_1_113' title='bbox 1330 1230 1384 1279; x_wconf 94' lang='lat' dir='ltr'><strong>et</strong></span> <span class='ocrx_word' id='word_1_114' title='bbox 1435 1225 1537 1278; x_wconf 90' lang='lat' dir='ltr'><strong>sub</strong></span> <span class='ocrx_word' id='word_1_115' title='bbox 1593 1225 1825 1280; x_wconf 88' lang='lat' dir='ltr'><strong>seeulari</strong></span> <span class='ocrx_word' id='word_1_116' title='bbox 1875 1225 2062 1280; x_wconf 90' lang='lat' dir='ltr'><strong>habitu</strong></span> 
     </span>
    </p>
   </div>
   <div class='ocr_carea' id='block_1_17' title="bbox 421 1312 2065 1379">
    <p class='ocr_par' dir='ltr' id='par_1_17' title="bbox 421 1312 2065 1379">
     <span class='ocr_line' id='line_1_17' title="bbox 421 1312 2065 1379; baseline 0.001 -11"><span class='ocrx_word' id='word_1_117' title='bbox 421 1313 624 1368; x_wconf 86' lang='lat' dir='ltr'><strong>athleta</strong></span> <span class='ocrx_word' id='word_1_118' title='bbox 653 1313 748 1366; x_wconf 92' lang='lat' dir='ltr'><strong>Dei</strong></span> <span class='ocrx_word' id='word_1_119' title='bbox 797 1312 1232 1379; x_wconf 90' lang='lat' dir='ltr'><strong>sollertissimus,</strong></span> <span class='ocrx_word' id='word_1_120' title='bbox 1279 1314 1560 1368; x_wconf 71' lang='lat' dir='ltr'><strong>canonieae</strong></span> <span class='ocrx_word' id='word_1_121' title='bbox 1617 1321 1953 1370; x_wconf 89' lang='lat' dir='ltr'><strong>restaurator</strong></span> <span class='ocrx_word' id='word_1_122' title='bbox 1983 1315 2065 1369; x_wconf 90' lang='lat' dir='ltr'><strong>di-</strong></span> 
     </span>
    </p>
   </div>
   <div class='ocr_carea' id='block_1_18' title="bbox 420 1401 2066 1473">
    <p class='ocr_par' dir='ltr' id='par_1_18' title="bbox 420 1401 2066 1473">
     <span class='ocr_line' id='line_1_18' title="bbox 420 1401 2066 1473; baseline 0 -15"><span class='ocrx_word' id='word_1_123' title='bbox 420 1401 670 1471; x_wconf 77' lang='lat' dir='ltr'><strong>sciplinae</strong></span> <span class='ocrx_word' id='word_1_124' title='bbox 724 1407 779 1456; x_wconf 92' lang='lat' dir='ltr'><strong>et</strong></span> <span class='ocrx_word' id='word_1_125' title='bbox 834 1401 1217 1467; x_wconf 67' lang='lat' dir='ltr'><strong>observantiae,</strong></span> <span class='ocrx_word' id='word_1_126' title='bbox 1281 1401 1556 1458; x_wconf 92' lang='lat' dir='ltr'><strong>nicolaitis</strong></span> <span class='ocrx_word' id='word_1_127' title='bbox 1617 1409 1673 1457; x_wconf 91' lang='lat' dir='ltr'><strong>et</strong></span> <span class='ocrx_word' id='word_1_128' title='bbox 1731 1403 2066 1473; x_wconf 91' lang='lat' dir='ltr'><strong>symonianis</strong></span> 
     </span>
    </p>
   </div>
   <div class='ocr_carea' id='block_1_19' title="bbox 421 1490 2064 1558">
    <p class='ocr_par' dir='ltr' id='par_1_19' title="bbox 421 1490 2064 1558">
     <span class='ocr_line' id='line_1_19' title="bbox 421 1490 2064 1558; baseline 0.001 -12"><span class='ocrx_word' id='word_1_129' title='bbox 421 1491 682 1546; x_wconf 89' lang='lat' dir='ltr'><strong>hereticis</strong></span> <span class='ocrx_word' id='word_1_130' title='bbox 718 1491 835 1546; x_wconf 90' lang='lat' dir='ltr'><strong>zelo</strong></span> <span class='ocrx_word' id='word_1_131' title='bbox 865 1491 959 1546; x_wconf 91' lang='lat' dir='ltr'><strong>Dei</strong></span> <span class='ocrx_word' id='word_1_132' title='bbox 991 1490 1044 1545; x_wconf 91' lang='lat' dir='ltr'><strong>in</strong></span> <span class='ocrx_word' id='word_1_133' title='bbox 1078 1496 1285 1546; x_wconf 93' lang='lat' dir='ltr'><strong>tantum</strong></span> <span class='ocrx_word' id='word_1_134' title='bbox 1317 1492 1538 1558; x_wconf 85' lang='lat' dir='ltr'><strong>restitit,</strong></span> <span class='ocrx_word' id='word_1_135' title='bbox 1573 1500 1631 1546; x_wconf 92' lang='lat' dir='ltr'><strong>ut</strong></span> <span class='ocrx_word' id='word_1_136' title='bbox 1650 1491 1820 1547; x_wconf 88' lang='lat' dir='ltr'><strong>ferme</strong></span> <span class='ocrx_word' id='word_1_137' title='bbox 1859 1493 1914 1546; x_wconf 83' lang='lat' dir='ltr'><strong>in</strong></span> <span class='ocrx_word' id='word_1_138' title='bbox 1948 1499 2064 1548; x_wconf 92' lang='lat' dir='ltr'><strong>toto</strong></span> 
     </span>
    </p>
   </div>
   <div class='ocr_carea' id='block_1_20' title="bbox 421 1579 2067 1650">
    <p class='ocr_par' dir='ltr' id='par_1_20' title="bbox 421 1579 2067 1650">
     <span class='ocr_line' id='line_1_20' title="bbox 421 1579 2067 1650; baseline 0 -14"><span class='ocrx_word' id='word_1_139' title='bbox 421 1579 816 1636; x_wconf 86' lang='lat' dir='ltr'><strong>Mediolanensi</strong></span> <span class='ocrx_word' id='word_1_140' title='bbox 848 1580 1168 1650; x_wconf 85' lang='lat' dir='ltr'><strong>episcopatu</strong></span> <span class='ocrx_word' id='word_1_141' title='bbox 1200 1579 1383 1634; x_wconf 92' lang='lat' dir='ltr'><strong>nullus</strong></span> <span class='ocrx_word' id='word_1_142' title='bbox 1421 1593 1610 1636; x_wconf 89' lang='lat' dir='ltr'><strong>eorum</strong></span> <span class='ocrx_word' id='word_1_143' title='bbox 1652 1594 1760 1636; x_wconf 91' lang='lat' dir='ltr'><strong>non</strong></span> <span class='ocrx_word' id='word_1_144' title='bbox 1784 1587 2067 1637; x_wconf 90' lang='lat' dir='ltr'><strong>correctus</strong></span> 
     </span>
    </p>
   </div>
   <div class='ocr_carea' id='block_1_21' title="bbox 2140 690 3786 766">
    <p class='ocr_par' dir='ltr' id='par_1_21' title="bbox 2140 690 3786 766">
     <span class='ocr_line' id='line_1_21' title="bbox 2140 690 3786 766; baseline -0.005 -15"><span class='ocrx_word' id='word_1_145' title='bbox 2140 697 2348 766; x_wconf 89' lang='lat' dir='ltr'><strong>absque</strong></span> <span class='ocrx_word' id='word_1_146' title='bbox 2413 696 2666 752; x_wconf 92' lang='lat' dir='ltr'><strong>omnibus</strong></span> <span class='ocrx_word' id='word_1_147' title='bbox 2730 695 2981 750; x_wconf 89' lang='lat' dir='ltr'><strong>humanis</strong></span> <span class='ocrx_word' id='word_1_148' title='bbox 3031 693 3287 750; x_wconf 89' lang='lat' dir='ltr'><strong>membris</strong></span> <span class='ocrx_word' id='word_1_149' title='bbox 3335 690 3660 756; x_wconf 90' lang='lat' dir='ltr'><strong>solitarium,</strong></span> <span class='ocrx_word' id='word_1_150' title='bbox 3701 694 3786 744; x_wconf 89' lang='lat' dir='ltr'><strong>set</strong></span> 
     </span>
    </p>
   </div>
   <div class='ocr_carea' id='block_1_22' title="bbox 2141 779 3786 840">
    <p class='ocr_par' dir='ltr' id='par_1_22' title="bbox 2141 779 3786 840">
     <span class='ocr_line' id='line_1_22' title="bbox 2141 779 3786 840; baseline -0.004 -2"><span class='ocrx_word' id='word_1_151' title='bbox 2141 785 2329 839; x_wconf 84' lang='lat' dir='ltr'><strong>vivens</strong></span> <span class='ocrx_word' id='word_1_152' title='bbox 2367 790 2421 839; x_wconf 90' lang='lat' dir='ltr'><strong>et</strong></span> <span class='ocrx_word' id='word_1_153' title='bbox 2459 799 2527 838; x_wconf 89' lang='lat' dir='ltr'><strong>ex</strong></span> <span class='ocrx_word' id='word_1_154' title='bbox 2583 790 2699 840; x_wconf 90' lang='lat' dir='ltr'><strong>toto</strong></span> <span class='ocrx_word' id='word_1_155' title='bbox 2756 784 2970 839; x_wconf 89' lang='lat' dir='ltr'><strong>cunctis</strong></span> <span class='ocrx_word' id='word_1_156' title='bbox 3026 782 3141 838; x_wconf 90' lang='lat' dir='ltr'><strong>suis</strong></span> <span class='ocrx_word' id='word_1_157' title='bbox 3179 781 3432 837; x_wconf 90' lang='lat' dir='ltr'><strong>sensibus</strong></span> <span class='ocrx_word' id='word_1_158' title='bbox 3470 779 3786 835; x_wconf 87' lang='lat' dir='ltr'><strong>humanitus</strong></span> 
     </span>
    </p>
   </div>
   <div class='ocr_carea' id='block_1_23' title="bbox 2141 865 3786 942">
    <p class='ocr_par' dir='ltr' id='par_1_23' title="bbox 2141 865 3786 942">
     <span class='ocr_line' id='line_1_23' title="bbox 2141 865 3786 942; baseline -0.005 -14"><span class='ocrx_word' id='word_1_159' title='bbox 2141 873 2283 928; x_wconf 88' lang='lat' dir='ltr'><strong>bene</strong></span> <span class='ocrx_word' id='word_1_160' title='bbox 2340 872 2649 937; x_wconf 91' lang='lat' dir='ltr'><strong>formatum,</strong></span> <span class='ocrx_word' id='word_1_161' title='bbox 2706 872 3002 942; x_wconf 79' lang='lat' dir='ltr'><strong>generavit.</strong></span> <span class='ocrx_word' id='word_1_162' title='bbox 3061 871 3238 938; x_wconf 90' lang='lat' dir='ltr'><strong>Quod,</strong></span> <span class='ocrx_word' id='word_1_163' title='bbox 3300 869 3427 924; x_wconf 92' lang='lat' dir='ltr'><strong>dum</strong></span> <span class='ocrx_word' id='word_1_164' title='bbox 3485 865 3786 922; x_wconf 84' lang='lat' dir='ltr'><strong>infantulus</strong></span> 
     </span>
    </p>
   </div>
   <div class='ocr_carea' id='block_1_24' title="bbox 2145 957 3786 1030">
    <p class='ocr_par' dir='ltr' id='par_1_24' title="bbox 2145 957 3786 1030">
     <span class='ocr_line' id='line_1_24' title="bbox 2145 957 3786 1030; baseline -0.004 -15"><span class='ocrx_word' id='word_1_165' title='bbox 2145 961 2238 1017; x_wconf 86' lang='lat' dir='ltr'><strong>ille</strong></span> <span class='ocrx_word' id='word_1_166' title='bbox 2277 975 2401 1017; x_wconf 89' lang='lat' dir='ltr'><strong>mox</strong></span> <span class='ocrx_word' id='word_1_167' title='bbox 2439 961 2736 1016; x_wconf 90' lang='lat' dir='ltr'><strong>moriturus</strong></span> <span class='ocrx_word' id='word_1_168' title='bbox 2774 961 3163 1030; x_wconf 87' lang='lat' dir='ltr'><strong>baptizaretur,</strong></span> <span class='ocrx_word' id='word_1_169' title='bbox 3213 957 3540 1014; x_wconf 89' lang='lat' dir='ltr'><strong>obstetrices</strong></span> <span class='ocrx_word' id='word_1_170' title='bbox 3591 969 3786 1024; x_wconf 90' lang='lat' dir='ltr'><strong>accep-</strong></span> 
     </span>
    </p>
   </div>
   <div class='ocr_carea' id='block_1_25' title="bbox 2148 1043 3784 1118">
    <p class='ocr_par' dir='ltr' id='par_1_25' title="bbox 2148 1043 3784 1118">
     <span class='ocr_line' id='line_1_25' title="bbox 2148 1043 3784 1118; baseline -0.004 -14"><span class='ocrx_word' id='word_1_171' title='bbox 2148 1058 2282 1117; x_wconf 91' lang='lat' dir='ltr'><strong>tum,</strong></span> <span class='ocrx_word' id='word_1_172' title='bbox 2315 1055 2530 1105; x_wconf 89' lang='lat' dir='ltr'><strong>secreto</strong></span> <span class='ocrx_word' id='word_1_173' title='bbox 2557 1057 2736 1105; x_wconf 89' lang='lat' dir='ltr'><strong>tamen</strong></span> <span class='ocrx_word' id='word_1_174' title='bbox 2769 1055 2995 1118; x_wconf 88' lang='lat' dir='ltr'><strong>propter</strong></span> <span class='ocrx_word' id='word_1_175' title='bbox 3025 1047 3293 1117; x_wconf 91' lang='lat' dir='ltr'><strong>quandam</strong></span> <span class='ocrx_word' id='word_1_176' title='bbox 3327 1043 3784 1104; x_wconf 88' lang='lat' dir='ltr'><strong>erubescentiam.</strong></span> 
     </span>
    </p>
   </div>
   <div class='ocr_carea' id='block_1_26' title="bbox 2147 1132 3786 1209">
    <p class='ocr_par' dir='ltr' id='par_1_26' title="bbox 2147 1132 3786 1209">
     <span class='ocr_line' id='line_1_26' title="bbox 2147 1132 3786 1209; baseline -0.005 -15"><span class='ocrx_word' id='word_1_177' title='bbox 2147 1144 2202 1194; x_wconf 91' lang='lat' dir='ltr'><strong>et</strong></span> <span class='ocrx_word' id='word_1_178' title='bbox 2240 1140 2438 1209; x_wconf 91' lang='lat' dir='ltr'><strong>ipsum,</strong></span> <span class='ocrx_word' id='word_1_179' title='bbox 2481 1151 2580 1208; x_wconf 88' lang='lat' dir='ltr'><strong>pro</strong></span> <span class='ocrx_word' id='word_1_180' title='bbox 2620 1143 2739 1194; x_wconf 92' lang='lat' dir='ltr'><strong>toto</strong></span> <span class='ocrx_word' id='word_1_181' title='bbox 2781 1137 2998 1193; x_wconf 90' lang='lat' dir='ltr'><strong>homine</strong></span> <span class='ocrx_word' id='word_1_182' title='bbox 3040 1149 3237 1191; x_wconf 89' lang='lat' dir='ltr'><strong>nomen</strong></span> <span class='ocrx_word' id='word_1_183' title='bbox 3277 1136 3606 1204; x_wconf 88' lang='lat' dir='ltr'><strong>inponentes</strong></span> <span class='ocrx_word' id='word_1_184' title='bbox 3633 1132 3705 1200; x_wconf 89' lang='lat' dir='ltr'><strong>ei,</strong></span> <span class='ocrx_word' id='word_1_185' title='bbox 3731 1132 3786 1186; x_wconf 94' lang='lat' dir='ltr'><strong>in</strong></span> 
     </span>
    </p>
   </div>
   <div class='ocr_carea' id='block_1_27' title="bbox 2146 1221 3787 1297">
    <p class='ocr_par' dir='ltr' id='par_1_27' title="bbox 2146 1221 3787 1297">
     <span class='ocr_line' id='line_1_27' title="bbox 2146 1221 3787 1297; baseline -0.004 -13"><span class='ocrx_word' id='word_1_186' title='bbox 2146 1229 2366 1284; x_wconf 88' lang='lat' dir='ltr'><strong>nomine</strong></span> <span class='ocrx_word' id='word_1_187' title='bbox 2397 1233 2602 1283; x_wconf 63' lang='lat' dir='ltr'><strong>sanctae</strong></span> <span class='ocrx_word' id='word_1_188' title='bbox 2641 1227 2922 1283; x_wconf 91' lang='lat' dir='ltr'><strong>Trinitatis</strong></span> <span class='ocrx_word' id='word_1_189' title='bbox 2951 1226 3336 1297; x_wconf 88' lang='lat' dir='ltr'><strong>baptizabant;</strong></span> <span class='ocrx_word' id='word_1_190' title='bbox 3369 1230 3455 1279; x_wconf 89' lang='lat' dir='ltr'><strong>set</strong></span> <span class='ocrx_word' id='word_1_191' title='bbox 3484 1235 3592 1279; x_wconf 90' lang='lat' dir='ltr'><strong>non</strong></span> <span class='ocrx_word' id='word_1_192' title='bbox 3614 1221 3787 1278; x_wconf 89' lang='lat' dir='ltr'><strong>multo</strong></span> 
     </span>
    </p>
   </div>
   <div class='ocr_carea' id='block_1_28' title="bbox 2147 1317 2656 1388">
    <p class='ocr_par' dir='ltr' id='par_1_28' title="bbox 2147 1317 2656 1388">
     <span class='ocr_line' id='line_1_28' title="bbox 2147 1317 2656 1388; baseline -0.002 -16"><span class='ocrx_word' id='word_1_193' title='bbox 2147 1325 2273 1388; x_wconf 93' lang='lat' dir='ltr'><strong>post</strong></span> <span class='ocrx_word' id='word_1_194' title='bbox 2303 1317 2656 1372; x_wconf 90' lang='lat' dir='ltr'><strong>moriebatur.</strong></span> 
     </span>
    </p>
   </div>
   <div class='ocr_carea' id='block_1_29' title="bbox 2803 1447 3124 1502">
    <p class='ocr_par' dir='ltr' id='par_1_29' title="bbox 2803 1447 3124 1502">
     <span class='ocr_line' id='line_1_29' title="bbox 2803 1447 3124 1502; baseline 0 0"><span class='ocrx_word' id='word_1_195' title='bbox 2803 1449 2848 1502; x_wconf 80' lang='grc' dir='ltr'>Μ</span> <span class='ocrx_word' id='word_1_196' title='bbox 2859 1447 3124 1502; x_wconf 83' lang='lat' dir='ltr'><strong>LXXVIII.</strong></span> 
     </span>
    </p>
   </div>
   <div class='ocr_carea' id='block_1_30' title="bbox 2219 1576 3795 1649">
    <p class='ocr_par' dir='ltr' id='par_1_30' title="bbox 2219 1576 3795 1649">
     <span class='ocr_line' id='line_1_30' title="bbox 2219 1576 3795 1649; baseline -0.006 -11"><span class='ocrx_word' id='word_1_197' title='bbox 2219 1580 2527 1638; x_wconf 86' lang='lat' dir='ltr'><strong>Roudulfus</strong></span> <span class='ocrx_word' id='word_1_198' title='bbox 2565 1595 2662 1636; x_wconf 87' lang='lat' dir='ltr'><strong>rex</strong></span> <span class='ocrx_word' id='word_1_199' title='bbox 2709 1581 2764 1636; x_wconf 93' lang='lat' dir='ltr'><strong>in</strong></span> <span class='ocrx_word' id='word_1_200' title='bbox 2805 1580 3038 1636; x_wconf 83' lang='lat' dir='ltr'><strong>Saxonia</strong></span> <span class='ocrx_word' id='word_1_201' title='bbox 3077 1578 3223 1649; x_wconf 91' lang='lat' dir='ltr'><strong>apud</strong></span> <span class='ocrx_word' id='word_1_202' title='bbox 3260 1577 3562 1634; x_wconf 89' lang='lat' dir='ltr'><strong>Goslarium</strong></span> <span class='ocrx_word' id='word_1_203' title='bbox 3602 1576 3795 1631; x_wconf 89' lang='lat' dir='ltr'><strong>nativi-</strong></span> 
     </span>
    </p>
   </div>
   <div class='ocr_carea' id='block_1_31' title="bbox 424 1663 3793 1739">
    <p class='ocr_par' dir='ltr' id='par_1_31' title="bbox 424 1663 3793 1739">
     <span class='ocr_line' id='line_1_31' title="bbox 424 1663 3793 1739; baseline -0.001 -17"><span class='ocrx_word' id='word_1_204' title='bbox 424 1669 537 1722; x_wconf 90' lang='lat' dir='ltr'><strong>sive</strong></span> <span class='ocrx_word' id='word_1_205' title='bbox 597 1681 707 1723; x_wconf 95' lang='lat' dir='ltr'><strong>non</strong></span> <span class='ocrx_word' id='word_1_206' title='bbox 767 1681 1064 1723; x_wconf 91' lang='lat' dir='ltr'><strong>conversus</strong></span> <span class='ocrx_word' id='word_1_207' title='bbox 1116 1669 1458 1723; x_wconf 89' lang='lat' dir='ltr'><strong>remanserit.</strong></span> <span class='ocrx_word' id='word_1_208' title='bbox 1520 1669 1574 1723; x_wconf 90' lang='lat' dir='ltr'><strong>Si</strong></span> <span class='ocrx_word' id='word_1_209' title='bbox 1615 1669 1739 1738; x_wconf 87' lang='lat' dir='ltr'><strong>quis</strong></span> <span class='ocrx_word' id='word_1_210' title='bbox 1767 1675 1946 1724; x_wconf 92' lang='lat' dir='ltr'><strong>autem</strong></span> <span class='ocrx_word' id='word_1_211' title='bbox 1979 1663 2130 1723; x_wconf 91' lang='lat' dir='ltr'><strong>ea-B</strong></span> <span class='ocrx_word' id='word_1_212' title='bbox 2156 1679 2318 1728; x_wconf 88' lang='lat' dir='ltr'><strong>tatem</strong></span> <span class='ocrx_word' id='word_1_213' title='bbox 2359 1672 2570 1728; x_wconf 89' lang='lat' dir='ltr'><strong>Domini</strong></span> <span class='ocrx_word' id='word_1_214' title='bbox 2620 1684 2741 1725; x_wconf 92' lang='lat' dir='ltr'><strong>eum</strong></span> <span class='ocrx_word' id='word_1_215' title='bbox 2782 1669 3030 1724; x_wconf 83' lang='lat' dir='ltr'><strong>maximis</strong></span> <span class='ocrx_word' id='word_1_216' title='bbox 3073 1669 3355 1724; x_wconf 64' lang='lat' dir='ltr'><strong>Saxonica:</strong></span> <span class='ocrx_word' id='word_1_217' title='bbox 3401 1666 3581 1739; x_wconf 89' lang='lat' dir='ltr'><strong>gentis</strong></span> <span class='ocrx_word' id='word_1_218' title='bbox 3616 1665 3793 1734; x_wconf 85' lang='lat' dir='ltr'><strong>copiis</strong></span> 
     </span>
    </p>
   </div>
   <div class='ocr_carea' id='block_1_32' title="bbox 429 1756 2072 1828">
    <p class='ocr_par' dir='ltr' id='par_1_32' title="bbox 429 1756 2072 1828">
     <span class='ocr_line' id='line_1_32' title="bbox 429 1756 2072 1828; baseline 0.001 -17"><span class='ocrx_word' id='word_1_219' title='bbox 429 1757 645 1812; x_wconf 66' lang='lat' dir='ltr'><strong>nonieaa</strong></span> <span class='ocrx_word' id='word_1_220' title='bbox 668 1756 1002 1812; x_wconf 89' lang='lat' dir='ltr'><strong>districtioni</strong></span> <span class='ocrx_word' id='word_1_221' title='bbox 1028 1757 1328 1826; x_wconf 89' lang='lat' dir='ltr'><strong>perduellis</strong></span> <span class='ocrx_word' id='word_1_222' title='bbox 1347 1763 1404 1812; x_wconf 95' lang='lat' dir='ltr'><strong>et</strong></span> <span class='ocrx_word' id='word_1_223' title='bbox 1441 1757 1789 1813; x_wconf 70' lang='lat' dir='ltr'><strong>inobmdiens</strong></span> <span class='ocrx_word' id='word_1_224' title='bbox 1818 1765 2072 1828; x_wconf 89' lang='lat' dir='ltr'><strong>repertus</strong></span> 
     </span>
    </p>
   </div>
   <div class='ocr_carea' id='block_1_33' title="bbox 431 1844 2070 1914">
    <p class='ocr_par' dir='ltr' id='par_1_33' title="bbox 431 1844 2070 1914">
     <span class='ocr_line' id='line_1_33' title="bbox 431 1844 2070 1914; baseline 0.001 -15"><span class='ocrx_word' id='word_1_225' title='bbox 431 1851 534 1911; x_wconf 90' lang='lat' dir='ltr'><strong>est,</strong></span> <span class='ocrx_word' id='word_1_226' title='bbox 567 1859 691 1900; x_wconf 93' lang='lat' dir='ltr'><strong>mox</strong></span> <span class='ocrx_word' id='word_1_227' title='bbox 717 1844 834 1913; x_wconf 89' lang='lat' dir='ltr'><strong>ipse</strong></span> <span class='ocrx_word' id='word_1_228' title='bbox 887 1846 1180 1914; x_wconf 84' lang='lat' dir='ltr'><strong>assumptis</strong></span> <span class='ocrx_word' id='word_1_229' title='bbox 1209 1859 1393 1900; x_wconf 91' lang='lat' dir='ltr'><strong>secum</strong></span> <span class='ocrx_word' id='word_1_230' title='bbox 1449 1846 1641 1901; x_wconf 90' lang='lat' dir='ltr'><strong>turmis</strong></span> <span class='ocrx_word' id='word_1_231' title='bbox 1670 1847 1785 1902; x_wconf 88' lang='lat' dir='ltr'><strong>suis</strong></span> <span class='ocrx_word' id='word_1_232' title='bbox 1814 1847 2070 1902; x_wconf 88' lang='lat' dir='ltr'><strong>militari-</strong></span> 
     </span>
    </p>
   </div>
   <div class='ocr_carea' id='block_1_34' title="bbox 432 1934 2072 2006">
    <p class='ocr_par' dir='ltr' id='par_1_34' title="bbox 432 1934 2072 2006">
     <span class='ocr_line' id='line_1_34' title="bbox 432 1934 2072 2006; baseline 0.002 -18"><span class='ocrx_word' id='word_1_233' title='bbox 432 1934 554 2000; x_wconf 86' lang='lat' dir='ltr'><strong>bus,</strong></span> <span class='ocrx_word' id='word_1_234' title='bbox 588 1934 655 1988; x_wconf 91' lang='lat' dir='ltr'><strong>ad</strong></span> <span class='ocrx_word' id='word_1_235' title='bbox 706 1935 1024 1989; x_wconf 81' lang='lat' dir='ltr'><strong>canonicam</strong></span> <span class='ocrx_word' id='word_1_236' title='bbox 1074 1934 1221 1989; x_wconf 91' lang='lat' dir='ltr'><strong>illum</strong></span> <span class='ocrx_word' id='word_1_237' title='bbox 1269 1948 1555 1990; x_wconf 91' lang='lat' dir='ltr'><strong>censuram</strong></span> <span class='ocrx_word' id='word_1_238' title='bbox 1600 1941 1692 1990; x_wconf 90' lang='lat' dir='ltr'><strong>aut</strong></span> <span class='ocrx_word' id='word_1_239' title='bbox 1741 1937 1925 2006; x_wconf 76' lang='lat' dir='ltr'><strong>coegit,</strong></span> <span class='ocrx_word' id='word_1_240' title='bbox 1959 1937 2072 1991; x_wconf 91' lang='lat' dir='ltr'><strong>sive</strong></span> 
     </span>
    </p>
   </div>
   <div class='ocr_carea' id='block_1_35' title="bbox 433 2022 2075 2094">
    <p class='ocr_par' dir='ltr' id='par_1_35' title="bbox 433 2022 2075 2094">
     <span class='ocr_line' id='line_1_35' title="bbox 433 2022 2075 2094; baseline 0.001 -17"><span class='ocrx_word' id='word_1_241' title='bbox 433 2022 657 2092; x_wconf 81' lang='lat' dir='ltr'><strong>fugavit,</strong></span> <span class='ocrx_word' id='word_1_242' title='bbox 691 2027 785 2078; x_wconf 89' lang='lat' dir='ltr'><strong>aut</strong></span> <span class='ocrx_word' id='word_1_243' title='bbox 814 2029 1028 2093; x_wconf 89' lang='lat' dir='ltr'><strong>captum</strong></span> <span class='ocrx_word' id='word_1_244' title='bbox 1063 2023 1442 2090; x_wconf 89' lang='lat' dir='ltr'><strong>incarceravit,</strong></span> <span class='ocrx_word' id='word_1_245' title='bbox 1478 2032 1532 2079; x_wconf 91' lang='lat' dir='ltr'><strong>et</strong></span> <span class='ocrx_word' id='word_1_246' title='bbox 1574 2024 1755 2079; x_wconf 89' lang='lat' dir='ltr'><strong>omnia</strong></span> <span class='ocrx_word' id='word_1_247' title='bbox 1787 2039 1910 2094; x_wconf 65' lang='lat' dir='ltr'><strong>quae</strong></span> <span class='ocrx_word' id='word_1_248' title='bbox 1952 2038 2075 2094; x_wconf 93' lang='lat' dir='ltr'><strong>pos-</strong></span> 
     </span>
    </p>
   </div>
   <div class='ocr_carea' id='block_1_36' title="bbox 434 2112 2076 2182">
    <p class='ocr_par' dir='ltr' id='par_1_36' title="bbox 434 2112 2076 2182">
     <span class='ocr_line' id='line_1_36' title="bbox 434 2112 2076 2182; baseline 0.001 -16"><span class='ocrx_word' id='word_1_249' title='bbox 434 2112 648 2167; x_wconf 89' lang='lat' dir='ltr'><strong>sidebat</strong></span> <span class='ocrx_word' id='word_1_250' title='bbox 697 2112 926 2182; x_wconf 88' lang='lat' dir='ltr'><strong>diripuit</strong></span> <span class='ocrx_word' id='word_1_251' title='bbox 978 2118 1034 2168; x_wconf 92' lang='lat' dir='ltr'><strong>et</strong></span> <span class='ocrx_word' id='word_1_252' title='bbox 1065 2113 1368 2182; x_wconf 89' lang='lat' dir='ltr'><strong>dissipavit.</strong></span> <span class='ocrx_word' id='word_1_253' title='bbox 1412 2115 1471 2168; x_wconf 90' lang='lat' dir='ltr'><strong>In</strong></span> <span class='ocrx_word' id='word_1_254' title='bbox 1519 2115 1676 2182; x_wconf 85' lang='lat' dir='ltr'><strong>cujus</strong></span> <span class='ocrx_word' id='word_1_255' title='bbox 1710 2112 1965 2169; x_wconf 91' lang='lat' dir='ltr'><strong>factionis</strong></span> <span class='ocrx_word' id='word_1_256' title='bbox 1994 2115 2076 2168; x_wconf 90' lang='lat' dir='ltr'><strong>ul-</strong></span> 
     </span>
    </p>
   </div>
   <div class='ocr_carea' id='block_1_37' title="bbox 435 2201 2075 2273">
    <p class='ocr_par' dir='ltr' id='par_1_37' title="bbox 435 2201 2075 2273">
     <span class='ocr_line' id='line_1_37' title="bbox 435 2201 2075 2273; baseline 0 -17"><span class='ocrx_word' id='word_1_257' title='bbox 435 2201 642 2256; x_wconf 90' lang='lat' dir='ltr'><strong>tionem</strong></span> <span class='ocrx_word' id='word_1_258' title='bbox 689 2201 910 2271; x_wconf 88' lang='lat' dir='ltr'><strong>quidam</strong></span> <span class='ocrx_word' id='word_1_259' title='bbox 959 2202 1409 2270; x_wconf 85' lang='lat' dir='ltr'><strong>Mediolanenses,</strong></span> <span class='ocrx_word' id='word_1_260' title='bbox 1448 2204 1542 2273; x_wconf 88' lang='lat' dir='ltr'><strong>qui</strong></span> <span class='ocrx_word' id='word_1_261' title='bbox 1588 2203 1835 2273; x_wconf 90' lang='lat' dir='ltr'><strong>episcopi</strong></span> <span class='ocrx_word' id='word_1_262' title='bbox 1876 2203 1960 2258; x_wconf 91' lang='lat' dir='ltr'><strong>sui</strong></span> <span class='ocrx_word' id='word_1_263' title='bbox 1990 2217 2075 2272; x_wconf 87' lang='lat' dir='ltr'><strong>sy-</strong></span> 
     </span>
    </p>
   </div>
   <div class='ocr_carea' id='block_1_38' title="bbox 437 2289 2076 2361">
    <p class='ocr_par' dir='ltr' id='par_1_38' title="bbox 437 2289 2076 2361">
     <span class='ocr_line' id='line_1_38' title="bbox 437 2289 2076 2361; baseline 0.002 -18"><span class='ocrx_word' id='word_1_264' title='bbox 437 2289 672 2345; x_wconf 90' lang='lat' dir='ltr'><strong>moniaci</strong></span> <span class='ocrx_word' id='word_1_265' title='bbox 724 2289 908 2361; x_wconf 87' lang='lat'><strong>(170),</strong></span> <span class='ocrx_word' id='word_1_266' title='bbox 968 2291 1053 2346; x_wconf 85' lang='lat' dir='ltr'><strong>cui</strong></span> <span class='ocrx_word' id='word_1_267' title='bbox 1087 2298 1141 2345; x_wconf 92' lang='lat' dir='ltr'><strong>et</strong></span> <span class='ocrx_word' id='word_1_268' title='bbox 1190 2293 1306 2361; x_wconf 90' lang='lat' dir='ltr'><strong>ipse</strong></span> <span class='ocrx_word' id='word_1_269' title='bbox 1347 2298 1461 2346; x_wconf 90' lang='lat' dir='ltr'><strong>tota</strong></span> <span class='ocrx_word' id='word_1_270' title='bbox 1493 2306 1597 2361; x_wconf 91' lang='lat' dir='ltr'><strong>qua</strong></span> <span class='ocrx_word' id='word_1_271' title='bbox 1632 2297 1845 2361; x_wconf 89' lang='lat' dir='ltr'><strong>poterat</strong></span> <span class='ocrx_word' id='word_1_272' title='bbox 1877 2292 2076 2346; x_wconf 91' lang='lat' dir='ltr'><strong>virtute</strong></span> 
     </span>
    </p>
   </div>
   <div class='ocr_carea' id='block_1_39' title="bbox 437 2377 2077 2449">
    <p class='ocr_par' dir='ltr' id='par_1_39' title="bbox 437 2377 2077 2449">
     <span class='ocr_line' id='line_1_39' title="bbox 437 2377 2077 2449; baseline 0 -17"><span class='ocrx_word' id='word_1_273' title='bbox 437 2377 758 2433; x_wconf 88' lang='lat' dir='ltr'><strong>adversatus</strong></span> <span class='ocrx_word' id='word_1_274' title='bbox 788 2385 892 2442; x_wconf 90' lang='lat' dir='ltr'><strong>est,</strong></span> <span class='ocrx_word' id='word_1_275' title='bbox 932 2393 1033 2434; x_wconf 90' lang='lat' dir='ltr'><strong>nec</strong></span> <span class='ocrx_word' id='word_1_276' title='bbox 1065 2392 1172 2434; x_wconf 92' lang='lat' dir='ltr'><strong>non</strong></span> <span class='ocrx_word' id='word_1_277' title='bbox 1223 2379 1370 2449; x_wconf 90' lang='lat' dir='ltr'><strong>regis</strong></span> <span class='ocrx_word' id='word_1_278' title='bbox 1413 2379 1677 2445; x_wconf 85' lang='lat' dir='ltr'><strong>Heinrici,</strong></span> <span class='ocrx_word' id='word_1_279' title='bbox 1720 2379 1812 2449; x_wconf 91' lang='lat' dir='ltr'><strong>qui</strong></span> <span class='ocrx_word' id='word_1_280' title='bbox 1846 2379 2077 2434; x_wconf 91' lang='lat' dir='ltr'><strong>eundem</strong></span> 
     </span>
    </p>
   </div>
   <div class='ocr_carea' id='block_1_40' title="bbox 437 2466 2081 2538">
    <p class='ocr_par' dir='ltr' id='par_1_40' title="bbox 437 2466 2081 2538">
     <span class='ocr_line' id='line_1_40' title="bbox 437 2466 2081 2538; baseline 0.002 -18"><span class='ocrx_word' id='word_1_281' title='bbox 437 2466 548 2521; x_wconf 90' lang='lat' dir='ltr'><strong>illis</strong></span> <span class='ocrx_word' id='word_1_282' title='bbox 605 2467 909 2522; x_wconf 85' lang='lat' dir='ltr'><strong>heretieum</strong></span> <span class='ocrx_word' id='word_1_283' title='bbox 967 2467 1242 2536; x_wconf 89' lang='lat' dir='ltr'><strong>apposuit,</strong></span> <span class='ocrx_word' id='word_1_284' title='bbox 1303 2468 1558 2538; x_wconf 82' lang='lat' dir='ltr'><strong>morigeri</strong></span> <span class='ocrx_word' id='word_1_285' title='bbox 1615 2476 1670 2522; x_wconf 90' lang='lat' dir='ltr'><strong>et</strong></span> <span class='ocrx_word' id='word_1_286' title='bbox 1712 2472 2081 2523; x_wconf 88' lang='lat' dir='ltr'><strong>assentatores</strong></span> 
     </span>
    </p>
   </div>
   <div class='ocr_carea' id='block_1_41' title="bbox 437 2553 2081 2627">
    <p class='ocr_par' dir='ltr' id='par_1_41' title="bbox 437 2553 2081 2627">
     <span class='ocr_line' id='line_1_41' title="bbox 437 2553 2081 2627; baseline 0.001 -18"><span class='ocrx_word' id='word_1_287' title='bbox 437 2553 673 2620; x_wconf 89' lang='lat' dir='ltr'><strong>fuerant,</strong></span> <span class='ocrx_word' id='word_1_288' title='bbox 727 2555 820 2610; x_wconf 90' lang='lat' dir='ltr'><strong>Dei</strong></span> <span class='ocrx_word' id='word_1_289' title='bbox 876 2561 1126 2626; x_wconf 87' lang='lat' dir='ltr'><strong>tyronem</strong></span> <span class='ocrx_word' id='word_1_290' title='bbox 1174 2556 1452 2626; x_wconf 90' lang='lat' dir='ltr'><strong>egregium</strong></span> <span class='ocrx_word' id='word_1_291' title='bbox 1505 2572 1604 2626; x_wconf 91' lang='lat' dir='ltr'><strong>pro</strong></span> <span class='ocrx_word' id='word_1_292' title='bbox 1639 2557 1850 2627; x_wconf 89' lang='lat' dir='ltr'><strong>justitia</strong></span> <span class='ocrx_word' id='word_1_293' title='bbox 1883 2564 1937 2611; x_wconf 84' lang='lat' dir='ltr'><strong>et</strong></span> <span class='ocrx_word' id='word_1_294' title='bbox 1977 2556 2081 2611; x_wconf 79' lang='lat' dir='ltr'><strong>fide</strong></span> 
     </span>
    </p>
   </div>
   <div class='ocr_carea' id='block_1_42' title="bbox 438 2644 2081 2716">
    <p class='ocr_par' dir='ltr' id='par_1_42' title="bbox 438 2644 2081 2716">
     <span class='ocr_line' id='line_1_42' title="bbox 438 2644 2081 2716; baseline 0.001 -18"><span class='ocrx_word' id='word_1_295' title='bbox 438 2657 542 2699; x_wconf 91' lang='lat' dir='ltr'><strong>nec</strong></span> <span class='ocrx_word' id='word_1_296' title='bbox 572 2657 683 2699; x_wconf 90' lang='lat' dir='ltr'><strong>non</strong></span> <span class='ocrx_word' id='word_1_297' title='bbox 723 2644 1057 2699; x_wconf 86' lang='lat' dir='ltr'><strong>oboedientia</strong></span> <span class='ocrx_word' id='word_1_298' title='bbox 1089 2658 1250 2714; x_wconf 88' lang='lat' dir='ltr'><strong>quam</strong></span> <span class='ocrx_word' id='word_1_299' title='bbox 1282 2644 1386 2715; x_wconf 89' lang='lat' dir='ltr'><strong>ipsi</strong></span> <span class='ocrx_word' id='word_1_300' title='bbox 1415 2645 1649 2701; x_wconf 91' lang='lat' dir='ltr'><strong>domnus</strong></span> <span class='ocrx_word' id='word_1_301' title='bbox 1679 2661 1818 2716; x_wconf 89' lang='lat' dir='ltr'><strong>papa</strong></span> <span class='ocrx_word' id='word_1_302' title='bbox 1842 2646 2081 2702; x_wconf 81' lang='lat' dir='ltr'><strong>Alexan-</strong></span> 
     </span>
    </p>
   </div>
   <div class='ocr_carea' id='block_1_43' title="bbox 437 2730 2082 2803">
    <p class='ocr_par' dir='ltr' id='par_1_43' title="bbox 437 2730 2082 2803">
     <span class='ocr_line' id='line_1_43' title="bbox 437 2730 2082 2803; baseline 0.002 -17"><span class='ocrx_word' id='word_1_303' title='bbox 437 2730 539 2786; x_wconf 88' lang='lat' dir='ltr'><strong>der</strong></span> <span class='ocrx_word' id='word_1_304' title='bbox 594 2745 694 2802; x_wconf 92' lang='lat' dir='ltr'><strong>pro</strong></span> <span class='ocrx_word' id='word_1_305' title='bbox 751 2732 1064 2802; x_wconf 91' lang='lat' dir='ltr'><strong>hujusmodi</strong></span> <span class='ocrx_word' id='word_1_306' title='bbox 1131 2732 1394 2802; x_wconf 90' lang='lat' dir='ltr'><strong>inposuit,</strong></span> <span class='ocrx_word' id='word_1_307' title='bbox 1454 2748 1552 2803; x_wconf 91' lang='lat' dir='ltr'><strong>per</strong></span> <span class='ocrx_word' id='word_1_308' title='bbox 1608 2733 1836 2789; x_wconf 89' lang='lat' dir='ltr'><strong>insidias</strong></span> <span class='ocrx_word' id='word_1_309' title='bbox 1891 2734 2082 2790; x_wconf 90' lang='lat' dir='ltr'><strong>dolose</strong></span> 
     </span>
    </p>
   </div>
   <div class='ocr_carea' id='block_1_44' title="bbox 438 2821 2080 2893">
    <p class='ocr_par' dir='ltr' id='par_1_44' title="bbox 438 2821 2080 2893">
     <span class='ocr_line' id='line_1_44' title="bbox 438 2821 2080 2893; baseline 0.001 -17"><span class='ocrx_word' id='word_1_310' title='bbox 438 2822 682 2892; x_wconf 91' lang='lat' dir='ltr'><strong>quinque</strong></span> <span class='ocrx_word' id='word_1_311' title='bbox 748 2822 908 2876; x_wconf 89' lang='lat' dir='ltr'><strong>simul</strong></span> <span class='ocrx_word' id='word_1_312' title='bbox 1003 2821 1210 2878; x_wconf 86' lang='lat' dir='ltr'><strong>lanceis</strong></span> <span class='ocrx_word' id='word_1_313' title='bbox 1295 2822 1596 2893; x_wconf 87' lang='lat' dir='ltr'><strong>perfossum</strong></span> <span class='ocrx_word' id='word_1_314' title='bbox 1665 2823 2080 2880; x_wconf 90' lang='lat' dir='ltr'><strong>interfecerunt.</strong></span> 
     </span>
    </p>
   </div>
   <div class='ocr_carea' id='block_1_45' title="bbox 438 2911 2082 2982">
    <p class='ocr_par' dir='ltr' id='par_1_45' title="bbox 438 2911 2082 2982">
     <span class='ocr_line' id='line_1_45' title="bbox 438 2911 2082 2982; baseline 0.001 -16"><span class='ocrx_word' id='word_1_315' title='bbox 438 2911 646 2966; x_wconf 88' lang='lat' dir='ltr'><strong>Dehinc</strong></span> <span class='ocrx_word' id='word_1_316' title='bbox 693 2911 1037 2967; x_wconf 89' lang='lat' dir='ltr'><strong>interfectum</strong></span> <span class='ocrx_word' id='word_1_317' title='bbox 1088 2913 1141 2967; x_wconf 94' lang='lat' dir='ltr'><strong>in</strong></span> <span class='ocrx_word' id='word_1_318' title='bbox 1192 2913 1370 2982; x_wconf 87' lang='lat' dir='ltr'><strong>platea</strong></span> <span class='ocrx_word' id='word_1_319' title='bbox 1418 2913 1653 2968; x_wconf 88' lang='lat' dir='ltr'><strong>civitatis</strong></span> <span class='ocrx_word' id='word_1_320' title='bbox 1703 2913 1934 2968; x_wconf 86' lang='lat' dir='ltr'><strong>cadaver</strong></span> <span class='ocrx_word' id='word_1_321' title='bbox 1964 2914 2082 2981; x_wconf 89' lang='lat' dir='ltr'><strong>ejus</strong></span> 
     </span>
    </p>
   </div>
   <div class='ocr_carea' id='block_1_46' title="bbox 2151 1753 3794 1832">
    <p class='ocr_par' dir='ltr' id='par_1_46' title="bbox 2151 1753 3794 1832">
     <span class='ocr_line' id='line_1_46' title="bbox 2151 1753 3794 1832; baseline -0.004 -17"><span class='ocrx_word' id='word_1_322' title='bbox 2151 1761 2547 1832; x_wconf 82' lang='lat' dir='ltr'><strong>gloriosissime</strong></span> <span class='ocrx_word' id='word_1_323' title='bbox 2597 1759 2911 1815; x_wconf 89' lang='lat' dir='ltr'><strong>celebravit.</strong></span> <span class='ocrx_word' id='word_1_324' title='bbox 2960 1760 3074 1814; x_wconf 92' lang='lat' dir='ltr'><strong>Rex</strong></span> <span class='ocrx_word' id='word_1_325' title='bbox 3111 1764 3291 1812; x_wconf 93' lang='lat' dir='ltr'><strong>autem</strong></span> <span class='ocrx_word' id='word_1_326' title='bbox 3331 1756 3621 1811; x_wconf 80' lang='lat' dir='ltr'><strong>l-Ieinricus</strong></span> <span class='ocrx_word' id='word_1_327' title='bbox 3648 1753 3794 1808; x_wconf 84' lang='lat' dir='ltr'><strong>Rati-</strong></span> 
     </span>
    </p>
   </div>
   <div class='ocr_carea' id='block_1_47' title="bbox 2153 1840 3794 1920">
    <p class='ocr_par' dir='ltr' id='par_1_47' title="bbox 2153 1840 3794 1920">
     <span class='ocr_line' id='line_1_47' title="bbox 2153 1840 3794 1920; baseline -0.005 -15"><span class='ocrx_word' id='word_1_328' title='bbox 2153 1864 2344 1920; x_wconf 74' lang='lat' dir='ltr'><strong>sponze</strong></span> <span class='ocrx_word' id='word_1_329' title='bbox 2384 1849 2551 1905; x_wconf 93' lang='lat' dir='ltr'><strong>biduo</strong></span> <span class='ocrx_word' id='word_1_330' title='bbox 2591 1853 2799 1903; x_wconf 90' lang='lat' dir='ltr'><strong>tantum</strong></span> <span class='ocrx_word' id='word_1_331' title='bbox 2840 1847 3311 1917; x_wconf 89' lang='lat' dir='ltr'><strong>qualitercumque</strong></span> <span class='ocrx_word' id='word_1_332' title='bbox 3343 1858 3451 1900; x_wconf 92' lang='lat' dir='ltr'><strong>non</strong></span> <span class='ocrx_word' id='word_1_333' title='bbox 3473 1842 3700 1898; x_wconf 91' lang='lat' dir='ltr'><strong>multum</strong></span> <span class='ocrx_word' id='word_1_334' title='bbox 3717 1840 3794 1897; x_wconf 89' lang='lat' dir='ltr'><strong>fe-</strong></span> 
     </span>
    </p>
   </div>
   <div class='ocr_carea' id='block_1_48' title="bbox 2154 1932 3795 2001">
    <p class='ocr_par' dir='ltr' id='par_1_48' title="bbox 2154 1932 3795 2001">
     <span class='ocr_line' id='line_1_48' title="bbox 2154 1932 3795 2001; baseline -0.005 -8"><span class='ocrx_word' id='word_1_335' title='bbox 2154 1939 2292 1994; x_wconf 89' lang='lat' dir='ltr'><strong>stive</strong></span> <span class='ocrx_word' id='word_1_336' title='bbox 2330 1940 2423 1993; x_wconf 86' lang='lat' dir='ltr'><strong>vix</strong></span> <span class='ocrx_word' id='word_1_337' title='bbox 2459 1950 2825 2001; x_wconf 90' lang='lat' dir='ltr'><strong>commorans,</strong></span> <span class='ocrx_word' id='word_1_338' title='bbox 2892 1936 3089 1991; x_wconf 90' lang='lat' dir='ltr'><strong>iterum</strong></span> <span class='ocrx_word' id='word_1_339' title='bbox 3127 1934 3195 1990; x_wconf 89' lang='lat' dir='ltr'><strong>ad</strong></span> <span class='ocrx_word' id='word_1_340' title='bbox 3235 1933 3577 1990; x_wconf 88' lang='lat' dir='ltr'><strong>obsidionem</strong></span> <span class='ocrx_word' id='word_1_341' title='bbox 3617 1932 3795 2000; x_wconf 90' lang='lat' dir='ltr'><strong>cujus-</strong></span> 
     </span>
    </p>
   </div>
   <div class='ocr_carea' id='block_1_49' title="bbox 2157 2022 3796 2092">
    <p class='ocr_par' dir='ltr' id='par_1_49' title="bbox 2157 2022 3796 2092">
     <span class='ocr_line' id='line_1_49' title="bbox 2157 2022 3796 2092; baseline -0.005 -10"><span class='ocrx_word' id='word_1_342' title='bbox 2157 2027 2280 2082; x_wconf 92' lang='lat' dir='ltr'><strong>dam</strong></span> <span class='ocrx_word' id='word_1_343' title='bbox 2345 2026 2576 2092; x_wconf 88' lang='lat' dir='ltr'><strong>castelli,</strong></span> <span class='ocrx_word' id='word_1_344' title='bbox 2635 2025 2781 2081; x_wconf 91' lang='lat' dir='ltr'><strong>unde</strong></span> <span class='ocrx_word' id='word_1_345' title='bbox 2819 2025 2968 2079; x_wconf 90' lang='lat' dir='ltr'><strong>venit</strong></span> <span class='ocrx_word' id='word_1_346' title='bbox 3018 2022 3081 2054; x_wconf 67' lang='grc' dir='ltr'><strong>’δδ</strong></span> <span class='ocrx_word' id='word_1_347' title='bbox 3118 2022 3270 2081; x_wconf 88' lang='lat' dir='ltr'><strong>illuc.</strong></span> <span class='ocrx_word' id='word_1_348' title='bbox 3304 2026 3665 2092; x_wconf 90' lang='lat' dir='ltr'><strong>properanter</strong></span> <span class='ocrx_word' id='word_1_349' title='bbox 3701 2033 3796 2074; x_wconf 90' lang='lat' dir='ltr'><strong>re-</strong></span> 
     </span>
    </p>
   </div>
   <div class='ocr_carea' id='block_1_50' title="bbox 2159 2111 3795 2182">
    <p class='ocr_par' dir='ltr' id='par_1_50' title="bbox 2159 2111 3795 2182">
     <span class='ocr_line' id='line_1_50' title="bbox 2159 2111 3795 2182; baseline -0.006 -10"><span class='ocrx_word' id='word_1_350' title='bbox 2159 2117 2330 2182; x_wconf 90' lang='lat' dir='ltr'><strong>dibat,</strong></span> <span class='ocrx_word' id='word_1_351' title='bbox 2373 2117 2427 2170; x_wconf 94' lang='lat' dir='ltr'><strong>in</strong></span> <span class='ocrx_word' id='word_1_352' title='bbox 2460 2115 2569 2170; x_wconf 91' lang='lat' dir='ltr'><strong>illis</strong></span> <span class='ocrx_word' id='word_1_353' title='bbox 2599 2114 2783 2171; x_wconf 73' lang='lat' dir='ltr'><strong>Norici</strong></span> <span class='ocrx_word' id='word_1_354' title='bbox 2841 2114 2995 2168; x_wconf 92' lang='lat' dir='ltr'><strong>sinus</strong></span> <span class='ocrx_word' id='word_1_355' title='bbox 3025 2112 3309 2168; x_wconf 85' lang='lat' dir='ltr'><strong>orientalis</strong></span> <span class='ocrx_word' id='word_1_356' title='bbox 3347 2111 3593 2180; x_wconf 91' lang='lat' dir='ltr'><strong>partibus</strong></span> <span class='ocrx_word' id='word_1_357' title='bbox 3621 2123 3795 2178; x_wconf 92' lang='lat' dir='ltr'><strong>usque</strong></span> 
     </span>
    </p>
   </div>
   <div class='ocr_carea' id='block_1_51' title="bbox 2160 2200 3800 2274">
    <p class='ocr_par' dir='ltr' id='par_1_51' title="bbox 2160 2200 3800 2274">
     <span class='ocr_line' id='line_1_51' title="bbox 2160 2200 3800 2274; baseline -0.005 -14"><span class='ocrx_word' id='word_1_358' title='bbox 2160 2206 2215 2260; x_wconf 89' lang='lat' dir='ltr'><strong>in</strong></span> <span class='ocrx_word' id='word_1_359' title='bbox 2281 2205 2510 2260; x_wconf 91' lang='lat' dir='ltr'><strong>mediam</strong></span> <span class='ocrx_word' id='word_1_360' title='bbox 2587 2203 3055 2274; x_wconf 87' lang='lat' dir='ltr'><strong>quadragesimam</strong></span> <span class='ocrx_word' id='word_1_361' title='bbox 3121 2200 3634 2270; x_wconf 89' lang='lat' dir='ltr'><strong>quomodocumque</strong></span> <span class='ocrx_word' id='word_1_362' title='bbox 3701 2210 3800 2267; x_wconf 88' lang='lat' dir='ltr'><strong>per</strong></span> 
     </span>
    </p>
   </div>
   <div class='ocr_carea' id='block_1_52' title="bbox 2163 2289 3798 2363">
    <p class='ocr_par' dir='ltr' id='par_1_52' title="bbox 2163 2289 3798 2363">
     <span class='ocr_line' id='line_1_52' title="bbox 2163 2289 3798 2363; baseline -0.005 -15"><span class='ocrx_word' id='word_1_363' title='bbox 2163 2294 2283 2348; x_wconf 87' lang='lat' dir='ltr'><strong>loca</strong></span> <span class='ocrx_word' id='word_1_364' title='bbox 2322 2294 2565 2348; x_wconf 85' lang='lat' dir='ltr'><strong>incertus</strong></span> <span class='ocrx_word' id='word_1_365' title='bbox 2601 2306 2822 2363; x_wconf 86' lang='lat' dir='ltr'><strong>vagans,</strong></span> <span class='ocrx_word' id='word_1_366' title='bbox 2883 2297 2938 2346; x_wconf 91' lang='lat' dir='ltr'><strong>et</strong></span> <span class='ocrx_word' id='word_1_367' title='bbox 2976 2290 3119 2345; x_wconf 91' lang='lat' dir='ltr'><strong>illam</strong></span> <span class='ocrx_word' id='word_1_368' title='bbox 3162 2289 3390 2358; x_wconf 89' lang='lat' dir='ltr'><strong>patriam</strong></span> <span class='ocrx_word' id='word_1_369' title='bbox 3429 2300 3649 2358; x_wconf 89' lang='lat' dir='ltr'><strong>quoque</strong></span> <span class='ocrx_word' id='word_1_370' title='bbox 3687 2299 3798 2341; x_wconf 90' lang='lat' dir='ltr'><strong>non</strong></span> 
     </span>
    </p>
   </div>
   <div class='ocr_carea' id='block_1_53' title="bbox 2162 2375 3799 2449">
    <p class='ocr_par' dir='ltr' id='par_1_53' title="bbox 2162 2375 3799 2449">
     <span class='ocr_line' id='line_1_53' title="bbox 2162 2375 3799 2449; baseline -0.005 -12"><span class='ocrx_word' id='word_1_371' title='bbox 2162 2382 2394 2438; x_wconf 91' lang='lat' dir='ltr'><strong>modicis</strong></span> <span class='ocrx_word' id='word_1_372' title='bbox 2460 2381 2725 2436; x_wconf 91' lang='lat' dir='ltr'><strong>itionibus</strong></span> <span class='ocrx_word' id='word_1_373' title='bbox 2773 2379 3084 2449; x_wconf 90' lang='lat' dir='ltr'><strong>hujusmodi</strong></span> <span class='ocrx_word' id='word_1_374' title='bbox 3151 2377 3426 2434; x_wconf 91' lang='lat' dir='ltr'><strong>hostiliter</strong></span> <span class='ocrx_word' id='word_1_375' title='bbox 3489 2375 3799 2431; x_wconf 90' lang='lat' dir='ltr'><strong>devastans.</strong></span> 
     </span>
    </p>
   </div>
   <div class='ocr_carea' id='block_1_54' title="bbox 2163 2467 3803 2540">
    <p class='ocr_par' dir='ltr' id='par_1_54' title="bbox 2163 2467 3803 2540">
     <span class='ocr_line' id='line_1_54' title="bbox 2163 2467 3803 2540; baseline -0.006 -13"><span class='ocrx_word' id='word_1_376' title='bbox 2163 2471 2294 2527; x_wconf 87' lang='lat' dir='ltr'><strong>inde</strong></span> <span class='ocrx_word' id='word_1_377' title='bbox 2335 2470 2494 2526; x_wconf 89' lang='lat' dir='ltr'><strong>etiam</strong></span> <span class='ocrx_word' id='word_1_378' title='bbox 2528 2470 2736 2540; x_wconf 84' lang='lat' dir='ltr'><strong>legatos</strong></span> <span class='ocrx_word' id='word_1_379' title='bbox 2764 2483 2894 2523; x_wconf 91' lang='lat' dir='ltr'><strong>suos</strong></span> <span class='ocrx_word' id='word_1_380' title='bbox 2932 2468 3224 2538; x_wconf 89' lang='lat' dir='ltr'><strong>episcopos</strong></span> <span class='ocrx_word' id='word_1_381' title='bbox 3258 2467 3719 2536; x_wconf 88' lang='lat' dir='ltr'><strong>Osniburgensem</strong></span> <span class='ocrx_word' id='word_1_382' title='bbox 3748 2471 3803 2518; x_wconf 91' lang='lat' dir='ltr'><strong>et</strong></span> 
     </span>
    </p>
   </div>
   <div class='ocr_carea' id='block_1_55' title="bbox 2163 2552 3802 2629">
    <p class='ocr_par' dir='ltr' id='par_1_55' title="bbox 2163 2552 3802 2629">
     <span class='ocr_line' id='line_1_55' title="bbox 2163 2552 3802 2629; baseline -0.006 -13"><span class='ocrx_word' id='word_1_383' title='bbox 2163 2561 2582 2617; x_wconf 79' lang='lat' dir='ltr'><strong>V&#39;iridunenscm</strong></span> <span class='ocrx_word' id='word_1_384' title='bbox 2609 2557 2766 2629; x_wconf 85' lang='lat'><strong>(171)</strong></span> <span class='ocrx_word' id='word_1_385' title='bbox 2793 2560 3016 2613; x_wconf 80' lang='lat' dir='ltr'><strong>Romam</strong></span> <span class='ocrx_word' id='word_1_386' title='bbox 3053 2557 3120 2612; x_wconf 91' lang='lat' dir='ltr'><strong>ad</strong></span> <span class='ocrx_word' id='word_1_387' title='bbox 3161 2557 3420 2612; x_wconf 89' lang='lat' dir='ltr'><strong>domuum</strong></span> <span class='ocrx_word' id='word_1_388' title='bbox 3441 2552 3802 2623; x_wconf 88' lang='lat' dir='ltr'><strong>apostolicum</strong></span> 
     </span>
    </p>
   </div>
   <div class='ocr_carea' id='block_1_56' title="bbox 2165 2639 3802 2718">
    <p class='ocr_par' dir='ltr' id='par_1_56' title="bbox 2165 2639 3802 2718">
     <span class='ocr_line' id='line_1_56' title="bbox 2165 2639 3802 2718; baseline -0.007 -13"><span class='ocrx_word' id='word_1_389' title='bbox 2165 2658 2219 2706; x_wconf 93' lang='lat' dir='ltr'><strong>et</strong></span> <span class='ocrx_word' id='word_1_390' title='bbox 2275 2650 2342 2705; x_wconf 89' lang='lat' dir='ltr'><strong>ad</strong></span> <span class='ocrx_word' id='word_1_391' title='bbox 2408 2651 2701 2704; x_wconf 84' lang='lat' dir='ltr'><strong>Romanam</strong></span> <span class='ocrx_word' id='word_1_392' title='bbox 2770 2647 3040 2718; x_wconf 87' lang='lat' dir='ltr'><strong>synodum</strong></span> <span class='ocrx_word' id='word_1_393' title='bbox 3103 2659 3201 2715; x_wconf 93' lang='lat' dir='ltr'><strong>pro</strong></span> <span class='ocrx_word' id='word_1_394' title='bbox 3269 2658 3431 2699; x_wconf 89' lang='lat' dir='ltr'><strong>causa</strong></span> <span class='ocrx_word' id='word_1_395' title='bbox 3496 2656 3592 2696; x_wconf 89' lang='lat' dir='ltr'><strong>sua</strong></span> <span class='ocrx_word' id='word_1_396' title='bbox 3665 2639 3802 2694; x_wconf 89' lang='lat' dir='ltr'><strong>inibi</strong></span> 
     </span>
    </p>
   </div>
   <div class='ocr_carea' id='block_1_57' title="bbox 2165 2730 3804 2809">
    <p class='ocr_par' dir='ltr' id='par_1_57' title="bbox 2165 2730 3804 2809">
     <span class='ocr_line' id='line_1_57' title="bbox 2165 2730 3804 2809; baseline -0.008 -14"><span class='ocrx_word' id='word_1_397' title='bbox 2165 2739 2375 2809; x_wconf 87' lang='lat' dir='ltr'><strong>agenda</strong></span> <span class='ocrx_word' id='word_1_398' title='bbox 2425 2737 2644 2792; x_wconf 90' lang='lat' dir='ltr'><strong>direxit.</strong></span> <span class='ocrx_word' id='word_1_399' title='bbox 2713 2736 3058 2806; x_wconf 86' lang='lat' dir='ltr'><strong>Legationem</strong></span> <span class='ocrx_word' id='word_1_400' title='bbox 3119 2741 3300 2788; x_wconf 90' lang='lat' dir='ltr'><strong>autem</strong></span> <span class='ocrx_word' id='word_1_401' title='bbox 3349 2730 3705 2802; x_wconf 90' lang='lat' dir='ltr'><strong>apostolicam</strong></span> <span class='ocrx_word' id='word_1_402' title='bbox 3749 2735 3804 2783; x_wconf 91' lang='lat' dir='ltr'><strong>et</strong></span> 
     </span>
    </p>
   </div>
   <div class='ocr_carea' id='block_1_58' title="bbox 2165 2817 3800 2883">
    <p class='ocr_par' dir='ltr' id='par_1_58' title="bbox 2165 2817 3800 2883">
     <span class='ocr_line' id='line_1_58' title="bbox 2165 2817 3800 2883; baseline -0.006 -2"><span class='ocrx_word' id='word_1_403' title='bbox 2165 2826 2699 2883; x_wconf 89' lang='lat' dir='ltr'><strong>eommonitariarum</strong></span> <span class='ocrx_word' id='word_1_404' title='bbox 2757 2825 2986 2880; x_wconf 89' lang='lat' dir='ltr'><strong>Romani</strong></span> <span class='ocrx_word' id='word_1_405' title='bbox 3054 2822 3347 2878; x_wconf 91' lang='lat' dir='ltr'><strong>cardinalis</strong></span> <span class='ocrx_word' id='word_1_406' title='bbox 3393 2821 3692 2876; x_wconf 89' lang='lat' dir='ltr'><strong>litterarum</strong></span> <span class='ocrx_word' id='word_1_407' title='bbox 3734 2817 3800 2871; x_wconf 92' lang='lat' dir='ltr'><strong>ad</strong></span> 
     </span>
    </p>
   </div>
   <div class='ocr_carea' id='block_1_59' title="bbox 2166 2908 3805 2984">
    <p class='ocr_par' dir='ltr' id='par_1_59' title="bbox 2166 2908 3805 2984">
     <span class='ocr_line' id='line_1_59' title="bbox 2166 2908 3805 2984; baseline -0.006 -13"><span class='ocrx_word' id='word_1_408' title='bbox 2166 2930 2285 2972; x_wconf 90' lang='lat' dir='ltr'><strong>eum</strong></span> <span class='ocrx_word' id='word_1_409' title='bbox 2319 2921 2690 2984; x_wconf 90' lang='lat' dir='ltr'><strong>contemptum</strong></span> <span class='ocrx_word' id='word_1_410' title='bbox 2749 2921 2803 2969; x_wconf 92' lang='lat' dir='ltr'><strong>et</strong></span> <span class='ocrx_word' id='word_1_411' title='bbox 2847 2913 3318 2969; x_wconf 86' lang='lat' dir='ltr'><strong>conculcationem</strong></span> <span class='ocrx_word' id='word_1_412' title='bbox 3369 2917 3425 2966; x_wconf 91' lang='lat' dir='ltr'><strong>et</strong></span> <span class='ocrx_word' id='word_1_413' title='bbox 3462 2908 3805 2964; x_wconf 54' lang='lat' dir='ltr'><strong>inoboedien-</strong></span> 
     </span>
    </p>
   </div>
   <div class='ocr_carea' id='block_1_60' title="bbox 441 2989 3801 3073">
    <p class='ocr_par' dir='ltr' id='par_1_60' title="bbox 441 2989 3801 3073">
     <span class='ocr_line' id='line_1_60' title="bbox 441 2989 3801 3073; baseline -0.001 -19"><span class='ocrx_word' id='word_1_414' title='bbox 441 3001 691 3054; x_wconf 91' lang='lat' dir='ltr'><strong>exanime</strong></span> <span class='ocrx_word' id='word_1_415' title='bbox 725 3015 822 3070; x_wconf 91' lang='lat' dir='ltr'><strong>per</strong></span> <span class='ocrx_word' id='word_1_416' title='bbox 869 3001 1105 3054; x_wconf 89' lang='lat' dir='ltr'><strong>triduum</strong></span> <span class='ocrx_word' id='word_1_417' title='bbox 1160 3014 1228 3055; x_wconf 90' lang='lat' dir='ltr'><strong>ne</strong></span> <span class='ocrx_word' id='word_1_418' title='bbox 1272 3002 1569 3069; x_wconf 67' lang='lat' dir='ltr'><strong>sepulturae</strong></span> <span class='ocrx_word' id='word_1_419' title='bbox 1609 3002 1937 3068; x_wconf 88' lang='lat' dir='ltr'><strong>traderetur,</strong></span> <span class='ocrx_word' id='word_1_420' title='bbox 1966 2989 2142 3070; x_wconf 85' lang='lat' dir='ltr'><strong>gla-C</strong></span> <span class='ocrx_word' id='word_1_421' title='bbox 2167 3006 2315 3069; x_wconf 85' lang='lat' dir='ltr'><strong>tiam,</strong></span> <span class='ocrx_word' id='word_1_422' title='bbox 2349 3018 2507 3072; x_wconf 86' lang='lat' dir='ltr'><strong>quam</strong></span> <span class='ocrx_word' id='word_1_423' title='bbox 2553 3010 2671 3058; x_wconf 90' lang='lat' dir='ltr'><strong>toto</strong></span> <span class='ocrx_word' id='word_1_424' title='bbox 2713 3003 2835 3058; x_wconf 89' lang='lat' dir='ltr'><strong>nisu</strong></span> <span class='ocrx_word' id='word_1_425' title='bbox 2873 3002 3044 3073; x_wconf 91' lang='lat' dir='ltr'><strong>palam</strong></span> <span class='ocrx_word' id='word_1_426' title='bbox 3087 3001 3340 3056; x_wconf 91' lang='lat' dir='ltr'><strong>omnibus</strong></span> <span class='ocrx_word' id='word_1_427' title='bbox 3380 2997 3658 3068; x_wconf 88' lang='lat' dir='ltr'><strong>professus</strong></span> <span class='ocrx_word' id='word_1_428' title='bbox 3697 3003 3801 3061; x_wconf 89' lang='lat' dir='ltr'><strong>est,</strong></span> 
     </span>
    </p>
   </div>
   <div class='ocr_carea' id='block_1_61' title="bbox 442 3087 2084 3158">
    <p class='ocr_par' dir='ltr' id='par_1_61' title="bbox 442 3087 2084 3158">
     <span class='ocr_line' id='line_1_61' title="bbox 442 3087 2084 3158; baseline 0.001 -17"><span class='ocrx_word' id='word_1_429' title='bbox 442 3087 677 3142; x_wconf 87' lang='lat' dir='ltr'><strong>diatoria</strong></span> <span class='ocrx_word' id='word_1_430' title='bbox 735 3102 896 3142; x_wconf 91' lang='lat' dir='ltr'><strong>manu</strong></span> <span class='ocrx_word' id='word_1_431' title='bbox 957 3089 1401 3145; x_wconf 85' lang='lat' dir='ltr'><strong>inhumanissime</strong></span> <span class='ocrx_word' id='word_1_432' title='bbox 1451 3091 1871 3158; x_wconf 91' lang='lat' dir='ltr'><strong>prohibuerunt.</strong></span> <span class='ocrx_word' id='word_1_433' title='bbox 1904 3091 2084 3145; x_wconf 89' lang='lat' dir='ltr'><strong>Tertia</strong></span> 
     </span>
    </p>
   </div>
   <div class='ocr_carea' id='block_1_62' title="bbox 443 3176 2086 3246">
    <p class='ocr_par' dir='ltr' id='par_1_62' title="bbox 443 3176 2086 3246">
     <span class='ocr_line' id='line_1_62' title="bbox 443 3176 2086 3246; baseline 0.002 -17"><span class='ocrx_word' id='word_1_434' title='bbox 443 3188 573 3230; x_wconf 88' lang='lat' dir='ltr'><strong>vero</strong></span> <span class='ocrx_word' id='word_1_435' title='bbox 630 3181 790 3231; x_wconf 90' lang='lat' dir='ltr'><strong>nocte</strong></span> <span class='ocrx_word' id='word_1_436' title='bbox 849 3176 903 3230; x_wconf 92' lang='lat' dir='ltr'><strong>in</strong></span> <span class='ocrx_word' id='word_1_437' title='bbox 964 3177 1078 3245; x_wconf 89' lang='lat' dir='ltr'><strong>ipsa</strong></span> <span class='ocrx_word' id='word_1_438' title='bbox 1155 3177 1273 3245; x_wconf 93' lang='lat' dir='ltr'><strong>ejus</strong></span> <span class='ocrx_word' id='word_1_439' title='bbox 1339 3177 1663 3246; x_wconf 86' lang='lat' dir='ltr'><strong>intempesta</strong></span> <span class='ocrx_word' id='word_1_440' title='bbox 1721 3179 1812 3232; x_wconf 90' lang='lat' dir='ltr'><strong>lux</strong></span> <span class='ocrx_word' id='word_1_441' title='bbox 1868 3178 2086 3233; x_wconf 62' lang='lat' dir='ltr'><strong>coalitus</strong></span> 
     </span>
    </p>
   </div>
   <div class='ocr_carea' id='block_1_63' title="bbox 445 3262 2086 3336">
    <p class='ocr_par' dir='ltr' id='par_1_63' title="bbox 445 3262 2086 3336">
     <span class='ocr_line' id='line_1_63' title="bbox 445 3262 2086 3336; baseline 0.002 -18"><span class='ocrx_word' id='word_1_442' title='bbox 445 3262 642 3319; x_wconf 85' lang='lat' dir='ltr'><strong>emissa</strong></span> <span class='ocrx_word' id='word_1_443' title='bbox 681 3271 796 3320; x_wconf 86' lang='lat' dir='ltr'><strong>tam</strong></span> <span class='ocrx_word' id='word_1_444' title='bbox 843 3264 1163 3331; x_wconf 89' lang='lat' dir='ltr'><strong>clarissima,</strong></span> <span class='ocrx_word' id='word_1_445' title='bbox 1199 3271 1256 3321; x_wconf 90' lang='lat' dir='ltr'><strong>ut</strong></span> <span class='ocrx_word' id='word_1_446' title='bbox 1305 3267 1524 3335; x_wconf 87' lang='lat' dir='ltr'><strong>quidam</strong></span> <span class='ocrx_word' id='word_1_447' title='bbox 1566 3267 1658 3335; x_wconf 90' lang='lat' dir='ltr'><strong>qui</strong></span> <span class='ocrx_word' id='word_1_448' title='bbox 1697 3268 1764 3321; x_wconf 93' lang='lat' dir='ltr'><strong>ab</strong></span> <span class='ocrx_word' id='word_1_449' title='bbox 1797 3267 1932 3322; x_wconf 91' lang='lat' dir='ltr'><strong>urbe</strong></span> <span class='ocrx_word' id='word_1_450' title='bbox 1963 3267 2086 3336; x_wconf 89' lang='lat' dir='ltr'><strong>plus</strong></span> 
     </span>
    </p>
   </div>
   <div class='ocr_carea' id='block_1_64' title="bbox 447 3353 2086 3422">
    <p class='ocr_par' dir='ltr' id='par_1_64' title="bbox 447 3353 2086 3422">
     <span class='ocr_line' id='line_1_64' title="bbox 447 3353 2086 3422; baseline 0.002 -16"><span class='ocrx_word' id='word_1_451' title='bbox 447 3367 608 3422; x_wconf 89' lang='lat' dir='ltr'><strong>quam</strong></span> <span class='ocrx_word' id='word_1_452' title='bbox 668 3353 857 3408; x_wconf 91' lang='lat' dir='ltr'><strong>decem</strong></span> <span class='ocrx_word' id='word_1_453' title='bbox 916 3354 1144 3409; x_wconf 89' lang='lat' dir='ltr'><strong>miliaria</strong></span> <span class='ocrx_word' id='word_1_454' title='bbox 1203 3355 1450 3420; x_wconf 89' lang='lat' dir='ltr'><strong>aberant,</strong></span> <span class='ocrx_word' id='word_1_455' title='bbox 1511 3356 1873 3410; x_wconf 88' lang='lat' dir='ltr'><strong>certissimum</strong></span> <span class='ocrx_word' id='word_1_456' title='bbox 1933 3355 2086 3410; x_wconf 92' lang='lat' dir='ltr'><strong>urbis</strong></span> 
     </span>
    </p>
   </div>
   <div class='ocr_carea' id='block_1_65' title="bbox 445 3441 2084 3515">
    <p class='ocr_par' dir='ltr' id='par_1_65' title="bbox 445 3441 2084 3515">
     <span class='ocr_line' id='line_1_65' title="bbox 445 3441 2084 3515; baseline 0.001 -18"><span class='ocrx_word' id='word_1_457' title='bbox 445 3443 620 3512; x_wconf 89' lang='lat' dir='ltr'><strong>ipsius</strong></span> <span class='ocrx_word' id='word_1_458' title='bbox 679 3443 991 3499; x_wconf 86' lang='lat' dir='ltr'><strong>incendium</strong></span> <span class='ocrx_word' id='word_1_459' title='bbox 1041 3459 1149 3500; x_wconf 91' lang='lat' dir='ltr'><strong>non</strong></span> <span class='ocrx_word' id='word_1_460' title='bbox 1208 3441 1542 3512; x_wconf 77' lang='lat' dir='ltr'><strong>dubitarent,</strong></span> <span class='ocrx_word' id='word_1_461' title='bbox 1584 3460 1749 3515; x_wconf 87' lang='lat' dir='ltr'><strong>super</strong></span> <span class='ocrx_word' id='word_1_462' title='bbox 1787 3459 1990 3514; x_wconf 89' lang='lat' dir='ltr'><strong>corpus</strong></span> <span class='ocrx_word' id='word_1_463' title='bbox 2017 3445 2084 3499; x_wconf 93' lang='lat' dir='ltr'><strong>ad</strong></span> 
     </span>
    </p>
   </div>
   <div class='ocr_carea' id='block_1_66' title="bbox 446 3532 2087 3604">
    <p class='ocr_par' dir='ltr' id='par_1_66' title="bbox 446 3532 2087 3604">
     <span class='ocr_line' id='line_1_66' title="bbox 446 3532 2087 3604; baseline 0.001 -17"><span class='ocrx_word' id='word_1_464' title='bbox 446 3533 611 3588; x_wconf 89' lang='lat' dir='ltr'><strong>trium</strong></span> <span class='ocrx_word' id='word_1_465' title='bbox 642 3532 896 3588; x_wconf 90' lang='lat' dir='ltr'><strong>horarum</strong></span> <span class='ocrx_word' id='word_1_466' title='bbox 943 3534 1177 3603; x_wconf 91' lang='lat' dir='ltr'><strong>spatium</strong></span> <span class='ocrx_word' id='word_1_467' title='bbox 1209 3534 1553 3603; x_wconf 89' lang='lat' dir='ltr'><strong>resplenduit</strong></span> <span class='ocrx_word' id='word_1_468' title='bbox 1586 3556 1599 3598; x_wconf 90' lang='lat'><strong>;</strong></span> <span class='ocrx_word' id='word_1_469' title='bbox 1636 3540 1690 3589; x_wconf 92' lang='lat' dir='ltr'><strong>et</strong></span> <span class='ocrx_word' id='word_1_470' title='bbox 1721 3535 1867 3589; x_wconf 90' lang='lat' dir='ltr'><strong>inter</strong></span> <span class='ocrx_word' id='word_1_471' title='bbox 1900 3535 2087 3604; x_wconf 90' lang='lat' dir='ltr'><strong>plures</strong></span> 
     </span>
    </p>
   </div>
   <div class='ocr_carea' id='block_1_67' title="bbox 446 3621 2087 3693">
    <p class='ocr_par' dir='ltr' id='par_1_67' title="bbox 446 3621 2087 3693">
     <span class='ocr_line' id='line_1_67' title="bbox 446 3621 2087 3693; baseline 0 -17"><span class='ocrx_word' id='word_1_472' title='bbox 446 3622 538 3691; x_wconf 92' lang='lat' dir='ltr'><strong>qui</strong></span> <span class='ocrx_word' id='word_1_473' title='bbox 567 3636 667 3690; x_wconf 88' lang='lat' dir='ltr'><strong>pro</strong></span> <span class='ocrx_word' id='word_1_474' title='bbox 706 3622 1018 3692; x_wconf 87' lang='lat' dir='ltr'><strong>hujusmodi</strong></span> <span class='ocrx_word' id='word_1_475' title='bbox 1071 3623 1228 3693; x_wconf 87' lang='lat' dir='ltr'><strong>signo</strong></span> <span class='ocrx_word' id='word_1_476' title='bbox 1278 3630 1693 3689; x_wconf 85' lang='lat' dir='ltr'><strong>concurrerant,</strong></span> <span class='ocrx_word' id='word_1_477' title='bbox 1737 3623 1957 3693; x_wconf 89' lang='lat' dir='ltr'><strong>quidam</strong></span> <span class='ocrx_word' id='word_1_478' title='bbox 1990 3621 2087 3677; x_wconf 89' lang='lat' dir='ltr'><strong>fra-</strong></span> 
     </span>
    </p>
   </div>
   <div class='ocr_carea' id='block_1_68' title="bbox 445 3710 2088 3782">
    <p class='ocr_par' dir='ltr' id='par_1_68' title="bbox 445 3710 2088 3782">
     <span class='ocr_line' id='line_1_68' title="bbox 445 3710 2088 3782; baseline 0.001 -17"><span class='ocrx_word' id='word_1_479' title='bbox 445 3717 560 3766; x_wconf 90' lang='lat' dir='ltr'><strong>tres</strong></span> <span class='ocrx_word' id='word_1_480' title='bbox 590 3710 683 3780; x_wconf 92' lang='lat' dir='ltr'><strong>qui</strong></span> <span class='ocrx_word' id='word_1_481' title='bbox 715 3712 1018 3767; x_wconf 85' lang='lat' dir='ltr'><strong>visionibus</strong></span> <span class='ocrx_word' id='word_1_482' title='bbox 1065 3712 1132 3766; x_wconf 91' lang='lat' dir='ltr'><strong>ad</strong></span> <span class='ocrx_word' id='word_1_483' title='bbox 1165 3712 1271 3767; x_wconf 92' lang='lat' dir='ltr'><strong>hoc</strong></span> <span class='ocrx_word' id='word_1_484' title='bbox 1304 3713 1356 3766; x_wconf 93' lang='lat' dir='ltr'><strong>in</strong></span> <span class='ocrx_word' id='word_1_485' title='bbox 1391 3713 1599 3767; x_wconf 89' lang='lat' dir='ltr'><strong>somnis</strong></span> <span class='ocrx_word' id='word_1_486' title='bbox 1631 3713 1940 3782; x_wconf 70' lang='lat' dir='ltr'><strong>prazmoniti</strong></span> <span class='ocrx_word' id='word_1_487' title='bbox 1972 3711 2088 3767; x_wconf 85' lang='lat' dir='ltr'><strong>fue-</strong></span> 
     </span>
    </p>
   </div>
   <div class='ocr_carea' id='block_1_69' title="bbox 447 3800 2090 3871">
    <p class='ocr_par' dir='ltr' id='par_1_69' title="bbox 447 3800 2090 3871">
     <span class='ocr_line' id='line_1_69' title="bbox 447 3800 2090 3871; baseline 0.002 -18"><span class='ocrx_word' id='word_1_488' title='bbox 447 3805 590 3864; x_wconf 90' lang='lat' dir='ltr'><strong>rant,</strong></span> <span class='ocrx_word' id='word_1_489' title='bbox 640 3801 902 3855; x_wconf 91' lang='lat' dir='ltr'><strong>audacter</strong></span> <span class='ocrx_word' id='word_1_490' title='bbox 949 3800 1296 3866; x_wconf 89' lang='lat' dir='ltr'><strong>accedentes,</strong></span> <span class='ocrx_word' id='word_1_491' title='bbox 1342 3801 1587 3856; x_wconf 88' lang='lat' dir='ltr'><strong>tulerunt</strong></span> <span class='ocrx_word' id='word_1_492' title='bbox 1627 3815 1826 3871; x_wconf 91' lang='lat' dir='ltr'><strong>corpus</strong></span> <span class='ocrx_word' id='word_1_493' title='bbox 1863 3803 2000 3871; x_wconf 87' lang='lat' dir='ltr'><strong>ejus,</strong></span> <span class='ocrx_word' id='word_1_494' title='bbox 2035 3805 2090 3857; x_wconf 91' lang='lat' dir='ltr'><strong>et</strong></span> 
     </span>
    </p>
   </div>
   <div class='ocr_carea' id='block_1_70' title="bbox 2165 3087 3804 3162">
    <p class='ocr_par' dir='ltr' id='par_1_70' title="bbox 2165 3087 3804 3162">
     <span class='ocr_line' id='line_1_70' title="bbox 2165 3087 3804 3162; baseline -0.005 -13"><span class='ocrx_word' id='word_1_495' title='bbox 2165 3094 2497 3148; x_wconf 88' lang='lat' dir='ltr'><strong>astutissima</strong></span> <span class='ocrx_word' id='word_1_496' title='bbox 2539 3092 2770 3162; x_wconf 85' lang='lat' dir='ltr'><strong>quadam</strong></span> <span class='ocrx_word' id='word_1_497' title='bbox 2811 3093 3122 3157; x_wconf 89' lang='lat' dir='ltr'><strong>occasione,</strong></span> <span class='ocrx_word' id='word_1_498' title='bbox 3165 3105 3228 3145; x_wconf 88' lang='lat' dir='ltr'><strong>ac</strong></span> <span class='ocrx_word' id='word_1_499' title='bbox 3256 3089 3302 3144; x_wconf 93' lang='lat' dir='ltr'><strong>si</strong></span> <span class='ocrx_word' id='word_1_500' title='bbox 3342 3087 3510 3144; x_wconf 92' lang='lat' dir='ltr'><strong>nichil</strong></span> <span class='ocrx_word' id='word_1_501' title='bbox 3552 3099 3804 3155; x_wconf 89' lang='lat' dir='ltr'><strong>umquam</strong></span> 
     </span>
    </p>
   </div>
   <div class='ocr_carea' id='block_1_71' title="bbox 2165 3175 3803 3251">
    <p class='ocr_par' dir='ltr' id='par_1_71' title="bbox 2165 3175 3803 3251">
     <span class='ocr_line' id='line_1_71' title="bbox 2165 3175 3803 3251; baseline -0.004 -17"><span class='ocrx_word' id='word_1_502' title='bbox 2165 3182 2247 3237; x_wconf 87' lang='lat' dir='ltr'><strong>vel</strong></span> <span class='ocrx_word' id='word_1_503' title='bbox 2291 3195 2478 3251; x_wconf 90' lang='lat' dir='ltr'><strong>parum</strong></span> <span class='ocrx_word' id='word_1_504' title='bbox 2519 3181 2650 3250; x_wconf 90' lang='lat' dir='ltr'><strong>quid</strong></span> <span class='ocrx_word' id='word_1_505' title='bbox 2700 3181 2828 3236; x_wconf 91' lang='lat' dir='ltr'><strong>inde</strong></span> <span class='ocrx_word' id='word_1_506' title='bbox 2866 3181 3103 3246; x_wconf 90' lang='lat' dir='ltr'><strong>audiret,</strong></span> <span class='ocrx_word' id='word_1_507' title='bbox 3158 3179 3381 3234; x_wconf 91' lang='lat' dir='ltr'><strong>omnino</strong></span> <span class='ocrx_word' id='word_1_508' title='bbox 3424 3175 3803 3231; x_wconf 85' lang='lat' dir='ltr'><strong>dissimulavit.</strong></span> 
     </span>
    </p>
   </div>
   <div class='ocr_carea' id='block_1_72' title="bbox 2168 3266 3807 3340">
    <p class='ocr_par' dir='ltr' id='par_1_72' title="bbox 2168 3266 3807 3340">
     <span class='ocr_line' id='line_1_72' title="bbox 2168 3266 3807 3340; baseline -0.005 -14"><span class='ocrx_word' id='word_1_509' title='bbox 2168 3273 2279 3326; x_wconf 84' lang='lat' dir='ltr'><strong>llos</strong></span> <span class='ocrx_word' id='word_1_510' title='bbox 2317 3271 2478 3326; x_wconf 92' lang='lat' dir='ltr'><strong>etiam</strong></span> <span class='ocrx_word' id='word_1_511' title='bbox 2519 3271 2587 3325; x_wconf 90' lang='lat' dir='ltr'><strong>de</strong></span> <span class='ocrx_word' id='word_1_512' title='bbox 2644 3270 2857 3340; x_wconf 80' lang='lat' dir='ltr'><strong>synodo</strong></span> <span class='ocrx_word' id='word_1_513' title='bbox 2923 3282 3240 3325; x_wconf 90' lang='lat' dir='ltr'><strong>reversuros</strong></span> <span class='ocrx_word' id='word_1_514' title='bbox 3295 3266 3646 3336; x_wconf 88' lang='lat' dir='ltr'><strong>Ratisponam</strong></span> <span class='ocrx_word' id='word_1_515' title='bbox 3697 3277 3807 3320; x_wconf 91' lang='lat' dir='ltr'><strong>non</strong></span> 
     </span>
    </p>
   </div>
   <div class='ocr_carea' id='block_1_73' title="bbox 2168 3351 3806 3428">
    <p class='ocr_par' dir='ltr' id='par_1_73' title="bbox 2168 3351 3806 3428">
     <span class='ocr_line' id='line_1_73' title="bbox 2168 3351 3806 3428; baseline -0.006 -13"><span class='ocrx_word' id='word_1_516' title='bbox 2168 3374 2290 3416; x_wconf 88' lang='lat' dir='ltr'><strong>eum</strong></span> <span class='ocrx_word' id='word_1_517' title='bbox 2321 3358 2541 3414; x_wconf 90' lang='lat' dir='ltr'><strong>minima</strong></span> <span class='ocrx_word' id='word_1_518' title='bbox 2573 3358 2946 3414; x_wconf 84' lang='lat' dir='ltr'><strong>sollicitudine</strong></span> <span class='ocrx_word' id='word_1_519' title='bbox 2978 3357 3329 3428; x_wconf 58' lang='lat' dir='ltr'><strong>prastolatus</strong></span> <span class='ocrx_word' id='word_1_520' title='bbox 3359 3362 3442 3411; x_wconf 91' lang='lat' dir='ltr'><strong>est</strong></span> <span class='ocrx_word' id='word_1_521' title='bbox 3467 3377 3480 3422; x_wconf 92' lang='lat'><strong>;</strong></span> <span class='ocrx_word' id='word_1_522' title='bbox 3503 3354 3708 3424; x_wconf 89' lang='lat' dir='ltr'><strong>quippe</strong></span> <span class='ocrx_word' id='word_1_523' title='bbox 3729 3351 3806 3406; x_wconf 93' lang='lat' dir='ltr'><strong>uti</strong></span> 
     </span>
    </p>
   </div>
   <div class='ocr_carea' id='block_1_74' title="bbox 2168 3439 3807 3517">
    <p class='ocr_par' dir='ltr' id='par_1_74' title="bbox 2168 3439 3807 3517">
     <span class='ocr_line' id='line_1_74' title="bbox 2168 3439 3807 3517; baseline -0.005 -14"><span class='ocrx_word' id='word_1_524' title='bbox 2168 3463 2263 3503; x_wconf 91' lang='lat' dir='ltr'><strong>sua</strong></span> <span class='ocrx_word' id='word_1_525' title='bbox 2293 3453 2432 3503; x_wconf 89' lang='lat' dir='ltr'><strong>teste</strong></span> <span class='ocrx_word' id='word_1_526' title='bbox 2471 3447 2810 3503; x_wconf 88' lang='lat' dir='ltr'><strong>conscientia</strong></span> <span class='ocrx_word' id='word_1_527' title='bbox 2850 3447 3170 3517; x_wconf 90' lang='lat' dir='ltr'><strong>promeruit,</strong></span> <span class='ocrx_word' id='word_1_528' title='bbox 3203 3445 3461 3516; x_wconf 83' lang='lat' dir='ltr'><strong>quiddam</strong></span> <span class='ocrx_word' id='word_1_529' title='bbox 3501 3443 3626 3497; x_wconf 92' lang='lat' dir='ltr'><strong>novi</strong></span> <span class='ocrx_word' id='word_1_530' title='bbox 3658 3439 3807 3510; x_wconf 92' lang='lat' dir='ltr'><strong>quod</strong></span> 
     </span>
    </p>
   </div>
   <div class='ocr_carea' id='block_1_75' title="bbox 2169 3529 3808 3605">
    <p class='ocr_par' dir='ltr' id='par_1_75' title="bbox 2169 3529 3808 3605">
     <span class='ocr_line' id='line_1_75' title="bbox 2169 3529 3808 3605; baseline -0.005 -13"><span class='ocrx_word' id='word_1_531' title='bbox 2169 3537 2398 3592; x_wconf 88' lang='lat' dir='ltr'><strong>maxime</strong></span> <span class='ocrx_word' id='word_1_532' title='bbox 2455 3537 2697 3592; x_wconf 91' lang='lat' dir='ltr'><strong>noluerit</strong></span> <span class='ocrx_word' id='word_1_533' title='bbox 2752 3537 2820 3591; x_wconf 93' lang='lat' dir='ltr'><strong>ab</strong></span> <span class='ocrx_word' id='word_1_534' title='bbox 2877 3535 3176 3605; x_wconf 90' lang='lat' dir='ltr'><strong>apostolica</strong></span> <span class='ocrx_word' id='word_1_535' title='bbox 3215 3534 3346 3589; x_wconf 89' lang='lat' dir='ltr'><strong>sede</strong></span> <span class='ocrx_word' id='word_1_536' title='bbox 3392 3533 3498 3588; x_wconf 90' lang='lat' dir='ltr'><strong>sibi</strong></span> <span class='ocrx_word' id='word_1_537' title='bbox 3537 3529 3808 3600; x_wconf 90' lang='lat' dir='ltr'><strong>reportari</strong></span> 
     </span>
    </p>
   </div>
   <div class='ocr_carea' id='block_1_76' title="bbox 2170 3619 3807 3694">
    <p class='ocr_par' dir='ltr' id='par_1_76' title="bbox 2170 3619 3807 3694">
     <span class='ocr_line' id='line_1_76' title="bbox 2170 3619 3807 3694; baseline -0.005 -15"><span class='ocrx_word' id='word_1_538' title='bbox 2170 3639 2280 3681; x_wconf 92' lang='lat' dir='ltr'><strong>non</strong></span> <span class='ocrx_word' id='word_1_539' title='bbox 2337 3625 2624 3680; x_wconf 90' lang='lat' dir='ltr'><strong>dubitavit.</strong></span> <span class='ocrx_word' id='word_1_540' title='bbox 2666 3654 2736 3665; x_wconf 97' lang='lat'><strong>—</strong></span> <span class='ocrx_word' id='word_1_541' title='bbox 2764 3626 2878 3680; x_wconf 89' lang='lat' dir='ltr'><strong>Rex</strong></span> <span class='ocrx_word' id='word_1_542' title='bbox 2944 3637 3164 3694; x_wconf 90' lang='lat' dir='ltr'><strong>quoque</strong></span> <span class='ocrx_word' id='word_1_543' title='bbox 3239 3620 3542 3679; x_wconf 91' lang='lat' dir='ltr'><strong>Roudolfus</strong></span> <span class='ocrx_word' id='word_1_544' title='bbox 3588 3626 3644 3674; x_wconf 90' lang='lat' dir='ltr'><strong>et</strong></span> <span class='ocrx_word' id='word_1_545' title='bbox 3691 3619 3807 3686; x_wconf 89' lang='lat' dir='ltr'><strong>ipse</strong></span> 
     </span>
    </p>
   </div>
   <div class='ocr_carea' id='block_1_77' title="bbox 2172 3709 3810 3784">
    <p class='ocr_par' dir='ltr' id='par_1_77' title="bbox 2172 3709 3810 3784">
     <span class='ocr_line' id='line_1_77' title="bbox 2172 3709 3810 3784; baseline -0.005 -15"><span class='ocrx_word' id='word_1_546' title='bbox 2172 3715 2376 3784; x_wconf 90' lang='lat' dir='ltr'><strong>pariter</strong></span> <span class='ocrx_word' id='word_1_547' title='bbox 2432 3728 2535 3769; x_wconf 89' lang='lat' dir='ltr'><strong>nec</strong></span> <span class='ocrx_word' id='word_1_548' title='bbox 2591 3727 2702 3768; x_wconf 92' lang='lat' dir='ltr'><strong>non</strong></span> <span class='ocrx_word' id='word_1_549' title='bbox 2767 3728 2958 3770; x_wconf 92' lang='lat' dir='ltr'><strong>omnes</strong></span> <span class='ocrx_word' id='word_1_550' title='bbox 2995 3712 3348 3770; x_wconf 87' lang='lat' dir='ltr'><strong>consentanei</strong></span> <span class='ocrx_word' id='word_1_551' title='bbox 3415 3709 3562 3765; x_wconf 91' lang='lat' dir='ltr'><strong>illius</strong></span> <span class='ocrx_word' id='word_1_552' title='bbox 3601 3709 3810 3778; x_wconf 86' lang='lat' dir='ltr'><strong>legatos</strong></span> 
     </span>
    </p>
   </div>
   <div class='ocr_carea' id='block_1_78' title="bbox 2171 3800 3809 3873">
    <p class='ocr_par' dir='ltr' id='par_1_78' title="bbox 2171 3800 3809 3873">
     <span class='ocr_line' id='line_1_78' title="bbox 2171 3800 3809 3873; baseline -0.005 -15"><span class='ocrx_word' id='word_1_553' title='bbox 2171 3817 2322 3870; x_wconf 90' lang='lat' dir='ltr'><strong>suos,</strong></span> <span class='ocrx_word' id='word_1_554' title='bbox 2381 3816 2490 3858; x_wconf 92' lang='lat' dir='ltr'><strong>non</strong></span> <span class='ocrx_word' id='word_1_555' title='bbox 2545 3817 2685 3873; x_wconf 92' lang='lat' dir='ltr'><strong>quos</strong></span> <span class='ocrx_word' id='word_1_556' title='bbox 2721 3803 3025 3868; x_wconf 91' lang='lat' dir='ltr'><strong>voluerant,</strong></span> <span class='ocrx_word' id='word_1_557' title='bbox 3068 3805 3153 3858; x_wconf 93' lang='lat' dir='ltr'><strong>set</strong></span> <span class='ocrx_word' id='word_1_558' title='bbox 3191 3800 3614 3871; x_wconf 89' lang='lat' dir='ltr'><strong>qualescumque</strong></span> <span class='ocrx_word' id='word_1_559' title='bbox 3654 3801 3809 3866; x_wconf 89' lang='lat' dir='ltr'><strong>pote-</strong></span> 
     </span>
    </p>
   </div>
   <div class='ocr_carea' id='block_1_79' title="bbox 448 3888 2090 3960">
    <p class='ocr_par' dir='ltr' id='par_1_79' title="bbox 448 3888 2090 3960">
     <span class='ocr_line' id='line_1_79' title="bbox 448 3888 2090 3960; baseline 0.002 -18"><span class='ocrx_word' id='word_1_560' title='bbox 448 3888 638 3942; x_wconf 92' lang='lat' dir='ltr'><strong>debito</strong></span> <span class='ocrx_word' id='word_1_561' title='bbox 670 3889 976 3942; x_wconf 87' lang='lat' dir='ltr'><strong>orationum</strong></span> <span class='ocrx_word' id='word_1_562' title='bbox 1027 3894 1083 3944; x_wconf 91' lang='lat' dir='ltr'><strong>et</strong></span> <span class='ocrx_word' id='word_1_563' title='bbox 1128 3890 1479 3958; x_wconf 86' lang='lat' dir='ltr'><strong>exequiarum</strong></span> <span class='ocrx_word' id='word_1_564' title='bbox 1539 3889 1742 3954; x_wconf 84' lang='lat' dir='ltr'><strong>officio,</strong></span> <span class='ocrx_word' id='word_1_565' title='bbox 1785 3891 1895 3946; x_wconf 93' lang='lat' dir='ltr'><strong>Deo</strong></span> <span class='ocrx_word' id='word_1_566' title='bbox 1926 3897 2090 3960; x_wconf 89' lang='lat' dir='ltr'><strong>prout</strong></span> 
     </span>
    </p>
   </div>
   <div class='ocr_carea' id='block_1_80' title="bbox 451 3975 3812 4050">
    <p class='ocr_par' dir='ltr' id='par_1_80' title="bbox 451 3975 3812 4050">
     <span class='ocr_line' id='line_1_80' title="bbox 451 3975 3812 4050; baseline -0.001 -20"><span class='ocrx_word' id='word_1_567' title='bbox 451 3975 699 4045; x_wconf 90' lang='lat' dir='ltr'><strong>oportuit</strong></span> <span class='ocrx_word' id='word_1_568' title='bbox 727 3977 930 4046; x_wconf 89' lang='lat' dir='ltr'><strong>gratias</strong></span> <span class='ocrx_word' id='word_1_569' title='bbox 958 3982 1200 4046; x_wconf 88' lang='lat' dir='ltr'><strong>agentes,</strong></span> <span class='ocrx_word' id='word_1_570' title='bbox 1261 3977 1314 4031; x_wconf 90' lang='lat' dir='ltr'><strong>in</strong></span> <span class='ocrx_word' id='word_1_571' title='bbox 1369 3978 1702 4032; x_wconf 87' lang='lat' dir='ltr'><strong>monasterio</strong></span> <span class='ocrx_word' id='word_1_572' title='bbox 1743 3979 1916 4033; x_wconf 88' lang='lat' dir='ltr'><strong>sancti</strong></span> <span class='ocrx_word' id='word_1_573' title='bbox 1947 3977 2090 4034; x_wconf 89' lang='lat' dir='ltr'><strong>Celsi</strong></span> <span class='ocrx_word' id='word_1_574' title='bbox 2174 3980 2480 4045; x_wconf 90' lang='lat' dir='ltr'><strong>mulatoria,</strong></span> <span class='ocrx_word' id='word_1_575' title='bbox 2504 3980 2570 4034; x_wconf 88' lang='lat' dir='ltr'><strong>ad</strong></span> <span class='ocrx_word' id='word_1_576' title='bbox 2594 3980 2820 4035; x_wconf 90' lang='lat' dir='ltr'><strong>eandem</strong></span> <span class='ocrx_word' id='word_1_577' title='bbox 2861 3980 3130 4050; x_wconf 90' lang='lat' dir='ltr'><strong>synodum</strong></span> <span class='ocrx_word' id='word_1_578' title='bbox 3153 3979 3584 4040; x_wconf 87' lang='lat' dir='ltr'><strong>transmiserant,</strong></span> <span class='ocrx_word' id='word_1_579' title='bbox 3606 3975 3812 4030; x_wconf 90' lang='lat' dir='ltr'><strong>domno</strong></span> 
     </span>
    </p>
   </div>
   <div class='ocr_carea' id='block_1_81' title="bbox 453 4063 3818 4138">
    <p class='ocr_par' dir='ltr' id='par_1_81' title="bbox 453 4063 3818 4138">
     <span class='ocr_line' id='line_1_81' title="bbox 453 4063 3818 4138; baseline -0.001 -20"><span class='ocrx_word' id='word_1_580' title='bbox 453 4065 709 4134; x_wconf 86' lang='lat' dir='ltr'><strong>martyris</strong></span> <span class='ocrx_word' id='word_1_581' title='bbox 763 4065 1120 4134; x_wconf 89' lang='lat' dir='ltr'><strong>sepelierunt.</strong></span> <span class='ocrx_word' id='word_1_582' title='bbox 1173 4067 1395 4120; x_wconf 90' lang='lat' dir='ltr'><strong>Demum</strong></span> <span class='ocrx_word' id='word_1_583' title='bbox 1443 4080 1571 4122; x_wconf 83' lang='lat' dir='ltr'><strong>vero</strong></span> <span class='ocrx_word' id='word_1_584' title='bbox 1616 4067 1802 4121; x_wconf 88' lang='lat' dir='ltr'><strong>multis</strong></span> <span class='ocrx_word' id='word_1_585' title='bbox 1829 4067 2090 4123; x_wconf 89' lang='lat' dir='ltr'><strong>virtutum</strong></span> <span class='ocrx_word' id='word_1_586' title='bbox 2174 4069 2480 4138; x_wconf 88' lang='lat' dir='ltr'><strong>apostolico</strong></span> <span class='ocrx_word' id='word_1_587' title='bbox 2539 4082 2720 4123; x_wconf 86' lang='lat' dir='ltr'><strong>veram</strong></span> <span class='ocrx_word' id='word_1_588' title='bbox 2781 4082 2880 4138; x_wconf 92' lang='lat' dir='ltr'><strong>per</strong></span> <span class='ocrx_word' id='word_1_589' title='bbox 2927 4069 3118 4124; x_wconf 79' lang='lat' dir='ltr'><strong>omnia.</strong></span> <span class='ocrx_word' id='word_1_590' title='bbox 3166 4066 3555 4124; x_wconf 71' lang='lat' dir='ltr'><strong>oboedientiam</strong></span> <span class='ocrx_word' id='word_1_591' title='bbox 3594 4063 3818 4119; x_wconf 86' lang='lat' dir='ltr'><strong>deman-</strong></span> 
     </span>
    </p>
   </div>
   <div class='ocr_carea' id='block_1_82' title="bbox 455 4152 3816 4228">
    <p class='ocr_par' dir='ltr' id='par_1_82' title="bbox 455 4152 3816 4228">
     <span class='ocr_line' id='line_1_82' title="bbox 455 4152 3816 4228; baseline -0.001 -19"><span class='ocrx_word' id='word_1_592' title='bbox 455 4158 510 4209; x_wconf 90' lang='lat' dir='ltr'><strong>et</strong></span> <span class='ocrx_word' id='word_1_593' title='bbox 559 4152 942 4208; x_wconf 85' lang='lat' dir='ltr'><strong>miraculorum</strong></span> <span class='ocrx_word' id='word_1_594' title='bbox 993 4153 1323 4209; x_wconf 90' lang='lat' dir='ltr'><strong>testimoniis</strong></span> <span class='ocrx_word' id='word_1_595' title='bbox 1352 4153 1444 4208; x_wconf 89' lang='lat' dir='ltr'><strong>hic</strong></span> <span class='ocrx_word' id='word_1_596' title='bbox 1473 4154 1555 4209; x_wconf 90' lang='lat' dir='ltr'><strong>vir</strong></span> <span class='ocrx_word' id='word_1_597' title='bbox 1584 4155 1699 4220; x_wconf 91' lang='lat' dir='ltr'><strong>Dei,</strong></span> <span class='ocrx_word' id='word_1_598' title='bbox 1741 4154 1943 4210; x_wconf 88' lang='lat' dir='ltr'><strong>zelotes</strong></span> <span class='ocrx_word' id='word_1_599' title='bbox 1975 4171 2095 4224; x_wconf 93' lang='lat' dir='ltr'><strong>pra-</strong></span> <span class='ocrx_word' id='word_1_600' title='bbox 2177 4158 2390 4223; x_wconf 88' lang='lat' dir='ltr'><strong>dantes,</strong></span> <span class='ocrx_word' id='word_1_601' title='bbox 2424 4165 2479 4213; x_wconf 90' lang='lat' dir='ltr'><strong>et</strong></span> <span class='ocrx_word' id='word_1_602' title='bbox 2531 4164 2590 4212; x_wconf 94' lang='lat' dir='ltr'><strong>ut</strong></span> <span class='ocrx_word' id='word_1_603' title='bbox 2648 4158 2986 4228; x_wconf 90' lang='lat' dir='ltr'><strong>tyrannicam</strong></span> <span class='ocrx_word' id='word_1_604' title='bbox 3030 4164 3249 4226; x_wconf 90' lang='lat' dir='ltr'><strong>tamque</strong></span> <span class='ocrx_word' id='word_1_605' title='bbox 3315 4155 3551 4211; x_wconf 86' lang='lat' dir='ltr'><strong>ﬂebilem</strong></span> <span class='ocrx_word' id='word_1_606' title='bbox 3607 4157 3816 4207; x_wconf 78' lang='lat' dir='ltr'><strong>sanetae</strong></span> 
     </span>
    </p>
   </div>
   <div class='ocr_carea' id='block_1_83' title="bbox 453 4240 3820 4316">
    <p class='ocr_par' dir='ltr' id='par_1_83' title="bbox 453 4240 3820 4316">
     <span class='ocr_line' id='line_1_83' title="bbox 453 4240 3820 4316; baseline 0 -21"><span class='ocrx_word' id='word_1_607' title='bbox 453 4240 638 4297; x_wconf 91' lang='lat' dir='ltr'><strong>vitatis</strong></span> <span class='ocrx_word' id='word_1_608' title='bbox 675 4242 936 4298; x_wconf 64' lang='lat' dir='ltr'><strong>heretica:</strong></span> <span class='ocrx_word' id='word_1_609' title='bbox 994 4250 1101 4299; x_wconf 93' lang='lat' dir='ltr'><strong>tam</strong></span> <span class='ocrx_word' id='word_1_610' title='bbox 1159 4243 1483 4310; x_wconf 88' lang='lat' dir='ltr'><strong>industrius,</strong></span> <span class='ocrx_word' id='word_1_611' title='bbox 1545 4257 1732 4298; x_wconf 89' lang='lat' dir='ltr'><strong>revera</strong></span> <span class='ocrx_word' id='word_1_612' title='bbox 1761 4243 1856 4298; x_wconf 92' lang='lat' dir='ltr'><strong>Dei</strong></span> <span class='ocrx_word' id='word_1_613' title='bbox 1887 4245 2122 4316; x_wconf 14' lang='lat' dir='ltr'><strong>amicus,</strong></span> <span class='ocrx_word' id='word_1_614' title='bbox 2182 4247 2447 4302; x_wconf 66' lang='lat' dir='ltr'><strong>azcelesiae</strong></span> <span class='ocrx_word' id='word_1_615' title='bbox 2469 4247 2864 4302; x_wconf 87' lang='lat' dir='ltr'><strong>desolationem</strong></span> <span class='ocrx_word' id='word_1_616' title='bbox 2899 4254 3123 4316; x_wconf 88' lang='lat' dir='ltr'><strong>paterna</strong></span> <span class='ocrx_word' id='word_1_617' title='bbox 3153 4245 3522 4302; x_wconf 90' lang='lat' dir='ltr'><strong>sollicitudine</strong></span> <span class='ocrx_word' id='word_1_618' title='bbox 3541 4241 3820 4311; x_wconf 91' lang='lat' dir='ltr'><strong>respicere</strong></span> 
     </span>
    </p>
   </div>
   <div class='ocr_carea' id='block_1_84' title="bbox 454 4315 3824 4406">
    <p class='ocr_par' dir='ltr' id='par_1_84' title="bbox 454 4315 3824 4406">
     <span class='ocr_line' id='line_1_84' title="bbox 454 4315 3824 4406; baseline -0.001 -20"><span class='ocrx_word' id='word_1_619' title='bbox 454 4344 575 4386; x_wconf 90' lang='lat' dir='ltr'><strong>esse</strong></span> <span class='ocrx_word' id='word_1_620' title='bbox 615 4337 669 4386; x_wconf 91' lang='lat' dir='ltr'><strong>et</strong></span> <span class='ocrx_word' id='word_1_621' title='bbox 698 4330 861 4387; x_wconf 90' lang='lat' dir='ltr'><strong>fuisse</strong></span> <span class='ocrx_word' id='word_1_622' title='bbox 910 4332 1286 4387; x_wconf 84' lang='lat' dir='ltr'><strong>indubitanter</strong></span> <span class='ocrx_word' id='word_1_623' title='bbox 1333 4333 1466 4387; x_wconf 92' lang='lat' dir='ltr'><strong>satis</strong></span> <span class='ocrx_word' id='word_1_624' title='bbox 1508 4332 1770 4388; x_wconf 90' lang='lat' dir='ltr'><strong>divinitus</strong></span> <span class='ocrx_word' id='word_1_625' title='bbox 1807 4334 2090 4402; x_wconf 91' lang='lat' dir='ltr'><strong>probatum</strong></span> <span class='ocrx_word' id='word_1_626' title='bbox 2115 4315 2519 4406; x_wconf 88' lang='lat' dir='ltr'><strong>Ddignaretur,</strong></span> <span class='ocrx_word' id='word_1_627' title='bbox 2561 4337 2801 4391; x_wconf 90' lang='lat' dir='ltr'><strong>unanimi</strong></span> <span class='ocrx_word' id='word_1_628' title='bbox 2868 4315 3059 4406; x_wconf 85' lang='lat' dir='ltr'><strong>rogatu</strong></span> <span class='ocrx_word' id='word_1_629' title='bbox 3118 4336 3223 4405; x_wconf 91' lang='lat' dir='ltr'><strong>ipsi</strong></span> <span class='ocrx_word' id='word_1_630' title='bbox 3260 4332 3638 4390; x_wconf 89' lang='lat' dir='ltr'><strong>sollertissime</strong></span> <span class='ocrx_word' id='word_1_631' title='bbox 3677 4343 3824 4386; x_wconf 90' lang='lat' dir='ltr'><strong>com-</strong></span> 
     </span>
    </p>
   </div>
   <div class='ocr_carea' id='block_1_85' title="bbox 454 4417 3822 4496">
    <p class='ocr_par' dir='ltr' id='par_1_85' title="bbox 454 4417 3822 4496">
     <span class='ocr_line' id='line_1_85' title="bbox 454 4417 3822 4496; baseline -0.001 -21"><span class='ocrx_word' id='word_1_632' title='bbox 454 4425 558 4476; x_wconf 91' lang='lat' dir='ltr'><strong>est.</strong></span> <span class='ocrx_word' id='word_1_633' title='bbox 603 4423 769 4491; x_wconf 84' lang='lat' dir='ltr'><strong>Cujus</strong></span> <span class='ocrx_word' id='word_1_634' title='bbox 816 4421 1102 4478; x_wconf 70' lang='lat' dir='ltr'><strong>industrize</strong></span> <span class='ocrx_word' id='word_1_635' title='bbox 1156 4428 1209 4477; x_wconf 90' lang='lat' dir='ltr'><strong>et</strong></span> <span class='ocrx_word' id='word_1_636' title='bbox 1241 4423 1532 4478; x_wconf 90' lang='lat' dir='ltr'><strong>intentioni</strong></span> <span class='ocrx_word' id='word_1_637' title='bbox 1571 4421 1871 4492; x_wconf 90' lang='lat' dir='ltr'><strong>quemlibet</strong></span> <span class='ocrx_word' id='word_1_638' title='bbox 1899 4425 2094 4478; x_wconf 91' lang='lat' dir='ltr'><strong>summi</strong></span> <span class='ocrx_word' id='word_1_639' title='bbox 2177 4425 2519 4480; x_wconf 88' lang='lat' dir='ltr'><strong>mendantes.</strong></span> <span class='ocrx_word' id='word_1_640' title='bbox 2554 4426 2737 4496; x_wconf 86' lang='lat' dir='ltr'><strong>Legati</strong></span> <span class='ocrx_word' id='word_1_641' title='bbox 2787 4430 2966 4480; x_wconf 91' lang='lat' dir='ltr'><strong>autem</strong></span> <span class='ocrx_word' id='word_1_642' title='bbox 3007 4424 3151 4494; x_wconf 90' lang='lat' dir='ltr'><strong>regis</strong></span> <span class='ocrx_word' id='word_1_643' title='bbox 3179 4421 3443 4486; x_wconf 85' lang='lat' dir='ltr'><strong>Heinrici,</strong></span> <span class='ocrx_word' id='word_1_644' title='bbox 3475 4418 3601 4489; x_wconf 88' lang='lat' dir='ltr'><strong>quia</strong></span> <span class='ocrx_word' id='word_1_645' title='bbox 3643 4417 3822 4488; x_wconf 89' lang='lat' dir='ltr'><strong>palam</strong></span> 
     </span>
    </p>
   </div>
   <div class='ocr_carea' id='block_1_86' title="bbox 453 4507 3822 4585">
    <p class='ocr_par' dir='ltr' id='par_1_86' title="bbox 453 4507 3822 4585">
     <span class='ocr_line' id='line_1_86' title="bbox 453 4507 3822 4585; baseline -0.001 -19"><span class='ocrx_word' id='word_1_646' title='bbox 453 4510 600 4581; x_wconf 84' lang='lat' dir='ltr'><strong>regis</strong></span> <span class='ocrx_word' id='word_1_647' title='bbox 631 4510 855 4566; x_wconf 91' lang='lat' dir='ltr'><strong>militem</strong></span> <span class='ocrx_word' id='word_1_648' title='bbox 897 4517 951 4566; x_wconf 91' lang='lat' dir='ltr'><strong>et</strong></span> <span class='ocrx_word' id='word_1_649' title='bbox 979 4518 1184 4566; x_wconf 76' lang='lat' dir='ltr'><strong>sanctae</strong></span> <span class='ocrx_word' id='word_1_650' title='bbox 1237 4511 1363 4567; x_wconf 88' lang='lat' dir='ltr'><strong>fidei</strong></span> <span class='ocrx_word' id='word_1_651' title='bbox 1415 4509 1761 4567; x_wconf 88' lang='lat' dir='ltr'><strong>defensorem</strong></span> <span class='ocrx_word' id='word_1_652' title='bbox 1793 4509 2012 4567; x_wconf 90' lang='lat' dir='ltr'><strong>fortiter</strong></span> <span class='ocrx_word' id='word_1_653' title='bbox 2041 4519 2096 4567; x_wconf 90' lang='lat' dir='ltr'><strong>et</strong></span> <span class='ocrx_word' id='word_1_654' title='bbox 2178 4514 2258 4569; x_wconf 91' lang='lat' dir='ltr'><strong>ire</strong></span> <span class='ocrx_word' id='word_1_655' title='bbox 2280 4520 2334 4569; x_wconf 92' lang='lat' dir='ltr'><strong>et</strong></span> <span class='ocrx_word' id='word_1_656' title='bbox 2355 4515 2537 4569; x_wconf 91' lang='lat' dir='ltr'><strong>omnia</strong></span> <span class='ocrx_word' id='word_1_657' title='bbox 2557 4529 2681 4585; x_wconf 76' lang='lat' dir='ltr'><strong>quae</strong></span> <span class='ocrx_word' id='word_1_658' title='bbox 2705 4514 2992 4571; x_wconf 90' lang='lat' dir='ltr'><strong>voluerunt</strong></span> <span class='ocrx_word' id='word_1_659' title='bbox 3013 4512 3241 4582; x_wconf 85' lang='lat' dir='ltr'><strong>paeiﬁco</strong></span> <span class='ocrx_word' id='word_1_660' title='bbox 3264 4511 3423 4566; x_wconf 91' lang='lat' dir='ltr'><strong>libitu</strong></span> <span class='ocrx_word' id='word_1_661' title='bbox 3450 4507 3669 4564; x_wconf 82' lang='lat' dir='ltr'><strong>efficere</strong></span> <span class='ocrx_word' id='word_1_662' title='bbox 3692 4507 3822 4563; x_wconf 91' lang='lat' dir='ltr'><strong>etin</strong></span> 
     </span>
    </p>
   </div>
   <div class='ocr_carea' id='block_1_87' title="bbox 455 4599 3838 4674">
    <p class='ocr_par' dir='ltr' id='par_1_87' title="bbox 455 4599 3838 4674">
     <span class='ocr_line' id='line_1_87' title="bbox 455 4599 3838 4674; baseline -0.002 -16"><span class='ocrx_word' id='word_1_663' title='bbox 455 4599 765 4658; x_wconf 88' lang='lat' dir='ltr'><strong>exultanter</strong></span> <span class='ocrx_word' id='word_1_664' title='bbox 815 4601 868 4656; x_wconf 93' lang='lat' dir='ltr'><strong>in</strong></span> <span class='ocrx_word' id='word_1_665' title='bbox 905 4600 1122 4657; x_wconf 91' lang='lat' dir='ltr'><strong>Christo</strong></span> <span class='ocrx_word' id='word_1_666' title='bbox 1173 4601 1428 4657; x_wconf 87' lang='lat' dir='ltr'><strong>insistere</strong></span> <span class='ocrx_word' id='word_1_667' title='bbox 1481 4614 1592 4657; x_wconf 94' lang='lat' dir='ltr'><strong>non</strong></span> <span class='ocrx_word' id='word_1_668' title='bbox 1623 4602 1826 4672; x_wconf 86' lang='lat' dir='ltr'><strong>pigeat,</strong></span> <span class='ocrx_word' id='word_1_669' title='bbox 1859 4601 1906 4656; x_wconf 91' lang='lat' dir='ltr'><strong>si</strong></span> <span class='ocrx_word' id='word_1_670' title='bbox 1938 4615 2095 4671; x_wconf 89' lang='lat' dir='ltr'><strong>pera—</strong></span> <span class='ocrx_word' id='word_1_671' title='bbox 2180 4603 2558 4674; x_wconf 88' lang='lat' dir='ltr'><strong>Longobardia</strong></span> <span class='ocrx_word' id='word_1_672' title='bbox 2597 4609 2652 4659; x_wconf 91' lang='lat' dir='ltr'><strong>et</strong></span> <span class='ocrx_word' id='word_1_673' title='bbox 2694 4603 2750 4658; x_wconf 92' lang='lat' dir='ltr'><strong>in</strong></span> <span class='ocrx_word' id='word_1_674' title='bbox 2781 4603 2899 4673; x_wconf 89' lang='lat' dir='ltr'><strong>ipsa</strong></span> <span class='ocrx_word' id='word_1_675' title='bbox 2931 4604 3175 4660; x_wconf 88' lang='lat' dir='ltr'><strong>Romana</strong></span> <span class='ocrx_word' id='word_1_676' title='bbox 3213 4600 3349 4657; x_wconf 93' lang='lat' dir='ltr'><strong>urbe</strong></span> <span class='ocrx_word' id='word_1_677' title='bbox 3388 4603 3665 4669; x_wconf 90' lang='lat' dir='ltr'><strong>poterant,</strong></span> <span class='ocrx_word' id='word_1_678' title='bbox 3705 4609 3838 4652; x_wconf 88' lang='lat' dir='ltr'><strong>mu--</strong></span> 
     </span>
    </p>
   </div>
   <div class='ocr_carea' id='block_1_88' title="bbox 2173 3885 3811 3960">
    <p class='ocr_par' dir='ltr' id='par_1_88' title="bbox 2173 3885 3811 3960">
     <span class='ocr_line' id='line_1_88' title="bbox 2173 3885 3811 3960; baseline -0.004 -14"><span class='ocrx_word' id='word_1_679' title='bbox 2173 3899 2315 3958; x_wconf 90' lang='lat' dir='ltr'><strong>rant,</strong></span> <span class='ocrx_word' id='word_1_680' title='bbox 2357 3899 2412 3947; x_wconf 91' lang='lat' dir='ltr'><strong>et</strong></span> <span class='ocrx_word' id='word_1_681' title='bbox 2449 3892 2550 3948; x_wconf 93' lang='lat' dir='ltr'><strong>hos</strong></span> <span class='ocrx_word' id='word_1_682' title='bbox 2605 3892 2899 3948; x_wconf 84' lang='lat' dir='ltr'><strong>artiﬁciosa</strong></span> <span class='ocrx_word' id='word_1_683' title='bbox 2939 3893 3184 3960; x_wconf 87' lang='lat' dir='ltr'><strong>qualibet</strong></span> <span class='ocrx_word' id='word_1_684' title='bbox 3219 3889 3510 3946; x_wconf 86' lang='lat' dir='ltr'><strong>occasione</strong></span> <span class='ocrx_word' id='word_1_685' title='bbox 3563 3893 3617 3942; x_wconf 90' lang='lat' dir='ltr'><strong>et</strong></span> <span class='ocrx_word' id='word_1_686' title='bbox 3655 3885 3811 3941; x_wconf 85' lang='lat' dir='ltr'><strong>dissi-</strong></span> 
     </span>
    </p>
   </div>
   <div class='ocr_carea' id='block_1_89' title="bbox 1810 4754 2466 4812">
    <p class='ocr_par' dir='ltr' id='par_1_89' title="bbox 1810 4754 2466 4812">
     <span class='ocr_line' id='line_1_89' title="bbox 1810 4754 2466 4812; baseline 0.006 -4"><span class='ocrx_word' id='word_1_687' title='bbox 1810 4754 2033 4810; x_wconf 69' lang='lat' dir='ltr'><strong>VARIE</strong></span> <span class='ocrx_word' id='word_1_688' title='bbox 2081 4755 2364 4812; x_wconf 84' lang='lat' dir='ltr'><strong>LECTION</strong></span> <span class='ocrx_word' id='word_1_689' title='bbox 2371 4757 2466 4812; x_wconf 85' lang='lat' dir='ltr'><strong>ES.</strong></span> 
     </span>
    </p>
   </div>
   <div class='ocr_carea' id='block_1_90' title="bbox 532 4850 1334 4909">
    <p class='ocr_par' dir='ltr' id='par_1_90' title="bbox 532 4850 1334 4909">
     <span class='ocr_line' id='line_1_90' title="bbox 532 4850 1334 4909; baseline 0.001 -3"><span class='ocrx_word' id='word_1_690' title='bbox 532 4850 594 4883; x_wconf 66' lang='lat'><strong>“7</strong></span> <span class='ocrx_word' id='word_1_691' title='bbox 625 4851 741 4908; x_wconf 86' lang='lat' dir='ltr'><strong>uisa</strong></span> <span class='ocrx_word' id='word_1_692' title='bbox 770 4851 825 4908; x_wconf 87' lang='lat'><strong>2.</strong></span> <span class='ocrx_word' id='word_1_693' title='bbox 905 4850 970 4884; x_wconf 74' lang='grc'><strong>’⁸³</strong></span> <span class='ocrx_word' id='word_1_694' title='bbox 997 4856 1222 4909; x_wconf 89' lang='lat' dir='ltr'><strong>venerat</strong></span> <span class='ocrx_word' id='word_1_695' title='bbox 1250 4852 1334 4908; x_wconf 87' lang='lat' dir='ltr'><strong>ed.</strong></span> 
     </span>
    </p>
   </div>
   <div class='ocr_carea' id='block_1_91' title="bbox 2037 4951 2253 5008">
    <p class='ocr_par' dir='ltr' id='par_1_91' title="bbox 2037 4951 2253 5008">
     <span class='ocr_line' id='line_1_91' title="bbox 2037 4951 2253 5008; baseline 0 -2"><span class='ocrx_word' id='word_1_696' title='bbox 2037 4951 2253 5008; x_wconf 74' lang='grc' dir='ltr'><strong>ΝΟΤᾸΞ.</strong></span> 
     </span>
    </p>
   </div>
   <div class='ocr_carea' id='block_1_92' title="bbox 539 5072 3829 5147">
    <p class='ocr_par' dir='ltr' id='par_1_92' title="bbox 539 5072 3829 5147">
     <span class='ocr_line' id='line_1_92' title="bbox 539 5072 3829 5147; baseline -0.001 -18"><span class='ocrx_word' id='word_1_697' title='bbox 539 5075 697 5147; x_wconf 88' lang='lat'><strong>(169)</strong></span> <span class='ocrx_word' id='word_1_698' title='bbox 730 5077 805 5131; x_wconf 92' lang='lat' dir='ltr'><strong>De</strong></span> <span class='ocrx_word' id='word_1_699' title='bbox 835 5077 888 5131; x_wconf 90' lang='lat' dir='ltr'><strong>S.</strong></span> <span class='ocrx_word' id='word_1_700' title='bbox 923 5074 1214 5147; x_wconf 90' lang='lat' dir='ltr'><strong>Erlebaldo</strong></span> <span class='ocrx_word' id='word_1_701' title='bbox 1243 5091 1339 5131; x_wconf 92' lang='lat' dir='ltr'><strong>seu</strong></span> <span class='ocrx_word' id='word_1_702' title='bbox 1370 5074 1726 5147; x_wconf 83' lang='lat' dir='ltr'><strong>Arlembardo</strong></span> <span class='ocrx_word' id='word_1_703' title='bbox 1764 5075 1874 5131; x_wconf 90' lang='lat' dir='ltr'><strong>vid.</strong></span> <span class='ocrx_word' id='word_1_704' title='bbox 1908 5076 2104 5132; x_wconf 89' lang='lat' dir='ltr'><strong>Arnul-</strong></span> <span class='ocrx_word' id='word_1_705' title='bbox 2186 5077 2451 5133; x_wconf 89' lang='lat' dir='ltr'><strong>describit</strong></span> <span class='ocrx_word' id='word_1_706' title='bbox 2473 5076 2786 5147; x_wconf 84' lang='lat' dir='ltr'><strong>Arnulphus</strong></span> <span class='ocrx_word' id='word_1_707' title='bbox 2816 5077 2871 5133; x_wconf 92' lang='lat' dir='ltr'><strong>in</strong></span> <span class='ocrx_word' id='word_1_708' title='bbox 2904 5077 3043 5133; x_wconf 87' lang='lat' dir='ltr'><strong>Hist.</strong></span> <span class='ocrx_word' id='word_1_709' title='bbox 3093 5075 3312 5133; x_wconf 88' lang='lat' dir='ltr'><strong>Mediol.</strong></span> <span class='ocrx_word' id='word_1_710' title='bbox 3344 5074 3440 5147; x_wconf 76' lang='lat' dir='ltr'><strong>lib.</strong></span> <span class='ocrx_word' id='word_1_711' title='bbox 3473 5089 3552 5140; x_wconf 81' lang='lat' dir='ltr'><strong>1v,</strong></span> <span class='ocrx_word' id='word_1_712' title='bbox 3584 5087 3707 5147; x_wconf 83' lang='lat' dir='ltr'><strong>cap.</strong></span> <span class='ocrx_word' id='word_1_713' title='bbox 3765 5072 3829 5147; x_wconf 85' lang='lat' dir='ltr'><strong>l0</strong></span> 
     </span>
    </p>
   </div>
   <div class='ocr_carea' id='block_1_93' title="bbox 467 5145 3825 5219">
    <p class='ocr_par' dir='ltr' id='par_1_93' title="bbox 467 5145 3825 5219">
     <span class='ocr_line' id='line_1_93' title="bbox 467 5145 3825 5219; baseline -0.001 -17"><span class='ocrx_word' id='word_1_714' title='bbox 467 5145 564 5218; x_wconf 86' lang='lat' dir='ltr'><strong>phi</strong></span> <span class='ocrx_word' id='word_1_715' title='bbox 609 5145 723 5203; x_wconf 88' lang='lat' dir='ltr'><strong>llis.</strong></span> <span class='ocrx_word' id='word_1_716' title='bbox 775 5147 1064 5203; x_wconf 88' lang='lat' dir='ltr'><strong>Mediolan.</strong></span> <span class='ocrx_word' id='word_1_717' title='bbox 1122 5146 1217 5202; x_wconf 94' lang='lat' dir='ltr'><strong>lib.</strong></span> <span class='ocrx_word' id='word_1_718' title='bbox 1251 5163 1332 5215; x_wconf 85' lang='lat'><strong>111,</strong></span> <span class='ocrx_word' id='word_1_719' title='bbox 1364 5162 1489 5219; x_wconf 84' lang='lat' dir='ltr'><strong>cap.</strong></span> <span class='ocrx_word' id='word_1_720' title='bbox 1542 5145 1624 5214; x_wconf 87' lang='lat' dir='ltr'><strong>l4,</strong></span> <span class='ocrx_word' id='word_1_721' title='bbox 1675 5147 2107 5219; x_wconf 88' lang='lat' dir='ltr'><strong>sqq._Pluribus</strong></span> <span class='ocrx_word' id='word_1_722' title='bbox 2185 5149 2401 5219; x_wconf 86' lang='lat' dir='ltr'><strong>(Murat.</strong></span> <span class='ocrx_word' id='word_1_723' title='bbox 2451 5145 2660 5218; x_wconf 43' lang='lat' dir='ltr'><strong>script.‘</strong></span> <span class='ocrx_word' id='word_1_724' title='bbox 2695 5151 2822 5205; x_wconf 90' lang='lat' dir='ltr'><strong>Rer.</strong></span> <span class='ocrx_word' id='word_1_725' title='bbox 2867 5148 3010 5210; x_wconf 89' lang='lat' dir='ltr'><strong>ltal.,</strong></span> <span class='ocrx_word' id='word_1_726' title='bbox 3065 5157 3104 5203; x_wconf 94' lang='lat' dir='ltr'><strong>t.</strong></span> <span class='ocrx_word' id='word_1_727' title='bbox 3155 5150 3243 5210; x_wconf 90' lang='lat' dir='ltr'><strong>IV,</strong></span> <span class='ocrx_word' id='word_1_728' title='bbox 3276 5162 3330 5217; x_wconf 92' lang='lat' dir='ltr'><strong>p.</strong></span> <span class='ocrx_word' id='word_1_729' title='bbox 3369 5145 3460 5213; x_wconf 88' lang='lat'><strong>39,</strong></span> <span class='ocrx_word' id='word_1_730' title='bbox 3493 5152 3548 5219; x_wconf 89' lang='lat' dir='ltr'><strong>et</strong></span> <span class='ocrx_word' id='word_1_731' title='bbox 3586 5145 3825 5219; x_wconf 76' lang='lat' dir='ltr'><strong>Leibnit.</strong></span> 
     </span>
    </p>
   </div>
   <div class='ocr_carea' id='block_1_94' title="bbox 466 5216 3832 5290">
    <p class='ocr_par' dir='ltr' id='par_1_94' title="bbox 466 5216 3832 5290">
     <span class='ocr_line' id='line_1_94' title="bbox 466 5216 3832 5290; baseline -0.001 -15"><span class='ocrx_word' id='word_1_732' title='bbox 466 5216 634 5290; x_wconf 80' lang='lat' dir='ltr'><strong>agunt</strong></span> <span class='ocrx_word' id='word_1_733' title='bbox 672 5219 1012 5276; x_wconf 88' lang='lat' dir='ltr'><strong>Bollandiani</strong></span> <span class='ocrx_word' id='word_1_734' title='bbox 1035 5225 1075 5273; x_wconf 94' lang='lat' dir='ltr'><strong>t.</strong></span> <span class='ocrx_word' id='word_1_735' title='bbox 1101 5221 1142 5274; x_wconf 90' lang='lat' dir='ltr'><strong>V</strong></span> <span class='ocrx_word' id='word_1_736' title='bbox 1172 5220 1318 5290; x_wconf 86' lang='lat' dir='ltr'><strong>Junii</strong></span> <span class='ocrx_word' id='word_1_737' title='bbox 1351 5216 1584 5290; x_wconf 9' lang='lat' dir='ltr'><strong>adr’diem</strong></span> <span class='ocrx_word' id='word_1_738' title='bbox 1604 5219 1694 5284; x_wconf 87' lang='lat'><strong>27,</strong></span> <span class='ocrx_word' id='word_1_739' title='bbox 1720 5216 1776 5290; x_wconf 68' lang='grc' dir='ltr'><strong>βξ</strong></span> <span class='ocrx_word' id='word_1_740' title='bbox 1806 5217 1930 5284; x_wconf 85' lang='grc'><strong>279,</strong></span> <span class='ocrx_word' id='word_1_741' title='bbox 1955 5234 2102 5288; x_wconf 91' lang='lat' dir='ltr'><strong>sqq.,</strong></span> <span class='ocrx_word' id='word_1_742' title='bbox 2187 5216 2388 5290; x_wconf 89' lang='lat' dir='ltr'><strong>Seript.</strong></span> <span class='ocrx_word' id='word_1_743' title='bbox 2422 5216 2674 5286; x_wconf 82' lang='lat' dir='ltr'><strong>Brunsv.,</strong></span> <span class='ocrx_word' id='word_1_744' title='bbox 2709 5228 2746 5275; x_wconf 92' lang='lat' dir='ltr'><strong>t.</strong></span> <span class='ocrx_word' id='word_1_745' title='bbox 2781 5221 2870 5286; x_wconf 88' lang='grc' dir='ltr'>ΙΙΙ,</span> <span class='ocrx_word' id='word_1_746' title='bbox 2905 5235 2958 5289; x_wconf 91' lang='lat' dir='ltr'><strong>p.</strong></span> <span class='ocrx_word' id='word_1_747' title='bbox 2990 5219 3135 5288; x_wconf 82' lang='lat'><strong>727),</strong></span> <span class='ocrx_word' id='word_1_748' title='bbox 3168 5220 3262 5275; x_wconf 93' lang='lat' dir='ltr'><strong>ubi</strong></span> <span class='ocrx_word' id='word_1_749' title='bbox 3281 5216 3450 5290; x_wconf 80' lang='lat' dir='ltr'><strong>etiam</strong></span> <span class='ocrx_word' id='word_1_750' title='bbox 3481 5216 3682 5273; x_wconf 90' lang='lat' dir='ltr'><strong>nimius</strong></span> <span class='ocrx_word' id='word_1_751' title='bbox 3708 5217 3832 5290; x_wconf 85' lang='lat' dir='ltr'><strong>ejus</strong></span> 
     </span>
    </p>
   </div>
   <div class='ocr_carea' id='block_1_95' title="bbox 467 5288 3830 5360">
    <p class='ocr_par' dir='ltr' id='par_1_95' title="bbox 467 5288 3830 5360">
     <span class='ocr_line' id='line_1_95' title="bbox 467 5288 3830 5360; baseline -0.001 -14"><span class='ocrx_word' id='word_1_752' title='bbox 467 5288 560 5346; x_wconf 93' lang='lat' dir='ltr'><strong>ubi</strong></span> <span class='ocrx_word' id='word_1_753' title='bbox 596 5291 778 5346; x_wconf 67' lang='lat' dir='ltr'><strong>caedes</strong></span> <span class='ocrx_word' id='word_1_754' title='bbox 807 5292 926 5359; x_wconf 90' lang='lat' dir='ltr'><strong>ejus</strong></span> <span class='ocrx_word' id='word_1_755' title='bbox 955 5290 1021 5345; x_wconf 91' lang='lat' dir='ltr'><strong>ad</strong></span> <span class='ocrx_word' id='word_1_756' title='bbox 1053 5304 1102 5346; x_wconf 90' lang='lat' dir='ltr'><strong>a.</strong></span> <span class='ocrx_word' id='word_1_757' title='bbox 1162 5289 1315 5356; x_wconf 85' lang='lat'><strong>1075,</strong></span> <span class='ocrx_word' id='word_1_758' title='bbox 1352 5289 1607 5353; x_wconf 91' lang='lat' dir='ltr'><strong>refertur,</strong></span> <span class='ocrx_word' id='word_1_759' title='bbox 1648 5288 1945 5345; x_wconf 61' lang='lat' dir='ltr'><strong>ad&#39;annum</strong></span> <span class='ocrx_word' id='word_1_760' title='bbox 1977 5303 2105 5344; x_wconf 91' lang='lat' dir='ltr'><strong>vero</strong></span> <span class='ocrx_word' id='word_1_761' title='bbox 2189 5288 2337 5346; x_wconf 87' lang='lat' dir='ltr'><strong>zelus</strong></span> <span class='ocrx_word' id='word_1_762' title='bbox 2375 5291 2806 5360; x_wconf 88' lang='lat' dir='ltr'><strong>reprehensione</strong></span> <span class='ocrx_word' id='word_1_763' title='bbox 2857 5288 2965 5347; x_wconf 90' lang='grc'><strong>11011</strong></span> <span class='ocrx_word' id='word_1_764' title='bbox 3015 5299 3184 5346; x_wconf 87' lang='lat' dir='ltr'><strong>caret.</strong></span> <span class='ocrx_word' id='word_1_765' title='bbox 3226 5288 3550 5346; x_wconf 85' lang='lat' dir='ltr'><strong>Conferatur</strong></span> <span class='ocrx_word' id='word_1_766' title='bbox 3577 5288 3830 5358; x_wconf 87' lang='lat' dir='ltr'><strong>Gregorii</strong></span> 
     </span>
    </p>
   </div>
   <div class='ocr_carea' id='block_1_96' title="bbox 473 5361 3326 5432">
    <p class='ocr_par' dir='ltr' id='par_1_96' title="bbox 473 5361 3326 5432">
     <span class='ocr_line' id='line_1_96' title="bbox 473 5361 3326 5432; baseline 0.001 -18"><span class='ocrx_word' id='word_1_767' title='bbox 473 5361 609 5414; x_wconf 89' lang='lat'><strong>1076</strong></span> <span class='ocrx_word' id='word_1_768' title='bbox 638 5361 924 5432; x_wconf 88' lang='lat' dir='ltr'><strong>consignat</strong></span> <span class='ocrx_word' id='word_1_769' title='bbox 976 5363 1169 5432; x_wconf 89' lang='lat' dir='ltr'><strong>Pagius</strong></span> <span class='ocrx_word' id='word_1_770' title='bbox 1215 5362 1270 5417; x_wconf 90' lang='lat' dir='ltr'><strong>in</strong></span> <span class='ocrx_word' id='word_1_771' title='bbox 1311 5363 1498 5417; x_wconf 88' lang='lat' dir='ltr'><strong>critica</strong></span> <span class='ocrx_word' id='word_1_772' title='bbox 1543 5361 1786 5432; x_wconf 17' lang='lat' dir='ltr'><strong>,Baronii,</strong></span> <span class='ocrx_word' id='word_1_773' title='bbox 1809 5362 1912 5432; x_wconf 78' lang='lat' dir='ltr'><strong>qui</strong></span> <span class='ocrx_word' id='word_1_774' title='bbox 1937 5361 2106 5432; x_wconf 85' lang='lat' dir='ltr'><strong>etiam</strong></span> <span class='ocrx_word' id='word_1_775' title='bbox 2192 5363 2312 5432; x_wconf 73' lang='lat' dir='ltr'><strong>Vll,</strong></span> <span class='ocrx_word' id='word_1_776' title='bbox 2337 5362 2429 5416; x_wconf 93' lang='lat' dir='ltr'><strong>lib.</strong></span> <span class='ocrx_word' id='word_1_777' title='bbox 2457 5378 2494 5423; x_wconf 88' lang='lat'><strong>1.</strong></span> <span class='ocrx_word' id='word_1_778' title='bbox 2528 5363 2689 5432; x_wconf 90' lang='lat' dir='ltr'><strong>epist,</strong></span> <span class='ocrx_word' id='word_1_779' title='bbox 2722 5363 2811 5430; x_wconf 86' lang='lat'><strong>25,</strong></span> <span class='ocrx_word' id='word_1_780' title='bbox 2839 5363 2927 5430; x_wconf 87' lang='lat'><strong>26,</strong></span> <span class='ocrx_word' id='word_1_781' title='bbox 2963 5363 3051 5427; x_wconf 89' lang='lat'><strong>27,</strong></span> <span class='ocrx_word' id='word_1_782' title='bbox 3083 5362 3171 5416; x_wconf 87' lang='lat'><strong>28.</strong></span> <span class='ocrx_word' id='word_1_783' title='bbox 3206 5363 3326 5416; x_wconf 91' lang='lat' dir='ltr'><strong>Uss.</strong></span> 
     </span>
    </p>
   </div>
   <div class='ocr_carea' id='block_1_97' title="bbox 469 5430 2784 5500">
    <p class='ocr_par' dir='ltr' id='par_1_97' title="bbox 469 5430 2784 5500">
     <span class='ocr_line' id='line_1_97' title="bbox 469 5430 2784 5500; baseline 0 -13"><span class='ocrx_word' id='word_1_784' title='bbox 469 5430 820 5499; x_wconf 69' lang='grc'><strong>0110181057,</strong></span> <span class='ocrx_word' id='word_1_785' title='bbox 874 5432 1028 5500; x_wconf 86' lang='lat'><strong>1061,</strong></span> <span class='ocrx_word' id='word_1_786' title='bbox 1055 5430 1238 5498; x_wconf 67' lang='lat'><strong>&#39;1066,</strong></span> <span class='ocrx_word' id='word_1_787' title='bbox 1300 5433 1453 5499; x_wconf 89' lang='lat'><strong>1067,</strong></span> <span class='ocrx_word' id='word_1_788' title='bbox 1498 5431 1656 5497; x_wconf 86' lang='grc'><strong>1071,</strong></span> <span class='ocrx_word' id='word_1_789' title='bbox 1696 5431 1850 5498; x_wconf 87' lang='lat'><strong>1072,</strong></span> <span class='ocrx_word' id='word_1_790' title='bbox 1889 5430 2023 5484; x_wconf 86' lang='lat'><strong>1074</strong></span> <span class='ocrx_word' id='word_1_791' title='bbox 2055 5438 2109 5485; x_wconf 90' lang='lat' dir='ltr'><strong>et</strong></span> <span class='ocrx_word' id='word_1_792' title='bbox 2270 5431 2422 5500; x_wconf 89' lang='grc'><strong>(170)</strong></span> <span class='ocrx_word' id='word_1_793' title='bbox 2450 5430 2784 5489; x_wconf 87' lang='lat' dir='ltr'><strong>Gothefredi.</strong></span> 
     </span>
    </p>
   </div>
   <div class='ocr_carea' id='block_1_98' title="bbox 473 5502 3312 5575">
    <p class='ocr_par' dir='ltr' id='par_1_98' title="bbox 473 5502 3312 5575">
     <span class='ocr_line' id='line_1_98' title="bbox 473 5502 3312 5575; baseline 0 -17"><span class='ocrx_word' id='word_1_794' title='bbox 473 5502 577 5558; x_wconf 88' lang='lat'><strong>176</strong></span> <span class='ocrx_word' id='word_1_795' title='bbox 604 5503 673 5560; x_wconf 89' lang='lat' dir='ltr'><strong>de</strong></span> <span class='ocrx_word' id='word_1_796' title='bbox 702 5519 768 5561; x_wconf 90' lang='lat' dir='ltr'><strong>eo</strong></span> <span class='ocrx_word' id='word_1_797' title='bbox 797 5505 927 5575; x_wconf 86' lang='lat' dir='ltr'><strong>agit.</strong></span> <span class='ocrx_word' id='word_1_798' title='bbox 978 5507 1176 5561; x_wconf 83' lang='lat' dir='ltr'><strong>Necem</strong></span> <span class='ocrx_word' id='word_1_799' title='bbox 1213 5504 1566 5571; x_wconf 85' lang='lat' dir='ltr'><strong>Arlembaldi,</strong></span> <span class='ocrx_word' id='word_1_800' title='bbox 1599 5509 1659 5560; x_wconf 93' lang='lat' dir='ltr'><strong>ut</strong></span> <span class='ocrx_word' id='word_1_801' title='bbox 1686 5507 1861 5569; x_wconf 87' lang='lat' dir='ltr'><strong>vocat,</strong></span> <span class='ocrx_word' id='word_1_802' title='bbox 1905 5502 2111 5572; x_wconf 88' lang='lat' dir='ltr'><strong>pariter</strong></span> <span class='ocrx_word' id='word_1_803' title='bbox 2267 5503 2364 5575; x_wconf 92' lang='lat' dir='ltr'><strong>(l7</strong></span> <span class='ocrx_word' id='word_1_804' title='bbox 2374 5502 2425 5575; x_wconf 92' lang='lat'><strong>1)</strong></span> <span class='ocrx_word' id='word_1_805' title='bbox 2459 5506 2772 5563; x_wconf 91' lang='lat' dir='ltr'><strong>Bennonem</strong></span> <span class='ocrx_word' id='word_1_806' title='bbox 2811 5511 2866 5562; x_wconf 91' lang='lat' dir='ltr'><strong>et</strong></span> <span class='ocrx_word' id='word_1_807' title='bbox 2893 5504 3312 5562; x_wconf 91' lang='lat' dir='ltr'><strong>Theodericum.</strong></span> 
     </span>
    </p>
   </div>
  </div>
