4014 6176
259 273 350 328 409

1525 276 1849 333 ANNALES.
1888 305 1961 316 —
1996 277 2106 332 AN.
2153 273 2308 330 1078.

3504 269 3612 326 410

257 396 482 462 naribus,
523 395 844 461 mendaciis,
878 395 1180 464 promissis,
1222 397 1704 464 assentationibus,
1734 401 2069 469 que-Asuae
2113 397 2531 464 sollicitudinis,
2573 403 2628 453 et
2672 393 3018 452 difﬂuitionis
3056 395 3233 451 fidelis
3270 401 3326 452 et
3364 395 3611 466 prudens

257 484 485 541 rimoniis
531 484 827 550 ﬂebilibus,
883 498 985 541 nec
1024 499 1133 541 non
1182 487 1328 542 omni
1377 493 1494 542 arte
1543 494 1597 542 et
1635 488 1877 557 ingenio,

255 574 322 630 uti
366 574 418 628 in
462 572 774 641 hujusmodi
827 575 1287 643 experientissimi
1335 582 1511 641 erant,
1562 591 1592 630 a
1641 577 1881 632 minimis

251 662 479 732 adusque
520 662 803 727 maximos,
837 669 1147 732 corruptos,
1181 663 1423 730 delusos,
1456 664 1726 720 deductos
1755 680 1879 720 om-

250 752 367 806 nino
404 764 596 806 omnes
635 751 689 805 in
730 749 968 806 favorem
1016 752 1100 807 sui
1151 754 1296 823 regis
1347 754 1623 809 attrahere
1662 768 1880 824 semper

249 853 346 896 non
387 840 696 905 cessabant,
742 845 798 895 et
844 854 873 894 e
913 840 1130 896 diverso
1170 841 1226 896 in
1277 841 1462 897 odium
1493 848 1548 897 et
1577 841 1880 898 calumnias

246 928 487 984 Boudolﬁ
520 929 666 998 regis
697 928 1077 997 permaximas.

305 1016 551 1086 Synodus
595 1016 797 1071 dehinc
842 1022 1047 1072 statuto
1098 1023 1345 1086 tempore
1396 1017 1568 1088 (172),
1602 1019 1656 1074 id
1709 1025 1793 1074 est
1820 1018 1874 1074 3.

239 1106 368 1160 Non.
414 1105 612 1167 Martii,
663 1104 856 1159 ordine
908 1106 1174 1162 canonico
1222 1107 1434 1162 initiata
1481 1115 1583 1174 est,
1616 1123 1740 1178 quae
1777 1107 1879 1164 fuit

239 1191 342 1248 fere
387 1193 464 1247 70
501 1193 888 1262 episcoporum
932 1192 1104 1263 (173),
1156 1195 1210 1249 in
1256 1196 1456 1264 quibus
1485 1204 1604 1251 erat
1639 1197 1880 1252 Albanus

237 1282 525 1352 episcopus
564 1281 742 1351 (174),
783 1282 877 1352 qui
910 1295 1049 1338 unus
1086 1283 1155 1339 de
1201 1283 1481 1350 fratribus,
1533 1287 1625 1355 qui
1667 1286 1721 1340 in
1763 1287 1878 1356 epi-

235 1378 458 1439 scopatu
491 1371 830 1436 Florentino,
884 1371 938 1426 in
989 1371 1110 1427 loco
1149 1373 1244 1441 qui
1281 1382 1514 1428 vocatur
1552 1374 1717 1430 Vallis
1746 1377 1877 1431 Um-

235 1457 387 1512 brosa
422 1466 854 1525 commorantur,
878 1473 978 1528 per
1005 1459 1184 1530 ignem
1207 1466 1261 1514 et
1282 1461 1548 1517 ﬂammam
1584 1462 1648 1516 12
1678 1463 1875 1532 pedum

236 1545 442 1616 longam
495 1547 833 1616 pertransiit,
886 1553 942 1602 et
990 1549 1230 1614 Petrum,
1273 1550 1366 1618 qui
1408 1549 1740 1607 Florentium
1771 1566 1879 1607 tec-

234 1634 407 1690 clesiaa
437 1636 734 1705 episcopus
765 1635 947 1690 dictus
991 1643 1094 1702 est,
1135 1650 1263 1692 vere
1301 1639 1669 1707 symoniacum
1711 1640 1876 1695 here-

1962 489 2328 544 misteriorum
2370 489 2462 542 Dei
2493 487 2867 556 dispensator,
2918 483 3296 539 sollertissime
3346 486 3606 553 ponebat.

2033 578 2090 631 In
2140 576 2330 632 eadem
2369 577 2582 646 synodo
2631 575 2793 644 legati
2828 573 2973 644 regis
3010 573 3252 628 Heinrici
3292 573 3518 628 multum
3551 574 3605 628 in

1961 671 2062 730 tot,
2106 680 2246 735 quos
2293 666 2396 720 sibi
2448 665 2921 734 qualitercumque
2971 662 3324 728 assciverant,
3375 659 3606 716 fautori-

1959 753 2062 808 bus
2107 753 2330 808 animati
2373 761 2428 808 et
2467 753 2682 818 conﬁsi,
2715 753 2771 807 in
2815 751 3005 820 primis
3033 749 3372 807 omnifariam
3404 749 3606 804 domno

1958 842 2266 911 apostolico
2316 842 2748 906 oboedientiam,
2808 847 2863 896 et
2919 855 3034 896 eam
3091 839 3607 910 quomodocumque

1961 930 2321 999 probandam,
2373 945 2442 986 ex
2488 939 2643 1000 parte
2688 930 2896 986 domini
2943 931 3026 985 sui
3077 928 3294 1000 publice
3335 927 3605 998 promise-

1961 1025 2102 1072 rant.
2153 1019 2390 1073 Tandem
2439 1033 2618 1073 causae
2669 1019 2817 1074 illius
2865 1018 3091 1087 injurias
3128 1017 3231 1086 ipsi
3275 1027 3606 1086 magnopere

1959 1107 2015 1161 in
2056 1106 2267 1175 primis,
2300 1106 2502 1161 dehinc
2533 1107 2703 1162 totius
2749 1107 3045 1163 audientiae
3076 1120 3387 1173 consessus,
3430 1103 3608 1160 modis

1960 1195 2214 1251 omnibus
2252 1204 2305 1258 et
2355 1197 2680 1250 commentis
2708 1195 2775 1250 ad
2808 1196 2913 1252 hoc
2943 1196 3370 1261 instructissimi,
3403 1199 3458 1250 et
3485 1207 3608 1248 ora-

1961 1285 2101 1340 toria
2148 1285 2282 1340 satis
2331 1284 2761 1354 proclamatione
2810 1285 3068 1356 linguosi,
3108 1299 3218 1342 non
3268 1283 3605 1354 ineptissime

1957 1374 2250 1444 conquesti
2302 1380 2450 1429 sunt.
2500 1376 2668 1440 Quam
2715 1375 2872 1443 quasi
2917 1375 3272 1443 justissimam
3311 1373 3374 1404 “9
3421 1371 3607 1428 cuncti

1958 1461 2225 1520 favorales
2271 1461 2420 1518 illius
2467 1461 2730 1517 concordi
2764 1470 2955 1518 tenore
2995 1470 3049 1518 et
3089 1462 3192 1531 ipsi
3231 1474 3606 1517 commurmu-

1958 1559 2164 1617 rantes,
2202 1551 2412 1620 judicio
2451 1550 2758 1620 apostolico
2808 1557 2864 1605 et
2907 1551 3156 1620 synodali
3204 1549 3606 1606 decernendam

1958 1642 2159 1696 obnixe
2198 1642 2423 1696 multum
2456 1641 2928 1697 commendabant.
2961 1643 3128 1709 Cujus
3165 1640 3386 1709 quidem
3427 1654 3608 1696 causae

232 1721 389 1777 ticum
426 1722 619 1790 fuisse,
652 1730 707 1779 et
736 1724 807 1779 ob
834 1723 941 1780 hoc
969 1725 1147 1793 ipsum
1187 1738 1297 1780 non
1336 1727 1735 1795 recipiendum,
1769 1726 1934 1784 necB
1957 1736 2133 1785 status
2162 1730 2476 1799 hujusmodi
2507 1737 2659 1785 erat:
2695 1729 2840 1800 quod
2874 1728 3198 1793 Roudolfus,
3227 1728 3336 1782 dux
3368 1734 3423 1782 et
3453 1728 3609 1782 miles

233 1809 401 1866 officia
443 1812 592 1867 illius
635 1812 906 1878 heretica,
956 1813 1197 1869 intactus
1232 1828 1262 1869 a
1309 1816 1521 1871 flamma
1565 1824 1621 1872 et
1668 1817 1873 1872 illaesus
1954 1819 2100 1888 regis
2128 1818 2394 1883 Heinrici,
2428 1819 2632 1887 quique
2671 1819 2775 1887 ipsi
2808 1825 2867 1873 ut
2897 1817 3074 1874 fidelis
3103 1824 3157 1872 et
3186 1817 3241 1871 in
3272 1815 3476 1870 auxilio
3511 1830 3610 1884 per

232 1899 464 1956 evidenti
501 1901 712 1970 judicio
755 1901 1023 1970 probavit.
1069 1902 1187 1957 lllic
1215 1917 1434 1973 quoque
1474 1905 1542 1960 de
1579 1905 1868 1961 Galliarum
1954 1908 2137 1962 omnia
2165 1922 2288 1978 quae
2328 1907 2396 1962 ad
2427 1908 2580 1978 regni
2626 1907 2711 1962 sui
2762 1913 3062 1962 tutamenta
3094 1907 3434 1976 pertinerent
3460 1904 3606 1959 indi-

232 1991 472 2058 partibus
500 1991 690 2045 aderat
729 1990 1024 2061 episcopus
1058 1992 1324 2057 Divensis,
1357 1994 1449 2062 qui
1488 2009 1598 2049 non
1638 1996 1872 2053 humana
1952 1997 2150 2052 viduus
2201 1997 2505 2064 assisteret,
2555 2004 3022 2052 sacramentorum
3072 1995 3426 2050 firmamentis
3454 1993 3609 2062 adju-

227 2085 305 2134 set
323 2079 510 2134 divina
531 2079 798 2135 electione
829 2079 1124 2150 episcopus
1142 2079 1317 2136 factus
1339 2081 1628 2154 est(l75).
1659 2087 1873 2156 Quippe
1955 2091 2105 2140 ratus
2152 2083 2338 2149 fuerit,
2384 2099 2507 2139 eum
2559 2084 2779 2140 caeteris
2834 2084 2948 2138 suis
2995 2082 3380 2140 consentaneis
3437 2094 3607 2151 regno

227 2181 385 2222 causa
435 2168 703 2224 orationis
751 2167 875 2224 dum
925 2182 984 2224 se
1024 2169 1188 2226 domo
1227 2185 1323 2225 sua
1355 2171 1579 2228 Romam
1607 2183 1870 2241 moveret,

223 2256 286 2310 ad
339 2258 624 2312 Divensem
674 2257 947 2312 civitatem
997 2258 1111 2314 illic
1158 2267 1582 2328 pernoctaturus
1628 2263 1868 2320 devenit.

224 2347 458 2416 Legatus
503 2342 694 2402 autem‘
731 2347 1050 2414 apostolicae
1098 2349 1247 2404 sedis
1299 2351 1564 2407 Geraldus
1608 2354 1877 2409 Ostiensis

216 2435 540 2504 episcopus,
573 2435 667 2504 qui
698 2441 753 2490 et
781 2436 902 2504 ipso
940 2441 1187 2505 tempore
1218 2450 1284 2492 eo
1317 2437 1422 2493 loci
1453 2441 1748 2497 concilium
1771 2456 1873 2512 pro

214 2524 463 2578 utilitate
502 2531 556 2578 et
587 2524 912 2578 necessitate
944 2525 1210 2580 aecclesiae
1241 2526 1483 2597 collegit,
1505 2529 1698 2584 videns
1727 2545 1871 2596 eum,

213 2623 332 2666 non
381 2624 575 2679 parum
627 2611 697 2666 de
744 2611 978 2666 adventu
1026 2612 1178 2666 illius
1227 2615 1444 2683 gavisus
1481 2621 1599 2681 est;
1641 2631 1875 2688 namque

215 2697 319 2767 ipsi
384 2703 554 2753 notus
610 2705 666 2753 et
711 2698 1076 2754 amicissimus
1120 2699 1318 2758 fuerat.
1384 2704 1449 2758 Et
1504 2705 1752 2761 osculato
1809 2719 1875 2761 eo

216 2787 402 2842 statim
458 2786 642 2841 intulit
685 2807 696 2842 :
751 2805 779 2838 «
821 2789 964 2842 Bene
1002 2789 1222 2856 venisti,
1254 2791 1384 2859 quia
1413 2793 1524 2848 Deo
1554 2801 1876 2850 auctorante

217 2874 382 2944 huius
415 2874 708 2941 aecclesiae,
741 2877 1006 2946 episcopo
1037 2891 1140 2933 suo
1169 2879 1377 2934 orbatae
1409 2885 1463 2934 et
1500 2881 1797 2949 destitutae,
1823 2889 1875 2937 te

1954 2188 2054 2230 suo
2096 2175 2349 2244 perjurus
2381 2181 2434 2229 et
2473 2173 2716 2242 perﬁdus
2741 2173 2942 2242 injuste
2973 2172 3266 2241 expulerit,
3288 2177 3344 2226 et
3380 2171 3462 2226 sic
3489 2171 3608 2238 ipse

1957 2277 2181 2333 regnum
2233 2264 2558 2318 temerarius
2598 2263 2878 2318 invaserit.
2910 2263 3002 2316 Set
3041 2274 3149 2316 non
3188 2275 3250 2315 ea
3281 2260 3608 2315 necessitate

1956 2351 2098 2407 hanc
2142 2351 2556 2421 qumrimoniam
2605 2349 2800 2406 fecisse
2845 2350 3124 2405 dominum
3172 2362 3326 2404 suum
3377 2345 3607 2416 professi

1956 2448 2120 2505 sunt,
2186 2440 2318 2508 quin
2375 2439 2630 2495 facillime
2678 2452 2809 2494 suos
2855 2437 3198 2493 adversarios
3245 2435 3608 2504 comprimere

1957 2529 2158 2596 possit;
2189 2541 2376 2583 verum
2407 2528 2617 2584 idcirco
2650 2528 2901 2593 maxime,
2931 2528 3059 2596 quia
3084 2528 3288 2594 justum
3309 2531 3365 2580 et
3383 2524 3607 2594 dignum

1959 2617 2062 2671 sibi
2113 2616 2287 2671 visum
2333 2616 2425 2682 sit,
2466 2617 2785 2686 apostolicae
2823 2615 2971 2671 sedis
3023 2613 3402 2670 difﬁnitionem
3442 2626 3609 2681 super

1960 2705 2065 2760 hoc
2086 2705 2140 2760 in
2166 2705 2357 2773 primis
2386 2705 2760 2774 interpellare.
2793 2705 3083 2759 Nonnullis
3113 2704 3281 2774 igitur
3304 2701 3605 2771 judicibus,

1959 2793 2053 2862 qui
2093 2792 2314 2847 illorum
2365 2793 2658 2848 intentioni
2709 2793 2946 2848 benivoli
2995 2791 3266 2857 favebant,
3298 2789 3609 2846 indifferen-

1958 2887 2042 2936 ter
2088 2881 2440 2949 complacuit,
2487 2881 2634 2950 quod
2683 2881 2755 2936 ob
2795 2888 2901 2935 tam
2933 2879 3268 2935 manifestam
3301 2886 3356 2933 et
3385 2877 3608 2933 sacrile-

218 2977 312 3033 pro
354 2963 457 3018 illo
491 2963 806 3033 episcopum
849 2971 904 3019 et
942 2967 1276 3034 provisorem
1317 2968 1555 3024 habituri
1593 2985 1799 3026 sumus.
1839 2992 1862 3019 ››
1897 3032 1929 3039 _
1955 2983 2076 3039 gam
2126 2970 2263 3024 tanti
2315 2977 2497 3024 reatus
2550 2968 2842 3024 factionem
2901 2968 3192 3038 apostolici
3248 2967 3609 3022 anathematis

217 3032 278 3107 Et
324 3053 421 3108 ille
465 3032 768 3108 modestius
813 3032 1127 3120 subridens,
1179 3057 1421 3125 putabat,
1471 3073 1592 3114 eum
1641 3060 1746 3116 hoc
1779 3032 2224 3129 jo-Gsententia
2253 3057 2559 3114 Roudolfus
2589 3072 2682 3113 rex
2718 3032 2950 3113 indilate
2978 3057 3224 3112 damnari
3264 3057 3462 3126 dignus
3494 3054 3609 3110 fue-

217 3143 391 3198 cando
441 3143 551 3198 sibi
591 3142 815 3198 dixisse.
867 3143 1093 3211 Deinde,
1126 3159 1248 3200 cum
1297 3159 1408 3202 non
1442 3147 1571 3215 joco
1608 3155 1694 3205 set
1721 3150 1869 3205 serio
1953 3148 2058 3214 rit;
2102 3154 2157 3203 et
2203 3147 2310 3202 hoc
2340 3147 2633 3217 plurimum
2678 3148 3011 3217 rogitabant,
3048 3155 3108 3202 ut
3137 3147 3192 3202 id
3218 3145 3608 3216 juridicialiter

218 3230 316 3287 hoc
346 3231 562 3287 dictum
603 3231 709 3286 sibi
739 3232 1008 3286 veraciter
1046 3234 1428 3301 persensisset,
1480 3236 1731 3292 inducias
1770 3252 1869 3307 pro
1952 3237 2255 3303 decretum,
2288 3237 2556 3292 canonice
2587 3244 2961 3306 perageretur.

217 3318 314 3375 hoc
344 3319 730 3389 respondendi
763 3321 816 3374 in
847 3320 1142 3375 crastinum
1175 3336 1348 3391 usque
1379 3323 1465 3378 vix
1495 3324 1562 3379 ab
1589 3339 1655 3380 eo
1684 3327 1869 3395 acqui-
2023 3328 2262 3382 Domnus
2299 3332 2480 3380 autem
2520 3327 2877 3395 apostolicus,
2921 3325 3010 3380 cui
3050 3339 3116 3380 ex
3167 3331 3282 3380 toto
3322 3331 3452 3379 nota
3491 3330 3609 3378 erat

216 3408 353 3462 sivit.
404 3410 466 3462 in
519 3407 636 3476 ipsa
680 3412 843 3463 nocte
885 3409 1103 3477 pondus
1133 3424 1280 3465 curae
1320 3412 1610 3480 pastoralis
1647 3427 1876 3482 quomo—
1953 3430 2132 3470 causae
2189 3415 2444 3469 instantis
2500 3414 2920 3478 interturbatio,
2972 3419 3028 3467 et
3079 3427 3241 3480 quem
3281 3425 3390 3467 non
3449 3411 3609 3466 facile

220 3495 541 3566 (locumque
589 3495 971 3567 subterfugere
1019 3505 1137 3554 toto
1182 3505 1380 3554 conatu
1433 3501 1872 3569 praemeditatus,
1955 3503 2280 3558 seductilcm
2332 3503 2387 3556 in
2457 3515 2812 3570 personarum
2872 3501 3247 3568 acceptionem
3303 3499 3607 3554 adulatoria

214 3587 376 3642 sociis
403 3587 535 3642 suis
563 3585 619 3641 id
655 3586 1049 3652 nescientibus,
1084 3587 1201 3656 ipse
1230 3587 1382 3642 solus
1409 3588 1478 3642 ab
1500 3588 1580 3644 eis
1599 3588 1796 3645 furtive
1816 3605 1875 3645 se
1959 3591 2330 3660 quorumlibet
2382 3589 2705 3658 protrahere
2763 3594 2951 3657 posset
3002 3587 3422 3656 argumentatio,
3481 3593 3608 3641 ante

216 3675 622 3739 subtrahebat,
669 3674 954 3744 cujusdam
992 3675 1106 3730 illic
1155 3675 1421 3731 mcclesiae
1479 3677 1761 3732 latibulum
1818 3693 1877 3733 se
1959 3681 2245 3749 utriusque
2279 3679 2451 3747 partis
2479 3682 2692 3732 cautam
2723 3677 3202 3742 examinationem,
3225 3681 3281 3731 et
3310 3677 3398 3731 cui
3429 3676 3608 3730 adhuc

217 3765 606 3821 occultaturus
653 3763 855 3820 ibidem
905 3764 1222 3833 irrepserat.
1265 3767 1418 3821 Mane
1449 3764 1593 3821 facto
1623 3765 1750 3821 dum
1784 3766 1877 3822 diu
1962 3783 2189 3839 prorsus
2238 3768 2290 3822 in
2331 3766 2501 3822 dubio
2551 3765 2818 3835 penderat
2854 3765 3056 3820 veritas
3093 3765 3611 3821 excommunicatio-

219 3841 416 3925 ubiqne
450 3853 695 3910 multum
727 3854 995 3922 quaesitus
1025 3866 1134 3908 non
1169 3861 1354 3923 posset
1383 3855 1636 3922 inveniri,
1670 3855 1881 3926 legatus
1963 3859 2048 3913 nis
2079 3859 2187 3928 jam
2242 3871 2340 3926 per
2369 3855 2699 3911 cardinalem
2731 3869 2888 3910 suum
2914 3853 3094 3919 factae,
3127 3869 3248 3910 sese
3280 3854 3448 3910 nichil
3480 3854 3609 3909 inde

217 3945 570 4012 apostolicus
611 3944 907 4012 assumptis
953 3957 1140 3998 secum
1189 3943 1323 3999 cleri
1371 3945 1649 4014 totiusque
1690 3946 1878 4015 populi
1964 3961 2125 4016 posse
2174 3946 2496 4011 decernere,
2548 3944 2722 4014 palam
2777 3949 3114 4014 protestatus
3157 3950 3259 4000 est.
3313 3945 3609 4015 Utriusque

218 4045 320 4087 non
366 4031 620 4090 modicis
671 4031 1142 4101 processionibus,
1190 4047 1311 4088 cum
1364 4032 1580 4088 letaniis
1628 4041 1682 4090 et
1724 4035 1882 4090 obse-
1967 4036 2112 4106 regis
2169 4034 2582 4099 oboedientiam,
2650 4033 2878 4102 legatos,
2935 4033 3414 4102 proclamationes,
3470 4047 3610 4102 quos

218 4123 574 4179 cretionibus
635 4136 734 4190 per
782 4121 1063 4176 mcclesias
1111 4121 1233 4176 illas
1280 4122 1632 4179 devotissime
1681 4139 1802 4180 eum
1851 4140 1881 4178 a
1964 4125 2153 4179 ambos
2201 4121 2423 4191 quidem
2464 4134 2574 4176 non
2625 4121 2841 4176 modica
2893 4136 3020 4190 pars
3078 4121 3232 4191 regni
3295 4121 3606 4190 primatum,

223 4211 449 4267 Domino
507 4209 856 4281 quaeritando
903 4210 1191 4266 circuibat.
1241 4212 1373 4266 Cum
1412 4226 1542 4268 vero
1581 4213 1648 4269 ad
1680 4213 1881 4269 aeccle-
1965 4213 2390 4282 episcoporum,
2446 4211 2684 4266 virorum
2743 4210 3071 4278 sapientium
3121 4217 3176 4264 et
3227 4210 3608 4279 religiosorum

223 4300 351 4355 siam
385 4301 485 4358 ubi
540 4299 803 4368 fugitivus
835 4299 993 4354 latuit
1040 4307 1358 4368 perventum
1406 4308 1508 4367 est,
1543 4302 1634 4357 lux
1665 4301 2180 4368 coelitus_diverso
2229 4301 2447 4355 tramite
2496 4305 2865 4354 consentanea
2911 4304 3258 4366 sequeretur,
3303 4311 3362 4350 se
3411 4297 3607 4350 multo-

225 4390 417 4444 emissa
468 4354 646 4459 super
694 4402 816 4442 eum
862 4354 1242 4457 resplendens,
1283 4354 1516 4445 electum
1559 4391 1655 4446 Dei
1694 4354 2109 4462 prodi-Dtiens
2172 4388 2390 4444 audisse
2458 4386 2836 4457 profitebatur.
2907 4354 3061 4440 Unde
3116 4389 3450 4452 oportunum
3509 4397 3609 4450 pro

225 4475 320 4532 dit.
369 4478 465 4534 Sic
517 4479 708 4546 itaque
759 4476 1054 4546 proditus,
1107 4477 1390 4547 regiminis
1433 4479 1686 4547 culmen,
1732 4482 1880 4550 quod
1964 4479 2282 4549 hujusmodi
2329 4491 2451 4532 cum
2497 4483 2702 4533 sanctae
2743 4477 3002 4530 Romanae
3050 4473 3200 4528 sedis
3252 4471 3611 4540 optimatibus

227 4579 288 4620 ex
333 4567 512 4623 corde
565 4566 847 4621 humiliter
881 4564 1114 4636 fugerat,
1147 4566 1495 4636 dispositioni
1527 4568 1725 4624 divina:
1756 4571 1884 4625 sub—
1966 4576 2021 4624 et
2069 4567 2494 4634 magistratibus,
2529 4580 2631 4621 nec
2686 4578 2794 4620 non
2843 4577 2966 4620 cum
2998 4562 3199 4632 quibus
3240 4566 3448 4630 posset,
3481 4573 3611 4616 cun-

227 4652 390 4722 ditus,
442 4669 780 4727 quamquam
822 4656 1026 4710 invitus
1063 4656 1249 4711 subire
1295 4663 1520 4712 coactus
1566 4666 1667 4712 est.
1729 4660 1885 4715 Tales
1967 4659 2180 4728 ctisque
2229 4671 2420 4712 sanum
2472 4655 2815 4725 sapientibus
2861 4667 2921 4708 se
2977 4651 3289 4708 necessario
3321 4649 3610 4705 consilium

227 4758 442 4816 semper
458 4752 744 4816 tantaeque
763 4746 1107 4801 auctoritatis
1121 4751 1177 4802 et
1196 4746 1677 4803 reverentizeviros
1695 4763 1880 4805 secum
1965 4755 2019 4803 et
2064 4747 2132 4803 ad
2183 4746 2288 4802 hoc
2337 4754 2553 4816 tempus
2584 4757 2884 4815 congruum
2927 4741 3236 4796 habiturum
3267 4739 3384 4795 fore
3417 4737 3612 4808 praedi-

227 4847 446 4906 semper
485 4835 696 4892 habere
723 4835 960 4902 solebat,
998 4835 1056 4891 in
1093 4848 1327 4906 quorum
1357 4837 1590 4894 consilio
1629 4836 1880 4894 effectum
1964 4838 2144 4903 cebat,
2177 4850 2247 4892 ne
2275 4836 2408 4906 quid
2440 4835 2644 4905 injuste
2683 4834 2739 4889 in
2780 4832 3101 4888 alterutrum
3132 4829 3350 4886 illorum
3381 4829 3450 4885 ab
3479 4841 3616 4897 apo-

1601 4988 1824 5044 VAﬂlrE
1862 4986 2247 5042 LECTIONES.

295 5056 359 5088 ’δ’
393 5055 708 5128 justissima
738 5055 793 5112 2.

1805 5156 2022 5212 NOT/E.

299 5280 450 5352 (172)
481 5278 908 5352 Quadragesima
939 5278 1044 5352 hoc
1071 5279 1301 5352 annod.
1334 5278 1600 5352 21‘7Febr.
1634 5282 1882 5352 incmpit.
1968 5284 2126 5352 antea
2162 5277 2534 5352 Lugdunensi
2583 5276 2903 5352 camerario,
2939 5276 3049 5352 qui
3097 5275 3152 5330 d.
3207 5273 3270 5352 l_9
3309 5277 3433 5352 _Oct.
3485 5274 3615 5328 anni

301 5345 552 5425 (ΓΒΗ-ὴ
574 5345 732 5406 Actis'
757 5350 1127 5425 conc.__Mansi
1172 5350 1283 5416 xx,
1325 5350 1508 5419 p.503
1548 5353 1749 5425 legitur
1781 5345 1886 5410 iiu-
1976 5350 2110 5425 1073
2154 5345 2536 5425 inuLancelini
2587 5348 2883 5425 §imoniaci
2936 5345 3115 5425 locum
3146 5345 3480 5425 substitutus
3498 5352 3611 5425 ξξι,

232 5416 561 5479 merus'loo
587 5429 643 5478 et
669 5437 720 5476 v.
746 5424 888 5478 Non.
921 5422 1074 5476 Mart.
1179 5489 1195 5491 _
1257 5490 1262 5491 ί
1327 5416 1340 5419 ’
1601 5416 1630 5425 ν
1969 5422 2046 5477 uti
2114 5421 2310 5477 scribit
2373 5423 2528 5491 Hugo
2585 5419 3010 5476 Flaviniacensis
3056 5419 3110 5474 in
3169 5416 3444 5474 Chronico
3498 5417 3615 5472 Vir-

302 5493 462 5563 (174)
499 5495 714 5559 Petrus,
745 5508 797 5550 v.
829 5506 996 5563 supra
1025 5491 1132 5549 col.
1171 5489 1313 5563 352.;
1416 5562 1420 5563 ν
1968 5494 2223 5550 dunensi.
2277 5494 2398 5549 Uss.

299 5561 461 5635 (175)
497 5565 688 5622 Sermo
727 5565 818 5623 hic
864 5561 948 5621 eSt
993 5563 1062 5620 de
1103 5561 1317 5634 Hugoni
1364 5562 1550 5620 Diensi
1598 5566 1881 5638 episcopo,
