4014 6176
337 290 400 346 41
418 294 436 347 l
1311 297 1688 352 BERTHOLDI
1726 297 2141 354 PRESBYTERI
2179 296 2736 353 CONSTANTIENSIS
3597 293 3703 350 412

337 417 531 474 stolica
571 419 702 474 sede
751 419 1160 476 decerneretur.
1213 420 1288 476 Ad
1331 420 1449 477 haec
1499 434 1690 477 omnes
1726 421 1983 478 sollerter
1997 422 2122 485 Ain
2170 426 2370 478 terram
2417 421 2598 477 missis
2655 427 2711 476 et
2775 418 3057 485 extinctis,
3120 419 3284 489 hujus
3337 419 3706 478 damnationis

339 509 612 579 rogitabat
655 515 709 564 et
757 511 1168 576 commonebat,
1209 517 1267 565 ut
1305 511 1360 565 in
1401 524 1689 566 commune
1729 513 1839 568 Deo
1880 525 1980 582 pro

338 598 444 654 hoc
491 597 842 653 devotissime
889 599 1298 668 supplicarent,
1353 601 1610 669 quatinus
1657 600 1762 656 sibi
1811 601 1980 656 divini

337 686 420 741 sui
471 687 725 756 spiritum
774 687 990 743 consilii
1031 689 1300 758 inspirare
1340 688 1692 760 dignaretur,
1743 704 1852 760 quo
1886 705 1980 746 au-

338 779 590 831 ctorante
643 780 831 831 sancta
900 783 1072 831 mater
1135 776 1385 833 tecclesia
1452 792 1552 848 per
1607 784 1690 836 tot
1754 780 1979 836 hereses

336 865 590 919 scismata
647 872 702 920 et
760 864 1065 920 discordias
1115 865 1503 922 miserabiliter
1558 866 1861 939 dissipata,
1921 869 1978 923 in

337 954 554 1010 Christo
588 954 731 1010 uniri
770 960 824 1010 et
853 955 1125 1025 paciﬁcari
1158 962 1480 1012 mereretur.

409 1042 497 1098 Sic
536 1042 702 1098 dilata
732 1043 1043 1112 hujusmodi
1093 1058 1266 1113 usque
1315 1047 1368 1100 in
1418 1045 1702 1100 sabbatum
1751 1053 1980 1101 senten-

338 1133 410 1187 tia
437 1174 450 1197 ,
502 1132 606 1188 alia
653 1133 900 1202 quaedam
931 1147 1054 1203 quae
1085 1134 1352 1190 aecclesize
1385 1135 1606 1190 utilitati
1638 1142 1693 1190 et
1741 1136 1979 1192 necessi-

337 1222 433 1276 tati
495 1221 738 1290 proficua
794 1221 1047 1289 fuerant,
1110 1224 1375 1279 canonica
1431 1223 1718 1294 diligentia
1774 1224 1977 1280 ibidem

337 1309 645 1365 cautissime
695 1317 1026 1379 pertractata
1080 1317 1134 1366 et
1192 1311 1424 1367 diffinita
1482 1319 1628 1367 sunt.
1695 1315 1975 1368 Inventum

335 1404 514 1453 autem
564 1404 619 1454 et
666 1399 957 1454 diflinitum
1008 1409 1091 1455 est
1141 1401 1209 1455 ab
1245 1402 1554 1471 apostolico
1595 1407 1649 1457 et
1679 1403 1893 1458 cunctis
1922 1402 1977 1458 in

331 1486 548 1542 Christo
611 1503 795 1542 secum
855 1489 1275 1545 consulentibus
1323 1491 1636 1560 hujusmodi
1686 1506 1787 1562 pro
1835 1492 1980 1561 regis

333 1575 574 1632 Heinrici
607 1578 951 1647 querimonia
982 1579 1226 1649 prudens
1257 1587 1312 1636 et
1343 1581 1641 1637 discretum
1676 1583 1812 1636 satis
1842 1596 1972 1636 con-

330 1665 511 1720 silium
546 1687 558 1720 :
594 1667 740 1735 quod
775 1667 892 1736 ipse
923 1668 1157 1723 domnus
1199 1670 1555 1739 apostolicus,
1605 1670 1718 1725 sive
1768 1683 1868 1740 pro
1909 1685 1976 1727 eo

2062 511 2335 566 sententia
2401 510 2733 566 diftiniretur
2763 547 2779 574 ,
2855 509 2988 564 satis
3053 509 3254 564 obnixe
3313 508 3704 565 oboedientiam

2064 601 2208 672 regis
2237 600 2478 655 Heinrici
2508 600 2740 670 primum
2775 600 2829 654 in
2860 598 2967 653 hoc
3006 597 3358 667 probaturus,
3393 612 3492 667 per
3529 598 3708 654 domi-

2062 701 2188 744 num
2237 691 2426 755 Deum,
2469 695 2524 744 et
2571 689 2617 743 si
2664 703 2723 744 se
2774 693 3000 753 amaret,
3037 687 3244 758 rogavit
3283 701 3405 742 eum
3447 693 3504 742 et
3549 689 3710 745 obse-

2061 778 2251 845 cravit,
2294 786 2348 833 et
2395 777 2722 847 paternitate
2788 775 3092 846 apostolica
3141 790 3239 844 per
3290 776 3500 846 legatos
3555 777 3706 832 illius

2061 867 2366 932 admonuit,
2401 873 2462 921 ut
2509 880 2696 935 pacem
2745 865 2959 920 cunctis
3005 864 3334 919 adversariis
3379 866 3495 919 suis
3533 879 3708 935 usque

2061 956 2126 1010 ad
2162 956 2307 1010 illius
2356 955 2621 1025 colloquii
2662 953 3054 1023 perfectionem
3103 953 3350 1008 haberet.
3404 954 3610 1009 Deinde
3649 961 3710 1011 ut

2060 1045 2236 1114 ipsum
2287 1059 2386 1115 per
2415 1045 2595 1100 omnia
2628 1043 2953 1100 honorando
2993 1043 3058 1097 ad
3099 1055 3428 1098 consensum
3467 1056 3706 1099 concor-

2061 1135 2166 1190 diae
2198 1135 2503 1190 industrius
2532 1133 2904 1198 contraheret,
2937 1133 3161 1187 nuntios
3189 1145 3319 1187 suos
3349 1146 3470 1187 cum
3514 1131 3711 1203 legatis

2061 1224 2209 1279 illius
2254 1239 2313 1279 se
2361 1224 2428 1278 ad
2478 1223 2628 1278 illum
2672 1223 3008 1277 directurum
3061 1221 3362 1290 prudenter
3391 1221 3708 1289 destinavit,

2059 1319 2139 1380 ut,
2168 1315 2321 1382 juxta
2351 1327 2506 1368 suum
2537 1311 2962 1380 beneplacitum,
2995 1317 3210 1378 tempus
3241 1315 3297 1364 et
3326 1309 3508 1365 locum
3535 1309 3708 1366 futuri

2065 1402 2334 1472 colloquii
2374 1402 2492 1472 ipse
2523 1400 2888 1467 deliberaret,
2937 1407 2991 1454 et
3038 1399 3144 1454 hoc
3186 1399 3340 1468 regni
3389 1397 3715 1468 primatibus

2061 1497 2116 1545 et
2159 1491 2374 1546 cunctis
2413 1491 2544 1546 illuc
2586 1489 2958 1545 convocandis
3001 1488 3380 1543 indubitanter
3421 1488 3709 1544 notiﬁcato

2065 1587 2118 1634 et
2150 1581 2538 1649 praanuntiato,
2574 1579 2802 1634 nuntius
2840 1577 3178 1647 apostolicus
3218 1578 3444 1632 Romam
3475 1577 3708 1645 rediret,

2061 1669 2318 1739 quatinus
2363 1667 2511 1723 sedis
2557 1665 2877 1737 apostolicae
2927 1664 3090 1735 legati
3129 1665 3184 1718 in
3225 1665 3330 1720 hoc
3369 1665 3628 1720 destinati
3657 1672 3712 1720 et

330 1754 493 1824 legati
525 1756 610 1809 sui
649 1755 857 1823 idonei,
889 1757 944 1811 in
991 1757 1357 1814 Theutonicas
1387 1766 1570 1828 partes
1606 1760 1877 1825 venirent,
1923 1750 2041 1815 etB
2063 1757 2247 1822 electi,
2288 1757 2342 1812 in
2385 1764 2632 1825 tempore
2662 1760 2941 1824 oportuno
2971 1759 3236 1822 rectoque
3265 1753 3463 1808 itinere
3505 1759 3560 1808 et
3606 1753 3713 1822 ipsi

328 1843 442 1897 illic
473 1844 527 1897 in
562 1843 685 1900 loco
717 1845 810 1914 qui
840 1847 1156 1915 aptissimus
1185 1846 1253 1901 ad
1291 1847 1397 1902 hoc
1422 1847 1608 1914 fuerit,
1632 1850 1784 1918 regni
1808 1849 1977 1904 totius

330 1931 626 2000 primates,
683 1934 1000 2002 sapientes,
1061 1940 1116 1990 et
1172 1937 1377 2005 quique
1430 1938 1721 2006 optimates
1777 1943 1978 2006 praeter

329 2027 594 2090 utrosque
644 2036 802 2092 reges
850 2023 986 2092 ipsis
1023 2033 1400 2090 occurrerent,
1452 2033 1506 2080 et
1553 2026 1755 2080 ibidem
1788 2027 1974 2082 habito

332 2109 634 2178 colloquio,
669 2116 783 2165 tota
814 2112 1100 2182 utriusque
1131 2112 1347 2168 illorum
1381 2127 1542 2169 causa
1581 2114 1881 2184 justissime
1921 2123 1975 2170 et

329 2198 537 2268 absque
588 2213 946 2269 personarum
986 2203 1308 2272 acceptione
1348 2203 1594 2259 discussa
1635 2211 1690 2258 et
1716 2204 1973 2260 ventilata

329 2287 397 2340 ab
429 2288 683 2344 omnibus
731 2298 824 2345 aut
867 2290 1262 2360 justiﬁcaretur
1304 2300 1397 2347 aut
1445 2293 1884 2362 improbaretur;
1918 2299 1973 2347 et

327 2375 407 2431 sic
440 2378 713 2433 communi
749 2379 1005 2449 prudenti
1047 2381 1462 2451 justissimoque
1495 2383 1735 2437 omnium
1759 2381 1972 2451 judicio

327 2473 384 2521 et
434 2468 668 2523 consilio
719 2468 1183 2540 iurefragabiliter
1229 2469 1640 2535 decerneretur,
1694 2473 1970 2540 quomodo

328 2569 560 2625 regnum
609 2555 664 2610 in
714 2571 774 2611 se
823 2557 999 2627 ipsum
1039 2563 1146 2612 tam
1187 2558 1574 2614 miserabiliter
1603 2559 1969 2617 scismaticum

331 2645 530 2698 tactum
580 2651 636 2700 et
684 2647 985 2716 perjurum,
1035 2647 1120 2702 vel
1161 2661 1307 2703 nunc
1345 2647 1535 2704 saltem
1589 2662 1696 2704 non
1748 2651 1970 2707 omnino

331 2731 696 2799 desolaretur,
749 2734 880 2804 quin
950 2735 1136 2804 potius
1203 2736 1256 2789 in
1316 2737 1519 2792 Christi
1577 2751 1710 2806 pace
1768 2739 1972 2794 coadn-

329 2825 512 2875 natum
581 2828 636 2876 et
703 2829 1083 2892 recuperatum
1143 2824 1544 2881 rationabiliter
1599 2826 1971 2883 consolidare-

328 2916 416 2962 tur
447 2908 628 2980 (176).

402 3000 459 3051 In
490 2999 582 3053 die
613 3014 742 3056 vero
772 3001 983 3055 sabbati
1014 3000 1248 3056 domnus
1277 3003 1614 3072 apostolicus
1646 3004 1888 3075 legitime
1915 3010 1971 3060 et

331 3085 580 3140 ordinate
626 3088 692 3141 ad
734 3089 838 3142 hoc
888 3094 1134 3156 paratus,
1186 3095 1241 3144 et
1286 3104 1406 3145 cum
1456 3093 1572 3146 suis
1618 3076 2032 3164 sutiraganeisC
2059 3092 2508 3159 perseverantes;
2543 3094 2598 3141 et
2643 3085 2958 3156 specialiter
3010 3086 3064 3140 in
3106 3100 3223 3153 eos,
3263 3086 3356 3155 qui
3397 3085 3534 3141 infra
3567 3087 3720 3142 bien-

329 3173 595 3245 synodum
663 3176 980 3246 ingressus,
1051 3177 1342 3232 consilium
1408 3180 1729 3248 praedictum
1797 3183 1972 3250 palam

330 3263 586 3318 omnibus
616 3264 909 3318 enarravit.
962 3266 1028 3318 Et
1057 3278 1178 3319 cum
1220 3265 1516 3334 placuisset
1542 3270 1814 3336 omnibus,
1848 3284 1974 3326 mox

335 3353 638 3422 apostolica
667 3354 994 3409 auctoritate
1026 3353 1355 3410 ﬁducialiter
1397 3355 1672 3426 linguatus
1712 3367 1765 3415 et
1805 3374 1975 3415 arma-

327 3449 436 3507 tus,
488 3443 850 3499 anathematis
889 3444 1108 3499 vinculo
1154 3445 1476 3514 sempiterni
1518 3450 1798 3504 metuendi
1840 3452 1975 3505 mul-

325 3538 477 3600 tum,
529 3532 911 3588 universaliter
961 3546 1152 3588 omnes
1197 3535 1620 3603 condemnavit,
1662 3539 1774 3594 sive
1820 3554 1977 3610 reges

325 3636 422 3676 seu
472 3622 678 3688 duces,
727 3623 1040 3691 episcopos,
1090 3622 1344 3690 clericos,
1396 3639 1499 3680 nec
1557 3640 1664 3682 non
1716 3642 1781 3683 ex
1833 3635 1972 3696 toto,

327 3711 658 3782 quicumque
690 3710 891 3766 fuerint
923 3713 1159 3780 majores
1191 3720 1244 3767 et
1283 3713 1543 3781 minores,
1569 3717 1664 3784 qui
1697 3719 1970 3783 versutiis,

329 3800 568 3865 artibus,
632 3801 1163 3868 machinationibus,
1212 3801 1545 3858 factionibus
1592 3819 1688 3860 seu
1741 3807 1976 3877 ingeniis

330 3889 688 3957 quibuslibet,
740 3889 1077 3958 colloquium
1122 3889 1256 3944 illud
1306 3892 1620 3948 condictum
1671 3909 1739 3949 ne
1795 3897 1972 3965 fieret,

331 3977 803 4047 qualitercumque
843 3992 909 4032 ex
955 3979 1140 4034 studio
1190 3986 1245 4034 et
1281 3981 1560 4037 voluntate
1604 3984 1976 4042 detrectarent

331 4073 386 4122 et
415 4065 763 4135 inpedirent,
817 4071 871 4121 et
920 4067 1013 4136 qui
1044 4067 1237 4137 legatis
1275 4071 1592 4138 apostolicae
1622 4073 1771 4128 sedis
1801 4076 1976 4144 quoli-

329 4157 422 4211 bet
462 4155 645 4216 modo,
697 4169 766 4210 ne
813 4155 880 4210 ad
934 4156 1076 4211 idem
1131 4157 1464 4228 colloquium
1516 4164 1802 4230 pervenire
1853 4179 1976 4234 pos-

327 4251 472 4311 sent,
505 4244 946 4311 adversarentur,
988 4251 1042 4300 et
1071 4247 1164 4315 qui
1197 4245 1572 4315 difﬁnitiones,
1606 4265 1729 4320 quae
1769 4253 1970 4308 ibidem

331 4347 430 4403 pro
480 4333 792 4403 hujusmodi
842 4348 1004 4389 causa
1053 4339 1107 4388 et
1163 4335 1439 4392 discordia
1497 4344 1551 4392 et
1606 4339 1972 4397 seditionibus

2059 1846 2127 1900 ad
2189 1846 2294 1901 hoc
2342 1845 2597 1900 instantis
2639 1856 2818 1898 causae
2876 1840 3316 1897 conventiculum
3363 1841 3716 1897 consultores

2059 1935 2393 1990 mediatores
2450 1940 2504 1988 et
2562 1938 2910 1988 correctores
2967 1929 3154 1985 idonei
3203 1930 3576 1999 pervenirent.
3629 1932 3710 1985 ita

2059 2025 2253 2095 legatis
2300 2023 2469 2093 regiis
2517 2036 2547 2076 a
2596 2035 2656 2076 se
2707 2021 2942 2075 domnus
2989 2019 3349 2088 apostolicus,
3401 2026 3486 2074 set
3525 2026 3708 2074 tamen

2057 2114 2265 2182 absque
2313 2110 2616 2181 apostolica
2652 2109 3040 2164 benedictione
3079 2121 3240 2178 quam
3292 2108 3407 2178 regi
3457 2116 3709 2177 reporta-

2058 2203 2234 2257 verint
2261 2243 2274 2267 ,
2335 2199 2614 2266 dimissis,
2666 2199 2876 2253 idcirco
2916 2197 3045 2266 quia
3091 2195 3230 2251 fama
3265 2195 3468 2266 passim
3511 2210 3636 2251 eum
3681 2212 3713 2252 a

2057 2284 2251 2360 legatis
2279 2287 2602 2358 apostolicis
2631 2286 3158 2341 excommunicatum
3193 2287 3302 2354 jam
3343 2283 3510 2340 fuisse
3542 2285 3709 2355 (177),

2058 2391 2384 2447 quamquam
2434 2376 2601 2431 dubia
2648 2375 3009 2430 aestimatione
3057 2374 3472 2442 praedicaverat,
3504 2373 3572 2428 ad
3603 2388 3712 2430 caa-

2057 2473 2170 2522 tera
2201 2481 2323 2536 quae
2369 2465 2548 2520 adhuc
2591 2463 2932 2534 synodaliter
2970 2463 3320 2533 exsequenda
3361 2463 3703 2529 restiterant,

2054 2557 2350 2613 efficaciter
2387 2569 2445 2610 se
2476 2553 2812 2610 conferebat.

2125 2648 2185 2700 In
2213 2645 2403 2700 eadem
2433 2642 2643 2714 synodo
2675 2641 2946 2697 sententia
2986 2641 3348 2696 anathematis
3378 2642 3504 2698 data
3533 2646 3618 2697 est
3648 2643 3703 2696 in

2054 2734 2347 2804 episcopos
2384 2733 2780 2796 Ravennatem,
2826 2729 3330 2797 Mediolanensem,
3380 2733 3714 2787 Cremonen-

2052 2837 2166 2879 sem
2205 2822 2289 2889 ²⁵⁰,
2323 2820 2740 2884 Tarvisiensem,
2784 2832 2884 2874 nec
2940 2833 3046 2874 non
3104 2818 3161 2873 iu
3202 2833 3393 2875 omnes
3429 2821 3715 2891 Symonia-

2053 2925 2150 2966 cos
2195 2910 2491 2974 hereticos,
2542 2914 2597 2963 et
2642 2908 2964 2973 Nicolaitas,
3010 2907 3366 2977 pertinaciter
3400 2916 3455 2964 et
3499 2909 3714 2965 inoboe-

2056 3001 2274 3056 dienter
2322 3000 2376 3054 in
2425 2997 2509 3052 sui
2561 2997 2766 3052 erroris
2795 2996 3020 3052 insania
3052 2997 3331 3052 voluntate
3362 3006 3417 3053 et
3445 2998 3717 3053 industria

2058 3179 2205 3234 nium
2236 3175 2532 3242 temerarii,
2567 3176 2899 3244 pervicaces,
2933 3180 2988 3230 et
3025 3175 3454 3242 incontinentes,
3505 3177 3706 3232 aeccle-

2056 3268 2306 3323 siasticas
2334 3264 2712 3321 ordinationes
2737 3263 2959 3319 datione
2991 3265 3274 3333 peccuniae
3317 3264 3422 3319 sibi
3467 3266 3716 3333 acquisi-

2060 3365 2162 3422 tas,
2187 3355 2427 3419 relictas,
2453 3361 2508 3409 et
2537 3352 2874 3408 concubinas
2910 3353 3016 3407 sibi
3049 3352 3374 3408 interdictas
3397 3355 3706 3422 apostatica

2059 3444 2485 3517 praasumptione
2535 3447 2877 3511 receperant.
2923 3441 3026 3508 Qui
3063 3441 3285 3511 quidem
3325 3456 3554 3497 numero
3598 3457 3709 3498 non

2059 3535 2218 3605 pauci
2265 3535 2321 3588 in
2370 3531 2574 3587 nostris
2618 3531 2865 3600 partibus
2905 3529 3123 3599 publica
3165 3530 3450 3600 tyrannide
3500 3531 3556 3585 in
3614 3545 3710 3586 au-

2060 3624 2330 3680 thenticas
2376 3634 2654 3676 sacrorum
2704 3633 2974 3674 canonum
3029 3620 3343 3675 sanctiones
3389 3620 3709 3689 perduelles

2058 3713 2400 3769 insanissime
2450 3709 2874 3780 consurgebant.
2928 3707 3040 3763 Illis
3087 3722 3310 3778 quoque
3351 3710 3560 3778 absque
3603 3724 3708 3780 spe

2059 3801 2423 3859 restitutionis
2469 3797 2916 3854 iurevocabiliter
2961 3798 3185 3854 omnino
3226 3813 3325 3868 per
3354 3798 3531 3854 datam
3558 3799 3711 3869 judi-

2058 3893 2249 3948 cialem
2298 3891 2626 3945 sententiam
2673 3887 3006 3957 quicumque
3045 3888 3270 3943 ordines
3317 3893 3373 3943 et
3411 3901 3705 3944 consecra-

2059 3983 2255 4044 tiones,
2306 3983 2536 4048 excepto
2584 3976 2704 4032 solo
2763 3977 3056 4046 baptismo,
3117 3977 3357 4047 adempti
3402 3985 3550 4043 sunt,
3601 3979 3698 4048 qui

2057 4082 2156 4138 per
2185 4068 2477 4136 episcopos
2507 4063 2689 4120 ofﬁcio
2720 4070 2774 4119 et
2804 4064 3131 4120 sacerdotali
3164 4065 3451 4136 dignitate,
3483 4075 3706 4136 aposto-

2055 4157 2160 4211 lica
2187 4155 2470 4210 sanctione
2515 4153 2772 4222 privatos,
2813 4159 2868 4206 et
2914 4152 3157 4208 nondum
3204 4153 3317 4210 sive
3358 4169 3457 4224 per
3494 4169 3554 4209 se
3602 4169 3702 4210 seu

2057 4261 2156 4316 per
2201 4249 2409 4299 certum
2463 4243 2633 4312 ipsius
2680 4241 2916 4312 legatum
2965 4242 3146 4297 ordini
3195 4244 3520 4310 restitutos,
3580 4244 3703 4300 ubi-

2055 4347 2288 4404 cumque
2327 4331 2509 4387 otiicio
2552 4335 2985 4400 praesumptuose
3032 4337 3294 4399 usurpato
3331 4345 3390 4387 se
3430 4331 3699 4398 ordinari,

329 4401 436 4479 tam
487 4401 735 4477 maximis
772 4438 801 4477 a
851 4423 1044 4493 legatis
1091 4424 1412 4493 apostolicis
1459 4432 1513 4482 et
1557 4430 1774 4485 caeteris
1813 4401 2036 4501 regni_D
2056 4426 2220 4480 immo
2269 4422 2452 4492 potius
2495 4419 2810 4476 deordinari
2859 4425 3346 4489 praesumpserunt.
3399 4421 3703 4476 rEeclesias

331 4512 653 4584 primatibus
681 4511 1036 4581 optimatibus
1065 4519 1119 4567 et
1161 4515 1502 4582 sapientibus
1540 4517 1605 4571 ad
1637 4518 1742 4574 hoc
1787 4519 1968 4575 lauda-

332 4606 570 4657 mentum
632 4600 929 4657 nominatis
987 4607 1040 4655 et
1097 4601 1314 4669 electis,
1377 4607 1741 4662 communiter
1795 4609 1850 4663 in
1912 4609 1967 4665 id

319 4692 506 4761 "ipsum
549 4691 1016 4746 concordantibus
1065 4696 1458 4758 statuerentur,
1493 4701 1678 4750 tenere
1718 4705 1773 4751 et
1817 4698 1966 4753 inre-

331 4779 668 4850 fragabiliter
710 4781 1000 4836 observare
1039 4779 1356 4837 refutarent.
1400 4784 1488 4838 Sic
1531 4799 1673 4851 cum,
1725 4787 1970 4843 candelis

331 4868 652 4925 ardentibus
680 4869 748 4924 ab
787 4868 1095 4939 apostolico
1135 4876 1190 4924 et
1228 4872 1446 4927 caeteris
1473 4873 1586 4928 suis
1614 4873 1970 4944 suifraganeis

329 4958 384 5012 in
451 4957 810 5014 anathematis
873 4957 1122 5028 praedicti
1188 4959 1645 5030 complementum
1704 4966 1969 5022 canonice

2051 4514 2212 4570 etiam
2263 4523 2634 4582 quascumque
2674 4514 3024 4564 consecratas
3067 4509 3135 4563 ab
3185 4509 3292 4574 eis,
3344 4516 3535 4579 utpote
3586 4512 3696 4565 Deo

2030 4615 2346 4672 numquam
2385 4599 2650 4655 canonice
2697 4598 2959 4660 initiatas,
3006 4611 3035 4650 a
3085 4597 3276 4667 primis
3318 4601 3694 4655 reconsecrari

2053 4699 2332 4762 oportere,
2367 4689 2480 4744 illic
2505 4687 2810 4757 judicatum
2842 4693 2896 4740 et
2923 4691 3183 4742 statutum
3215 4692 3318 4741 est.

2121 4784 2180 4836 ln
2247 4779 2417 4836 laicos
2480 4788 2700 4846 quoque
2765 4776 3157 4845 cujuscumque
3223 4776 3505 4846 dignitatis
3571 4777 3697 4832 data

2051 4878 2137 4929 est
2180 4868 2452 4927 sententia
2496 4865 2894 4931 anathematis,
2945 4866 3056 4920 sive
3105 4864 3372 4931 clericos,
3426 4879 3530 4921 nec
3583 4879 3694 4922 non

2053 4964 2108 5018 in
2184 4972 2374 5016 omnes
2446 4966 2712 5026 personas
2742 4994 2756 5019 ,
2833 4953 3164 5024 quicumque
3237 4961 3429 5010 contra
3502 4969 3696 5011 sacro-

1693 5117 1914 5173 VARIIE
1950 5111 2342 5174 LECTIONES.

399 5210 462 5244 "°
501 5213 851 5270 Cremensem
882 5210 947 5265 ed

1901 5313 2117 5370 NOTAE.

405 5462 560 5534 (176)
593 5463 666 5518 De
697 5461 783 5517 his
811 5467 866 5517 et
892 5460 1254 5534 sequentibus
1301 5459 1636 5534 conferenda
1680 5470 1808 5520 sunt
1835 5467 1968 5521 Acta

331 5531 491 5594 conc.
541 5531 769 5591 Roman.
823 5549 877 5588 1v
937 5531 1106 5588 Mansi
1152 5533 1263 5598 XX,
1307 5548 1360 5602 p.
1405 5532 1531 5588 505.
1585 5537 1721 5590 Ante
1779 5537 1970 5592 oculos

330 5621 551 5681 quoque
597 5605 785 5662 habuit
837 5611 1030 5660 auctor
1087 5605 1334 5674 Gregorii
1391 5619 1480 5676 ep.
1540 5606 1607 5661 ad
1673 5609 1970 5665 Germanos

2051 5465 2185 5526 Reg.
2216 5460 2279 5524 V,
2319 5455 2400 5522 15,
2435 5469 2488 5526 p.
2522 5451 2628 5526 248
2652 5450 2834 5526 etA16.
2876 5523 2886 5526 _
3281 5483 3284 5487 -

2158 5522 2282 5599 177)
2324 5522 2458 5583 Vide
2487 5539 2575 5580 an.
2616 5523 2769 5589 1077,
2802 5523 2910 5579 col.
2943 5522 3068 5591 401,
3103 5523 3225 5579 402.
