4014 6176
291 265 385 324 413

1554 279 1879 336 ANNALES.
1915 305 1990 320 --
2025 279 2136 335 AN.
2184 276 2337 334 1078.

3521 270 3627 325 414

289 408 393 450 rum
429 408 697 452 canonum
753 397 975 454 decreta
1029 398 1398 470 episcopatus,
1448 401 1714 470 abbatias,
1766 403 2067 473 pra-'Atis
2097 402 2442 459 obmdienter
2467 401 2694 456 subesse
2732 405 2788 454 et
2824 396 3004 454 favere
3041 399 3225 454 studio
3263 404 3319 455 et
3346 398 3626 456 voluntate

289 483 566 552 posituras,
635 486 1060 559 qualescumque
1127 489 1427 556 acclesias,
1493 490 1754 558 decimas,
1821 493 1907 548 vel

287 585 644 642 quascumque
682 574 1104 630 acclesiasticas
1151 577 1464 647 dignitates,
1523 578 1752 634 cuilibet
1789 580 1906 635 cle-

287 660 392 715 rico
450 675 547 716 seu
613 663 940 734 cuicumque
996 679 1246 734 persona
1279 669 1432 735 juxta
1497 669 1905 738 usurpationem

284 763 423 805 suam
495 751 774 820 antiquam
852 753 906 808 in
983 754 1306 810 beneﬁcium
1380 756 1551 822 dare,
1629 764 1684 811 et
1757 758 1904 826 quod

286 837 497 894 domino
562 841 674 895 Deo
743 841 896 910 prius
968 843 1233 898 canonica
1298 853 1353 899 et
1416 844 1658 916 legitima
1731 846 1906 900 tradi-

282 924 420 981 tione
449 927 508 980 in
547 928 939 998 proprietatem
978 938 1034 985 et
1069 931 1354 987 servitium
1393 933 1642 1002 legaliter
1678 933 1904 1004 delega-

281 1021 384 1070 tum
422 1023 528 1082 est,
570 1017 676 1072 hoc
714 1019 870 1088 quasi
910 1020 1192 1089 proprium
1233 1021 1493 1090 quiddam
1534 1029 1590 1077 et
1627 1023 1904 1078 heredita-

279 1103 408 1159 rium
439 1104 578 1160 laica
616 1113 672 1162 et
703 1120 810 1163 non
841 1115 1163 1164 consecrata
1201 1111 1312 1165 Deo
1351 1125 1535 1177 manu,
1567 1113 1906 1168 consecratis

279 1194 382 1248 Deo
417 1193 608 1249 altaris
648 1201 703 1250 et
739 1195 1145 1253 acclesiastica
1175 1197 1605 1268 dispensationis
1641 1201 1908 1256 ministris

275 1283 676 1350 procurandum
734 1291 789 1340 et
843 1285 1208 1341 ordinandum
1254 1274 1582 1344 contradere
1619 1303 1717 1344 seu
1757 1304 1906 1359 pra-

274 1376 412 1425 stare
447 1373 676 1428 omnino
708 1374 1178 1444 prasumpserint.

336 1457 453 1514 lllic
486 1474 708 1530 quoque
737 1463 1012 1518 sententia
1042 1464 1167 1518 data
1206 1471 1309 1530 est,
1353 1472 1413 1519 ut
1449 1466 1735 1522 anathema
1773 1466 1903 1533 sint,

273 1549 585 1619 quicunque
616 1551 852 1619 pradas,
903 1553 1144 1622 rapinas,
1193 1568 1290 1609 seu
1329 1555 1605 1624 quaslibet
1640 1555 1907 1612 artificio-

270 1648 353 1689 sas
408 1638 732 1693 temerarias
779 1641 1091 1696 invasiones
1135 1641 1191 1695 in
1246 1643 1513 1698 acclesiis
1560 1645 1669 1699 Deo
1707 1658 1911 1700 conse-

1989 494 2042 548 in
2077 507 2209 562 pace
2240 491 2439 547 Christi
2474 489 2754 545 unanimes
2785 500 2892 542 non
2923 491 3225 541 cessarent.

2057 583 2173 638 Rex
2230 581 2468 649 denique
2519 578 2807 633 lleinricus
2853 577 2997 646 apud
3035 575 3390 644 Ratisponam
3441 590 3510 630 ex
3548 576 3627 630 le-

1987 670 2128 738 gatis
2174 669 2309 735 suis,
2371 668 2466 737 qui
2508 681 2620 737 pra
2678 665 2895 721 caeteris
2931 663 3341 741 festinantiores
3395 663 3462 718 ad
3502 677 3626 718 eum

1988 765 2485 826 praecucurrerant,
2527 755 2790 826 quosdam
2851 753 3196 823 prastolatos
3251 760 3307 808 et
3344 752 3458 807 illic
3496 765 3627 807 con-

1988 852 2202 911 ventos,
2234 859 2362 900 mox
2392 843 2788 914 aliquantulum
2821 843 3101 898 subtristis
3129 841 3256 896 inde
3303 856 3361 896 se
3409 842 3629 910 Mogon-

1988 935 2189 988 tiacum
2230 941 2615 1003 properanter,
2677 932 2822 988 diem
2870 931 3005 986 inibi
3046 930 3342 1000 palmarum
3381 935 3623 996 acturus,

1988 1022 2380 1092 promovebat;
2445 1021 2684 1090 indeque
2741 1021 3024 1076 Coloniam
3079 1019 3378 1075 contractis
3441 1032 3626 1074 secum

1987 1126 2124 1181 quas
2163 1111 2343 1181 potuit
2372 1109 2604 1164 militum
2634 1123 2858 1165 suorum
2889 1110 3066 1179 copiis
3115 1107 3494 1178 pertendebat.
3547 1108 3626 1164 lbi

1988 1214 2208 1271 quoque
2250 1212 2358 1254 non
2391 1199 2619 1254 multum
2657 1198 2898 1268 gloriose
2931 1197 3133 1266 pascha
3170 1199 3300 1266 egit.
3334 1198 3627 1266 Postquam

1987 1303 2140 1355 vero,
2180 1288 2376 1358 legatis
2414 1287 2530 1341 suis
2574 1300 2699 1341 cum
2750 1287 3072 1355 apostolica
3120 1285 3269 1341 sedis
3316 1284 3526 1340 nuntiis
3573 1290 3629 1340 et

1989 1393 2112 1434 cum
2159 1377 2462 1447 apostolica
2501 1376 2706 1446 pariter
2751 1375 3025 1445 legatione
3077 1376 3188 1444 jam
3245 1376 3312 1430 ad
3353 1389 3474 1430 eum
3535 1389 3626 1430 re-

1987 1467 2178 1533 versis,
2211 1467 2394 1522 omnia
2431 1480 2554 1534 qua
2605 1465 2661 1519 in
2700 1465 2942 1519 Romana
2988 1463 3202 1533 synodo
3249 1471 3369 1519 acta
3407 1470 3535 1518 sunt
3573 1470 3628 1518 et

1987 1555 2230 1622 decreta,
2291 1554 2558 1610 relatione
2615 1552 2796 1608 veraci
2844 1552 3298 1622 diligentissimus
3346 1565 3632 1620 compere-

1986 1653 2092 1711 rat,
2145 1659 2272 1700 mox
2325 1644 2393 1698 ad
2449 1642 2628 1698 solita
2684 1641 2953 1697 versutias
3004 1641 3280 1696 vecordia
3337 1655 3459 1694 cum
3515 1641 3631 1695 suis

274 1725 453 1792 cratis,
517 1726 631 1781 sive
688 1727 743 1781 in
783 1728 1156 1784 acclesiarum
1194 1732 1349 1787 atriis
1400 1739 1448 1786 et
1510 1733 1812 1798 cimiteriis,
1856 1729 2340 1790 etBauriculariis
2403 1746 2589 1788 secum
2663 1731 2959 1799 assumptis
3031 1736 3180 1784 totus
3251 1727 3632 1783 sollertissime

271 1811 526 1870 claustris
565 1816 772 1884 pariter
800 1820 1158 1885 consecratis,
1200 1833 1296 1875 seu
1337 1821 1391 1874 in
1432 1821 1518 1876 bis
1556 1821 1910 1878 acclesiasti-

269 1899 346 1955 cis
383 1903 554 1957 rebus
594 1905 1037 1973 possessionibus
1074 1915 1130 1962 et
1178 1910 1527 1977 pertinentiis
1574 1910 1912 1979 quibuslibet

269 2001 450 2046 earum
518 1990 698 2049 facere
763 1997 1232 2065 prasumpserint.
1302 1998 1433 2064 Qua
1471 1999 1728 2068 specialia
1797 2014 1910 2069 pra

268 2080 488 2134 cateris
551 2080 618 2136 ad
687 2083 1014 2152 prabendas
1080 2086 1410 2142 cottidianas
1463 2093 1519 2142 et
1567 2088 1910 2144 omnimodas

235 2167 584 2225 victualium
642 2177 697 2225 et
752 2179 1068 2243 sumptuum
1128 2176 1561 2232 necessariorum
1619 2177 1906 2246 dispensa-

265 2255 448 2312 tioncs
479 2260 890 2327 canonicorum,
933 2263 1280 2329 clericorum,
1314 2264 1768 2334 presbiterorum,
1797 2279 1910 2320 mo-

263 2345 591 2413 nachorum,
631 2349 898 2418 virginum
948 2353 1465 2417 sanctimonialium,
1507 2368 1609 2409 nec
1657 2369 1767 2410 non
1805 2356 1908 2410 sub

260 2433 458 2503 regula
499 2443 819 2492 cunctorum
868 2439 1085 2495 Christo
1131 2441 1486 2496 servientium
1523 2444 1815 2510 separatim
1855 2451 1911 2504 et

257 2522 424 2590 quasi
489 2527 711 2594 proprie
768 2526 1046 2584 nominata
1089 2543 1154 2584 ac
1201 2529 1424 2585 decreta
1469 2531 1704 2586 attinere
1743 2531 1909 2586 dino-

257 2616 524 2667 scuntur.

332 2698 584 2756 Domnus
622 2715 752 2758 vero
789 2705 1128 2773 apostolicus
1163 2706 1219 2761 id
1252 2708 1482 2762 maxime
1511 2708 1567 2762 in
1599 2707 1910 2776 hujusmodi

259 2786 511 2844 decretis
546 2790 884 2860 intenderat,
948 2803 1008 2850 ut
1065 2809 1198 2865 pace
1255 2811 1355 2865 per
1410 2797 1692 2852 acclesias
1746 2796 1909 2864 facta,

260 2879 516 2945 quamvis
552 2880 796 2950 undique
845 2883 988 2938 bella
1026 2891 1082 2939 et
1117 2885 1420 2940 seditiones
1467 2885 1522 2940 in
1569 2885 1912 2941 secularibus

264 2973 584 3036 regnarent,
635 2969 694 3024 in
732 2971 1072 3039 spiritalibus
1128 2979 1308 3029 tamen
1349 2974 1600 3043 personis
1627 2975 1910 3030 canonica

1990 1823 2324 1887 intenderat,
2357 1822 2413 1876 id
2453 1834 2800 1890 summopere
2851 1821 2904 1874 in
2943 1819 3000 1873 id
3049 1818 3227 1887 ipsum
3275 1816 3634 1872 consiliantes

1991 1920 2046 1968 et
2076 1919 2192 1969 toto
2223 1913 2348 1966 nisu
2384 1911 2718 1966 astutissime
2769 1923 2868 1978 per
2914 1908 3096 1962 omnia
3133 1906 3528 1968 machinantes,
3571 1910 3633 1958 ut

1988 2016 2047 2057 se
2075 2003 2284 2072 absque
2315 1999 2605 2069 apostolici
2645 1999 2990 2054 observantia
3029 2003 3084 2052 et
3111 1994 3447 2051 obadientia
3479 2007 3628 2062 pra-

1989 2091 2135 2160 cepti
2201 2097 2257 2145 et
2323 2089 2532 2144 decreti
2597 2086 2752 2156 quasi
2786 2086 2855 2140 ab
2920 2085 3011 2140 illa
3067 2081 3630 2139 excommunicatione

1987 2179 2293 2248 apostolica
2361 2178 2623 2232 liberasse
2687 2175 3027 2239 viderentur,
3095 2179 3150 2228 et
3217 2179 3412 2237 totum,
3481 2169 3631 2239 quod

1989 2267 2125 2336 ipsis
2163 2281 2228 2321 ex
2267 2265 2444 2334 culpa
2485 2271 2638 2320 reatu
2679 2261 3121 2318 manifestissimo
3161 2260 3481 2324 inminebat,
3515 2255 3632 2326 regi

1988 2354 2264 2412 Roudolio
2321 2362 2377 2410 et
2423 2355 2640 2409 cunctis
2677 2351 2849 2422 partis
2891 2351 2995 2405 sibi
3039 2349 3368 2404 adversaria
3405 2359 3633 2401 consor-

1988 2446 2138 2500 tibus
2165 2444 2322 2514 quasi
2360 2458 2426 2500 ex
2467 2443 2680 2498 ratione
2713 2440 3013 2511 justissima
3051 2451 3193 2494 onus
3236 2435 3466 2493 Romani
3504 2448 3636 2490 ana-

1988 2534 2245 2590 thematis
2275 2533 2667 2603 inposuissent.

2062 2623 2178 2677 Rex
2224 2628 2405 2677 autem
2451 2620 2758 2678 Roudolfus
2800 2633 2911 2675 non
2970 2617 3191 2674 minima
3231 2614 3538 2685 principum
3579 2621 3636 2668 et

1992 2709 2224 2764 militum
2273 2723 2496 2764 suorum
2541 2709 2934 2764 Saxonicorum
2973 2704 3321 2762 multitudine
3377 2702 3632 2768 collecta,

1992 2797 2137 2865 apud
2175 2797 2473 2853 Goslariam
2514 2797 2715 2866 pascha
2759 2795 3102 2852 sollemniter
3137 2794 3271 2848 satis
3313 2790 3631 2847 celebravit.

1991 2885 2128 2951 lllic,
2162 2887 2257 2955 qui
2297 2900 2486 2941 revera
2525 2886 2759 2956 primum
2797 2884 3063 2939 canonice
3109 2897 3139 2936 a
3179 2882 3329 2936 clero
3375 2886 3431 2934 et
3467 2893 3497 2933 a
3536 2891 3638 2948 po-

1992 2973 2121 3041 pulo
2151 2981 2206 3029 et
2235 2987 2265 3027 a
2304 2973 2520 3028 meliori
2559 2979 2613 3028 et
2653 2973 2844 3041 majori
2885 2979 3037 3041 parte
3084 2969 3489 3026 acclesiastica
3535 2967 3635 3021 mi-

265 3053 355 3109 Dei
389 3055 587 3112 laudes
615 3065 670 3114 et
709 3060 988 3116 orationes
1017 3062 1088 3116 ob
1118 3061 1178 3092 ’δι
1210 3063 1541 3118 exteriorum
1582 3063 1910 3118 detrimenta
1933 3055 2126 3116 Clitia
2165 3061 2375 3116 electus
2403 3069 2507 3127 est,
2539 3062 2595 3116 in
2627 3061 2946 3130 episcopum
2974 3058 3335 3129 Augustensis
3365 3055 3634 3112 acclesia

261 3143 641 3202 subsidiorum
695 3148 915 3204 minime
971 3157 1270 3206 cessarent.
1328 3152 1463 3219 Quia
1528 3165 1657 3207 vero
1722 3153 1910 3221 subjeo

265 3239 480 3289 ctorum
541 3235 873 3292 oﬂ‘endicula
911 3238 1242 3309 aliquotiens
1297 3241 1597 3309 prudenter
1652 3241 1908 3296 dissimu-

266 3317 445 3388 landa,
481 3323 821 3393 aliquotiens
857 3333 1037 3383 autem
1089 3336 1276 3398 aperte
1323 3330 1540 3398 cegnita
1585 3329 1646 3360 ²⁵²
1698 3336 1910 3385 mature

266 3412 555 3470 toleranda
585 3421 734 3482 sunt,
776 3424 836 3472 ut
874 3420 1217 3488 oportuniori
1255 3425 1504 3488 tempore
1542 3420 1906 3489 corrigantur,

266 3508 320 3556 et
373 3504 507 3573 quia
571 3505 791 3560 nonnisi
843 3521 967 3562 cum
1020 3515 1265 3578 tempore
1320 3507 1680 3562 medicamina
1717 3521 1916 3563 conve-

265 3591 458 3660 niunt;
503 3593 746 3650 domnus
783 3595 1120 3665 apostolicus
1167 3596 1409 3666 prudens
1447 3596 1820 3651 dissimulator
1857 3601 1914 3650 et

267 3679 558 3749 tolerator,
602 3684 895 3738 multorum
937 3684 1322 3753 episcoporum
1362 3690 1416 3738 et
1479 3684 1912 3752 presbiterorum

265 3769 316 3824 in
345 3771 714 3828 Theutonicis
759 3778 814 3828 et
851 3772 1056 3828 Italicis
1083 3773 1332 3842 partibus
1361 3773 1634 3828 hereticas
1683 3773 1916 3842 pravita-

267 3862 345 3913 tes
379 3861 819 3917 inobaadientias
857 3871 905 3916 et
943 3867 1022 3916 tot
1069 3874 1504 3931 prasumptuosa
1532 3861 1915 3918 scandalorum

268 3948 408 4004 milia
475 3950 538 4006 in
602 3957 818 4018 tempus
869 3958 1200 4020 oportunum
1267 3951 1620 4020 dijudicanda
1685 3952 1913 4007 multum

267 4036 542 4094 sollicitus
583 4039 895 4104 distulerat,
937 4047 998 4094 ut
1041 4038 1256 4094 scilicet
1303 4041 1447 4109 post,
1493 4040 1646 4109 prius
1684 4040 1913 4095 maxima

267 4122 354 4178 illa
391 4126 838 4182 discordantium
871 4127 1015 4183 inter
1042 4142 1102 4183 se
1141 4135 1198 4183 et
1236 4128 1555 4184 bellantium
1587 4129 1740 4198 regni
1768 4128 1916 4198 prin-

267 4211 444 4283 cipum
499 4223 562 4272 et
611 4214 932 4286 optimatum
991 4221 1098 4270 tam
1155 4215 1434 4272 seditiosa
1488 4231 1553 4272 ac
1591 4217 1716 4285 plus
1751 4232 1914 4287 quam

267 4302 441 4358 civilis
493 4305 894 4360 controversia
932 4304 1206 4371 scismata,
1241 4307 1351 4362 Deo
1389 4313 1614 4361 auctore
1653 4307 1914 4374 qualiter-

1992 3149 2210 3220 quidam
2270 3150 2590 3216 canonicus,
2649 3151 2742 3218 qui
2791 3154 2846 3204 et
2883 3150 3001 3218 ipse
3058 3147 3126 3202 ad
3167 3146 3341 3202 sancti
3397 3144 3633 3201 Mauritii

1992 3239 2300 3294 acclesiam
2336 3239 2670 3309 praepositus
2703 3240 2812 3307 jam
2853 3237 3187 3293 constitutus
3227 3236 3489 3305 probatus
3527 3241 3630 3298 est,

1991 3327 2320 3382 venerabilis
2357 3327 2586 3382 multum
2633 3333 2687 3381 et.
2725 3327 2868 3381 bene
2915 3326 3189 3381 litteratus
3231 3324 3486 3387 clericus,
3537 3336 3635 3376 no-

1993 3417 2136 3471 mine
2200 3415 2506 3485 Wigoldus,
2573 3414 2844 3469 electione
2909 3421 2963 3468 et
3026 3411 3283 3480 suifragio
3341 3410 3638 3465 cardinalis

1993 3504 2244 3569 Romani,
2285 3502 2696 3572 metrOpolitani
2752 3509 2808 3556 et
2852 3500 3257 3569 archiepiscopi
3294 3500 3379 3554 sui
3417 3500 3638 3566 Mogon-

1997 3593 2117 3656 tini,
2150 3605 2252 3645 nec
2284 3604 2393 3645 non
2434 3590 2664 3645 aliorum
2704 3589 2800 3657 qui
2839 3589 2916 3642 ibi
2945 3588 3008 3618 ’⁵³
3037 3593 3408 3642 convenerant
3444 3598 3637 3640 novem

1996 3681 2406 3749 episcoporum,
2437 3679 2493 3733 in
2527 3677 2768 3747 paschali
2798 3677 2887 3732 die
2935 3675 3202 3732 canonice
3233 3677 3288 3730 in
3318 3674 3637 3744 episcopum

1996 3775 2352 3825 consecratus
2387 3775 2442 3822 et
2484 3766 2770 3823 ordinatus
2807 3772 2908 3822 est.
2950 3765 3048 3821 Cui
3086 3779 3182 3821 rex
3239 3771 3363 3835 post
3419 3767 3640 3833 peracta

1997 3857 2264 3926 legittime
2302 3858 2483 3913 omnia
2514 3871 2638 3926 qua
2687 3857 2754 3912 ad
2799 3856 3201 3912 ordinationem
3247 3854 3421 3924 ipsius
3471 3852 3641 3923 perti-

1997 3947 2222 4012 nebant,
2255 3946 2514 4002 videlicet
2542 3947 2728 4012 anulo,
2779 3946 2928 4017 virga
2967 3944 3228 4015 pastorali
3276 3952 3332 4000 et
3357 3941 3640 3998 cathedra

1997 4036 2298 4106 episcopali
2357 4036 2425 4090 ab
2484 4035 2904 4105 archiepiscopo
2951 4035 3306 4106 Mon’gontino
3344 4031 3636 4103 susceptis,

1997 4139 2064 4180 ex
2100 4139 2198 4180 sua
2237 4132 2392 4194 parte
2429 4125 2698 4195 quidquid
2738 4125 2873 4196 regii
2897 4125 3040 4194 juris
3066 4123 3232 4180 fuerit
3260 4123 3315 4178 in
3343 4135 3643 4192 procuran-

1995 4213 2082 4268 dis
2152 4215 2314 4270 bonis
2379 4213 2786 4270 acclesiasticis
2856 4214 3151 4284 diligenter
3215 4210 3637 4268 commandavit.

1995 4303 2229 4358 Cavebat
2266 4317 2521 4372 namque,
2564 4310 2624 4358 ut
2659 4301 3162 4357 oboedientissimus
3207 4305 3325 4354 erat
3362 4300 3418 4353 in
3457 4298 3640 4353 omni-

269 4402 502 4464 cumque
544 4391 758 4458 sedata,
799 4399 855 4447 et
890 4392 1091 4454 Christi
1141 4407 1275 4463 pace
1325 4394 1590 4463 legittime
1636 4382 2121 4457 confade-Dbus,
2171 4392 2319 4462 quod
2365 4391 2422 4446 in
2460 4393 2703 4446 Romana
2741 4389 2952 4458 synodo
2984 4401 3160 4456 nuper
3197 4387 3461 4442 canonice
3500 4384 3641 4438 ditii-

270 4487 400 4547 rata,
444 4480 674 4537 tandem
715 4479 851 4550 ipsis
896 4495 1118 4551 quoque
1161 4481 1505 4552 corrigendis
1550 4484 1916 4554 coarguendis

269 4575 320 4622 et
375 4569 684 4639 puniendis
747 4583 876 4624 cura
933 4568 1310 4626 sollertissime
1359 4571 1612 4628 insistere
1662 4585 1770 4628 non
1811 4581 1917 4628 tar-

267 4656 436 4714 daret.

337 4748 564 4818 Legatis
600 4754 782 4802 autem
823 4746 966 4816 regis
1005 4746 1255 4804 ltoudolti
1304 4761 1333 4801 a
1381 4761 1440 4802 se
1491 4747 1921 4805 dissimulatoria

269 4842 320 4888 et
353 4837 493 4892 satis
533 4835 852 4892 cautissima
890 4835 1114 4891 licentia
1151 4835 1290 4892 clam
1329 4842 1385 4891 et
1422 4835 1618 4892 furtive
1657 4837 1919 4904 dimissis,

267 4925 393 4993 quia
423 4941 530 4996 per
572 4925 754 4981 omnia
794 4925 972 4994 ipsum
1011 4925 1542 4982 obadientissimum
1593 4933 1648 4981 et
1687 4940 1919 4984 consen-

269 5016 486 5070 taneum
529 5013 638 5070 sibi
678 5018 734 5070 et
761 5012 1082 5082 apostolica
1112 5014 1232 5070 sedi
1280 5014 1502 5070 minime
1551 5013 1915 5083 dubitaverat,

267 5107 557 5168 paternam
586 5101 940 5159 dilectionem
971 5103 1232 5172 pietatem
1269 5109 1326 5160 et
1362 5103 1590 5174 gratiam
1635 5103 1742 5174 ipsi
1793 5119 1916 5160 cum

266 5191 576 5259 apostolica
640 5189 982 5262 indulgentia
1046 5196 1102 5246 et
1167 5191 1554 5249 benedictione
1629 5193 1918 5266 vigilanter

267 5276 604 5336 demandare
645 5279 876 5345 studuit,
919 5292 1023 5335 nec
1072 5292 1181 5335 non
1230 5281 1485 5337 omnibus
1523 5283 1821 5353 majoribus
1859 5290 1915 5340 et

268 5366 598 5434 minoribus,
639 5367 738 5439 qui
764 5367 914 5424 sedis
949 5366 1268 5437 apostolica
1317 5372 1611 5441 praeceptis
1637 5379 1693 5427 et
1721 5371 1916 5429 decre-

1999 4481 2170 4535 nitum
2237 4488 2342 4543 est,
2391 4487 2446 4534 et
2504 4486 2629 4548 post
2693 4477 2872 4532 datam
2922 4475 3259 4547 judicialiter
3315 4474 3640 4530 sententiam

2000 4570 2100 4624 sub
2157 4569 2501 4623 anathemate
2541 4566 2892 4623 interdictum
2933 4575 2988 4621 et
3027 4564 3362 4635 prohibitum
3427 4567 3532 4627 est,
3574 4573 3641 4615 ne

2001 4659 2128 4728 quis
2154 4657 2420 4714 laicorum
2450 4657 2731 4713 acclesias
2760 4663 2815 4712 et
2843 4653 3264 4712 acclesiasticas
3309 4652 3551 4708 decimas
3587 4655 3642 4705 et

2002 4747 2065 4779 ’⁸³
2119 4747 2418 4818 dignitates
2483 4747 2736 4817 personis
2798 4745 3075 4815 aliquibus
3137 4744 3292 4814 quasi
3360 4741 3640 4812 proprium

2001 4851 2156 4894 suum
2189 4837 2527 4907 praestiterit,
2569 4836 2683 4890 sive
2723 4842 2916 4891 contra
2955 4845 3196 4889 canones
3232 4831 3338 4887 sibi
3379 4841 3642 4899 usurpare

2003 4925 2434 4996 praesumpserit.
2495 4927 2726 4993 insuper
2790 4922 3244 4992 archiepiscopus
3295 4918 3645 4990 Mogontinus

1999 5014 2278 5086 Sigit‘rido,
2312 5015 2406 5085 qui
2445 5028 2477 5069 a
2505 5027 2634 5084 rege
2675 5012 2938 5069 Heinrieo
2983 5011 3313 5083 Augustensi
3358 5005 3648 5079 episcopio

1999 5118 2110 5161 non
2141 5105 2405 5161 canonice
2443 5101 2735 5174 appositus
2758 5101 2852 5168 sit,
2887 5107 3013 5172 post
3041 5101 3196 5157 datas
3232 5098 3466 5156 indicia
3503 5107 3646 5168 pra~

1998 5194 2146 5264 cepit
2201 5207 2268 5250 ne
2326 5193 2467 5248 ultra
2524 5191 2868 5263 parrochiam
2926 5204 3078 5246 suam
3137 5188 3458 5246 temerarius
3494 5187 3644 5243 inva-

1996 5285 2172 5350 deret,
2232 5283 2479 5352 alioquin
2537 5282 2715 5352 ipsum
2756 5286 2812 5336 et
2849 5292 3041 5336 omnes
3089 5279 3500 5336 consentientes
3536 5275 3643 5332 sibi

1988 5375 2139 5443 justo
2169 5371 2512 5428 anathemate
2540 5384 2570 5426 a
2601 5369 2860 5427 membris
2888 5368 3156 5426 acclesia
3202 5367 3432 5425 omnino
3475 5378 3628 5436 sepa-

1639 5472 1862 5528 VARIIE
1899 5471 2267 5530 LECTIONES

339 5563 396 5596 ²⁵¹
429 5565 504 5620 ab
534 5564 586 5618 2.
663 5565 726 5597 ²⁵²
763 5565 1022 5636 cognite;
1060 5579 1166 5621 me
1196 5565 1356 5623 XIV.
1392 5580 1530 5622 corr.
1559 5569 1778 5639 cognita
1815 5571 1868 5625 2.
1946 5570 2009 5602 ³⁸³
2047 5570 2123 5626 ibi
2165 5582 2275 5625 non
2318 5584 2368 5623 c.
2423 5566 2499 5622 ιθ.
2581 5567 2644 5598 ’⁸⁸
2682 5581 2782 5624 ac.
2816 5573 2872 5624 et
2909 5566 3030 5623 dec.
3063 5565 3119 5622 2.
