4014 6176
289 261 399 316 415

1265 261 1643 319 BERTHOLDI
1683 259 2095 337 PRESBYTEBI
2133 259 2692 316 CONSTANTIENSIS

3554 260 3660 314 416

285 388 444 446 ravit.
475 389 535 445 ld
584 389 760 459 ipsum
798 401 1020 460 quoque
1059 389 1341 446 canonicis
1395 386 1828 459 Augustensibus
1869 384 2404 448 etAconﬁrmabant
2443 392 2492 441 et
2535 385 2758 442 omnino
2798 385 3205 455 adjudicabant.
3258 389 3323 442 Et
3370 392 3431 443 ut
3473 385 3663 458 hujus-

287 478 493 548 populo
530 478 838 543 intentavit,
880 479 926 532 si
965 479 1029 509 ’⁸⁵
1056 478 1287 534 electum
1346 491 1522 543 suum,
1583 482 1643 531 ut
1700 476 1924 546 dignum
2004 474 2151 529 modi
2193 475 2336 529 inter
2384 479 2643 544 utrasque
2693 479 2878 544 partes
2933 476 3362 531 controversiam
3422 477 3662 532 rationa-

287 571 344 622 et
365 568 570 636 justum
598 566 782 633 fuerit,
824 580 933 622 non
983 567 1311 635 reciperent.
1355 566 1443 620 Sic
1491 565 1785 635 epiSCOpus
1820 566 1922 618 Au-

286 655 565 727 gustensis
600 663 824 725 accepta
862 671 892 711 a
940 671 1068 726 rege
1117 655 1337 710 licentia
1386 654 1722 724 repatriavit,
1765 657 1820 708 et
1868 653 1926 707 in

288 745 562 814 quoddam
597 745 876 799 castellum
919 745 1073 815 juxta
1121 745 1304 799 fauces
1340 743 1553 814 Alpium
1607 741 1764 814 (178)
1806 755 1927 797 sese

288 847 411 888 cum
442 834 573 900 suis,
617 835 744 903 quia
793 834 1154 889 ﬁrmissimum
1213 841 1268 888 et
1307 833 1726 888 munitissimum
1787 837 1924 897 erat,

290 922 591 992 prudenter
629 923 880 988 contulit,
915 937 1100 992 pacem
1143 923 1408 978 mcclesiae
1448 922 1583 976 inibi
1637 921 1928 990 praestola-

290 1018 465 1067 turns.
516 1012 616 1067 Ubi
665 1011 948 1067 confestim
993 1026 1091 1080 per
1140 1012 1400 1082 plurimas
1438 1011 1758 1080 injuriarum
1802 1010 1929 1064 illa-

289 1097 470 1154 tiones
501 1100 566 1154 ab
595 1101 1027 1170 Augustensibus
1057 1101 1338 1170 impetitus
1367 1106 1422 1154 et
1451 1099 1771 1155 molestatus
1809 1106 1928 1170 est;

288 1193 372 1242 set
441 1189 570 1242 illud
639 1167 1024 1258 qualicumque
1094 1167 1502 1260 longanimitate
1559 1194 1613 1244 et
1669 1167 1932 1259 patientia

285 1275 618 1345 aliquamdiu
651 1277 912 1342 tolerans,
945 1280 1057 1332 Deo
1090 1279 1264 1347 judici
1313 1283 1368 1333 et
1405 1277 1681 1334 defensori
1711 1293 1776 1334 se
1809 1291 1930 1334 cum

287 1364 401 1418 suis
440 1365 791 1420 devotissime
822 1366 1239 1422 commendavit.

359 1455 472 1508 Rex
528 1469 658 1510 vero
726 1455 1016 1510 Heinricus
1090 1462 1214 1524 post
1289 1456 1487 1525 pascha
1540 1470 1666 1512 mox
1712 1459 1936 1527 Mogun-

290 1542 492 1597 tiacum
550 1543 790 1609 rediens,
851 1557 1040 1599 omnes
1095 1558 1470 1614 quoscumque
1527 1552 1581 1601 et
1635 1547 1936 1616 quomodo-

289 1645 523 1700 cumque
587 1637 912 1701 attemptare
979 1634 1178 1702 potuit,
1247 1648 1359 1688 sua:
1428 1635 1566 1703 parti
1643 1635 1935 1703 contraxit.

2006 562 2194 618 biliter
2257 563 2475 632 publice
2534 563 2877 629 dirimerent,
2929 563 3166 634 legatum
3225 578 3380 619 suum
3421 579 3542 619 cum
3583 564 3664 619 eis

2007 651 2074 706 ad
2106 651 2387 706 dominum
2418 666 2574 707 suum
2617 657 2671 707 et
2700 652 2766 706 ad
2799 659 3034 709 caeteros
3079 653 3230 722 regni
3266 653 3548 722 principes
3579 653 3660 708 illi

2009 741 2419 796 consentientes
2449 740 2576 795 inde
2615 740 2950 806 direxerant,
2996 756 3095 811 per
3143 755 3301 810 quem
3352 741 3462 796 illis
3509 741 3663 796 locus

2011 834 2066 883 et
2097 835 2313 898 tempus
2361 828 2628 899 colloquii
2678 830 2868 885 statuti
2908 831 3273 896 intimaretur,
3330 836 3385 885 et
3424 830 3519 898 qui
3563 843 3662 885 eos

2011 919 2077 973 ad
2112 919 2217 973 hoc
2247 919 2688 986 promptissimos
2717 925 2772 974 et
2807 919 3202 988 paratissimos,
3253 925 3308 973 et
3357 919 3506 974 omni
3557 932 3652 974 ne-

2013 1007 2268 1062 cessitate
2337 1013 2392 1061 et
2448 1007 2728 1062 dubietate
2786 1007 3093 1078 postposita
3152 1009 3380 1063 Domino
3444 1008 3663 1063 volente

2013 1102 2375 1166 perventuros
2405 1095 2535 1150 illuc
2575 1103 2993 1165 protestaretur.
3047 1099 3338 1167 Postquam
3388 1097 3664 1166 hujusmo-

2013 1186 2068 1241 di
2131 1199 2383 1241 sermone
2445 1187 2859 1242 controversiali
2918 1187 3210 1256 utrobique
3269 1187 3666 1256 aliquantisper

2012 1274 2221 1341 habito,
2289 1282 2372 1330 set
2438 1281 2618 1330 tamen
2669 1276 2933 1344 praedicta
2983 1275 3354 1345 inrefragabili
3397 1281 3452 1330 et
3512 1277 3663 1344 justa

2013 1365 2283 1418 Saxonum
2338 1363 2549 1418 ratione
2590 1371 2644 1419 et
2693 1364 3031 1419 oboedientia
3080 1364 3372 1420 novissime
3423 1363 3667 1418 laudabi-

2015 1451 2142 1507 liter
2170 1458 2567 1520 consummato,
2601 1467 2704 1522 pax
2735 1454 2803 1508 ab
2835 1455 3083 1522 utrisque
3116 1453 3183 1507 ad
3217 1467 3390 1521 usque
3423 1451 3665 1508 futurum

2019 1541 2355 1610 colloquium
2383 1547 2466 1596 est
2503 1541 2835 1608 collaudata,
2866 1542 2934 1597 ab
2965 1542 3195 1597 invicem
3235 1541 3456 1597 domum
3503 1555 3669 1597 unus-

2017 1631 2252 1699 quisque
2285 1629 2628 1685 discedebat.

288 1719 442 1774 Unde
480 1720 750 1774 Saxonum
817 1721 1172 1790 optimatibus
1238 1701 1490 1778 terriﬁcis
1553 1724 1666 1778 sive
1732 1701 2004 1780 bla'ndi.B
2096 1718 2262 1788 Regis
2290 1725 2471 1773 autem
2511 1718 2755 1775 Heinrici
2795 1718 3119 1786 consiliarii,
3161 1725 3440 1788 assumpto
3479 1733 3668 1774 secum

289 1807 448 1862 tiosis
486 1808 552 1862 ad
585 1823 643 1863 se
684 1809 1030 1878 pelliciendis
1059 1812 1405 1867 sermociniis
1435 1818 1489 1866 et
1529 1812 1958 1867 inductionibus“

288 1895 391 1950 sub
431 1897 651 1952 nomine
692 1904 745 1952 et
785 1899 1076 1954 occasione
1107 1900 1424 1968 apostolicae
1463 1901 1612 1955 illius
1651 1901 1942 1972 legationis

291 1989 347 2039 et
381 1986 671 2042 sententiae
729 1987 969 2042 intimari
1026 1986 1175 2054 fecit,
1219 1995 1277 2043 ut
1316 2004 1477 2044 causa
1518 1991 1667 2059 pacis
1707 2003 1936 2059 compo-

290 2073 488 2128 nendae
528 2079 582 2128 et
621 2074 789 2130 totius
821 2077 973 2146 regni
1001 2082 1083 2132 tot
1113 2077 1422 2132 scismatum
1456 2084 1512 2133 et
1539 2078 1937 2134 discordiarum

289 2161 674 2230 sedandarum,
727 2164 1050 2234 quibusdam
1111 2167 1435 2236 primatibus
1484 2174 1538 2223 et
1584 2168 1940 2237 optimatibus

290 2251 444 2318 regni
503 2253 646 2321 apud
714 2254 1079 2310 Friteslariam
1148 2264 1524 2312 occurrerent.
1593 2257 1749 2324 Quod
1816 2271 1936 2312 cum

289 2338 472 2395 animo
502 2339 695 2395 libenti
743 2352 1084 2412 perceptum,
1134 2345 1408 2400 Saxonum
1457 2346 1737 2415 principes
1774 2360 1938 2400 suasu

291 2428 440 2498 regis
496 2431 748 2486 Roudolfi
808 2432 874 2486 ad
914 2433 1019 2488 hoc
1076 2434 1333 2489 sollerter
1389 2435 1621 2501 incitati,
1680 2434 1939 2490 condicto

288 2518 536 2586 tempore
582 2517 866 2575 venientes
903 2527 1226 2591 attemptare
1266 2531 1618 2590 conarentur,
1653 2524 1941 2579 Heinricus

291 2617 388 2657 rex
428 2611 632 2673 praeter
668 2621 798 2662 suos
837 2609 1100 2676 quosdam
1153 2612 1514 2667 auricularios
1543 2626 1611 2667 ne
1650 2613 1733 2667 vel
1773 2625 1938 2667 unum

290 2693 480 2748 saltem
523 2694 590 2750 de
621 2696 774 2766 regni
816 2697 1139 2766 primatibus
1177 2700 1308 2756 illuc
1343 2701 1632 2772 dirigebat.
1686 2704 1764 2757 Ita
1812 2701 1940 2756 dum

290 2795 350 2836 se
381 2782 604 2838 delusos
631 2785 902 2852 viderent,
937 2794 990 2841 et
1021 2788 1148 2844 inde
1189 2789 1420 2845 subirati
1471 2791 1652 2845 redire
1701 2789 1942 2845 destina-

293 2877 434 2937 rent,
479 2878 656 2928 tamen
690 2874 816 2943 quia
866 2876 1066 2932 obnixe
1115 2878 1182 2932 ab
1231 2879 1426 2934 aulicis
1464 2879 1575 2933 illis
1631 2878 1942 2948 mysteriar-

293 2959 412 3013 chis
477 2962 830 3031 rogabantur,
901 2965 1036 3033 ipsis
1100 2981 1284 3020 secum
1345 2967 1696 3036 colloquendi
1773 2980 1942 3034 seque

2021 1808 2292 1862 Saxonum
2333 1807 2532 1878 legato,
2564 1809 2630 1863 ad
2663 1807 2942 1864 dominum
2982 1822 3136 1864 suum
3177 1823 3370 1864 versus
3415 1809 3668 1864 Rhenum

2023 1893 2253 1964 profecti
2321 1901 2467 1950 sunt.
2535 1897 2652 1952 Non
2722 1897 2866 1951 enim
2906 1897 3044 1951 bene
3083 1896 3330 1966 sapiebat
3368 1896 3423 1950 in
3483 1896 3668 1966 palato

2023 1983 2207 2037 cordis
2236 1983 2452 2039 illorum
2486 1984 2706 2039 auditus
2749 1986 2931 2053 justus
2960 1991 3015 2039 et
3043 1998 3206 2039 verax
3234 1998 3415 2040 sermo
3465 1985 3672 2054 princi-

2021 2087 2148 2142 pum
2179 2074 2596 2129 Saxonicorum.
2630 2073 2711 2129 llli
2755 2088 2987 2143 namque
3021 2074 3128 2129 alia
3166 2075 3329 2146 longe
3374 2074 3588 2129 ratione
3615 2080 3673 2129 et

2024 2160 2334 2216 intentione
2365 2163 2633 2230 exierant,
2669 2171 2723 2216 nt
2761 2164 3001 2218 Saxones
3049 2163 3262 2218 scilicet
3309 2163 3376 2217 ad
3424 2177 3482 2217 se
3532 2176 3675 2232 quo-

2023 2249 2425 2320 modocumque
2473 2251 2750 2307 adducere
2800 2258 3250 2321 pertemptarent.
3301 2253 3434 2307 Cum
3482 2258 3668 2306 autem

2021 2337 2077 2392 id
2126 2336 2344 2393 efﬁcere
2387 2353 2498 2394 non
2549 2347 2793 2409 possent,
2840 2354 2964 2394 mox
3013 2341 3217 2396 reversi
3264 2338 3399 2396 falso
3449 2353 3673 2395 rumore

2024 2428 2266 2497 undique
2298 2428 2668 2496 diffamabant,
2711 2430 2858 2499 quod
2906 2430 2985 2484 illi
3035 2443 3134 2499 pro
3183 2435 3335 2485 certo
3383 2429 3676 2485 obsidibus

2024 2516 2185 2582 datis,
2220 2531 2342 2571 cum
2373 2518 2598 2572 domino
2628 2532 2728 2573 suo
2759 2524 2976 2588 pactum
3011 2520 3159 2588 pacis
3207 2519 3430 2585 inirent,
3464 2524 3519 2573 et
3548 2533 3672 2588 gra-

2022 2605 2113 2660 tiaa
2179 2605 2328 2660 illius
2407 2606 2784 2661 indubitanter
2848 2606 3157 2660 ﬁrmitatem
3239 2606 3672 2674 promeruerint.

2022 2695 2281 2764 Legatum
2313 2701 2492 2749 autem
2525 2694 2744 2750 illorum
2793 2694 3106 2764 hujusmodi
3148 2707 3399 2750 sermone
3450 2694 3675 2748 remise-

2024 2789 2166 2849 rant,
2200 2783 2349 2852 quod
2382 2798 2478 2838 rex
2503 2783 2681 2838 locum
2715 2783 2995 2852 colloquio
3025 2783 3253 2838 cuilibet
3301 2783 3430 2838 dare
3473 2782 3669 2848 nollet,

2022 2875 2107 2924 set
2137 2871 2190 2925 id
2223 2885 2385 2926 causa
2423 2877 2478 2926 et
2505 2885 2688 2926 amore
2728 2871 2914 2926 domui
2944 2871 3233 2940 apostolici
3273 2871 3453 2926 facere
3485 2883 3666 2941 prom-

2024 2966 2151 3028 ptus
2208 2967 2373 3026 esset,
2436 2966 2496 3014 ut
2551 2961 2885 3029 quicumque
2937 2961 3042 3015 sibi
3091 2960 3402 3026 rebellaret,
3451 2974 3575 3014 eum
3605 2959 3674 2990 ’³⁵⁸

294 3049 596 3114 temptandi
645 3049 822 3104 locum
873 3050 1002 3106 dare
1034 3060 1448 3110 consenserant.
1489 3055 1605 3110 lllic
1643 3055 1711 3109 ab
1742 3054 1822 3109 eis
1861 3053 1942 3108 ni-
1963 3037 2003 3096 Ο
2023 3047 2196 3117 gratia
2235 3062 2333 3102 sua
2364 3048 2679 3104 donandum
2718 3050 3012 3118 reciperet,
3045 3050 3092 3104 Si
3123 3049 3287 3104 modo
3317 3063 3376 3103 se
3406 3047 3509 3102 sibi
3540 3061 3668 3103 cum

295 3132 404 3187 chil
455 3134 602 3189 aliud
663 3137 766 3190 nisi
825 3138 1106 3194 mendacia
1164 3147 1220 3196 et
1277 3143 1432 3211 quasi
1489 3144 1941 3197 comminationes

293 3221 555 3289 quasdam
613 3224 680 3278 ab
727 3225 1032 3294 apostolico
1079 3228 1134 3283 in
1177 3242 1272 3284 eos
1309 3228 1478 3285 factas
1525 3231 1830 3296 audierant,
1874 3243 1940 3286 eo

295 3310 441 3379 quod
475 3311 753 3368 dominum
785 3320 840 3369 et
887 3330 1065 3386 regem
1107 3332 1265 3373 suum
1315 3320 1520 3388 perjuri
1583 3328 1636 3375 et
1691 3319 1942 3375 infideles

294 3404 486 3454 contra
550 3400 631 3456 fas
687 3402 889 3472 injuste
956 3407 1276 3475 abjecerint.
1339 3410 1413 3464 De
1469 3422 1721 3464 sermone
1760 3415 1940 3464 autem

295 3487 558 3559 colloquii
617 3492 867 3559 praedicti
927 3500 982 3548 et
1028 3496 1389 3551 anathematis
1446 3497 1736 3566 apostolici
1792 3496 1938 3551 nulla

293 3575 370 3633 ibi
410 3577 477 3632 ab
517 3579 597 3634 eis
634 3581 936 3637 secundum
967 3584 1247 3639 veritatem
1283 3586 1488 3640 mentio
1519 3585 1656 3641 facta
1699 3593 1817 3653 est;
1861 3591 1942 3640 to-

294 3671 403 3720 tam
436 3669 639 3738 quippe
678 3669 826 3725 illius
862 3673 1151 3728 sententiae
1181 3673 1378 3729 seriem
1420 3674 1534 3744 regi
1576 3673 1848 3731 Roudolfo
1888 3679 1942 3730 et

294 3755 410 3810 suis
447 3759 832 3813 consentaneis
880 3759 1011 3814 falsa
1071 3776 1168 3816 sua
1223 3761 1593 3818 obstinatione
1634 3763 1942 3832 pertinaces

295 3842 652 3912 inponebant.
707 3847 945 3902 Tandem
985 3863 1114 3904 vero
1174 3851 1415 3906 Saxones
1464 3851 1552 3905 his
1606 3851 1826 3916 auditis,
1888 3855 1942 3906 et

298 3945 397 3986 cur
433 3931 563 3988 illuc
623 3936 875 3990 venerint
940 3937 1345 3993 evidentissime
1411 3940 1731 4010 exploratis,
1775 3956 1842 3996 ne
1882 3954 1941 3995 se

298 4019 454 4087 quasi
486 4034 611 4076 reos
643 4021 695 4076 in
728 4022 813 4077 his
851 4038 974 4092 quae
1014 4025 1123 4080 illis
1161 4027 1499 4095 objecerant,
1551 4034 1605 4084 et
1661 4030 1815 4098 quasi
1874 4029 1942 4084 de

2021 3137 2344 3206 poenitentia
2374 3144 2428 3191 et
2457 3137 2790 3193 obtedientia
2823 3137 3088 3193 deditium
3119 3137 3181 3168 ’⁸⁷
3212 3137 3517 3193 exhiberet.

2094 3228 2336 3281 Saxones
2365 3232 2543 3281 autem
2575 3233 2630 3281 et
2658 3225 2965 3282 Roudulfus
3011 3241 3106 3282 rex
3170 3227 3278 3282 hoc
3351 3231 3662 3295 comperto,

2024 3315 2308 3370 manifeste
2394 3328 2516 3369 eum
2602 3315 3128 3370 excommunicatum
3211 3328 3334 3370 cum
3411 3314 3673 3370 omnibus

2023 3405 2410 3460 consentaneis
2459 3403 2607 3458 illius
2663 3404 3050 3474 adjudicabant
3107 3411 3162 3459 et
3209 3403 3665 3473 comprobabant,

2025 3507 2090 3550 eo
2130 3493 2277 3562 quod
2309 3493 2645 3562 colloquium
2684 3493 2752 3547 ab
2791 3493 3097 3562 apostolico
3126 3498 3233 3548 tam
3266 3491 3669 3562 inrefragabili-

2024 3588 2109 3638 ter
2137 3581 2438 3648 decretum,
2474 3582 2590 3650 ipse
2621 3589 2727 3636 tam
2779 3582 3031 3650 pervicax
3077 3587 3133 3636 et
3180 3581 3524 3636 inoboediens
3573 3595 3665 3635 an-

2024 3670 2266 3726 nullavit.
2337 3671 2528 3724 Pacem
2587 3670 2748 3724 etiam
2817 3684 2978 3739 quam
3035 3669 3350 3724 auricularii
3409 3669 3553 3739 regis
3609 3674 3668 3723 et

2023 3762 2267 3816 Saxones
2317 3759 2462 3814 inter
2507 3773 2566 3814 se
2628 3759 3008 3824 condixerant,
3051 3765 3176 3813 ante
3233 3771 3392 3828 quam
3450 3758 3669 3828 legatus

2025 3849 2322 3918 praedictus
2378 3848 2445 3902 ad
2491 3860 2586 3902 eos
2645 3848 2988 3916 repatriaret,
3031 3848 3123 3916 qui
3183 3860 3250 3901 ex
3308 3853 3460 3915 parte
3517 3845 3669 3916 regis

2025 3938 2269 3992 IIeinrici
2336 3944 2512 4003 erant,
2572 3936 2854 3991 castellum
2913 3935 3188 4005 quoddam
3248 3935 3554 3990 invadenda
3612 3942 3671 3990 et

2024 4033 2217 4083 contra
2269 4026 2427 4081 fidem
2467 4026 2646 4080 datam
2687 4025 3050 4096 expugnando
3104 4025 3328 4080 omnino
3377 4025 3670 4094 parvipen—

296 4107 532 4163 adventu
580 4117 636 4165 et
681 4113 952 4168 sententia
981 4113 1167 4170 domni
1223 4129 1377 4186 papa:
1435 4116 1656 4173 timidos
1712 4119 1945 4173 aestima-

299 4201 441 4262 rent,
484 4197 648 4254 immo
694 4200 876 4268 potius
923 4204 1467 4272 percupientissimo‘s
1523 4213 1577 4260 et
1632 4206 1946 4262 laetissimos

2026 4117 2240 4172 derant.
2283 4115 2542 4169 Metensis
2597 4128 2817 4184 quoque
2874 4115 3168 4184 episcopus
3219 4121 3272 4168 et
3329 4113 3420 4168 alii
3478 4127 3671 4183 quam-

2026 4206 2213 4276 plures
2241 4204 2716 4273 Lotharingorum,
2745 4204 2836 4272 qui
2877 4203 3082 4258 eisdem
3124 4203 3320 4258 diebus
3366 4201 3432 4257 ad
3482 4217 3668 4272 regem

296 4283 415 4340 fore
463 4287 779 4356 probarent,
827 4290 1162 4361 colloquium
1219 4293 1367 4362 quod
1407 4294 1698 4349 destinavit
1753 4308 1944 4350 omnes
2028 4291 2342 4346 Heinricum
2403 4291 2570 4346 ductu
2612 4291 2738 4346 ﬁdei
2776 4298 3058 4357 venerant,
3113 4291 3471 4360 attemptandi
3502 4291 3548 4345 si
3597 4291 3670 4346 ad

295 4371 611 4441 laudabant,
679 4376 854 4445 ipsius
917 4378 1030 4433 sive
1095 4380 1394 4451 legatorum
1471 4383 1589 4450 ejus
1653 4363 2176 4436 adventumDillius
2220 4380 2551 4435 voluntatem
2610 4379 2862 4434 inclinari
2920 4388 3163 4449 possent,
3223 4380 3410 4435 audito
3450 4385 3675 4448 aposto-

296 4472 458 4528 quam
489 4461 577 4516 vix
615 4476 674 4518 se
725 4465 1140 4533 praestolaturos
1197 4474 1251 4523 et
1301 4470 1588 4525 sententia:
1646 4469 1793 4525 illius
1831 4484 1948 4525 om-
2027 4469 2148 4525 licaa
2181 4469 2469 4539 legationis
2506 4475 2823 4539 contemptu
2852 4483 2911 4524 se
2941 4471 2996 4524 in
3028 4475 3181 4538 parte
3214 4469 3399 4525 domui
3448 4476 3672 4538 aposto-

296 4547 557 4618 niumque
597 4552 749 4621 regni
780 4553 1098 4622 optimatum
1140 4569 1307 4624 super
1345 4557 1449 4613 hoc
1489 4558 1711 4628 negotio
1750 4557 1948 4613 diffini-
2027 4558 2118 4613 lici
2178 4573 2395 4614 manere
2457 4565 2511 4613 et
2567 4559 2862 4628 persistere
2929 4558 3104 4626 palam
3164 4558 3502 4627 profitentes,
3544 4571 3671 4613 cum

296 4634 477 4690 tiones
504 4650 564 4692 se
604 4652 704 4707 per
749 4641 931 4695 omnia
978 4642 1384 4710 observaturos,
1435 4646 1708 4700 constanti
1763 4647 1946 4702 animo
2030 4645 2235 4702 offensa
2300 4648 2473 4716 ipsius
2537 4648 2708 4717 gratia
2765 4647 2984 4702 domum
3042 4647 3312 4702 redibant.
3364 4648 3511 4713 Quos
3549 4646 3670 4714 ipse

298 4728 354 4777 et
419 4726 664 4791 ratione,
699 4727 979 4785 liberrima
1045 4731 1355 4788 firmissime
1423 4733 1597 4802 palam
1656 4736 1945 4803 protestati
2029 4734 2314 4790 confestim
2356 4737 2494 4792 duce
2525 4736 2869 4791 Theoderico
2909 4740 2965 4790 et
3001 4735 3123 4790 aliis
3165 4736 3396 4791 militum
3444 4748 3670 4791 suorum

298 4819 463 4879 sunt;
530 4823 587 4870 et
650 4830 841 4874 omnes
901 4819 1104 4876 domno
1169 4821 1476 4891 apostolico
1542 4823 1949 4879 inoboedientes
2029 4823 2206 4893 copiis
2261 4826 2555 4896 assumptis
2613 4828 2960 4894 prosecutus,
3002 4839 3066 4879 ex
3124 4824 3421 4894 improviso
3473 4824 3671 4878 Meten-

299 4902 529 4972 ejusque
561 4907 853 4963 sententiae
884 4909 1133 4978 judiciali
1175 4912 1228 4966 in
1269 4911 1371 4967 hac
1409 4925 1468 4967 re
1503 4913 1753 4982 quolibet
1790 4915 1942 4984 inge—
2023 4927 2137 4970 sem
2186 4914 2458 4970 civitatem
2518 4913 2648 4968 dolo
2716 4913 3142 4983 praeoccupavit,
3185 4912 3505 4982 episcopum
3544 4925 3670 4966 cum

299 4992 392 5048 nio
429 4993 512 5049 vel
551 4996 791 5051 versutia
847 4999 960 5053 sive
997 4999 1254 5055 vecordia
1311 5000 1666 5072 refragantes,
1717 5003 1942 5058 anathe-
2023 5003 2242 5057 caeteris
2307 5003 2436 5058 inde
2495 5002 2718 5072 fugavit,
2780 5008 2836 5056 et
2891 5000 3164 5071 impositis
3222 5001 3335 5056 illic
3393 5000 3672 5070 prasidiis

299 5080 579 5140 matizatos
623 5091 676 5140 et
708 5097 738 5139 a
777 5086 1037 5143 membris
1082 5088 1348 5144 aacclesite
1388 5103 1448 5145 re
1499 5104 1624 5145 vera
1653 5099 1939 5160 separatos
2021 5091 2156 5157 suis,
2191 5092 2378 5147 urbem
2418 5091 2768 5162 Argentinam
2799 5090 3099 5162 profectus,
3141 5090 3270 5146 inde
3311 5104 3568 5161 egressus
3605 5087 3670 5121 ³⁵⁸

1657 5235 1878 5291 VARI/E
1917 5235 2198 5291 LECTION
2203 5235 2302 5290 ES.

371 5340 434 5373 ³⁵⁵
463 5343 507 5398 si
537 5355 649 5399 non
679 5360 708 5400 e
753 5346 829 5402 1*.
860 5346 914 5403 2.
991 5347 1054 5380 ³⁸⁸
1081 5363 1205 5406 cum
1235 5349 1288 5403 2.
1367 5350 1428 5382 ’⁵⁷
1458 5350 1724 5407 deditium
1753 5351 1806 5405 2.
1884 5350 1948 5383 ’⁵⁸
1977 5352 2258 5422 ingressus
2294 5352 2523 5408 correxit
2566 5354 2686 5408 Uss.
2717 5351 2912 5424 absque
2939 5357 3143 5407 ralwne
3171 5349 3414 5405 evidenti.

373 5539 516 5609 (178)
560 5543 786 5600 Fttssen.
1863 5477 2080 5534 ΝΘΕ
