  <div class='ocr_page' id='page_1' title='image "/cluster/home/n/w/nwhite01/storage/ocr_20150623/147/hvd.32044073505281/215.png"; bbox 0 0 4014 6176; ppageno 0'>
   <div class='ocr_carea' id='block_1_1' title="bbox 335 337 441 389">
    <p class='ocr_par' dir='ltr' id='par_1_1' title="bbox 335 337 441 389">
     <span class='ocr_line' id='line_1_1' title="bbox 335 337 441 389; baseline 0.009 -1"><span class='ocrx_word' id='word_1_1' title='bbox 335 337 441 389; x_wconf 78' lang='grc'><strong>419</strong></span> 
     </span>
    </p>
   </div>
   <div class='ocr_carea' id='block_1_2' title="bbox 1305 325 2722 384">
    <p class='ocr_par' dir='ltr' id='par_1_2' title="bbox 1305 325 2722 384">
     <span class='ocr_line' id='line_1_2' title="bbox 1305 325 2722 384; baseline -0.004 0"><span class='ocrx_word' id='word_1_2' title='bbox 1305 325 1674 384; x_wconf 74' lang='lat' dir='ltr'><strong>BERTHOLDI</strong></span> <span class='ocrx_word' id='word_1_3' title='bbox 1719 325 2125 382; x_wconf 70' lang='lat' dir='ltr'><strong>PRESBYTERI</strong></span> <span class='ocrx_word' id='word_1_4' title='bbox 2165 325 2722 381; x_wconf 79' lang='lat' dir='ltr'><strong>CONSTAN&#39;I‘IENSIS</strong></span> 
     </span>
    </p>
   </div>
   <div class='ocr_carea' id='block_1_3' title="bbox 3587 325 3691 379">
    <p class='ocr_par' dir='ltr' id='par_1_3' title="bbox 3587 325 3691 379">
     <span class='ocr_line' id='line_1_3' title="bbox 3587 325 3691 379; baseline 0.01 -1"><span class='ocrx_word' id='word_1_5' title='bbox 3587 325 3691 379; x_wconf 73' lang='grc'><strong>420</strong></span> 
     </span>
    </p>
   </div>
   <div class='ocr_carea' id='block_1_4' title="bbox 335 447 3691 525">
    <p class='ocr_par' dir='ltr' id='par_1_4' title="bbox 335 447 3691 525">
     <span class='ocr_line' id='line_1_4' title="bbox 335 447 3691 525; baseline -0.001 -11"><span class='ocrx_word' id='word_1_6' title='bbox 335 466 443 524; x_wconf 90' lang='lat' dir='ltr'><strong>tus,</strong></span> <span class='ocrx_word' id='word_1_7' title='bbox 476 457 607 512; x_wconf 81' lang='lat' dir='ltr'><strong>visis</strong></span> <span class='ocrx_word' id='word_1_8' title='bbox 649 470 773 525; x_wconf 72' lang='lat' dir='ltr'><strong>quae</strong></span> <span class='ocrx_word' id='word_1_9' title='bbox 822 455 1042 520; x_wconf 82' lang='lat' dir='ltr'><strong>fiebant,</strong></span> <span class='ocrx_word' id='word_1_10' title='bbox 1096 451 1348 513; x_wconf 85' lang='lat' dir='ltr'><strong>imbellis.</strong></span> <span class='ocrx_word' id='word_1_11' title='bbox 1392 450 1614 506; x_wconf 90' lang='lat' dir='ltr'><strong>timidus</strong></span> <span class='ocrx_word' id='word_1_12' title='bbox 1658 457 1713 505; x_wconf 93' lang='lat' dir='ltr'><strong>et</strong></span> <span class='ocrx_word' id='word_1_13' title='bbox 1752 448 2226 509; x_wconf 80' lang='lat' dir='ltr'><strong>mirabi-Al‘essus</strong></span> <span class='ocrx_word' id='word_1_14' title='bbox 2273 458 2329 505; x_wconf 92' lang='lat' dir='ltr'><strong>et</strong></span> <span class='ocrx_word' id='word_1_15' title='bbox 2375 449 2604 504; x_wconf 63' lang='lat' dir='ltr'><strong>sincerae</strong></span> <span class='ocrx_word' id='word_1_16' title='bbox 2651 447 2898 502; x_wconf 70' lang='lat' dir='ltr'><strong>veritatis</strong></span> <span class='ocrx_word' id='word_1_17' title='bbox 2937 448 3091 501; x_wconf 89' lang='lat' dir='ltr'><strong>testis</strong></span> <span class='ocrx_word' id='word_1_18' title='bbox 3146 461 3205 502; x_wconf 88' lang='lat' dir='ltr'><strong>re</strong></span> <span class='ocrx_word' id='word_1_19' title='bbox 3254 461 3378 502; x_wconf 91' lang='lat' dir='ltr'><strong>vera</strong></span> <span class='ocrx_word' id='word_1_20' title='bbox 3437 447 3691 509; x_wconf 84' lang='lat' dir='ltr'><strong>idoneus.</strong></span> 
     </span>
    </p>
   </div>
   <div class='ocr_carea' id='block_1_5' title="bbox 337 539 1969 616">
    <p class='ocr_par' dir='ltr' id='par_1_5' title="bbox 337 539 1969 616">
     <span class='ocr_line' id='line_1_5' title="bbox 337 539 1969 616; baseline -0.005 -14"><span class='ocrx_word' id='word_1_21' title='bbox 337 547 463 602; x_wconf 91' lang='lat' dir='ltr'><strong>liter</strong></span> <span class='ocrx_word' id='word_1_22' title='bbox 500 546 843 616; x_wconf 83' lang='lat' dir='ltr'><strong>perterritus,</strong></span> <span class='ocrx_word' id='word_1_23' title='bbox 876 550 931 599; x_wconf 92' lang='lat' dir='ltr'><strong>et</strong></span> <span class='ocrx_word' id='word_1_24' title='bbox 968 544 1085 612; x_wconf 90' lang='lat' dir='ltr'><strong>ipse</strong></span> <span class='ocrx_word' id='word_1_25' title='bbox 1115 542 1169 596; x_wconf 91' lang='lat' dir='ltr'><strong>in</strong></span> <span class='ocrx_word' id='word_1_26' title='bbox 1203 541 1417 596; x_wconf 89' lang='lat' dir='ltr'><strong>diversa</strong></span> <span class='ocrx_word' id='word_1_27' title='bbox 1455 539 1739 610; x_wconf 82' lang='lat' dir='ltr'><strong>fugitando</strong></span> <span class='ocrx_word' id='word_1_28' title='bbox 1779 555 1837 594; x_wconf 91' lang='lat' dir='ltr'><strong>se</strong></span> <span class='ocrx_word' id='word_1_29' title='bbox 1867 540 1969 594; x_wconf 85' lang='lat' dir='ltr'><strong>sal-</strong></span> 
     </span>
    </p>
   </div>
   <div class='ocr_carea' id='block_1_6' title="bbox 335 627 1968 702">
    <p class='ocr_par' dir='ltr' id='par_1_6' title="bbox 335 627 1968 702">
     <span class='ocr_line' id='line_1_6' title="bbox 335 627 1968 702; baseline -0.006 -11"><span class='ocrx_word' id='word_1_30' title='bbox 335 649 463 691; x_wconf 88' lang='lat' dir='ltr'><strong>vare</strong></span> <span class='ocrx_word' id='word_1_31' title='bbox 518 635 652 689; x_wconf 80' lang='lat' dir='ltr'><strong>satis</strong></span> <span class='ocrx_word' id='word_1_32' title='bbox 706 646 981 702; x_wconf 81' lang='lat' dir='ltr'><strong>superque</strong></span> <span class='ocrx_word' id='word_1_33' title='bbox 1036 632 1286 685; x_wconf 89' lang='lat' dir='ltr'><strong>anxiatus</strong></span> <span class='ocrx_word' id='word_1_34' title='bbox 1340 627 1677 686; x_wconf 90' lang='lat' dir='ltr'><strong>omnifariam</strong></span> <span class='ocrx_word' id='word_1_35' title='bbox 1738 636 1968 698; x_wconf 90' lang='lat' dir='ltr'><strong>pertem-</strong></span> 
     </span>
    </p>
   </div>
   <div class='ocr_carea' id='block_1_7' title="bbox 337 717 1971 794">
    <p class='ocr_par' dir='ltr' id='par_1_7' title="bbox 337 717 1971 794">
     <span class='ocr_line' id='line_1_7' title="bbox 337 717 1971 794; baseline -0.006 -15"><span class='ocrx_word' id='word_1_36' title='bbox 337 725 526 794; x_wconf 90' lang='lat' dir='ltr'><strong>ptavit.</strong></span> <span class='ocrx_word' id='word_1_37' title='bbox 568 725 808 777; x_wconf 79' lang='lat' dir='ltr'><strong>Saxones</strong></span> <span class='ocrx_word' id='word_1_38' title='bbox 845 727 1024 776; x_wconf 88' lang='lat' dir='ltr'><strong>autem</strong></span> <span class='ocrx_word' id='word_1_39' title='bbox 1074 720 1195 788; x_wconf 88' lang='lat' dir='ltr'><strong>plus</strong></span> <span class='ocrx_word' id='word_1_40' title='bbox 1242 731 1401 788; x_wconf 91' lang='lat' dir='ltr'><strong>quam</strong></span> <span class='ocrx_word' id='word_1_41' title='bbox 1452 717 1519 772; x_wconf 87' lang='lat' dir='ltr'><strong>ad</strong></span> <span class='ocrx_word' id='word_1_42' title='bbox 1567 719 1673 772; x_wconf 86' lang='lat' dir='ltr'><strong>tria</strong></span> <span class='ocrx_word' id='word_1_43' title='bbox 1719 717 1971 771; x_wconf 85' lang='lat' dir='ltr'><strong>milliaria</strong></span> 
     </span>
    </p>
   </div>
   <div class='ocr_carea' id='block_1_8' title="bbox 339 808 1970 882">
    <p class='ocr_par' dir='ltr' id='par_1_8' title="bbox 339 808 1970 882">
     <span class='ocr_line' id='line_1_8' title="bbox 339 808 1970 882; baseline -0.005 -13"><span class='ocrx_word' id='word_1_44' title='bbox 339 814 612 882; x_wconf 85' lang='lat' dir='ltr'><strong>persecuti</strong></span> <span class='ocrx_word' id='word_1_45' title='bbox 668 818 797 866; x_wconf 88' lang='lat' dir='ltr'><strong>sunt</strong></span> <span class='ocrx_word' id='word_1_46' title='bbox 851 823 986 874; x_wconf 90' lang='lat' dir='ltr'><strong>eos,</strong></span> <span class='ocrx_word' id='word_1_47' title='bbox 1045 810 1314 863; x_wconf 88' lang='lat' dir='ltr'><strong>instantes</strong></span> <span class='ocrx_word' id='word_1_48' title='bbox 1371 808 1694 878; x_wconf 80' lang='lat' dir='ltr'><strong>pugnaciter</strong></span> <span class='ocrx_word' id='word_1_49' title='bbox 1738 820 1768 861; x_wconf 93' lang='lat' dir='ltr'><strong>a</strong></span> <span class='ocrx_word' id='word_1_50' title='bbox 1815 813 1970 876; x_wconf 90' lang='lat' dir='ltr'><strong>tergo</strong></span> 
     </span>
    </p>
   </div>
   <div class='ocr_carea' id='block_1_9' title="bbox 337 896 1974 972">
    <p class='ocr_par' dir='ltr' id='par_1_9' title="bbox 337 896 1974 972">
     <span class='ocr_line' id='line_1_9' title="bbox 337 896 1974 972; baseline -0.004 -16"><span class='ocrx_word' id='word_1_51' title='bbox 337 901 692 972; x_wconf 83' lang='lat' dir='ltr'><strong>fugientibus.</strong></span> <span class='ocrx_word' id='word_1_52' title='bbox 734 900 849 954; x_wconf 93' lang='lat' dir='ltr'><strong>Illic</strong></span> <span class='ocrx_word' id='word_1_53' title='bbox 879 913 944 954; x_wconf 87' lang='lat' dir='ltr'><strong>ex</strong></span> <span class='ocrx_word' id='word_1_54' title='bbox 975 905 1128 967; x_wconf 88' lang='lat' dir='ltr'><strong>parte</strong></span> <span class='ocrx_word' id='word_1_55' title='bbox 1168 897 1312 967; x_wconf 86' lang='lat' dir='ltr'><strong>regis</strong></span> <span class='ocrx_word' id='word_1_56' title='bbox 1357 897 1600 952; x_wconf 86' lang='lat' dir='ltr'><strong>Heinrici</strong></span> <span class='ocrx_word' id='word_1_57' title='bbox 1638 897 1706 952; x_wconf 92' lang='lat' dir='ltr'><strong>de</strong></span> <span class='ocrx_word' id='word_1_58' title='bbox 1737 896 1974 951; x_wconf 90' lang='lat' dir='ltr'><strong>nobilio-</strong></span> 
     </span>
    </p>
   </div>
   <div class='ocr_carea' id='block_1_10' title="bbox 339 986 1974 1060">
    <p class='ocr_par' dir='ltr' id='par_1_10' title="bbox 339 986 1974 1060">
     <span class='ocr_line' id='line_1_10' title="bbox 339 986 1974 1060; baseline -0.002 -16"><span class='ocrx_word' id='word_1_59' title='bbox 339 991 492 1046; x_wconf 87' lang='lat' dir='ltr'><strong>ribus</strong></span> <span class='ocrx_word' id='word_1_60' title='bbox 545 990 668 1060; x_wconf 91' lang='lat' dir='ltr'><strong>plus</strong></span> <span class='ocrx_word' id='word_1_61' title='bbox 711 1002 871 1058; x_wconf 89' lang='lat' dir='ltr'><strong>quam</strong></span> <span class='ocrx_word' id='word_1_62' title='bbox 930 986 1188 1055; x_wconf 84' lang='lat' dir='ltr'><strong>triginta,</strong></span> <span class='ocrx_word' id='word_1_63' title='bbox 1245 986 1313 1041; x_wconf 86' lang='lat' dir='ltr'><strong>de</strong></span> <span class='ocrx_word' id='word_1_64' title='bbox 1367 986 1673 1041; x_wconf 89' lang='lat' dir='ltr'><strong>minoribus</strong></span> <span class='ocrx_word' id='word_1_65' title='bbox 1723 999 1873 1052; x_wconf 90' lang='lat' dir='ltr'><strong>vero,</strong></span> <span class='ocrx_word' id='word_1_66' title='bbox 1915 991 1974 1040; x_wconf 94' lang='lat' dir='ltr'><strong>ut</strong></span> 
     </span>
    </p>
   </div>
   <div class='ocr_carea' id='block_1_11' title="bbox 338 1073 1970 1146">
    <p class='ocr_par' dir='ltr' id='par_1_11' title="bbox 338 1073 1970 1146">
     <span class='ocr_line' id='line_1_11' title="bbox 338 1073 1970 1146; baseline -0.003 -14"><span class='ocrx_word' id='word_1_67' title='bbox 338 1080 511 1144; x_wconf 88' lang='lat' dir='ltr'><strong>aiunt,</strong></span> <span class='ocrx_word' id='word_1_68' title='bbox 563 1078 631 1132; x_wconf 89' lang='lat' dir='ltr'><strong>ad</strong></span> <span class='ocrx_word' id='word_1_69' title='bbox 679 1077 920 1146; x_wconf 90' lang='lat' dir='ltr'><strong>quinque</strong></span> <span class='ocrx_word' id='word_1_70' title='bbox 967 1074 1136 1129; x_wconf 88' lang='lat' dir='ltr'><strong>millia</strong></span> <span class='ocrx_word' id='word_1_71' title='bbox 1190 1073 1464 1128; x_wconf 87' lang='lat' dir='ltr'><strong>interfecti</strong></span> <span class='ocrx_word' id='word_1_72' title='bbox 1525 1073 1970 1143; x_wconf 90' lang='lat' dir='ltr'><strong>procubuerant;</strong></span> 
     </span>
    </p>
   </div>
   <div class='ocr_carea' id='block_1_12' title="bbox 339 1163 1975 1237">
    <p class='ocr_par' dir='ltr' id='par_1_12' title="bbox 339 1163 1975 1237">
     <span class='ocr_line' id='line_1_12' title="bbox 339 1163 1975 1237; baseline -0.002 -14"><span class='ocrx_word' id='word_1_73' title='bbox 339 1176 393 1223; x_wconf 91' lang='lat' dir='ltr'><strong>et</strong></span> <span class='ocrx_word' id='word_1_74' title='bbox 422 1183 490 1224; x_wconf 88' lang='lat' dir='ltr'><strong>ex</strong></span> <span class='ocrx_word' id='word_1_75' title='bbox 527 1173 679 1237; x_wconf 86' lang='lat' dir='ltr'><strong>parte</strong></span> <span class='ocrx_word' id='word_1_76' title='bbox 726 1165 1036 1220; x_wconf 89' lang='lat' dir='ltr'><strong>adversaria</strong></span> <span class='ocrx_word' id='word_1_77' title='bbox 1067 1164 1136 1219; x_wconf 92' lang='lat' dir='ltr'><strong>de</strong></span> <span class='ocrx_word' id='word_1_78' title='bbox 1183 1164 1490 1218; x_wconf 91' lang='lat' dir='ltr'><strong>minoribus</strong></span> <span class='ocrx_word' id='word_1_79' title='bbox 1540 1167 1747 1217; x_wconf 89' lang='lat' dir='ltr'><strong>tantum</strong></span> <span class='ocrx_word' id='word_1_80' title='bbox 1798 1163 1865 1218; x_wconf 91' lang='lat' dir='ltr'><strong>ad</strong></span> <span class='ocrx_word' id='word_1_81' title='bbox 1904 1163 1975 1219; x_wconf 89' lang='lat'><strong>80</strong></span> 
     </span>
    </p>
   </div>
   <div class='ocr_carea' id='block_1_13' title="bbox 338 1250 1975 1320">
    <p class='ocr_par' dir='ltr' id='par_1_13' title="bbox 338 1250 1975 1320">
     <span class='ocr_line' id='line_1_13' title="bbox 338 1250 1975 1320; baseline -0.003 -8"><span class='ocrx_word' id='word_1_82' title='bbox 338 1258 484 1312; x_wconf 87' lang='lat' dir='ltr'><strong>viros</strong></span> <span class='ocrx_word' id='word_1_83' title='bbox 539 1255 806 1310; x_wconf 87' lang='lat' dir='ltr'><strong>cecidisse</strong></span> <span class='ocrx_word' id='word_1_84' title='bbox 861 1259 1150 1308; x_wconf 83' lang='lat' dir='ltr'><strong>testantur.</strong></span> <span class='ocrx_word' id='word_1_85' title='bbox 1211 1254 1442 1320; x_wconf 92' lang='lat' dir='ltr'><strong>Insuper</strong></span> <span class='ocrx_word' id='word_1_86' title='bbox 1497 1250 1742 1320; x_wconf 84' lang='lat' dir='ltr'><strong>ejusdem</strong></span> <span class='ocrx_word' id='word_1_87' title='bbox 1806 1252 1975 1320; x_wconf 89' lang='lat' dir='ltr'><strong>partis</strong></span> 
     </span>
    </p>
   </div>
   <div class='ocr_carea' id='block_1_14' title="bbox 338 1339 1976 1414">
    <p class='ocr_par' dir='ltr' id='par_1_14' title="bbox 338 1339 1976 1414">
     <span class='ocr_line' id='line_1_14' title="bbox 338 1339 1976 1414; baseline -0.003 -14"><span class='ocrx_word' id='word_1_88' title='bbox 338 1345 401 1376; x_wconf 74' lang='lat'><strong>&#39;“</strong></span> <span class='ocrx_word' id='word_1_89' title='bbox 437 1346 530 1414; x_wconf 92' lang='lat' dir='ltr'><strong>qui</strong></span> <span class='ocrx_word' id='word_1_90' title='bbox 570 1352 774 1414; x_wconf 65' lang='lat' dir='ltr'><strong>praesto</strong></span> <span class='ocrx_word' id='word_1_91' title='bbox 821 1343 1049 1398; x_wconf 87' lang='lat' dir='ltr'><strong>aderant</strong></span> <span class='ocrx_word' id='word_1_92' title='bbox 1093 1341 1361 1410; x_wconf 90' lang='lat' dir='ltr'><strong>episcopi,</strong></span> <span class='ocrx_word' id='word_1_93' title='bbox 1411 1355 1442 1395; x_wconf 88' lang='lat' dir='ltr'><strong>a</strong></span> <span class='ocrx_word' id='word_1_94' title='bbox 1480 1339 1812 1410; x_wconf 85' lang='lat' dir='ltr'><strong>fugientibus</strong></span> <span class='ocrx_word' id='word_1_95' title='bbox 1858 1341 1976 1410; x_wconf 89' lang='lat' dir='ltr'><strong>qui-</strong></span> 
     </span>
    </p>
   </div>
   <div class='ocr_carea' id='block_1_15' title="bbox 340 1429 1977 1498">
    <p class='ocr_par' dir='ltr' id='par_1_15' title="bbox 340 1429 1977 1498">
     <span class='ocr_line' id='line_1_15' title="bbox 340 1429 1977 1498; baseline -0.003 -9"><span class='ocrx_word' id='word_1_96' title='bbox 340 1435 567 1489; x_wconf 84' lang='lat' dir='ltr'><strong>busdam</strong></span> <span class='ocrx_word' id='word_1_97' title='bbox 614 1433 848 1487; x_wconf 91' lang='lat' dir='ltr'><strong>falsariis</strong></span> <span class='ocrx_word' id='word_1_98' title='bbox 893 1431 1080 1485; x_wconf 90' lang='lat' dir='ltr'><strong>audito</strong></span> <span class='ocrx_word' id='word_1_99' title='bbox 1131 1430 1285 1498; x_wconf 88' lang='lat' dir='ltr'><strong>quasi</strong></span> <span class='ocrx_word' id='word_1_100' title='bbox 1347 1444 1442 1484; x_wconf 86' lang='lat' dir='ltr'><strong>rex</strong></span> <span class='ocrx_word' id='word_1_101' title='bbox 1501 1429 1789 1484; x_wconf 86' lang='lat' dir='ltr'><strong>Heinricus</strong></span> <span class='ocrx_word' id='word_1_102' title='bbox 1835 1429 1977 1484; x_wconf 85' lang='lat' dir='ltr'><strong>vice-</strong></span> 
     </span>
    </p>
   </div>
   <div class='ocr_carea' id='block_1_16' title="bbox 339 1518 1970 1589">
    <p class='ocr_par' dir='ltr' id='par_1_16' title="bbox 339 1518 1970 1589">
     <span class='ocr_line' id='line_1_16' title="bbox 339 1518 1970 1589; baseline -0.004 -10"><span class='ocrx_word' id='word_1_103' title='bbox 339 1525 430 1589; x_wconf 88' lang='lat' dir='ltr'><strong>rit,</strong></span> <span class='ocrx_word' id='word_1_104' title='bbox 471 1537 595 1578; x_wconf 92' lang='lat' dir='ltr'><strong>cum</strong></span> <span class='ocrx_word' id='word_1_105' title='bbox 643 1523 758 1576; x_wconf 90' lang='lat' dir='ltr'><strong>suis</strong></span> <span class='ocrx_word' id='word_1_106' title='bbox 806 1522 858 1575; x_wconf 93' lang='lat' dir='ltr'><strong>in</strong></span> <span class='ocrx_word' id='word_1_107' title='bbox 894 1521 1106 1575; x_wconf 88' lang='lat' dir='ltr'><strong>diversa</strong></span> <span class='ocrx_word' id='word_1_108' title='bbox 1137 1518 1406 1589; x_wconf 88' lang='lat' dir='ltr'><strong>fugerant.</strong></span> <span class='ocrx_word' id='word_1_109' title='bbox 1459 1521 1535 1573; x_wconf 85' lang='lat' dir='ltr'><strong>Ex</strong></span> <span class='ocrx_word' id='word_1_110' title='bbox 1564 1520 1764 1588; x_wconf 88' lang='lat' dir='ltr'><strong>quibus</strong></span> <span class='ocrx_word' id='word_1_111' title='bbox 1801 1519 1970 1574; x_wconf 85' lang='lat' dir='ltr'><strong>cardi-</strong></span> 
     </span>
    </p>
   </div>
   <div class='ocr_carea' id='block_1_17' title="bbox 339 1606 1976 1677">
    <p class='ocr_par' dir='ltr' id='par_1_17' title="bbox 339 1606 1976 1677">
     <span class='ocr_line' id='line_1_17' title="bbox 339 1606 1976 1677; baseline -0.004 -11"><span class='ocrx_word' id='word_1_112' title='bbox 339 1613 480 1667; x_wconf 91' lang='lat' dir='ltr'><strong>nalis</strong></span> <span class='ocrx_word' id='word_1_113' title='bbox 527 1612 803 1666; x_wconf 89' lang='lat' dir='ltr'><strong>Romanus</strong></span> <span class='ocrx_word' id='word_1_114' title='bbox 848 1621 971 1664; x_wconf 89' lang='lat' dir='ltr'><strong>cum</strong></span> <span class='ocrx_word' id='word_1_115' title='bbox 1020 1607 1296 1677; x_wconf 89' lang='lat' dir='ltr'><strong>plerisque</strong></span> <span class='ocrx_word' id='word_1_116' title='bbox 1345 1606 1468 1661; x_wconf 89' lang='lat' dir='ltr'><strong>aliis</strong></span> <span class='ocrx_word' id='word_1_117' title='bbox 1514 1608 1648 1661; x_wconf 88' lang='lat' dir='ltr'><strong>satis</strong></span> <span class='ocrx_word' id='word_1_118' title='bbox 1700 1607 1976 1676; x_wconf 89' lang='lat' dir='ltr'><strong>periclita-</strong></span> 
     </span>
    </p>
   </div>
   <div class='ocr_carea' id='block_1_18' title="bbox 337 1695 1977 1766">
    <p class='ocr_par' dir='ltr' id='par_1_18' title="bbox 337 1695 1977 1766">
     <span class='ocr_line' id='line_1_18' title="bbox 337 1695 1977 1766; baseline -0.004 -10"><span class='ocrx_word' id='word_1_119' title='bbox 337 1708 427 1756; x_wconf 86' lang='lat' dir='ltr'><strong>tus</strong></span> <span class='ocrx_word' id='word_1_120' title='bbox 467 1707 568 1761; x_wconf 79' lang='lat' dir='ltr'><strong>est,</strong></span> <span class='ocrx_word' id='word_1_121' title='bbox 610 1712 713 1754; x_wconf 91' lang='lat' dir='ltr'><strong>nec</strong></span> <span class='ocrx_word' id='word_1_122' title='bbox 752 1710 861 1752; x_wconf 90' lang='lat' dir='ltr'><strong>non</strong></span> <span class='ocrx_word' id='word_1_123' title='bbox 900 1712 930 1751; x_wconf 87' lang='lat' dir='ltr'><strong>a</strong></span> <span class='ocrx_word' id='word_1_124' title='bbox 969 1696 1274 1751; x_wconf 89' lang='lat' dir='ltr'><strong>latronibus</strong></span> <span class='ocrx_word' id='word_1_125' title='bbox 1311 1695 1514 1751; x_wconf 88' lang='lat' dir='ltr'><strong>Sclavis</strong></span> <span class='ocrx_word' id='word_1_126' title='bbox 1560 1696 1615 1750; x_wconf 92' lang='lat' dir='ltr'><strong>in</strong></span> <span class='ocrx_word' id='word_1_127' title='bbox 1653 1695 1824 1761; x_wconf 82' lang='lat' dir='ltr'><strong>silvis,</strong></span> <span class='ocrx_word' id='word_1_128' title='bbox 1866 1709 1977 1766; x_wconf 92' lang='lat' dir='ltr'><strong>quo</strong></span> 
     </span>
    </p>
   </div>
   <div class='ocr_carea' id='block_1_19' title="bbox 2051 537 3692 609">
    <p class='ocr_par' dir='ltr' id='par_1_19' title="bbox 2051 537 3692 609">
     <span class='ocr_line' id='line_1_19' title="bbox 2051 537 3692 609; baseline 0 -17"><span class='ocrx_word' id='word_1_129' title='bbox 2051 543 2414 609; x_wconf 88' lang='lat' dir='ltr'><strong>properanter</strong></span> <span class='ocrx_word' id='word_1_130' title='bbox 2453 550 2735 607; x_wconf 86' lang='lat' dir='ltr'><strong>regressus</strong></span> <span class='ocrx_word' id='word_1_131' title='bbox 2778 542 2880 591; x_wconf 92' lang='lat' dir='ltr'><strong>est.</strong></span> <span class='ocrx_word' id='word_1_132' title='bbox 2923 537 3044 606; x_wconf 90' lang='lat' dir='ltr'><strong>Ipse</strong></span> <span class='ocrx_word' id='word_1_133' title='bbox 3073 550 3204 592; x_wconf 90' lang='lat' dir='ltr'><strong>vero</strong></span> <span class='ocrx_word' id='word_1_134' title='bbox 3238 551 3338 592; x_wconf 91' lang='lat' dir='ltr'><strong>nec</strong></span> <span class='ocrx_word' id='word_1_135' title='bbox 3378 538 3568 593; x_wconf 80' lang='lat' dir='ltr'><strong>nonm</strong></span> <span class='ocrx_word' id='word_1_136' title='bbox 3602 540 3692 592; x_wconf 87' lang='lat' dir='ltr'><strong>alii</strong></span> 
     </span>
    </p>
   </div>
   <div class='ocr_carea' id='block_1_20' title="bbox 2052 625 3692 697">
    <p class='ocr_par' dir='ltr' id='par_1_20' title="bbox 2052 625 3692 697">
     <span class='ocr_line' id='line_1_20' title="bbox 2052 625 3692 697; baseline -0.001 -14"><span class='ocrx_word' id='word_1_137' title='bbox 2052 628 2316 696; x_wconf 88' lang='lat' dir='ltr'><strong>deinceps</strong></span> <span class='ocrx_word' id='word_1_138' title='bbox 2372 641 2471 697; x_wconf 87' lang='lat' dir='ltr'><strong>per</strong></span> <span class='ocrx_word' id='word_1_139' title='bbox 2521 626 2706 696; x_wconf 91' lang='lat' dir='ltr'><strong>plures</strong></span> <span class='ocrx_word' id='word_1_140' title='bbox 2762 638 2875 680; x_wconf 86' lang='lat' dir='ltr'><strong>rem</strong></span> <span class='ocrx_word' id='word_1_141' title='bbox 2936 631 3215 694; x_wconf 86' lang='lat' dir='ltr'><strong>gestorum</strong></span> <span class='ocrx_word' id='word_1_142' title='bbox 3273 625 3692 682; x_wconf 87' lang='lat' dir='ltr'><strong>indubitabilem</strong></span> 
     </span>
    </p>
   </div>
   <div class='ocr_carea' id='block_1_21' title="bbox 2053 713 3693 787">
    <p class='ocr_par' dir='ltr' id='par_1_21' title="bbox 2053 713 3693 787">
     <span class='ocr_line' id='line_1_21' title="bbox 2053 713 3693 787; baseline -0.001 -14"><span class='ocrx_word' id='word_1_143' title='bbox 2053 719 2254 774; x_wconf 90' lang='lat' dir='ltr'><strong>domno</strong></span> <span class='ocrx_word' id='word_1_144' title='bbox 2295 732 2450 787; x_wconf 69' lang='lat' dir='ltr'><strong>papa:</strong></span> <span class='ocrx_word' id='word_1_145' title='bbox 2490 717 2837 785; x_wconf 72' lang='lat' dir='ltr'><strong>caeterisque,</strong></span> <span class='ocrx_word' id='word_1_146' title='bbox 2871 713 3171 770; x_wconf 87' lang='lat' dir='ltr'><strong>mendaciis</strong></span> <span class='ocrx_word' id='word_1_147' title='bbox 3210 716 3553 771; x_wconf 91' lang='lat' dir='ltr'><strong>mirabilibus</strong></span> <span class='ocrx_word' id='word_1_148' title='bbox 3583 730 3693 772; x_wconf 92' lang='lat' dir='ltr'><strong>non</strong></span> 
     </span>
    </p>
   </div>
   <div class='ocr_carea' id='block_1_22' title="bbox 2055 802 3692 877">
    <p class='ocr_par' dir='ltr' id='par_1_22' title="bbox 2055 802 3692 877">
     <span class='ocr_line' id='line_1_22' title="bbox 2055 802 3692 877; baseline -0.001 -16"><span class='ocrx_word' id='word_1_149' title='bbox 2055 821 2244 877; x_wconf 88' lang='lat' dir='ltr'><strong>parum</strong></span> <span class='ocrx_word' id='word_1_150' title='bbox 2291 805 2609 861; x_wconf 90' lang='lat' dir='ltr'><strong>nutantibus</strong></span> <span class='ocrx_word' id='word_1_151' title='bbox 2666 818 2729 858; x_wconf 89' lang='lat' dir='ltr'><strong>ac</strong></span> <span class='ocrx_word' id='word_1_152' title='bbox 2786 817 2907 859; x_wconf 90' lang='lat' dir='ltr'><strong>sese</strong></span> <span class='ocrx_word' id='word_1_153' title='bbox 2964 802 3381 871; x_wconf 89' lang='lat' dir='ltr'><strong>desolantibus,</strong></span> <span class='ocrx_word' id='word_1_154' title='bbox 3450 805 3692 860; x_wconf 88' lang='lat' dir='ltr'><strong>seriatim</strong></span> 
     </span>
    </p>
   </div>
   <div class='ocr_carea' id='block_1_23' title="bbox 2056 896 2507 952">
    <p class='ocr_par' dir='ltr' id='par_1_23' title="bbox 2056 896 2507 952">
     <span class='ocr_line' id='line_1_23' title="bbox 2056 896 2507 952; baseline -0.007 -1"><span class='ocrx_word' id='word_1_155' title='bbox 2056 896 2330 952; x_wconf 79' lang='lat' dir='ltr'><strong>testificati</strong></span> <span class='ocrx_word' id='word_1_156' title='bbox 2361 900 2507 950; x_wconf 91' lang='lat' dir='ltr'><strong>sunt.</strong></span> 
     </span>
    </p>
   </div>
   <div class='ocr_carea' id='block_1_24' title="bbox 2125 981 3696 1050">
    <p class='ocr_par' dir='ltr' id='par_1_24' title="bbox 2125 981 3696 1050">
     <span class='ocr_line' id='line_1_24' title="bbox 2125 981 3696 1050; baseline -0.001 -10"><span class='ocrx_word' id='word_1_157' title='bbox 2125 990 2398 1040; x_wconf 82' lang='lat' dir='ltr'><strong>Autumno</strong></span> <span class='ocrx_word' id='word_1_158' title='bbox 2421 982 2621 1037; x_wconf 90' lang='lat' dir='ltr'><strong>dehinc</strong></span> <span class='ocrx_word' id='word_1_159' title='bbox 2643 986 2928 1050; x_wconf 90' lang='lat' dir='ltr'><strong>sequente,</strong></span> <span class='ocrx_word' id='word_1_160' title='bbox 2956 981 3244 1036; x_wconf 85' lang='lat' dir='ltr'><strong>Heinricus</strong></span> <span class='ocrx_word' id='word_1_161' title='bbox 3267 996 3362 1036; x_wconf 89' lang='lat' dir='ltr'><strong>rex</strong></span> <span class='ocrx_word' id='word_1_162' title='bbox 3383 982 3696 1038; x_wconf 89' lang='lat' dir='ltr'><strong>recollectis</strong></span> 
     </span>
    </p>
   </div>
   <div class='ocr_carea' id='block_1_25' title="bbox 2055 1071 3698 1142">
    <p class='ocr_par' dir='ltr' id='par_1_25' title="bbox 2055 1071 3698 1142">
     <span class='ocr_line' id='line_1_25' title="bbox 2055 1071 3698 1142; baseline -0.002 -12"><span class='ocrx_word' id='word_1_163' title='bbox 2055 1075 2435 1142; x_wconf 88' lang='lat' dir='ltr'><strong>undecumque</strong></span> <span class='ocrx_word' id='word_1_164' title='bbox 2467 1072 2643 1141; x_wconf 86' lang='lat' dir='ltr'><strong>copiis</strong></span> <span class='ocrx_word' id='word_1_165' title='bbox 2674 1071 3020 1138; x_wconf 89' lang='lat' dir='ltr'><strong>militaribus,</strong></span> <span class='ocrx_word' id='word_1_166' title='bbox 3054 1072 3250 1126; x_wconf 92' lang='lat' dir='ltr'><strong>iterum</strong></span> <span class='ocrx_word' id='word_1_167' title='bbox 3291 1072 3698 1141; x_wconf 85' lang='lat' dir='ltr'><strong>expeditionem</strong></span> 
     </span>
    </p>
   </div>
   <div class='ocr_carea' id='block_1_26' title="bbox 2057 1159 3699 1234">
    <p class='ocr_par' dir='ltr' id='par_1_26' title="bbox 2057 1159 3699 1234">
     <span class='ocr_line' id='line_1_26' title="bbox 2057 1159 3699 1234; baseline -0.001 -17"><span class='ocrx_word' id='word_1_168' title='bbox 2057 1163 2211 1234; x_wconf 89' lang='lat' dir='ltr'><strong>quasi</strong></span> <span class='ocrx_word' id='word_1_169' title='bbox 2251 1163 2305 1217; x_wconf 93' lang='lat' dir='ltr'><strong>in</strong></span> <span class='ocrx_word' id='word_1_170' title='bbox 2346 1161 2633 1216; x_wconf 88' lang='lat' dir='ltr'><strong>Saxoniam</strong></span> <span class='ocrx_word' id='word_1_171' title='bbox 2673 1159 3011 1215; x_wconf 90' lang='lat' dir='ltr'><strong>simulatorie</strong></span> <span class='ocrx_word' id='word_1_172' title='bbox 3052 1160 3420 1229; x_wconf 88' lang='lat' dir='ltr'><strong>disponebat;</strong></span> <span class='ocrx_word' id='word_1_173' title='bbox 3464 1168 3518 1216; x_wconf 92' lang='lat' dir='ltr'><strong>et</strong></span> <span class='ocrx_word' id='word_1_174' title='bbox 3556 1175 3699 1231; x_wconf 90' lang='lat' dir='ltr'><strong>quos</strong></span> 
     </span>
    </p>
   </div>
   <div class='ocr_carea' id='block_1_27' title="bbox 2057 1250 3698 1318">
    <p class='ocr_par' dir='ltr' id='par_1_27' title="bbox 2057 1250 3698 1318">
     <span class='ocr_line' id='line_1_27' title="bbox 2057 1250 3698 1318; baseline -0.001 -11"><span class='ocrx_word' id='word_1_175' title='bbox 2057 1259 2248 1308; x_wconf 89' lang='lat' dir='ltr'><strong>contra</strong></span> <span class='ocrx_word' id='word_1_176' title='bbox 2313 1254 2554 1307; x_wconf 84' lang='lat' dir='ltr'><strong>Saxones</strong></span> <span class='ocrx_word' id='word_1_177' title='bbox 2617 1250 2897 1318; x_wconf 84' lang='lat' dir='ltr'><strong>adjuratos</strong></span> <span class='ocrx_word' id='word_1_178' title='bbox 2962 1257 3337 1318; x_wconf 85' lang='lat' dir='ltr'><strong>contraxerat,</strong></span> <span class='ocrx_word' id='word_1_179' title='bbox 3406 1251 3698 1306; x_wconf 89' lang='lat' dir='ltr'><strong>maximum</strong></span> 
     </span>
    </p>
   </div>
   <div class='ocr_carea' id='block_1_28' title="bbox 2057 1339 3703 1410">
    <p class='ocr_par' dir='ltr' id='par_1_28' title="bbox 2057 1339 3703 1410">
     <span class='ocr_line' id='line_1_28' title="bbox 2057 1339 3703 1410; baseline 0 -14"><span class='ocrx_word' id='word_1_180' title='bbox 2057 1341 2309 1396; x_wconf 87' lang='lat' dir='ltr'><strong>Roudolli</strong></span> <span class='ocrx_word' id='word_1_181' title='bbox 2357 1339 2504 1410; x_wconf 89' lang='lat' dir='ltr'><strong>regis</strong></span> <span class='ocrx_word' id='word_1_182' title='bbox 2543 1339 2596 1392; x_wconf 92' lang='lat' dir='ltr'><strong>in</strong></span> <span class='ocrx_word' id='word_1_183' title='bbox 2629 1353 2917 1394; x_wconf 90' lang='lat' dir='ltr'><strong>occursum</strong></span> <span class='ocrx_word' id='word_1_184' title='bbox 2957 1339 3062 1394; x_wconf 90' lang='lat' dir='ltr'><strong>sibi</strong></span> <span class='ocrx_word' id='word_1_185' title='bbox 3103 1340 3506 1410; x_wconf 89' lang='lat' dir='ltr'><strong>pugnacissime</strong></span> <span class='ocrx_word' id='word_1_186' title='bbox 3543 1354 3703 1396; x_wconf 86' lang='lat' dir='ltr'><strong>exer-</strong></span> 
     </span>
    </p>
   </div>
   <div class='ocr_carea' id='block_1_29' title="bbox 2057 1428 3701 1497">
    <p class='ocr_par' dir='ltr' id='par_1_29' title="bbox 2057 1428 3701 1497">
     <span class='ocr_line' id='line_1_29' title="bbox 2057 1428 3701 1497; baseline 0 -13"><span class='ocrx_word' id='word_1_187' title='bbox 2057 1430 2223 1484; x_wconf 91' lang='lat' dir='ltr'><strong>citum</strong></span> <span class='ocrx_word' id='word_1_188' title='bbox 2271 1428 2619 1497; x_wconf 90' lang='lat' dir='ltr'><strong>comperiens</strong></span> <span class='ocrx_word' id='word_1_189' title='bbox 2665 1428 2973 1493; x_wconf 90' lang='lat' dir='ltr'><strong>advenisse,</strong></span> <span class='ocrx_word' id='word_1_190' title='bbox 3025 1428 3079 1483; x_wconf 92' lang='lat' dir='ltr'><strong>in</strong></span> <span class='ocrx_word' id='word_1_191' title='bbox 3127 1429 3499 1484; x_wconf 85' lang='lat' dir='ltr'><strong>Alemanniam</strong></span> <span class='ocrx_word' id='word_1_192' title='bbox 3535 1430 3701 1484; x_wconf 88' lang='lat' dir='ltr'><strong>deva-</strong></span> 
     </span>
    </p>
   </div>
   <div class='ocr_carea' id='block_1_30' title="bbox 2056 1516 2922 1586">
    <p class='ocr_par' dir='ltr' id='par_1_30' title="bbox 2056 1516 2922 1586">
     <span class='ocr_line' id='line_1_30' title="bbox 2056 1516 2922 1586; baseline -0.003 -12"><span class='ocrx_word' id='word_1_193' title='bbox 2056 1518 2302 1574; x_wconf 86' lang='lat' dir='ltr'><strong>standam</strong></span> <span class='ocrx_word' id='word_1_194' title='bbox 2330 1519 2581 1586; x_wconf 86' lang='lat' dir='ltr'><strong>perjuros</strong></span> <span class='ocrx_word' id='word_1_195' title='bbox 2611 1516 2922 1572; x_wconf 88' lang='lat' dir='ltr'><strong>induxerat.</strong></span> 
     </span>
    </p>
   </div>
   <div class='ocr_carea' id='block_1_31' title="bbox 2128 1605 3696 1676">
    <p class='ocr_par' dir='ltr' id='par_1_31' title="bbox 2128 1605 3696 1676">
     <span class='ocr_line' id='line_1_31' title="bbox 2128 1605 3696 1676; baseline 0.001 -14"><span class='ocrx_word' id='word_1_196' title='bbox 2128 1607 2244 1663; x_wconf 92' lang='lat' dir='ltr'><strong>Illic</strong></span> <span class='ocrx_word' id='word_1_197' title='bbox 2301 1605 2552 1676; x_wconf 89' lang='lat' dir='ltr'><strong>pessimis</strong></span> <span class='ocrx_word' id='word_1_198' title='bbox 2604 1605 2960 1676; x_wconf 65' lang='lat' dir='ltr'><strong>praedonibus</strong></span> <span class='ocrx_word' id='word_1_199' title='bbox 3007 1613 3061 1661; x_wconf 92' lang='lat' dir='ltr'><strong>et</strong></span> <span class='ocrx_word' id='word_1_200' title='bbox 3115 1607 3582 1663; x_wconf 89' lang='lat' dir='ltr'><strong>inhumanissimis</strong></span> <span class='ocrx_word' id='word_1_201' title='bbox 3625 1607 3696 1664; x_wconf 90' lang='lat' dir='ltr'><strong>de</strong></span> 
     </span>
    </p>
   </div>
   <div class='ocr_carea' id='block_1_32' title="bbox 2057 1694 3697 1766">
    <p class='ocr_par' dir='ltr' id='par_1_32' title="bbox 2057 1694 3697 1766">
     <span class='ocr_line' id='line_1_32' title="bbox 2057 1694 3697 1766; baseline 0.001 -14"><span class='ocrx_word' id='word_1_202' title='bbox 2057 1697 2303 1762; x_wconf 90' lang='lat' dir='ltr'><strong>Boemia,</strong></span> <span class='ocrx_word' id='word_1_203' title='bbox 2363 1694 2652 1766; x_wconf 88' lang='lat' dir='ltr'><strong>Pagoaria,</strong></span> <span class='ocrx_word' id='word_1_204' title='bbox 2710 1695 3047 1766; x_wconf 89' lang='lat' dir='ltr'><strong>Burgundia,</strong></span> <span class='ocrx_word' id='word_1_205' title='bbox 3109 1697 3362 1762; x_wconf 84' lang='lat' dir='ltr'><strong>Francia,</strong></span> <span class='ocrx_word' id='word_1_206' title='bbox 3425 1711 3527 1752; x_wconf 91' lang='lat' dir='ltr'><strong>nec</strong></span> <span class='ocrx_word' id='word_1_207' title='bbox 3586 1711 3697 1753; x_wconf 94' lang='lat' dir='ltr'><strong>non</strong></span> 
     </span>
    </p>
   </div>
   <div class='ocr_carea' id='block_1_33' title="bbox 341 1781 3697 1856">
    <p class='ocr_par' dir='ltr' id='par_1_33' title="bbox 341 1781 3697 1856">
     <span class='ocr_line' id='line_1_33' title="bbox 341 1781 3697 1856; baseline -0 -13"><span class='ocrx_word' id='word_1_208' title='bbox 341 1789 624 1843; x_wconf 89' lang='lat' dir='ltr'><strong>latibulum</strong></span> <span class='ocrx_word' id='word_1_209' title='bbox 655 1787 995 1856; x_wconf 69' lang='lat' dir='ltr'><strong>quaerebant,</strong></span> <span class='ocrx_word' id='word_1_210' title='bbox 1019 1787 1313 1854; x_wconf 82' lang='lat' dir='ltr'><strong>episcOpus</strong></span> <span class='ocrx_word' id='word_1_211' title='bbox 1343 1785 1896 1855; x_wconf 71' lang='lat' dir='ltr'><strong>I’arthenopolitanus</strong></span> <span class='ocrx_word' id='word_1_212' title='bbox 1914 1781 2037 1837; x_wconf 66' lang='grc' dir='ltr'><strong>ΜΒ</strong></span> <span class='ocrx_word' id='word_1_213' title='bbox 2057 1799 2416 1856; x_wconf 89' lang='lat' dir='ltr'><strong>quoscunque</strong></span> <span class='ocrx_word' id='word_1_214' title='bbox 2465 1790 2682 1854; x_wconf 89' lang='lat' dir='ltr'><strong>poterat</strong></span> <span class='ocrx_word' id='word_1_215' title='bbox 2728 1785 2796 1840; x_wconf 91' lang='lat' dir='ltr'><strong>de</strong></span> <span class='ocrx_word' id='word_1_216' title='bbox 2847 1785 2965 1855; x_wconf 92' lang='lat' dir='ltr'><strong>ipsa</strong></span> <span class='ocrx_word' id='word_1_217' title='bbox 3011 1785 3330 1841; x_wconf 83' lang='lat' dir='ltr'><strong>Alemannia</strong></span> <span class='ocrx_word' id='word_1_218' title='bbox 3385 1787 3697 1850; x_wconf 89' lang='lat' dir='ltr'><strong>conductis,</strong></span> 
     </span>
    </p>
   </div>
   <div class='ocr_carea' id='block_1_34' title="bbox 341 1874 1980 1946">
    <p class='ocr_par' dir='ltr' id='par_1_34' title="bbox 341 1874 1980 1946">
     <span class='ocr_line' id='line_1_34' title="bbox 341 1874 1980 1946; baseline -0.001 -15"><span class='ocrx_word' id='word_1_219' title='bbox 341 1877 542 1946; x_wconf 82' lang='lat' dir='ltr'><strong>sagitta</strong></span> <span class='ocrx_word' id='word_1_220' title='bbox 589 1890 884 1945; x_wconf 89' lang='lat' dir='ltr'><strong>percussus</strong></span> <span class='ocrx_word' id='word_1_221' title='bbox 931 1882 1034 1939; x_wconf 89' lang='lat' dir='ltr'><strong>est,</strong></span> <span class='ocrx_word' id='word_1_222' title='bbox 1085 1874 1592 1929; x_wconf 84' lang='lat' dir='ltr'><strong>Baderbrunnensis</strong></span> <span class='ocrx_word' id='word_1_223' title='bbox 1639 1881 1831 1942; x_wconf 86' lang='lat' dir='ltr'><strong>captus</strong></span> <span class='ocrx_word' id='word_1_224' title='bbox 1888 1889 1980 1929; x_wconf 86' lang='lat' dir='ltr'><strong>ex-</strong></span> 
     </span>
    </p>
   </div>
   <div class='ocr_carea' id='block_1_35' title="bbox 339 1963 1979 2036">
    <p class='ocr_par' dir='ltr' id='par_1_35' title="bbox 339 1963 1979 2036">
     <span class='ocr_line' id='line_1_35' title="bbox 339 1963 1979 2036; baseline -0.002 -16"><span class='ocrx_word' id='word_1_225' title='bbox 339 1967 608 2036; x_wconf 89' lang='lat' dir='ltr'><strong>spoliatus</strong></span> <span class='ocrx_word' id='word_1_226' title='bbox 654 1972 708 2020; x_wconf 86' lang='lat' dir='ltr'><strong>et</strong></span> <span class='ocrx_word' id='word_1_227' title='bbox 756 1964 923 2019; x_wconf 91' lang='lat' dir='ltr'><strong>ferme</strong></span> <span class='ocrx_word' id='word_1_228' title='bbox 972 1963 1151 2018; x_wconf 92' lang='lat' dir='ltr'><strong>nudus</strong></span> <span class='ocrx_word' id='word_1_229' title='bbox 1190 1963 1428 2033; x_wconf 81' lang='lat' dir='ltr'><strong>profugit</strong></span> <span class='ocrx_word' id='word_1_230' title='bbox 1468 1963 1535 2017; x_wconf 91' lang='lat' dir='ltr'><strong>ab</strong></span> <span class='ocrx_word' id='word_1_231' title='bbox 1565 1963 1680 2029; x_wconf 89' lang='lat' dir='ltr'><strong>eis;</strong></span> <span class='ocrx_word' id='word_1_232' title='bbox 1730 1969 1786 2017; x_wconf 89' lang='lat' dir='ltr'><strong>et</strong></span> <span class='ocrx_word' id='word_1_233' title='bbox 1816 1964 1979 2017; x_wconf 80' lang='lat' dir='ltr'><strong>Wor-</strong></span> 
     </span>
    </p>
   </div>
   <div class='ocr_carea' id='block_1_36' title="bbox 342 2053 1979 2123">
    <p class='ocr_par' dir='ltr' id='par_1_36' title="bbox 342 2053 1979 2123">
     <span class='ocr_line' id='line_1_36' title="bbox 342 2053 1979 2123; baseline -0.003 -12"><span class='ocrx_word' id='word_1_234' title='bbox 342 2055 622 2111; x_wconf 90' lang='lat' dir='ltr'><strong>matiensis</strong></span> <span class='ocrx_word' id='word_1_235' title='bbox 671 2055 858 2110; x_wconf 91' lang='lat' dir='ltr'><strong>itidem</strong></span> <span class='ocrx_word' id='word_1_236' title='bbox 908 2061 1122 2123; x_wconf 90' lang='lat' dir='ltr'><strong>captus,</strong></span> <span class='ocrx_word' id='word_1_237' title='bbox 1173 2054 1288 2122; x_wconf 87' lang='lat' dir='ltr'><strong>regi</strong></span> <span class='ocrx_word' id='word_1_238' title='bbox 1339 2053 1597 2108; x_wconf 82' lang='lat' dir='ltr'><strong>Heinrico</strong></span> <span class='ocrx_word' id='word_1_239' title='bbox 1645 2066 1766 2107; x_wconf 92' lang='lat' dir='ltr'><strong>cum</strong></span> <span class='ocrx_word' id='word_1_240' title='bbox 1816 2053 1979 2106; x_wconf 91' lang='lat' dir='ltr'><strong>Heri-</strong></span> 
     </span>
    </p>
   </div>
   <div class='ocr_carea' id='block_1_37' title="bbox 342 2142 1980 2212">
    <p class='ocr_par' dir='ltr' id='par_1_37' title="bbox 342 2142 1980 2212">
     <span class='ocr_line' id='line_1_37' title="bbox 342 2142 1980 2212; baseline -0.003 -12"><span class='ocrx_word' id='word_1_241' title='bbox 342 2158 539 2200; x_wconf 90' lang='lat' dir='ltr'><strong>manno</strong></span> <span class='ocrx_word' id='word_1_242' title='bbox 580 2143 750 2200; x_wconf 89' lang='lat' dir='ltr'><strong>nobili</strong></span> <span class='ocrx_word' id='word_1_243' title='bbox 781 2142 1018 2212; x_wconf 88' lang='lat' dir='ltr'><strong>quodam</strong></span> <span class='ocrx_word' id='word_1_244' title='bbox 1068 2142 1266 2197; x_wconf 90' lang='lat' dir='ltr'><strong>comite</strong></span> <span class='ocrx_word' id='word_1_245' title='bbox 1316 2142 1660 2197; x_wconf 89' lang='lat' dir='ltr'><strong>contraditus</strong></span> <span class='ocrx_word' id='word_1_246' title='bbox 1689 2149 1793 2196; x_wconf 91' lang='lat' dir='ltr'><strong>est.</strong></span> <span class='ocrx_word' id='word_1_247' title='bbox 1843 2143 1980 2196; x_wconf 90' lang='lat' dir='ltr'><strong>Pro-</strong></span> 
     </span>
    </p>
   </div>
   <div class='ocr_carea' id='block_1_38' title="bbox 341 2229 1976 2304">
    <p class='ocr_par' dir='ltr' id='par_1_38' title="bbox 341 2229 1976 2304">
     <span class='ocr_line' id='line_1_38' title="bbox 341 2229 1976 2304; baseline -0.004 -16"><span class='ocrx_word' id='word_1_248' title='bbox 341 2233 541 2304; x_wconf 88' lang='lat' dir='ltr'><strong>fligatis</strong></span> <span class='ocrx_word' id='word_1_249' title='bbox 568 2232 632 2264; x_wconf 76' lang='grc'><strong>⁸⁸⁵</strong></span> <span class='ocrx_word' id='word_1_250' title='bbox 669 2239 849 2288; x_wconf 89' lang='lat' dir='ltr'><strong>autem</strong></span> <span class='ocrx_word' id='word_1_251' title='bbox 899 2238 954 2286; x_wconf 91' lang='lat' dir='ltr'><strong>et</strong></span> <span class='ocrx_word' id='word_1_252' title='bbox 1001 2229 1305 2286; x_wconf 85' lang='lat' dir='ltr'><strong>interfectis</strong></span> <span class='ocrx_word' id='word_1_253' title='bbox 1351 2238 1434 2286; x_wconf 92' lang='lat' dir='ltr'><strong>tot</strong></span> <span class='ocrx_word' id='word_1_254' title='bbox 1480 2231 1720 2286; x_wconf 82' lang='lat' dir='ltr'><strong>hostium</strong></span> <span class='ocrx_word' id='word_1_255' title='bbox 1763 2229 1976 2294; x_wconf 90' lang='lat' dir='ltr'><strong>turmis,</strong></span> 
     </span>
    </p>
   </div>
   <div class='ocr_carea' id='block_1_39' title="bbox 339 2319 1979 2389">
    <p class='ocr_par' dir='ltr' id='par_1_39' title="bbox 339 2319 1979 2389">
     <span class='ocr_line' id='line_1_39' title="bbox 339 2319 1979 2389; baseline -0.002 -14"><span class='ocrx_word' id='word_1_256' title='bbox 339 2322 582 2377; x_wconf 83' lang='lat' dir='ltr'><strong>Saxones</strong></span> <span class='ocrx_word' id='word_1_257' title='bbox 610 2321 861 2376; x_wconf 67' lang='lat' dir='ltr'><strong>laetantcr</strong></span> <span class='ocrx_word' id='word_1_258' title='bbox 899 2319 966 2374; x_wconf 90' lang='lat' dir='ltr'><strong>ad</strong></span> <span class='ocrx_word' id='word_1_259' title='bbox 1008 2319 1186 2374; x_wconf 93' lang='lat' dir='ltr'><strong>locum</strong></span> <span class='ocrx_word' id='word_1_260' title='bbox 1229 2320 1418 2388; x_wconf 62' lang='lat' dir='ltr'><strong>prima;</strong></span> <span class='ocrx_word' id='word_1_261' title='bbox 1458 2319 1586 2374; x_wconf 90' lang='lat' dir='ltr'><strong>belli</strong></span> <span class='ocrx_word' id='word_1_262' title='bbox 1627 2319 1979 2389; x_wconf 85' lang='lat' dir='ltr'><strong>congressio-</strong></span> 
     </span>
    </p>
   </div>
   <div class='ocr_carea' id='block_1_40' title="bbox 341 2407 1982 2475">
    <p class='ocr_par' dir='ltr' id='par_1_40' title="bbox 341 2407 1982 2475">
     <span class='ocr_line' id='line_1_40' title="bbox 341 2407 1982 2475; baseline -0.002 -12"><span class='ocrx_word' id='word_1_263' title='bbox 341 2410 427 2464; x_wconf 92' lang='lat' dir='ltr'><strong>nis</strong></span> <span class='ocrx_word' id='word_1_264' title='bbox 470 2416 525 2464; x_wconf 89' lang='lat' dir='ltr'><strong>et</strong></span> <span class='ocrx_word' id='word_1_265' title='bbox 572 2410 640 2464; x_wconf 88' lang='lat' dir='ltr'><strong>ad</strong></span> <span class='ocrx_word' id='word_1_266' title='bbox 685 2415 864 2464; x_wconf 88' lang='lat' dir='ltr'><strong>castra</strong></span> <span class='ocrx_word' id='word_1_267' title='bbox 911 2422 1008 2463; x_wconf 91' lang='lat' dir='ltr'><strong>sua</strong></span> <span class='ocrx_word' id='word_1_268' title='bbox 1054 2408 1489 2462; x_wconf 88' lang='lat' dir='ltr'><strong>revertebantur.</strong></span> <span class='ocrx_word' id='word_1_269' title='bbox 1542 2407 1732 2475; x_wconf 89' lang='lat' dir='ltr'><strong>Ibique</strong></span> <span class='ocrx_word' id='word_1_270' title='bbox 1783 2418 1982 2474; x_wconf 91' lang='lat' dir='ltr'><strong>perno-</strong></span> 
     </span>
    </p>
   </div>
   <div class='ocr_carea' id='block_1_41' title="bbox 339 2495 1976 2564">
    <p class='ocr_par' dir='ltr' id='par_1_41' title="bbox 339 2495 1976 2564">
     <span class='ocr_line' id='line_1_41' title="bbox 339 2495 1976 2564; baseline -0.002 -10"><span class='ocrx_word' id='word_1_271' title='bbox 339 2505 572 2564; x_wconf 91' lang='lat' dir='ltr'><strong>ctantes,</strong></span> <span class='ocrx_word' id='word_1_272' title='bbox 604 2498 660 2552; x_wconf 92' lang='lat' dir='ltr'><strong>in</strong></span> <span class='ocrx_word' id='word_1_273' title='bbox 707 2498 1004 2552; x_wconf 87' lang='lat' dir='ltr'><strong>crastinum</strong></span> <span class='ocrx_word' id='word_1_274' title='bbox 1053 2496 1288 2551; x_wconf 90' lang='lat' dir='ltr'><strong>consilio</strong></span> <span class='ocrx_word' id='word_1_275' title='bbox 1331 2509 1452 2550; x_wconf 91' lang='lat' dir='ltr'><strong>cum</strong></span> <span class='ocrx_word' id='word_1_276' title='bbox 1503 2509 1631 2564; x_wconf 88' lang='lat' dir='ltr'><strong>rege</strong></span> <span class='ocrx_word' id='word_1_277' title='bbox 1679 2508 1778 2550; x_wconf 91' lang='lat' dir='ltr'><strong>suo</strong></span> <span class='ocrx_word' id='word_1_278' title='bbox 1819 2495 1976 2560; x_wconf 89' lang='lat' dir='ltr'><strong>inito,</strong></span> 
     </span>
    </p>
   </div>
   <div class='ocr_carea' id='block_1_42' title="bbox 341 2584 1982 2658">
    <p class='ocr_par' dir='ltr' id='par_1_42' title="bbox 341 2584 1982 2658">
     <span class='ocr_line' id='line_1_42' title="bbox 341 2584 1982 2658; baseline -0.002 -15"><span class='ocrx_word' id='word_1_279' title='bbox 341 2597 396 2642; x_wconf 90' lang='lat' dir='ltr'><strong>et</strong></span> <span class='ocrx_word' id='word_1_280' title='bbox 438 2591 563 2658; x_wconf 89' lang='lat' dir='ltr'><strong>jure</strong></span> <span class='ocrx_word' id='word_1_281' title='bbox 614 2587 793 2658; x_wconf 88' lang='lat' dir='ltr'><strong>legum</strong></span> <span class='ocrx_word' id='word_1_282' title='bbox 831 2600 1074 2652; x_wconf 91' lang='lat' dir='ltr'><strong>suarum,</strong></span> <span class='ocrx_word' id='word_1_283' title='bbox 1108 2599 1177 2640; x_wconf 90' lang='lat' dir='ltr'><strong>ne</strong></span> <span class='ocrx_word' id='word_1_284' title='bbox 1225 2585 1360 2654; x_wconf 90' lang='lat' dir='ltr'><strong>ipsis</strong></span> <span class='ocrx_word' id='word_1_285' title='bbox 1398 2585 1452 2640; x_wconf 91' lang='lat' dir='ltr'><strong>in</strong></span> <span class='ocrx_word' id='word_1_286' title='bbox 1502 2584 1648 2640; x_wconf 91' lang='lat' dir='ltr'><strong>bello</strong></span> <span class='ocrx_word' id='word_1_287' title='bbox 1679 2585 1982 2640; x_wconf 87' lang='lat' dir='ltr'><strong>victoribus</strong></span> 
     </span>
    </p>
   </div>
   <div class='ocr_carea' id='block_1_43' title="bbox 342 2674 1978 2748">
    <p class='ocr_par' dir='ltr' id='par_1_43' title="bbox 342 2674 1978 2748">
     <span class='ocr_line' id='line_1_43' title="bbox 342 2674 1978 2748; baseline -0.002 -17"><span class='ocrx_word' id='word_1_288' title='bbox 342 2675 803 2748; x_wconf 83' lang='lat' dir='ltr'><strong>progrediendum</strong></span> <span class='ocrx_word' id='word_1_289' title='bbox 852 2681 998 2731; x_wconf 86' lang='lat' dir='ltr'><strong>esset</strong></span> <span class='ocrx_word' id='word_1_290' title='bbox 1029 2675 1294 2740; x_wconf 82' lang='lat' dir='ltr'><strong>ulterius,</strong></span> <span class='ocrx_word' id='word_1_291' title='bbox 1346 2674 1413 2728; x_wconf 91' lang='lat' dir='ltr'><strong>ab</strong></span> <span class='ocrx_word' id='word_1_292' title='bbox 1462 2674 1583 2742; x_wconf 88' lang='lat' dir='ltr'><strong>ipso</strong></span> <span class='ocrx_word' id='word_1_293' title='bbox 1631 2678 1881 2742; x_wconf 89' lang='lat' dir='ltr'><strong>accepto,</strong></span> <span class='ocrx_word' id='word_1_294' title='bbox 1924 2675 1978 2728; x_wconf 91' lang='lat' dir='ltr'><strong>in</strong></span> 
     </span>
    </p>
   </div>
   <div class='ocr_carea' id='block_1_44' title="bbox 339 2761 1980 2833">
    <p class='ocr_par' dir='ltr' id='par_1_44' title="bbox 339 2761 1980 2833">
     <span class='ocr_line' id='line_1_44' title="bbox 339 2761 1980 2833; baseline -0.004 -11"><span class='ocrx_word' id='word_1_295' title='bbox 339 2766 627 2822; x_wconf 88' lang='lat' dir='ltr'><strong>Saxoniam</strong></span> <span class='ocrx_word' id='word_1_296' title='bbox 664 2779 816 2819; x_wconf 90' lang='lat' dir='ltr'><strong>suam</strong></span> <span class='ocrx_word' id='word_1_297' title='bbox 856 2778 979 2820; x_wconf 91' lang='lat' dir='ltr'><strong>cum</strong></span> <span class='ocrx_word' id='word_1_298' title='bbox 1018 2762 1263 2833; x_wconf 89' lang='lat' dir='ltr'><strong>tripudio</strong></span> <span class='ocrx_word' id='word_1_299' title='bbox 1309 2763 1501 2832; x_wconf 90' lang='lat' dir='ltr'><strong>grandi</strong></span> <span class='ocrx_word' id='word_1_300' title='bbox 1551 2761 1980 2830; x_wconf 89' lang='lat' dir='ltr'><strong>triumphatores</strong></span> 
     </span>
    </p>
   </div>
   <div class='ocr_carea' id='block_1_45' title="bbox 343 2854 676 2910">
    <p class='ocr_par' dir='ltr' id='par_1_45' title="bbox 343 2854 676 2910">
     <span class='ocr_line' id='line_1_45' title="bbox 343 2854 676 2910; baseline 0 -1"><span class='ocrx_word' id='word_1_301' title='bbox 343 2854 676 2910; x_wconf 89' lang='lat' dir='ltr'><strong>remeabant.</strong></span> 
     </span>
    </p>
   </div>
   <div class='ocr_carea' id='block_1_46' title="bbox 412 2939 1982 3009">
    <p class='ocr_par' dir='ltr' id='par_1_46' title="bbox 412 2939 1982 3009">
     <span class='ocr_line' id='line_1_46' title="bbox 412 2939 1982 3009; baseline -0.003 -11"><span class='ocrx_word' id='word_1_302' title='bbox 412 2946 526 2998; x_wconf 88' lang='lat' dir='ltr'><strong>Rex</strong></span> <span class='ocrx_word' id='word_1_303' title='bbox 556 2950 736 2998; x_wconf 88' lang='lat' dir='ltr'><strong>autem</strong></span> <span class='ocrx_word' id='word_1_304' title='bbox 777 2940 1066 2997; x_wconf 83' lang='lat' dir='ltr'><strong>l-ieinricus</strong></span> <span class='ocrx_word' id='word_1_305' title='bbox 1097 2941 1304 3009; x_wconf 90' lang='lat' dir='ltr'><strong>absque</strong></span> <span class='ocrx_word' id='word_1_306' title='bbox 1343 2953 1495 2994; x_wconf 92' lang='lat' dir='ltr'><strong>mora</strong></span> <span class='ocrx_word' id='word_1_307' title='bbox 1543 2939 1857 3008; x_wconf 84' lang='lat' dir='ltr'><strong>Pagoariam</strong></span> <span class='ocrx_word' id='word_1_308' title='bbox 1891 2953 1982 2993; x_wconf 92' lang='lat' dir='ltr'><strong>us-</strong></span> 
     </span>
    </p>
   </div>
   <div class='ocr_carea' id='block_1_47' title="bbox 337 3027 1980 3102">
    <p class='ocr_par' dir='ltr' id='par_1_47' title="bbox 337 3027 1980 3102">
     <span class='ocr_line' id='line_1_47' title="bbox 337 3027 1980 3102; baseline -0.002 -15"><span class='ocrx_word' id='word_1_309' title='bbox 337 3047 444 3102; x_wconf 91' lang='lat' dir='ltr'><strong>que</strong></span> <span class='ocrx_word' id='word_1_310' title='bbox 494 3031 866 3101; x_wconf 88' lang='lat' dir='ltr'><strong>pertenderat.</strong></span> <span class='ocrx_word' id='word_1_311' title='bbox 916 3032 1035 3085; x_wconf 88' lang='lat' dir='ltr'><strong>Non</strong></span> <span class='ocrx_word' id='word_1_312' title='bbox 1086 3029 1365 3084; x_wconf 89' lang='lat' dir='ltr'><strong>minimum</strong></span> <span class='ocrx_word' id='word_1_313' title='bbox 1395 3027 1458 3060; x_wconf 73' lang='grc'><strong>³⁸⁷</strong></span> <span class='ocrx_word' id='word_1_314' title='bbox 1507 3029 1734 3098; x_wconf 89' lang='lat' dir='ltr'><strong>quippe,</strong></span> <span class='ocrx_word' id='word_1_315' title='bbox 1770 3029 1864 3097; x_wconf 91' lang='lat' dir='ltr'><strong>qui</strong></span> <span class='ocrx_word' id='word_1_316' title='bbox 1913 3044 1980 3084; x_wconf 88' lang='lat' dir='ltr'><strong>ex</strong></span> 
     </span>
    </p>
   </div>
   <div class='ocr_carea' id='block_1_48' title="bbox 343 3097 2040 3190">
    <p class='ocr_par' dir='ltr' id='par_1_48' title="bbox 343 3097 2040 3190">
     <span class='ocr_line' id='line_1_48' title="bbox 343 3097 2040 3190; baseline -0.002 -15"><span class='ocrx_word' id='word_1_317' title='bbox 343 3097 445 3176; x_wconf 74' lang='lat' dir='ltr'><strong>ista</strong></span> <span class='ocrx_word' id='word_1_318' title='bbox 484 3097 638 3190; x_wconf 82' lang='lat' dir='ltr'><strong>parte</strong></span> <span class='ocrx_word' id='word_1_319' title='bbox 668 3121 787 3189; x_wconf 88' lang='lat' dir='ltr'><strong>ipsa</strong></span> <span class='ocrx_word' id='word_1_320' title='bbox 815 3119 903 3174; x_wconf 92' lang='lat' dir='ltr'><strong>die</strong></span> <span class='ocrx_word' id='word_1_321' title='bbox 931 3133 1054 3173; x_wconf 88' lang='lat' dir='ltr'><strong>cum</strong></span> <span class='ocrx_word' id='word_1_322' title='bbox 1093 3121 1424 3173; x_wconf 88' lang='lat' dir='ltr'><strong>Francorum</strong></span> <span class='ocrx_word' id='word_1_323' title='bbox 1467 3097 1770 3186; x_wconf 86' lang='lat' dir='ltr'><strong>conjuratis</strong></span> <span class='ocrx_word' id='word_1_324' title='bbox 1799 3097 2040 3173; x_wconf 77' lang='lat' dir='ltr'><strong>cente-C</strong></span> 
     </span>
    </p>
   </div>
   <div class='ocr_carea' id='block_1_49' title="bbox 342 3206 1980 3276">
    <p class='ocr_par' dir='ltr' id='par_1_49' title="bbox 342 3206 1980 3276">
     <span class='ocr_line' id='line_1_49' title="bbox 342 3206 1980 3276; baseline -0.002 -12"><span class='ocrx_word' id='word_1_325' title='bbox 342 3210 514 3264; x_wconf 90' lang='lat' dir='ltr'><strong>nariis</strong></span> <span class='ocrx_word' id='word_1_326' title='bbox 541 3209 688 3264; x_wconf 89' lang='lat' dir='ltr'><strong>bello</strong></span> <span class='ocrx_word' id='word_1_327' title='bbox 718 3207 1011 3263; x_wconf 88' lang='lat' dir='ltr'><strong>durissimo</strong></span> <span class='ocrx_word' id='word_1_328' title='bbox 1041 3207 1264 3262; x_wconf 89' lang='lat' dir='ltr'><strong>omnino</strong></span> <span class='ocrx_word' id='word_1_329' title='bbox 1297 3206 1599 3276; x_wconf 87' lang='lat' dir='ltr'><strong>profligatis</strong></span> <span class='ocrx_word' id='word_1_330' title='bbox 1627 3213 1681 3260; x_wconf 91' lang='lat' dir='ltr'><strong>et</strong></span> <span class='ocrx_word' id='word_1_331' title='bbox 1720 3207 1980 3262; x_wconf 81' lang='lat' dir='ltr'><strong>eunuchi-</strong></span> 
     </span>
    </p>
   </div>
   <div class='ocr_carea' id='block_1_50' title="bbox 343 3295 1978 3362">
    <p class='ocr_par' dir='ltr' id='par_1_50' title="bbox 343 3295 1978 3362">
     <span class='ocr_line' id='line_1_50' title="bbox 343 3295 1978 3362; baseline -0.002 -8"><span class='ocrx_word' id='word_1_332' title='bbox 343 3299 477 3354; x_wconf 87' lang='lat' dir='ltr'><strong>zatis</strong></span> <span class='ocrx_word' id='word_1_333' title='bbox 505 3297 839 3354; x_wconf 89' lang='lat' dir='ltr'><strong>dimicabant</strong></span> <span class='ocrx_word' id='word_1_334' title='bbox 855 3296 937 3362; x_wconf 75' lang='grc'><strong>²⁶⁸,</strong></span> <span class='ocrx_word' id='word_1_335' title='bbox 961 3305 1015 3352; x_wconf 89' lang='lat' dir='ltr'><strong>et</strong></span> <span class='ocrx_word' id='word_1_336' title='bbox 1032 3297 1271 3352; x_wconf 83' lang='lat' dir='ltr'><strong>victores</strong></span> <span class='ocrx_word' id='word_1_337' title='bbox 1293 3295 1616 3350; x_wconf 88' lang='lat' dir='ltr'><strong>mirabiliter</strong></span> <span class='ocrx_word' id='word_1_338' title='bbox 1636 3295 1978 3361; x_wconf 86' lang='lat' dir='ltr'><strong>exstiterant,</strong></span> 
     </span>
    </p>
   </div>
   <div class='ocr_carea' id='block_1_51' title="bbox 342 3383 1981 3455">
    <p class='ocr_par' dir='ltr' id='par_1_51' title="bbox 342 3383 1981 3455">
     <span class='ocr_line' id='line_1_51' title="bbox 342 3383 1981 3455; baseline -0.001 -13"><span class='ocrx_word' id='word_1_339' title='bbox 342 3387 764 3443; x_wconf 81' lang='lat' dir='ltr'><strong>Alemannorum</strong></span> <span class='ocrx_word' id='word_1_340' title='bbox 809 3387 1071 3455; x_wconf 90' lang='lat' dir='ltr'><strong>impetum</strong></span> <span class='ocrx_word' id='word_1_341' title='bbox 1121 3383 1416 3440; x_wconf 88' lang='lat' dir='ltr'><strong>metuebat.</strong></span> <span class='ocrx_word' id='word_1_342' title='bbox 1467 3387 1568 3452; x_wconf 86' lang='lat' dir='ltr'><strong>Qui</strong></span> <span class='ocrx_word' id='word_1_343' title='bbox 1618 3393 1673 3441; x_wconf 89' lang='lat' dir='ltr'><strong>et</strong></span> <span class='ocrx_word' id='word_1_344' title='bbox 1711 3386 1816 3455; x_wconf 90' lang='lat' dir='ltr'><strong>ipsi</strong></span> <span class='ocrx_word' id='word_1_345' title='bbox 1854 3384 1981 3440; x_wconf 83' lang='lat' dir='ltr'><strong>vere</strong></span> 
     </span>
    </p>
   </div>
   <div class='ocr_carea' id='block_1_52' title="bbox 341 3474 1983 3548">
    <p class='ocr_par' dir='ltr' id='par_1_52' title="bbox 341 3474 1983 3548">
     <span class='ocr_line' id='line_1_52' title="bbox 341 3474 1983 3548; baseline -0.002 -15"><span class='ocrx_word' id='word_1_346' title='bbox 341 3483 622 3548; x_wconf 90' lang='lat' dir='ltr'><strong>comperta</strong></span> <span class='ocrx_word' id='word_1_347' title='bbox 653 3476 894 3532; x_wconf 90' lang='lat' dir='ltr'><strong>hostium</strong></span> <span class='ocrx_word' id='word_1_348' title='bbox 928 3475 1051 3545; x_wconf 91' lang='lat' dir='ltr'><strong>fuga</strong></span> <span class='ocrx_word' id='word_1_349' title='bbox 1082 3481 1137 3530; x_wconf 85' lang='lat' dir='ltr'><strong>et</strong></span> <span class='ocrx_word' id='word_1_350' title='bbox 1165 3474 1250 3530; x_wconf 88' lang='lat' dir='ltr'><strong>sui</strong></span> <span class='ocrx_word' id='word_1_351' title='bbox 1281 3475 1427 3544; x_wconf 87' lang='lat' dir='ltr'><strong>regis</strong></span> <span class='ocrx_word' id='word_1_352' title='bbox 1456 3475 1684 3532; x_wconf 89' lang='lat' dir='ltr'><strong>victoria</strong></span> <span class='ocrx_word' id='word_1_353' title='bbox 1723 3483 1778 3530; x_wconf 93' lang='lat' dir='ltr'><strong>et</strong></span> <span class='ocrx_word' id='word_1_354' title='bbox 1806 3489 1983 3530; x_wconf 89' lang='lat' dir='ltr'><strong>rever-</strong></span> 
     </span>
    </p>
   </div>
   <div class='ocr_carea' id='block_1_53' title="bbox 342 3562 1983 3634">
    <p class='ocr_par' dir='ltr' id='par_1_53' title="bbox 342 3562 1983 3634">
     <span class='ocr_line' id='line_1_53' title="bbox 342 3562 1983 3634; baseline -0.002 -12"><span class='ocrx_word' id='word_1_355' title='bbox 342 3567 525 3632; x_wconf 80' lang='lat' dir='ltr'><strong>sione,</strong></span> <span class='ocrx_word' id='word_1_356' title='bbox 552 3565 832 3622; x_wconf 90' lang='lat' dir='ltr'><strong>successui</strong></span> <span class='ocrx_word' id='word_1_357' title='bbox 881 3578 1104 3620; x_wconf 91' lang='lat' dir='ltr'><strong>suorum</strong></span> <span class='ocrx_word' id='word_1_358' title='bbox 1145 3563 1582 3634; x_wconf 89' lang='lat' dir='ltr'><strong>congaudebant,</strong></span> <span class='ocrx_word' id='word_1_359' title='bbox 1617 3571 1673 3620; x_wconf 92' lang='lat' dir='ltr'><strong>et</strong></span> <span class='ocrx_word' id='word_1_360' title='bbox 1710 3562 1983 3619; x_wconf 89' lang='lat' dir='ltr'><strong>incendiis</strong></span> 
     </span>
    </p>
   </div>
   <div class='ocr_carea' id='block_1_54' title="bbox 345 3651 1984 3725">
    <p class='ocr_par' dir='ltr' id='par_1_54' title="bbox 345 3651 1984 3725">
     <span class='ocr_line' id='line_1_54' title="bbox 345 3651 1984 3725; baseline -0.002 -15"><span class='ocrx_word' id='word_1_361' title='bbox 345 3655 657 3725; x_wconf 66' lang='lat' dir='ltr'><strong>prmdisque</strong></span> <span class='ocrx_word' id='word_1_362' title='bbox 703 3653 947 3724; x_wconf 91' lang='lat' dir='ltr'><strong>undique</strong></span> <span class='ocrx_word' id='word_1_363' title='bbox 985 3653 1280 3708; x_wconf 89' lang='lat' dir='ltr'><strong>devastatis</strong></span> <span class='ocrx_word' id='word_1_364' title='bbox 1311 3660 1366 3707; x_wconf 89' lang='lat' dir='ltr'><strong>et</strong></span> <span class='ocrx_word' id='word_1_365' title='bbox 1396 3653 1721 3722; x_wconf 86' lang='lat' dir='ltr'><strong>expugnatis</strong></span> <span class='ocrx_word' id='word_1_366' title='bbox 1762 3651 1984 3722; x_wconf 90' lang='lat' dir='ltr'><strong>oppidis</strong></span> 
     </span>
    </p>
   </div>
   <div class='ocr_carea' id='block_1_55' title="bbox 343 3741 1984 3812">
    <p class='ocr_par' dir='ltr' id='par_1_55' title="bbox 343 3741 1984 3812">
     <span class='ocr_line' id='line_1_55' title="bbox 343 3741 1984 3812; baseline -0.002 -12"><span class='ocrx_word' id='word_1_367' title='bbox 343 3744 780 3800; x_wconf 83' lang='lat' dir='ltr'><strong>adversariorum</strong></span> <span class='ocrx_word' id='word_1_368' title='bbox 814 3757 1036 3799; x_wconf 89' lang='lat' dir='ltr'><strong>suorum</strong></span> <span class='ocrx_word' id='word_1_369' title='bbox 1068 3756 1229 3812; x_wconf 89' lang='lat' dir='ltr'><strong>quam</strong></span> <span class='ocrx_word' id='word_1_370' title='bbox 1270 3741 1538 3812; x_wconf 90' lang='lat' dir='ltr'><strong>plurimis,</strong></span> <span class='ocrx_word' id='word_1_371' title='bbox 1581 3741 1760 3797; x_wconf 90' lang='lat' dir='ltr'><strong>reditu</strong></span> <span class='ocrx_word' id='word_1_372' title='bbox 1793 3741 1984 3796; x_wconf 90' lang='lat' dir='ltr'><strong>trium-</strong></span> 
     </span>
    </p>
   </div>
   <div class='ocr_carea' id='block_1_56' title="bbox 346 3832 1171 3902">
    <p class='ocr_par' dir='ltr' id='par_1_56' title="bbox 346 3832 1171 3902">
     <span class='ocr_line' id='line_1_56' title="bbox 346 3832 1171 3902; baseline -0.004 -14"><span class='ocrx_word' id='word_1_373' title='bbox 346 3833 493 3902; x_wconf 88' lang='lat' dir='ltr'><strong>phali</strong></span> <span class='ocrx_word' id='word_1_374' title='bbox 523 3838 751 3888; x_wconf 88' lang='lat' dir='ltr'><strong>ovanter</strong></span> <span class='ocrx_word' id='word_1_375' title='bbox 779 3832 1171 3901; x_wconf 89' lang='lat' dir='ltr'><strong>repatriabant.</strong></span> 
     </span>
    </p>
   </div>
   <div class='ocr_carea' id='block_1_57' title="bbox 412 3919 1980 3977">
    <p class='ocr_par' dir='ltr' id='par_1_57' title="bbox 412 3919 1980 3977">
     <span class='ocr_line' id='line_1_57' title="bbox 412 3919 1980 3977; baseline -0.001 0"><span class='ocrx_word' id='word_1_376' title='bbox 412 3923 650 3977; x_wconf 87' lang='lat' dir='ltr'><strong>Tandem</strong></span> <span class='ocrx_word' id='word_1_377' title='bbox 723 3921 926 3976; x_wconf 88' lang='lat' dir='ltr'><strong>falsarii</strong></span> <span class='ocrx_word' id='word_1_378' title='bbox 991 3927 1045 3975; x_wconf 92' lang='lat' dir='ltr'><strong>et</strong></span> <span class='ocrx_word' id='word_1_379' title='bbox 1118 3919 1529 3975; x_wconf 89' lang='lat' dir='ltr'><strong>mendaciorum</strong></span> <span class='ocrx_word' id='word_1_380' title='bbox 1604 3921 1980 3976; x_wconf 87' lang='lat' dir='ltr'><strong>commentarii</strong></span> 
     </span>
    </p>
   </div>
   <div class='ocr_carea' id='block_1_58' title="bbox 345 4009 1976 4081">
    <p class='ocr_par' dir='ltr' id='par_1_58' title="bbox 345 4009 1976 4081">
     <span class='ocr_line' id='line_1_58' title="bbox 345 4009 1976 4081; baseline -0.001 -16"><span class='ocrx_word' id='word_1_381' title='bbox 345 4011 492 4081; x_wconf 88' lang='lat' dir='ltr'><strong>regis</strong></span> <span class='ocrx_word' id='word_1_382' title='bbox 557 4010 797 4066; x_wconf 82' lang='lat' dir='ltr'><strong>Heinrici</strong></span> <span class='ocrx_word' id='word_1_383' title='bbox 863 4009 1070 4065; x_wconf 91' lang='lat' dir='ltr'><strong>circum</strong></span> <span class='ocrx_word' id='word_1_384' title='bbox 1134 4009 1280 4064; x_wconf 90' lang='lat' dir='ltr'><strong>circa</strong></span> <span class='ocrx_word' id='word_1_385' title='bbox 1350 4016 1637 4076; x_wconf 86' lang='lat' dir='ltr'><strong>terrarum,</strong></span> <span class='ocrx_word' id='word_1_386' title='bbox 1698 4009 1976 4066; x_wconf 91' lang='lat' dir='ltr'><strong>dominum</strong></span> 
     </span>
    </p>
   </div>
   <div class='ocr_carea' id='block_1_59' title="bbox 343 4097 1978 4169">
    <p class='ocr_par' dir='ltr' id='par_1_59' title="bbox 343 4097 1978 4169">
     <span class='ocr_line' id='line_1_59' title="bbox 343 4097 1978 4169; baseline -0.001 -13"><span class='ocrx_word' id='word_1_387' title='bbox 343 4113 499 4156; x_wconf 88' lang='lat' dir='ltr'><strong>suum</strong></span> <span class='ocrx_word' id='word_1_388' title='bbox 539 4100 801 4155; x_wconf 89' lang='lat' dir='ltr'><strong>victorem</strong></span> <span class='ocrx_word' id='word_1_389' title='bbox 839 4098 908 4153; x_wconf 90' lang='lat' dir='ltr'><strong>de</strong></span> <span class='ocrx_word' id='word_1_390' title='bbox 955 4098 1224 4154; x_wconf 88' lang='lat' dir='ltr'><strong>Saxonico</strong></span> <span class='ocrx_word' id='word_1_391' title='bbox 1274 4097 1418 4153; x_wconf 95' lang='lat' dir='ltr'><strong>bello</strong></span> <span class='ocrx_word' id='word_1_392' title='bbox 1467 4113 1756 4165; x_wconf 89' lang='lat' dir='ltr'><strong>remeasse,</strong></span> <span class='ocrx_word' id='word_1_393' title='bbox 1800 4100 1978 4169; x_wconf 89' lang='lat' dir='ltr'><strong>impu-</strong></span> 
     </span>
    </p>
   </div>
   <div class='ocr_carea' id='block_1_60' title="bbox 342 4185 1982 4256">
    <p class='ocr_par' dir='ltr' id='par_1_60' title="bbox 342 4185 1982 4256">
     <span class='ocr_line' id='line_1_60' title="bbox 342 4185 1982 4256; baseline 0 -14"><span class='ocrx_word' id='word_1_394' title='bbox 342 4186 539 4242; x_wconf 91' lang='lat' dir='ltr'><strong>denter</strong></span> <span class='ocrx_word' id='word_1_395' title='bbox 583 4185 944 4253; x_wconf 81' lang='lat' dir='ltr'><strong>afﬂrmabant,</strong></span> <span class='ocrx_word' id='word_1_396' title='bbox 987 4189 1042 4239; x_wconf 92' lang='lat' dir='ltr'><strong>et</strong></span> <span class='ocrx_word' id='word_1_397' title='bbox 1087 4185 1162 4240; x_wconf 91' lang='lat' dir='ltr'><strong>ita</strong></span> <span class='ocrx_word' id='word_1_398' title='bbox 1210 4193 1517 4241; x_wconf 89' lang='lat' dir='ltr'><strong>commenta</strong></span> <span class='ocrx_word' id='word_1_399' title='bbox 1567 4201 1663 4242; x_wconf 87' lang='lat' dir='ltr'><strong>sua</strong></span> <span class='ocrx_word' id='word_1_400' title='bbox 1711 4187 1892 4256; x_wconf 91' lang='lat' dir='ltr'><strong>ipsum</strong></span> <span class='ocrx_word' id='word_1_401' title='bbox 1925 4185 1982 4216; x_wconf 78' lang='lat'><strong>&quot;&#39;</strong></span> 
     </span>
    </p>
   </div>
   <div class='ocr_carea' id='block_1_61' title="bbox 342 4275 1984 4346">
    <p class='ocr_par' dir='ltr' id='par_1_61' title="bbox 342 4275 1984 4346">
     <span class='ocr_line' id='line_1_61' title="bbox 342 4275 1984 4346; baseline -0.001 -14"><span class='ocrx_word' id='word_1_402' title='bbox 342 4275 548 4333; x_wconf 91' lang='lat' dir='ltr'><strong>domno</strong></span> <span class='ocrx_word' id='word_1_403' title='bbox 589 4290 766 4346; x_wconf 66' lang='lat' dir='ltr'><strong>papae,</strong></span> <span class='ocrx_word' id='word_1_404' title='bbox 798 4275 1058 4331; x_wconf 85' lang='lat' dir='ltr'><strong>Romanis</strong></span> <span class='ocrx_word' id='word_1_405' title='bbox 1095 4281 1150 4330; x_wconf 92' lang='lat' dir='ltr'><strong>et</strong></span> <span class='ocrx_word' id='word_1_406' title='bbox 1197 4275 1412 4331; x_wconf 91' lang='lat' dir='ltr'><strong>cunctis</strong></span> <span class='ocrx_word' id='word_1_407' title='bbox 1459 4275 1838 4346; x_wconf 88' lang='lat' dir='ltr'><strong>Longobardis</strong></span> <span class='ocrx_word' id='word_1_408' title='bbox 1886 4291 1984 4346; x_wconf 88' lang='lat' dir='ltr'><strong>per</strong></span> 
     </span>
    </p>
   </div>
   <div class='ocr_carea' id='block_1_62' title="bbox 2063 1874 3700 1946">
    <p class='ocr_par' dir='ltr' id='par_1_62' title="bbox 2063 1874 3700 1946">
     <span class='ocr_line' id='line_1_62' title="bbox 2063 1874 3700 1946; baseline 0 -16"><span class='ocrx_word' id='word_1_409' title='bbox 2063 1874 2305 1945; x_wconf 70' lang='lat' dir='ltr'><strong>praediis,</strong></span> <span class='ocrx_word' id='word_1_410' title='bbox 2357 1874 2648 1940; x_wconf 89' lang='lat' dir='ltr'><strong>incendiis,</strong></span> <span class='ocrx_word' id='word_1_411' title='bbox 2700 1875 3050 1930; x_wconf 84' lang='lat' dir='ltr'><strong>castellorum</strong></span> <span class='ocrx_word' id='word_1_412' title='bbox 3099 1881 3153 1930; x_wconf 90' lang='lat' dir='ltr'><strong>et</strong></span> <span class='ocrx_word' id='word_1_413' title='bbox 3201 1875 3528 1946; x_wconf 91' lang='lat' dir='ltr'><strong>oppidorum</strong></span> <span class='ocrx_word' id='word_1_414' title='bbox 3565 1889 3700 1930; x_wconf 90' lang='lat' dir='ltr'><strong>non-</strong></span> 
     </span>
    </p>
   </div>
   <div class='ocr_carea' id='block_1_63' title="bbox 2062 1962 3702 2030">
    <p class='ocr_par' dir='ltr' id='par_1_63' title="bbox 2062 1962 3702 2030">
     <span class='ocr_line' id='line_1_63' title="bbox 2062 1962 3702 2030; baseline 0.001 -13"><span class='ocrx_word' id='word_1_415' title='bbox 2062 1963 2336 2018; x_wconf 89' lang='lat' dir='ltr'><strong>nullorum</strong></span> <span class='ocrx_word' id='word_1_416' title='bbox 2384 1962 2875 2030; x_wconf 89' lang='lat' dir='ltr'><strong>destructionibus,</strong></span> <span class='ocrx_word' id='word_1_417' title='bbox 2901 1969 2957 2018; x_wconf 91' lang='lat' dir='ltr'><strong>et</strong></span> <span class='ocrx_word' id='word_1_418' title='bbox 3008 1964 3064 2019; x_wconf 92' lang='lat' dir='ltr'><strong>in</strong></span> <span class='ocrx_word' id='word_1_419' title='bbox 3107 1963 3292 2019; x_wconf 88' lang='lat' dir='ltr'><strong>divina</strong></span> <span class='ocrx_word' id='word_1_420' title='bbox 3338 1979 3494 2020; x_wconf 90' lang='lat' dir='ltr'><strong>sacra</strong></span> <span class='ocrx_word' id='word_1_421' title='bbox 3546 1965 3702 2019; x_wconf 83' lang='lat' dir='ltr'><strong>inau-</strong></span> 
     </span>
    </p>
   </div>
   <div class='ocr_carea' id='block_1_64' title="bbox 2063 2051 3703 2121">
    <p class='ocr_par' dir='ltr' id='par_1_64' title="bbox 2063 2051 3703 2121">
     <span class='ocr_line' id='line_1_64' title="bbox 2063 2051 3703 2121; baseline 0.001 -15"><span class='ocrx_word' id='word_1_422' title='bbox 2063 2052 2194 2107; x_wconf 90' lang='lat' dir='ltr'><strong>ditis</strong></span> <span class='ocrx_word' id='word_1_423' title='bbox 2240 2051 2563 2121; x_wconf 89' lang='lat' dir='ltr'><strong>sacrilegiis,</strong></span> <span class='ocrx_word' id='word_1_424' title='bbox 2616 2053 2812 2121; x_wconf 90' lang='lat' dir='ltr'><strong>passim</strong></span> <span class='ocrx_word' id='word_1_425' title='bbox 2864 2051 3274 2108; x_wconf 83' lang='lat' dir='ltr'><strong>eﬂ‘eratissimus</strong></span> <span class='ocrx_word' id='word_1_426' title='bbox 3322 2053 3414 2108; x_wconf 91' lang='lat' dir='ltr'><strong>Dei</strong></span> <span class='ocrx_word' id='word_1_427' title='bbox 3455 2060 3703 2108; x_wconf 87' lang='lat' dir='ltr'><strong>contem-</strong></span> 
     </span>
    </p>
   </div>
   <div class='ocr_carea' id='block_1_65' title="bbox 2061 2140 3703 2209">
    <p class='ocr_par' dir='ltr' id='par_1_65' title="bbox 2061 2140 3703 2209">
     <span class='ocr_line' id='line_1_65' title="bbox 2061 2140 3703 2209; baseline 0.001 -15"><span class='ocrx_word' id='word_1_428' title='bbox 2061 2147 2220 2209; x_wconf 55' lang='lat' dir='ltr'><strong>ptor.</strong></span> <span class='ocrx_word' id='word_1_429' title='bbox 2235 2140 2625 2196; x_wconf 89' lang='lat' dir='ltr'><strong>miserabiliter</strong></span> <span class='ocrx_word' id='word_1_430' title='bbox 2669 2141 2975 2198; x_wconf 86' lang='lat' dir='ltr'><strong>insistebat.</strong></span> <span class='ocrx_word' id='word_1_431' title='bbox 3020 2141 3176 2197; x_wconf 82' lang='lat' dir='ltr'><strong>Nulla</strong></span> <span class='ocrx_word' id='word_1_432' title='bbox 3215 2142 3362 2198; x_wconf 86' lang='lat' dir='ltr'><strong>inter</strong></span> <span class='ocrx_word' id='word_1_433' title='bbox 3396 2156 3612 2198; x_wconf 90' lang='lat' dir='ltr'><strong>sacrum</strong></span> <span class='ocrx_word' id='word_1_434' title='bbox 3648 2150 3703 2197; x_wconf 92' lang='lat' dir='ltr'><strong>et</strong></span> 
     </span>
    </p>
   </div>
   <div class='ocr_carea' id='block_1_66' title="bbox 2063 2229 3705 2296">
    <p class='ocr_par' dir='ltr' id='par_1_66' title="bbox 2063 2229 3705 2296">
     <span class='ocr_line' id='line_1_66' title="bbox 2063 2229 3705 2296; baseline 0.002 -12"><span class='ocrx_word' id='word_1_435' title='bbox 2063 2242 2172 2285; x_wconf 93' lang='lat' dir='ltr'><strong>non</strong></span> <span class='ocrx_word' id='word_1_436' title='bbox 2211 2244 2426 2285; x_wconf 89' lang='lat' dir='ltr'><strong>sacrum</strong></span> <span class='ocrx_word' id='word_1_437' title='bbox 2465 2229 2794 2296; x_wconf 75' lang='lat' dir='ltr'><strong>differentia,</strong></span> <span class='ocrx_word' id='word_1_438' title='bbox 2827 2230 2977 2285; x_wconf 91' lang='lat' dir='ltr'><strong>nulla</strong></span> <span class='ocrx_word' id='word_1_439' title='bbox 3019 2231 3075 2285; x_wconf 91' lang='lat' dir='ltr'><strong>in</strong></span> <span class='ocrx_word' id='word_1_440' title='bbox 3123 2237 3206 2286; x_wconf 91' lang='lat' dir='ltr'><strong>tot</strong></span> <span class='ocrx_word' id='word_1_441' title='bbox 3247 2231 3487 2287; x_wconf 85' lang='lat' dir='ltr'><strong>miseriis</strong></span> <span class='ocrx_word' id='word_1_442' title='bbox 3534 2233 3705 2287; x_wconf 87' lang='lat' dir='ltr'><strong>mise-</strong></span> 
     </span>
    </p>
   </div>
   <div class='ocr_carea' id='block_1_67' title="bbox 2063 2318 3707 2390">
    <p class='ocr_par' dir='ltr' id='par_1_67' title="bbox 2063 2318 3707 2390">
     <span class='ocr_line' id='line_1_67' title="bbox 2063 2318 3707 2390; baseline 0.002 -18"><span class='ocrx_word' id='word_1_443' title='bbox 2063 2319 2203 2374; x_wconf 88' lang='lat' dir='ltr'><strong>ratio</strong></span> <span class='ocrx_word' id='word_1_444' title='bbox 2241 2318 2437 2374; x_wconf 89' lang='lat' dir='ltr'><strong>fuerat.</strong></span> <span class='ocrx_word' id='word_1_445' title='bbox 2479 2319 2774 2374; x_wconf 55' lang='lat' dir='ltr'><strong>xEcclesias</strong></span> <span class='ocrx_word' id='word_1_446' title='bbox 2812 2321 3038 2389; x_wconf 90' lang='lat' dir='ltr'><strong>quippe,</strong></span> <span class='ocrx_word' id='word_1_447' title='bbox 3079 2319 3146 2374; x_wconf 87' lang='lat' dir='ltr'><strong>ad</strong></span> <span class='ocrx_word' id='word_1_448' title='bbox 3195 2334 3329 2390; x_wconf 90' lang='lat' dir='ltr'><strong>quas</strong></span> <span class='ocrx_word' id='word_1_449' title='bbox 3375 2335 3498 2376; x_wconf 90' lang='lat' dir='ltr'><strong>cum</strong></span> <span class='ocrx_word' id='word_1_450' title='bbox 3539 2321 3707 2376; x_wconf 88' lang='lat' dir='ltr'><strong>rebus</strong></span> 
     </span>
    </p>
   </div>
   <div class='ocr_carea' id='block_1_68' title="bbox 2062 2407 3701 2479">
    <p class='ocr_par' dir='ltr' id='par_1_68' title="bbox 2062 2407 3701 2479">
     <span class='ocr_line' id='line_1_68' title="bbox 2062 2407 3701 2479; baseline 0.001 -17"><span class='ocrx_word' id='word_1_451' title='bbox 2062 2407 2177 2462; x_wconf 90' lang='lat' dir='ltr'><strong>suis</strong></span> <span class='ocrx_word' id='word_1_452' title='bbox 2205 2409 2596 2463; x_wconf 90' lang='lat' dir='ltr'><strong>conservandis</strong></span> <span class='ocrx_word' id='word_1_453' title='bbox 2627 2416 2789 2464; x_wconf 71' lang='lat' dir='ltr'><strong>terrae</strong></span> <span class='ocrx_word' id='word_1_454' title='bbox 2828 2408 3084 2478; x_wconf 89' lang='lat' dir='ltr'><strong>inquilini</strong></span> <span class='ocrx_word' id='word_1_455' title='bbox 3116 2408 3496 2479; x_wconf 89' lang='lat' dir='ltr'><strong>confugerant,</strong></span> <span class='ocrx_word' id='word_1_456' title='bbox 3531 2411 3701 2464; x_wconf 90' lang='lat' dir='ltr'><strong>mise-</strong></span> 
     </span>
    </p>
   </div>
   <div class='ocr_carea' id='block_1_69' title="bbox 2063 2495 3698 2566">
    <p class='ocr_par' dir='ltr' id='par_1_69' title="bbox 2063 2495 3698 2566">
     <span class='ocr_line' id='line_1_69' title="bbox 2063 2495 3698 2566; baseline 0.002 -17"><span class='ocrx_word' id='word_1_457' title='bbox 2063 2495 2312 2550; x_wconf 88' lang='lat' dir='ltr'><strong>rabiliter</strong></span> <span class='ocrx_word' id='word_1_458' title='bbox 2341 2496 2404 2526; x_wconf 73' lang='grc'><strong>’⁷³</strong></span> <span class='ocrx_word' id='word_1_459' title='bbox 2447 2497 2697 2566; x_wconf 87' lang='lat' dir='ltr'><strong>sacrilegi</strong></span> <span class='ocrx_word' id='word_1_460' title='bbox 2738 2504 2792 2552; x_wconf 91' lang='lat' dir='ltr'><strong>et</strong></span> <span class='ocrx_word' id='word_1_461' title='bbox 2842 2497 3262 2566; x_wconf 71' lang='lat' dir='ltr'><strong>praesumptuosi</strong></span> <span class='ocrx_word' id='word_1_462' title='bbox 3318 2499 3698 2562; x_wconf 89' lang='lat' dir='ltr'><strong>incenderant,</strong></span> 
     </span>
    </p>
   </div>
   <div class='ocr_carea' id='block_1_70' title="bbox 2063 2584 3700 2654">
    <p class='ocr_par' dir='ltr' id='par_1_70' title="bbox 2063 2584 3700 2654">
     <span class='ocr_line' id='line_1_70' title="bbox 2063 2584 3700 2654; baseline 0.002 -15"><span class='ocrx_word' id='word_1_463' title='bbox 2063 2584 2366 2654; x_wconf 66' lang='lat' dir='ltr'><strong>depraedati</strong></span> <span class='ocrx_word' id='word_1_464' title='bbox 2407 2593 2570 2649; x_wconf 91' lang='lat' dir='ltr'><strong>sunt;</strong></span> <span class='ocrx_word' id='word_1_465' title='bbox 2611 2585 2928 2641; x_wconf 89' lang='lat' dir='ltr'><strong>sacerdotes</strong></span> <span class='ocrx_word' id='word_1_466' title='bbox 2964 2587 3138 2642; x_wconf 89' lang='lat' dir='ltr'><strong>sacris</strong></span> <span class='ocrx_word' id='word_1_467' title='bbox 3173 2587 3416 2642; x_wconf 89' lang='lat' dir='ltr'><strong>vestibus</strong></span> <span class='ocrx_word' id='word_1_468' title='bbox 3455 2587 3700 2654; x_wconf 80' lang='lat' dir='ltr'><strong>indutos,</strong></span> 
     </span>
    </p>
   </div>
   <div class='ocr_carea' id='block_1_71' title="bbox 2062 2673 3700 2745">
    <p class='ocr_par' dir='ltr' id='par_1_71' title="bbox 2062 2673 3700 2745">
     <span class='ocr_line' id='line_1_71' title="bbox 2062 2673 3700 2745; baseline 0.001 -16"><span class='ocrx_word' id='word_1_469' title='bbox 2062 2673 2379 2729; x_wconf 92' lang='lat' dir='ltr'><strong>seminudos</strong></span> <span class='ocrx_word' id='word_1_470' title='bbox 2418 2680 2472 2728; x_wconf 92' lang='lat' dir='ltr'><strong>et</strong></span> <span class='ocrx_word' id='word_1_471' title='bbox 2520 2674 2823 2730; x_wconf 91' lang='lat' dir='ltr'><strong>miserrime</strong></span> <span class='ocrx_word' id='word_1_472' title='bbox 2870 2675 3156 2744; x_wconf 89' lang='lat' dir='ltr'><strong>vapulatos</strong></span> <span class='ocrx_word' id='word_1_473' title='bbox 3205 2676 3700 2745; x_wconf 87' lang='lat' dir='ltr'><strong>proculcaverant;</strong></span> 
     </span>
    </p>
   </div>
   <div class='ocr_carea' id='block_1_72' title="bbox 2062 2763 3700 2834">
    <p class='ocr_par' dir='ltr' id='par_1_72' title="bbox 2062 2763 3700 2834">
     <span class='ocr_line' id='line_1_72' title="bbox 2062 2763 3700 2834; baseline 0.002 -18"><span class='ocrx_word' id='word_1_474' title='bbox 2062 2763 2253 2817; x_wconf 91' lang='lat' dir='ltr'><strong>altaria</strong></span> <span class='ocrx_word' id='word_1_475' title='bbox 2282 2768 2594 2818; x_wconf 90' lang='lat' dir='ltr'><strong>sanctorum</strong></span> <span class='ocrx_word' id='word_1_476' title='bbox 2626 2763 2875 2834; x_wconf 88' lang='lat' dir='ltr'><strong>reliquiis</strong></span> <span class='ocrx_word' id='word_1_477' title='bbox 2903 2764 3032 2819; x_wconf 91' lang='lat' dir='ltr'><strong>inde</strong></span> <span class='ocrx_word' id='word_1_478' title='bbox 3063 2764 3260 2820; x_wconf 89' lang='lat' dir='ltr'><strong>ablatis</strong></span> <span class='ocrx_word' id='word_1_479' title='bbox 3289 2765 3700 2831; x_wconf 87' lang='lat' dir='ltr'><strong>destruxerant;</strong></span> 
     </span>
    </p>
   </div>
   <div class='ocr_carea' id='block_1_73' title="bbox 2062 2851 3700 2922">
    <p class='ocr_par' dir='ltr' id='par_1_73' title="bbox 2062 2851 3700 2922">
     <span class='ocr_line' id='line_1_73' title="bbox 2062 2851 3700 2922; baseline 0.001 -16"><span class='ocrx_word' id='word_1_480' title='bbox 2062 2866 2229 2921; x_wconf 90' lang='lat' dir='ltr'><strong>super</strong></span> <span class='ocrx_word' id='word_1_481' title='bbox 2255 2865 2339 2918; x_wconf 88' lang='lat' dir='ltr'><strong>ea,</strong></span> <span class='ocrx_word' id='word_1_482' title='bbox 2380 2851 2528 2921; x_wconf 92' lang='lat' dir='ltr'><strong>quod</strong></span> <span class='ocrx_word' id='word_1_483' title='bbox 2552 2868 2580 2907; x_wconf 94' lang='lat' dir='ltr'><strong>a</strong></span> <span class='ocrx_word' id='word_1_484' title='bbox 2605 2853 2831 2922; x_wconf 90' lang='lat' dir='ltr'><strong>paganis</strong></span> <span class='ocrx_word' id='word_1_485' title='bbox 2869 2853 3172 2910; x_wconf 91' lang='lat' dir='ltr'><strong>inauditum</strong></span> <span class='ocrx_word' id='word_1_486' title='bbox 3215 2862 3320 2920; x_wconf 91' lang='lat' dir='ltr'><strong>est,</strong></span> <span class='ocrx_word' id='word_1_487' title='bbox 3351 2862 3700 2919; x_wconf 87' lang='lat' dir='ltr'><strong>cacaverant,</strong></span> 
     </span>
    </p>
   </div>
   <div class='ocr_carea' id='block_1_74' title="bbox 2063 2939 3705 3012">
    <p class='ocr_par' dir='ltr' id='par_1_74' title="bbox 2063 2939 3705 3012">
     <span class='ocr_line' id='line_1_74' title="bbox 2063 2939 3705 3012; baseline 0.001 -18"><span class='ocrx_word' id='word_1_488' title='bbox 2063 2939 2320 2995; x_wconf 90' lang='lat' dir='ltr'><strong>carnibus</strong></span> <span class='ocrx_word' id='word_1_489' title='bbox 2377 2939 2579 3009; x_wconf 69' lang='lat' dir='ltr'><strong>praeda:</strong></span> <span class='ocrx_word' id='word_1_490' title='bbox 2628 2942 2682 2995; x_wconf 93' lang='lat' dir='ltr'><strong>in</strong></span> <span class='ocrx_word' id='word_1_491' title='bbox 2736 2940 2906 2996; x_wconf 89' lang='lat' dir='ltr'><strong>frusta</strong></span> <span class='ocrx_word' id='word_1_492' title='bbox 2946 2941 3224 2997; x_wconf 90' lang='lat' dir='ltr'><strong>dilaniatis</strong></span> <span class='ocrx_word' id='word_1_493' title='bbox 3274 2943 3705 3012; x_wconf 80' lang='lat' dir='ltr'><strong>superinpositis</strong></span> 
     </span>
    </p>
   </div>
   <div class='ocr_carea' id='block_1_75' title="bbox 2064 3029 3705 3101">
    <p class='ocr_par' dir='ltr' id='par_1_75' title="bbox 2064 3029 3705 3101">
     <span class='ocr_line' id='line_1_75' title="bbox 2064 3029 3705 3101; baseline 0.002 -18"><span class='ocrx_word' id='word_1_494' title='bbox 2064 3043 2126 3084; x_wconf 90' lang='lat' dir='ltr'><strong>ea</strong></span> <span class='ocrx_word' id='word_1_495' title='bbox 2199 3036 2618 3084; x_wconf 89' lang='lat' dir='ltr'><strong>crnentaverant</strong></span> <span class='ocrx_word' id='word_1_496' title='bbox 2651 3072 2664 3096; x_wconf 93' lang='lat'><strong>,</strong></span> <span class='ocrx_word' id='word_1_497' title='bbox 2755 3029 3012 3086; x_wconf 90' lang='lat' dir='ltr'><strong>mulieres</strong></span> <span class='ocrx_word' id='word_1_498' title='bbox 3085 3045 3222 3101; x_wconf 90' lang='lat' dir='ltr'><strong>quas</strong></span> <span class='ocrx_word' id='word_1_499' title='bbox 3294 3033 3350 3086; x_wconf 91' lang='lat' dir='ltr'><strong>in</strong></span> <span class='ocrx_word' id='word_1_500' title='bbox 3434 3031 3705 3087; x_wconf 70' lang='lat' dir='ltr'><strong>azcclesiis</strong></span> 
     </span>
    </p>
   </div>
   <div class='ocr_carea' id='block_1_76' title="bbox 2061 3119 3705 3190">
    <p class='ocr_par' dir='ltr' id='par_1_76' title="bbox 2061 3119 3705 3190">
     <span class='ocr_line' id='line_1_76' title="bbox 2061 3119 3705 3190; baseline 0.001 -17"><span class='ocrx_word' id='word_1_501' title='bbox 2061 3126 2342 3187; x_wconf 90' lang='lat' dir='ltr'><strong>ceperant,</strong></span> <span class='ocrx_word' id='word_1_502' title='bbox 2388 3119 2721 3188; x_wconf 90' lang='lat' dir='ltr'><strong>inpudenter</strong></span> <span class='ocrx_word' id='word_1_503' title='bbox 2767 3119 2880 3174; x_wconf 91' lang='lat' dir='ltr'><strong>illic</strong></span> <span class='ocrx_word' id='word_1_504' title='bbox 2927 3119 3075 3174; x_wconf 90' lang='lat' dir='ltr'><strong>velut</strong></span> <span class='ocrx_word' id='word_1_505' title='bbox 3121 3121 3176 3175; x_wconf 91' lang='lat' dir='ltr'><strong>in</strong></span> <span class='ocrx_word' id='word_1_506' title='bbox 3217 3120 3524 3190; x_wconf 90' lang='lat' dir='ltr'><strong>prostibulo</strong></span> <span class='ocrx_word' id='word_1_507' title='bbox 3575 3134 3705 3176; x_wconf 87' lang='lat' dir='ltr'><strong>con-</strong></span> 
     </span>
    </p>
   </div>
   <div class='ocr_carea' id='block_1_77' title="bbox 2061 3207 3701 3277">
    <p class='ocr_par' dir='ltr' id='par_1_77' title="bbox 2061 3207 3701 3277">
     <span class='ocr_line' id='line_1_77' title="bbox 2061 3207 3701 3277; baseline 0.002 -16"><span class='ocrx_word' id='word_1_508' title='bbox 2061 3214 2480 3276; x_wconf 89' lang='lat' dir='ltr'><strong>stupraverant;</strong></span> <span class='ocrx_word' id='word_1_509' title='bbox 2539 3207 2810 3262; x_wconf 86' lang='lat' dir='ltr'><strong>stabulum</strong></span> <span class='ocrx_word' id='word_1_510' title='bbox 2869 3209 3027 3277; x_wconf 90' lang='lat' dir='ltr'><strong>equis</strong></span> <span class='ocrx_word' id='word_1_511' title='bbox 3081 3215 3136 3263; x_wconf 90' lang='lat' dir='ltr'><strong>et</strong></span> <span class='ocrx_word' id='word_1_512' title='bbox 3191 3209 3517 3264; x_wconf 86' lang='lat' dir='ltr'><strong>animalibus</strong></span> <span class='ocrx_word' id='word_1_513' title='bbox 3565 3211 3701 3274; x_wconf 89' lang='lat' dir='ltr'><strong>suis,</strong></span> 
     </span>
    </p>
   </div>
   <div class='ocr_carea' id='block_1_78' title="bbox 2063 3295 3704 3353">
    <p class='ocr_par' dir='ltr' id='par_1_78' title="bbox 2063 3295 3704 3353">
     <span class='ocr_line' id='line_1_78' title="bbox 2063 3295 3704 3353; baseline 0.002 -4"><span class='ocrx_word' id='word_1_514' title='bbox 2063 3309 2167 3350; x_wconf 90' lang='lat' dir='ltr'><strong>nec</strong></span> <span class='ocrx_word' id='word_1_515' title='bbox 2197 3309 2304 3350; x_wconf 93' lang='lat' dir='ltr'><strong>non</strong></span> <span class='ocrx_word' id='word_1_516' title='bbox 2345 3295 2570 3350; x_wconf 88' lang='lat' dir='ltr'><strong>latrinas</strong></span> <span class='ocrx_word' id='word_1_517' title='bbox 2600 3297 2655 3350; x_wconf 91' lang='lat' dir='ltr'><strong>in</strong></span> <span class='ocrx_word' id='word_1_518' title='bbox 2694 3297 2775 3350; x_wconf 91' lang='lat' dir='ltr'><strong>eis</strong></span> <span class='ocrx_word' id='word_1_519' title='bbox 2812 3305 3120 3352; x_wconf 86' lang='lat' dir='ltr'><strong>erexerant.</strong></span> <span class='ocrx_word' id='word_1_520' title='bbox 3171 3297 3426 3353; x_wconf 82' lang='lat' dir='ltr'><strong>Mulieres</strong></span> <span class='ocrx_word' id='word_1_521' title='bbox 3472 3298 3603 3353; x_wconf 91' lang='lat' dir='ltr'><strong>item</strong></span> <span class='ocrx_word' id='word_1_522' title='bbox 3634 3300 3704 3353; x_wconf 90' lang='lat' dir='ltr'><strong>ad</strong></span> 
     </span>
    </p>
   </div>
   <div class='ocr_carea' id='block_1_79' title="bbox 2064 3385 3706 3458">
    <p class='ocr_par' dir='ltr' id='par_1_79' title="bbox 2064 3385 3706 3458">
     <span class='ocr_line' id='line_1_79' title="bbox 2064 3385 3706 3458; baseline 0.001 -18"><span class='ocrx_word' id='word_1_523' title='bbox 2064 3399 2237 3454; x_wconf 89' lang='lat' dir='ltr'><strong>usque</strong></span> <span class='ocrx_word' id='word_1_524' title='bbox 2294 3392 2524 3439; x_wconf 89' lang='lat' dir='ltr'><strong>mortem</strong></span> <span class='ocrx_word' id='word_1_525' title='bbox 2585 3386 2996 3455; x_wconf 89' lang='lat' dir='ltr'><strong>constuprando</strong></span> <span class='ocrx_word' id='word_1_526' title='bbox 3054 3385 3346 3442; x_wconf 91' lang='lat' dir='ltr'><strong>nonnullas</strong></span> <span class='ocrx_word' id='word_1_527' title='bbox 3410 3400 3706 3458; x_wconf 85' lang='lat' dir='ltr'><strong>Oppresse-</strong></span> 
     </span>
    </p>
   </div>
   <div class='ocr_carea' id='block_1_80' title="bbox 2065 3473 3702 3543">
    <p class='ocr_par' dir='ltr' id='par_1_80' title="bbox 2065 3473 3702 3543">
     <span class='ocr_line' id='line_1_80' title="bbox 2065 3473 3702 3543; baseline 0.001 -15"><span class='ocrx_word' id='word_1_528' title='bbox 2065 3481 2243 3541; x_wconf 85' lang='lat' dir='ltr'><strong>rant;</strong></span> <span class='ocrx_word' id='word_1_529' title='bbox 2305 3473 2596 3543; x_wconf 90' lang='lat' dir='ltr'><strong>plerasque</strong></span> <span class='ocrx_word' id='word_1_530' title='bbox 2649 3475 2882 3531; x_wconf 88' lang='lat' dir='ltr'><strong>viriliter</strong></span> <span class='ocrx_word' id='word_1_531' title='bbox 2937 3481 3250 3530; x_wconf 88' lang='lat' dir='ltr'><strong>tonsuratas</strong></span> <span class='ocrx_word' id='word_1_532' title='bbox 3306 3490 3369 3531; x_wconf 90' lang='lat' dir='ltr'><strong>ac</strong></span> <span class='ocrx_word' id='word_1_533' title='bbox 3426 3478 3653 3532; x_wconf 88' lang='lat' dir='ltr'><strong>vestitas</strong></span> <span class='ocrx_word' id='word_1_534' title='bbox 3688 3519 3702 3542; x_wconf 94' lang='lat'><strong>,</strong></span> 
     </span>
    </p>
   </div>
   <div class='ocr_carea' id='block_1_81' title="bbox 2065 3563 3701 3634">
    <p class='ocr_par' dir='ltr' id='par_1_81' title="bbox 2065 3563 3701 3634">
     <span class='ocr_line' id='line_1_81' title="bbox 2065 3563 3701 3634; baseline 0.001 -16"><span class='ocrx_word' id='word_1_535' title='bbox 2065 3563 2305 3633; x_wconf 86' lang='lat' dir='ltr'><strong>captivas</strong></span> <span class='ocrx_word' id='word_1_536' title='bbox 2378 3563 2718 3619; x_wconf 88' lang='lat' dir='ltr'><strong>abduxerant</strong></span> <span class='ocrx_word' id='word_1_537' title='bbox 2787 3583 2798 3618; x_wconf 93' lang='lat'><strong>:</strong></span> <span class='ocrx_word' id='word_1_538' title='bbox 2868 3563 3103 3634; x_wconf 88' lang='lat' dir='ltr'><strong>ligneam</strong></span> <span class='ocrx_word' id='word_1_539' title='bbox 3177 3564 3377 3620; x_wconf 89' lang='lat' dir='ltr'><strong>Christi</strong></span> <span class='ocrx_word' id='word_1_540' title='bbox 3453 3565 3701 3620; x_wconf 86' lang='lat' dir='ltr'><strong>crucifixi</strong></span> 
     </span>
    </p>
   </div>
   <div class='ocr_carea' id='block_1_82' title="bbox 2065 3650 3703 3722">
    <p class='ocr_par' dir='ltr' id='par_1_82' title="bbox 2065 3650 3703 3722">
     <span class='ocr_line' id='line_1_82' title="bbox 2065 3650 3703 3722; baseline 0.002 -17"><span class='ocrx_word' id='word_1_541' title='bbox 2065 3651 2353 3721; x_wconf 87' lang='lat' dir='ltr'><strong>imaginem</strong></span> <span class='ocrx_word' id='word_1_542' title='bbox 2417 3651 2561 3721; x_wconf 89' lang='lat' dir='ltr'><strong>apud</strong></span> <span class='ocrx_word' id='word_1_543' title='bbox 2627 3650 2848 3718; x_wconf 86' lang='lat' dir='ltr'><strong>Altorf,</strong></span> <span class='ocrx_word' id='word_1_544' title='bbox 2917 3659 2972 3707; x_wconf 91' lang='lat' dir='ltr'><strong>et</strong></span> <span class='ocrx_word' id='word_1_545' title='bbox 3037 3652 3168 3708; x_wconf 91' lang='lat' dir='ltr'><strong>alibi</strong></span> <span class='ocrx_word' id='word_1_546' title='bbox 3233 3653 3444 3721; x_wconf 91' lang='lat' dir='ltr'><strong>etiam,</strong></span> <span class='ocrx_word' id='word_1_547' title='bbox 3521 3654 3703 3722; x_wconf 89' lang='lat' dir='ltr'><strong>capite</strong></span> 
     </span>
    </p>
   </div>
   <div class='ocr_carea' id='block_1_83' title="bbox 2065 3739 3704 3809">
    <p class='ocr_par' dir='ltr' id='par_1_83' title="bbox 2065 3739 3704 3809">
     <span class='ocr_line' id='line_1_83' title="bbox 2065 3739 3704 3809; baseline 0.002 -15"><span class='ocrx_word' id='word_1_548' title='bbox 2065 3739 2315 3794; x_wconf 91' lang='lat' dir='ltr'><strong>manibus</strong></span> <span class='ocrx_word' id='word_1_549' title='bbox 2362 3745 2417 3795; x_wconf 91' lang='lat' dir='ltr'><strong>et</strong></span> <span class='ocrx_word' id='word_1_550' title='bbox 2463 3739 2696 3809; x_wconf 89' lang='lat' dir='ltr'><strong>pedibus</strong></span> <span class='ocrx_word' id='word_1_551' title='bbox 2742 3739 3198 3796; x_wconf 86' lang='lat' dir='ltr'><strong>detruncaverant</strong></span> <span class='ocrx_word' id='word_1_552' title='bbox 3245 3742 3522 3797; x_wconf 85' lang='lat' dir='ltr'><strong>abscissis.</strong></span> <span class='ocrx_word' id='word_1_553' title='bbox 3564 3743 3704 3809; x_wconf 85' lang='lat' dir='ltr'><strong>Quid</strong></span> 
     </span>
    </p>
   </div>
   <div class='ocr_carea' id='block_1_84' title="bbox 2064 3828 3707 3902">
    <p class='ocr_par' dir='ltr' id='par_1_84' title="bbox 2064 3828 3707 3902">
     <span class='ocr_line' id='line_1_84' title="bbox 2064 3828 3707 3902; baseline 0.002 -19"><span class='ocrx_word' id='word_1_554' title='bbox 2064 3828 2262 3897; x_wconf 83' lang='lat' dir='ltr'><strong>plura?</strong></span> <span class='ocrx_word' id='word_1_555' title='bbox 2316 3830 2486 3885; x_wconf 90' lang='lat' dir='ltr'><strong>Omne</strong></span> <span class='ocrx_word' id='word_1_556' title='bbox 2523 3844 2738 3885; x_wconf 87' lang='lat' dir='ltr'><strong>sacrum</strong></span> <span class='ocrx_word' id='word_1_557' title='bbox 2786 3837 2842 3885; x_wconf 89' lang='lat' dir='ltr'><strong>et</strong></span> <span class='ocrx_word' id='word_1_558' title='bbox 2886 3830 3129 3886; x_wconf 91' lang='lat' dir='ltr'><strong>divinum</strong></span> <span class='ocrx_word' id='word_1_559' title='bbox 3177 3838 3528 3899; x_wconf 89' lang='lat' dir='ltr'><strong>temerantes,</strong></span> <span class='ocrx_word' id='word_1_560' title='bbox 3583 3832 3707 3902; x_wconf 91' lang='lat' dir='ltr'><strong>plus</strong></span> 
     </span>
    </p>
   </div>
   <div class='ocr_carea' id='block_1_85' title="bbox 2069 3917 3704 3989">
    <p class='ocr_par' dir='ltr' id='par_1_85' title="bbox 2069 3917 3704 3989">
     <span class='ocr_line' id='line_1_85' title="bbox 2069 3917 3704 3989; baseline 0 -17"><span class='ocrx_word' id='word_1_561' title='bbox 2069 3931 2231 3987; x_wconf 91' lang='lat' dir='ltr'><strong>quam</strong></span> <span class='ocrx_word' id='word_1_562' title='bbox 2265 3917 2484 3973; x_wconf 85' lang='lat' dir='ltr'><strong>ethnica</strong></span> <span class='ocrx_word' id='word_1_563' title='bbox 2530 3919 2740 3973; x_wconf 90' lang='lat' dir='ltr'><strong>insania</strong></span> <span class='ocrx_word' id='word_1_564' title='bbox 2787 3918 3072 3974; x_wconf 89' lang='lat' dir='ltr'><strong>omnifaria</strong></span> <span class='ocrx_word' id='word_1_565' title='bbox 3112 3919 3442 3989; x_wconf 87' lang='lat' dir='ltr'><strong>polluerant.</strong></span> <span class='ocrx_word' id='word_1_566' title='bbox 3473 3950 3546 3960; x_wconf 94' lang='lat'>—</span> <span class='ocrx_word' id='word_1_567' title='bbox 3575 3922 3704 3976; x_wconf 71' lang='lat' dir='ltr'><strong>llaec</strong></span> 
     </span>
    </p>
   </div>
   <div class='ocr_carea' id='block_1_86' title="bbox 2071 4007 3709 4078">
    <p class='ocr_par' dir='ltr' id='par_1_86' title="bbox 2071 4007 3709 4078">
     <span class='ocr_line' id='line_1_86' title="bbox 2071 4007 3709 4078; baseline 0.001 -17"><span class='ocrx_word' id='word_1_568' title='bbox 2071 4007 2292 4077; x_wconf 89' lang='lat' dir='ltr'><strong>quidem</strong></span> <span class='ocrx_word' id='word_1_569' title='bbox 2357 4007 2538 4062; x_wconf 92' lang='lat' dir='ltr'><strong>omnia</strong></span> <span class='ocrx_word' id='word_1_570' title='bbox 2602 4008 3010 4077; x_wconf 88' lang='lat' dir='ltr'><strong>episcoporum,</strong></span> <span class='ocrx_word' id='word_1_571' title='bbox 3069 4009 3162 4078; x_wconf 90' lang='lat' dir='ltr'><strong>qui</strong></span> <span class='ocrx_word' id='word_1_572' title='bbox 3228 4008 3388 4063; x_wconf 92' lang='lat' dir='ltr'><strong>simul</strong></span> <span class='ocrx_word' id='word_1_573' title='bbox 3445 4023 3569 4064; x_wconf 92' lang='lat' dir='ltr'><strong>cum</strong></span> <span class='ocrx_word' id='word_1_574' title='bbox 3627 4011 3709 4064; x_wconf 89' lang='lat' dir='ltr'><strong>eis</strong></span> 
     </span>
    </p>
   </div>
   <div class='ocr_carea' id='block_1_87' title="bbox 2069 4096 3710 4164">
    <p class='ocr_par' dir='ltr' id='par_1_87' title="bbox 2069 4096 3710 4164">
     <span class='ocr_line' id='line_1_87' title="bbox 2069 4096 3710 4164; baseline 0 -12"><span class='ocrx_word' id='word_1_575' title='bbox 2069 4096 2348 4152; x_wconf 65' lang='lat' dir='ltr'><strong>azcclesias</strong></span> <span class='ocrx_word' id='word_1_576' title='bbox 2394 4097 2488 4151; x_wconf 90' lang='lat' dir='ltr'><strong>Dei</strong></span> <span class='ocrx_word' id='word_1_577' title='bbox 2537 4097 2866 4164; x_wconf 78' lang='lat' dir='ltr'><strong>invaserant,</strong></span> <span class='ocrx_word' id='word_1_578' title='bbox 2899 4097 3025 4151; x_wconf 88' lang='lat' dir='ltr'><strong>data</strong></span> <span class='ocrx_word' id='word_1_579' title='bbox 3073 4097 3296 4153; x_wconf 90' lang='lat' dir='ltr'><strong>licentia</strong></span> <span class='ocrx_word' id='word_1_580' title='bbox 3334 4097 3556 4153; x_wconf 85' lang='lat' dir='ltr'><strong>ﬂebant.</strong></span> <span class='ocrx_word' id='word_1_581' title='bbox 3592 4099 3710 4152; x_wconf 79' lang='lat' dir='ltr'><strong>Fie-</strong></span> 
     </span>
    </p>
   </div>
   <div class='ocr_carea' id='block_1_88' title="bbox 2065 4185 3709 4242">
    <p class='ocr_par' dir='ltr' id='par_1_88' title="bbox 2065 4185 3709 4242">
     <span class='ocr_line' id='line_1_88' title="bbox 2065 4185 3709 4242; baseline 0.001 -2"><span class='ocrx_word' id='word_1_582' title='bbox 2065 4186 2158 4241; x_wconf 90' lang='lat' dir='ltr'><strong>bat</strong></span> <span class='ocrx_word' id='word_1_583' title='bbox 2186 4191 2366 4240; x_wconf 89' lang='lat' dir='ltr'><strong>autem</strong></span> <span class='ocrx_word' id='word_1_584' title='bbox 2397 4185 2516 4241; x_wconf 70' lang='lat' dir='ltr'><strong>hinc</strong></span> <span class='ocrx_word' id='word_1_585' title='bbox 2545 4186 2888 4242; x_wconf 88' lang='lat' dir='ltr'><strong>detestabilis</strong></span> <span class='ocrx_word' id='word_1_586' title='bbox 2925 4193 3129 4242; x_wconf 73' lang='lat' dir='ltr'><strong>sanctae</strong></span> <span class='ocrx_word' id='word_1_587' title='bbox 3175 4187 3441 4242; x_wconf 65' lang='lat' dir='ltr'><strong>aecclesize</strong></span> <span class='ocrx_word' id='word_1_588' title='bbox 3483 4187 3709 4242; x_wconf 87' lang='lat' dir='ltr'><strong>concul-</strong></span> 
     </span>
    </p>
   </div>
   <div class='ocr_carea' id='block_1_89' title="bbox 2066 4274 3709 4333">
    <p class='ocr_par' dir='ltr' id='par_1_89' title="bbox 2066 4274 3709 4333">
     <span class='ocr_line' id='line_1_89' title="bbox 2066 4274 3709 4333; baseline 0.002 -3"><span class='ocrx_word' id='word_1_589' title='bbox 2066 4275 2209 4331; x_wconf 87' lang='lat' dir='ltr'><strong>catio</strong></span> <span class='ocrx_word' id='word_1_590' title='bbox 2239 4281 2294 4330; x_wconf 88' lang='lat' dir='ltr'><strong>et</strong></span> <span class='ocrx_word' id='word_1_591' title='bbox 2324 4274 2592 4332; x_wconf 89' lang='lat' dir='ltr'><strong>desolatio</strong></span> <span class='ocrx_word' id='word_1_592' title='bbox 2622 4275 2767 4331; x_wconf 87' lang='lat' dir='ltr'><strong>circa</strong></span> <span class='ocrx_word' id='word_1_593' title='bbox 2817 4274 3165 4331; x_wconf 87' lang='lat' dir='ltr'><strong>festivitatem</strong></span> <span class='ocrx_word' id='word_1_594' title='bbox 3203 4277 3446 4332; x_wconf 91' lang='lat' dir='ltr'><strong>omnium</strong></span> <span class='ocrx_word' id='word_1_595' title='bbox 3488 4285 3709 4333; x_wconf 89' lang='lat' dir='ltr'><strong>sancto-</strong></span> 
     </span>
    </p>
   </div>
   <div class='ocr_carea' id='block_1_90' title="bbox 341 4362 3707 4437">
    <p class='ocr_par' dir='ltr' id='par_1_90' title="bbox 341 4362 3707 4437">
     <span class='ocr_line' id='line_1_90' title="bbox 341 4362 3707 4437; baseline 0 -17"><span class='ocrx_word' id='word_1_596' title='bbox 341 4365 556 4421; x_wconf 91' lang='lat' dir='ltr'><strong>litteras</strong></span> <span class='ocrx_word' id='word_1_597' title='bbox 590 4365 655 4396; x_wconf 69' lang='lat' dir='ltr'><strong>m</strong></span> <span class='ocrx_word' id='word_1_598' title='bbox 700 4364 1084 4420; x_wconf 90' lang='lat' dir='ltr'><strong>commendare</strong></span> <span class='ocrx_word' id='word_1_599' title='bbox 1132 4362 1446 4420; x_wconf 82' lang='lat' dir='ltr'><strong>effecerant.</strong></span> <span class='ocrx_word' id='word_1_600' title='bbox 1508 4365 1725 4420; x_wconf 78' lang='lat' dir='ltr'><strong>Eisdem</strong></span> <span class='ocrx_word' id='word_1_601' title='bbox 1783 4365 2032 4437; x_wconf 26' lang='lat' dir='ltr'><strong>diebus;</strong></span> <span class='ocrx_word' id='word_1_602' title='bbox 2073 4379 2210 4420; x_wconf 90' lang='lat' dir='ltr'><strong>rum.</strong></span> <span class='ocrx_word' id='word_1_603' title='bbox 2280 4366 2429 4420; x_wconf 88' lang='lat' dir='ltr'><strong>Tunc</strong></span> <span class='ocrx_word' id='word_1_604' title='bbox 2470 4378 2692 4434; x_wconf 90' lang='lat' dir='ltr'><strong>quoque</strong></span> <span class='ocrx_word' id='word_1_605' title='bbox 2759 4379 2949 4434; x_wconf 91' lang='lat' dir='ltr'><strong>parum</strong></span> <span class='ocrx_word' id='word_1_606' title='bbox 3015 4367 3194 4422; x_wconf 90' lang='lat' dir='ltr'><strong>minus</strong></span> <span class='ocrx_word' id='word_1_607' title='bbox 3258 4380 3419 4437; x_wconf 85' lang='lat' dir='ltr'><strong>quam</strong></span> <span class='ocrx_word' id='word_1_608' title='bbox 3487 4375 3707 4422; x_wconf 90' lang='lat' dir='ltr'><strong>centum</strong></span> 
     </span>
    </p>
   </div>
   <div class='ocr_carea' id='block_1_91' title="bbox 340 4433 3705 4524">
    <p class='ocr_par' dir='ltr' id='par_1_91' title="bbox 340 4433 3705 4524">
     <span class='ocr_line' id='line_1_91' title="bbox 340 4433 3705 4524; baseline 0 -14"><span class='ocrx_word' id='word_1_609' title='bbox 340 4455 510 4510; x_wconf 88' lang='lat' dir='ltr'><strong>abbas</strong></span> <span class='ocrx_word' id='word_1_610' title='bbox 564 4455 934 4521; x_wconf 80' lang='lat' dir='ltr'><strong>Massiliensis,</strong></span> <span class='ocrx_word' id='word_1_611' title='bbox 992 4455 1140 4509; x_wconf 91' lang='lat' dir='ltr'><strong>sedis</strong></span> <span class='ocrx_word' id='word_1_612' title='bbox 1195 4454 1515 4523; x_wconf 71' lang='lat' dir='ltr'><strong>apostolicae</strong></span> <span class='ocrx_word' id='word_1_613' title='bbox 1569 4454 1815 4524; x_wconf 90' lang='lat' dir='ltr'><strong>legatus,</strong></span> <span class='ocrx_word' id='word_1_614' title='bbox 1883 4433 2330 4523; x_wconf 62' lang='lat' dir='ltr'><strong>quinaecclesiae</strong></span> <span class='ocrx_word' id='word_1_615' title='bbox 2376 4454 2431 4508; x_wconf 92' lang='lat' dir='ltr'><strong>in</strong></span> <span class='ocrx_word' id='word_1_616' title='bbox 2481 4453 2573 4508; x_wconf 90' lang='lat' dir='ltr'><strong>illa</strong></span> <span class='ocrx_word' id='word_1_617' title='bbox 2604 4433 2974 4523; x_wconf 72' lang='lat' dir='ltr'><strong>expeditione</strong></span> <span class='ocrx_word' id='word_1_618' title='bbox 3006 4455 3220 4511; x_wconf 67' lang='lat' dir='ltr'><strong>violata:</strong></span> <span class='ocrx_word' id='word_1_619' title='bbox 3259 4433 3408 4511; x_wconf 81' lang='lat' dir='ltr'><strong>sunt.</strong></span> <span class='ocrx_word' id='word_1_620' title='bbox 3449 4459 3705 4511; x_wconf 85' lang='lat' dir='ltr'><strong>Attamen</strong></span> 
     </span>
    </p>
   </div>
   <div class='ocr_carea' id='block_1_92' title="bbox 339 4543 1978 4613">
    <p class='ocr_par' dir='ltr' id='par_1_92' title="bbox 339 4543 1978 4613">
     <span class='ocr_line' id='line_1_92' title="bbox 339 4543 1978 4613; baseline -0.001 -13"><span class='ocrx_word' id='word_1_621' title='bbox 339 4559 463 4600; x_wconf 90' lang='lat' dir='ltr'><strong>cum</strong></span> <span class='ocrx_word' id='word_1_622' title='bbox 524 4543 758 4600; x_wconf 90' lang='lat' dir='ltr'><strong>ducibus</strong></span> <span class='ocrx_word' id='word_1_623' title='bbox 820 4543 1240 4598; x_wconf 87' lang='lat' dir='ltr'><strong>Alemannorum</strong></span> <span class='ocrx_word' id='word_1_624' title='bbox 1303 4544 1582 4613; x_wconf 55' lang='lat' dir='ltr'><strong>praedictae</strong></span> <span class='ocrx_word' id='word_1_625' title='bbox 1639 4543 1978 4613; x_wconf 87' lang='lat' dir='ltr'><strong>expeditioni</strong></span> 
     </span>
    </p>
   </div>
   <div class='ocr_carea' id='block_1_93' title="bbox 341 4632 1980 4704">
    <p class='ocr_par' dir='ltr' id='par_1_93' title="bbox 341 4632 1980 4704">
     <span class='ocr_line' id='line_1_93' title="bbox 341 4632 1980 4704; baseline -0.001 -15"><span class='ocrx_word' id='word_1_626' title='bbox 341 4640 548 4704; x_wconf 69' lang='lat' dir='ltr'><strong>praesto</strong></span> <span class='ocrx_word' id='word_1_627' title='bbox 593 4632 860 4699; x_wconf 90' lang='lat' dir='ltr'><strong>interfuit,</strong></span> <span class='ocrx_word' id='word_1_628' title='bbox 911 4641 966 4688; x_wconf 92' lang='lat' dir='ltr'><strong>et</strong></span> <span class='ocrx_word' id='word_1_629' title='bbox 1013 4633 1102 4688; x_wconf 85' lang='lat' dir='ltr'><strong>cui</strong></span> <span class='ocrx_word' id='word_1_630' title='bbox 1149 4633 1332 4688; x_wconf 89' lang='lat' dir='ltr'><strong>omnia</strong></span> <span class='ocrx_word' id='word_1_631' title='bbox 1392 4633 1658 4688; x_wconf 90' lang='lat' dir='ltr'><strong>bellorum</strong></span> <span class='ocrx_word' id='word_1_632' title='bbox 1715 4640 1866 4704; x_wconf 89' lang='lat' dir='ltr'><strong>gesta</strong></span> <span class='ocrx_word' id='word_1_633' title='bbox 1913 4647 1980 4688; x_wconf 91' lang='lat' dir='ltr'><strong>ex</strong></span> 
     </span>
    </p>
   </div>
   <div class='ocr_carea' id='block_1_94' title="bbox 343 4721 1982 4794">
    <p class='ocr_par' dir='ltr' id='par_1_94' title="bbox 343 4721 1982 4794">
     <span class='ocr_line' id='line_1_94' title="bbox 343 4721 1982 4794; baseline -0.001 -16"><span class='ocrx_word' id='word_1_634' title='bbox 343 4731 460 4780; x_wconf 91' lang='lat' dir='ltr'><strong>toto</strong></span> <span class='ocrx_word' id='word_1_635' title='bbox 492 4737 602 4780; x_wconf 88' lang='lat' dir='ltr'><strong>non</strong></span> <span class='ocrx_word' id='word_1_636' title='bbox 634 4725 818 4794; x_wconf 87' lang='lat' dir='ltr'><strong>ignota</strong></span> <span class='ocrx_word' id='word_1_637' title='bbox 847 4721 1083 4789; x_wconf 88' lang='lat' dir='ltr'><strong>fuerant,</strong></span> <span class='ocrx_word' id='word_1_638' title='bbox 1116 4723 1244 4792; x_wconf 90' lang='lat' dir='ltr'><strong>quia</strong></span> <span class='ocrx_word' id='word_1_639' title='bbox 1293 4722 1503 4778; x_wconf 92' lang='lat' dir='ltr'><strong>nullum</strong></span> <span class='ocrx_word' id='word_1_640' title='bbox 1533 4723 1786 4793; x_wconf 70' lang='lat' dir='ltr'><strong>inpositae</strong></span> <span class='ocrx_word' id='word_1_641' title='bbox 1837 4722 1982 4792; x_wconf 87' lang='lat' dir='ltr'><strong>lega-</strong></span> 
     </span>
    </p>
   </div>
   <div class='ocr_carea' id='block_1_95' title="bbox 342 4810 1978 4881">
    <p class='ocr_par' dir='ltr' id='par_1_95' title="bbox 342 4810 1978 4881">
     <span class='ocr_line' id='line_1_95' title="bbox 342 4810 1978 4881; baseline -0.001 -14"><span class='ocrx_word' id='word_1_642' title='bbox 342 4813 512 4868; x_wconf 88' lang='lat' dir='ltr'><strong>tionis</strong></span> <span class='ocrx_word' id='word_1_643' title='bbox 565 4821 621 4868; x_wconf 92' lang='lat' dir='ltr'><strong>et</strong></span> <span class='ocrx_word' id='word_1_644' title='bbox 684 4812 1092 4868; x_wconf 68' lang='lat' dir='ltr'><strong>ascclesiastica:</strong></span> <span class='ocrx_word' id='word_1_645' title='bbox 1157 4811 1411 4867; x_wconf 89' lang='lat' dir='ltr'><strong>utilitatis</strong></span> <span class='ocrx_word' id='word_1_646' title='bbox 1475 4810 1776 4881; x_wconf 88' lang='lat' dir='ltr'><strong>profectum</strong></span> <span class='ocrx_word' id='word_1_647' title='bbox 1835 4810 1978 4880; x_wconf 91' lang='lat' dir='ltr'><strong>apud</strong></span> 
     </span>
    </p>
   </div>
   <div class='ocr_carea' id='block_1_96' title="bbox 342 4901 1980 4973">
    <p class='ocr_par' dir='ltr' id='par_1_96' title="bbox 342 4901 1980 4973">
     <span class='ocr_line' id='line_1_96' title="bbox 342 4901 1980 4973; baseline -0.001 -15"><span class='ocrx_word' id='word_1_648' title='bbox 342 4901 661 4973; x_wconf 68' lang='lat' dir='ltr'><strong>apostolicae</strong></span> <span class='ocrx_word' id='word_1_649' title='bbox 706 4902 855 4959; x_wconf 91' lang='lat' dir='ltr'><strong>sedis</strong></span> <span class='ocrx_word' id='word_1_650' title='bbox 903 4901 1248 4958; x_wconf 89' lang='lat' dir='ltr'><strong>adversarios</strong></span> <span class='ocrx_word' id='word_1_651' title='bbox 1293 4915 1352 4958; x_wconf 89' lang='lat' dir='ltr'><strong>se</strong></span> <span class='ocrx_word' id='word_1_652' title='bbox 1411 4915 1512 4957; x_wconf 89' lang='lat' dir='ltr'><strong>nec</strong></span> <span class='ocrx_word' id='word_1_653' title='bbox 1570 4901 1825 4956; x_wconf 87' lang='lat' dir='ltr'><strong>habuisse</strong></span> <span class='ocrx_word' id='word_1_654' title='bbox 1880 4915 1980 4956; x_wconf 91' lang='lat' dir='ltr'><strong>nec</strong></span> 
     </span>
    </p>
   </div>
   <div class='ocr_carea' id='block_1_97' title="bbox 343 4987 1978 5062">
    <p class='ocr_par' dir='ltr' id='par_1_97' title="bbox 343 4987 1978 5062">
     <span class='ocr_line' id='line_1_97' title="bbox 343 4987 1978 5062; baseline -0.002 -15"><span class='ocrx_word' id='word_1_655' title='bbox 343 4992 655 5048; x_wconf 85' lang='lat' dir='ltr'><strong>habiturum</strong></span> <span class='ocrx_word' id='word_1_656' title='bbox 693 4990 810 5047; x_wconf 90' lang='lat' dir='ltr'><strong>fore</strong></span> <span class='ocrx_word' id='word_1_657' title='bbox 850 4997 1223 5062; x_wconf 88' lang='lat' dir='ltr'><strong>perspexerat,</strong></span> <span class='ocrx_word' id='word_1_658' title='bbox 1255 4997 1310 5046; x_wconf 90' lang='lat' dir='ltr'><strong>et</strong></span> <span class='ocrx_word' id='word_1_659' title='bbox 1349 4991 1466 5060; x_wconf 89' lang='lat' dir='ltr'><strong>ipse</strong></span> <span class='ocrx_word' id='word_1_660' title='bbox 1505 4991 1728 5045; x_wconf 80' lang='lat' dir='ltr'><strong>Romam</strong></span> <span class='ocrx_word' id='word_1_661' title='bbox 1758 4987 1825 5044; x_wconf 93' lang='lat' dir='ltr'><strong>ad</strong></span> <span class='ocrx_word' id='word_1_662' title='bbox 1857 5003 1978 5044; x_wconf 90' lang='lat' dir='ltr'><strong>eum</strong></span> 
     </span>
    </p>
   </div>
   <div class='ocr_carea' id='block_1_98' title="bbox 342 5073 1982 5152">
    <p class='ocr_par' dir='ltr' id='par_1_98' title="bbox 342 5073 1982 5152">
     <span class='ocr_line' id='line_1_98' title="bbox 342 5073 1982 5152; baseline -0.002 -15"><span class='ocrx_word' id='word_1_663' title='bbox 342 5082 437 5152; x_wconf 86' lang='lat' dir='ltr'><strong>qui</strong></span> <span class='ocrx_word' id='word_1_664' title='bbox 487 5095 549 5138; x_wconf 87' lang='lat' dir='ltr'><strong>se</strong></span> <span class='ocrx_word' id='word_1_665' title='bbox 596 5082 840 5148; x_wconf 83' lang='lat' dir='ltr'><strong>miserat,</strong></span> <span class='ocrx_word' id='word_1_666' title='bbox 891 5073 1302 5138; x_wconf 82' lang='lat' dir='ltr'><strong>mendaciorum</strong></span> <span class='ocrx_word' id='word_1_667' title='bbox 1361 5079 1675 5136; x_wconf 88' lang='lat' dir='ltr'><strong>destructor</strong></span> <span class='ocrx_word' id='word_1_668' title='bbox 1728 5091 1838 5135; x_wconf 92' lang='lat' dir='ltr'><strong>non</strong></span> <span class='ocrx_word' id='word_1_669' title='bbox 1885 5077 1982 5134; x_wconf 88' lang='lat' dir='ltr'><strong>de-</strong></span> 
     </span>
    </p>
   </div>
   <div class='ocr_carea' id='block_1_99' title="bbox 2061 4542 3706 4617">
    <p class='ocr_par' dir='ltr' id='par_1_99' title="bbox 2061 4542 3706 4617">
     <span class='ocr_line' id='line_1_99' title="bbox 2061 4542 3706 4617; baseline 0.001 -19"><span class='ocrx_word' id='word_1_670' title='bbox 2061 4543 2181 4599; x_wconf 67' lang='lat' dir='ltr'><strong>haec</strong></span> <span class='ocrx_word' id='word_1_671' title='bbox 2211 4543 2276 4574; x_wconf 77' lang='grc'><strong>’⁷⁸</strong></span> <span class='ocrx_word' id='word_1_672' title='bbox 2324 4557 2434 4598; x_wconf 93' lang='lat' dir='ltr'><strong>non</strong></span> <span class='ocrx_word' id='word_1_673' title='bbox 2483 4544 2734 4612; x_wconf 92' lang='lat' dir='ltr'><strong>inpunite</strong></span> <span class='ocrx_word' id='word_1_674' title='bbox 2790 4545 3014 4600; x_wconf 90' lang='lat' dir='ltr'><strong>omnino</strong></span> <span class='ocrx_word' id='word_1_675' title='bbox 3070 4542 3211 4600; x_wconf 91' lang='lat' dir='ltr'><strong>facta</strong></span> <span class='ocrx_word' id='word_1_676' title='bbox 3257 4553 3422 4612; x_wconf 86' lang='lat' dir='ltr'><strong>sunt;</strong></span> <span class='ocrx_word' id='word_1_677' title='bbox 3485 4546 3706 4617; x_wconf 86' lang='lat' dir='ltr'><strong>quidam</strong></span> 
     </span>
    </p>
   </div>
   <div class='ocr_carea' id='block_1_100' title="bbox 2063 4633 3708 4705">
    <p class='ocr_par' dir='ltr' id='par_1_100' title="bbox 2063 4633 3708 4705">
     <span class='ocr_line' id='line_1_100' title="bbox 2063 4633 3708 4705; baseline 0 -17"><span class='ocrx_word' id='word_1_678' title='bbox 2063 4648 2294 4704; x_wconf 90' lang='lat' dir='ltr'><strong>namque</strong></span> <span class='ocrx_word' id='word_1_679' title='bbox 2345 4633 2585 4699; x_wconf 91' lang='lat' dir='ltr'><strong>illorum,</strong></span> <span class='ocrx_word' id='word_1_680' title='bbox 2638 4641 2696 4688; x_wconf 92' lang='lat' dir='ltr'><strong>ut</strong></span> <span class='ocrx_word' id='word_1_681' title='bbox 2744 4633 2916 4699; x_wconf 91' lang='lat' dir='ltr'><strong>aiunt,</strong></span> <span class='ocrx_word' id='word_1_682' title='bbox 2968 4634 3036 4688; x_wconf 89' lang='lat' dir='ltr'><strong>ab</strong></span> <span class='ocrx_word' id='word_1_683' title='bbox 3083 4635 3363 4690; x_wconf 92' lang='lat' dir='ltr'><strong>inmundis</strong></span> <span class='ocrx_word' id='word_1_684' title='bbox 3419 4636 3708 4705; x_wconf 88' lang='lat' dir='ltr'><strong>spiritibus</strong></span> 
     </span>
    </p>
   </div>
   <div class='ocr_carea' id='block_1_101' title="bbox 2062 4722 3705 4792">
    <p class='ocr_par' dir='ltr' id='par_1_101' title="bbox 2062 4722 3705 4792">
     <span class='ocr_line' id='line_1_101' title="bbox 2062 4722 3705 4792; baseline 0.001 -15"><span class='ocrx_word' id='word_1_685' title='bbox 2062 4723 2290 4792; x_wconf 88' lang='lat' dir='ltr'><strong>arrepti,</strong></span> <span class='ocrx_word' id='word_1_686' title='bbox 2321 4737 2492 4792; x_wconf 91' lang='lat' dir='ltr'><strong>usque</strong></span> <span class='ocrx_word' id='word_1_687' title='bbox 2523 4722 2590 4777; x_wconf 89' lang='lat' dir='ltr'><strong>ad</strong></span> <span class='ocrx_word' id='word_1_688' title='bbox 2624 4729 2854 4777; x_wconf 90' lang='lat' dir='ltr'><strong>mortem</strong></span> <span class='ocrx_word' id='word_1_689' title='bbox 2885 4723 3258 4792; x_wconf 89' lang='lat' dir='ltr'><strong>vexabantur;</strong></span> <span class='ocrx_word' id='word_1_690' title='bbox 3292 4723 3544 4780; x_wconf 91' lang='lat' dir='ltr'><strong>nonnulli</strong></span> <span class='ocrx_word' id='word_1_691' title='bbox 3577 4738 3705 4780; x_wconf 85' lang='lat' dir='ltr'><strong>vero</strong></span> 
     </span>
    </p>
   </div>
   <div class='ocr_carea' id='block_1_102' title="bbox 2063 4811 3703 4884">
    <p class='ocr_par' dir='ltr' id='par_1_102' title="bbox 2063 4811 3703 4884">
     <span class='ocr_line' id='line_1_102' title="bbox 2063 4811 3703 4884; baseline 0 -16"><span class='ocrx_word' id='word_1_692' title='bbox 2063 4826 2093 4868; x_wconf 89' lang='lat' dir='ltr'><strong>a</strong></span> <span class='ocrx_word' id='word_1_693' title='bbox 2123 4813 2465 4882; x_wconf 90' lang='lat' dir='ltr'><strong>principibus</strong></span> <span class='ocrx_word' id='word_1_694' title='bbox 2502 4811 2815 4867; x_wconf 88' lang='lat' dir='ltr'><strong>Alemannis</strong></span> <span class='ocrx_word' id='word_1_695' title='bbox 2845 4811 3139 4877; x_wconf 89' lang='lat' dir='ltr'><strong>interfecti,</strong></span> <span class='ocrx_word' id='word_1_696' title='bbox 3173 4815 3339 4884; x_wconf 91' lang='lat' dir='ltr'><strong>capti,</strong></span> <span class='ocrx_word' id='word_1_697' title='bbox 3374 4812 3703 4884; x_wconf 88' lang='lat' dir='ltr'><strong>exspoliati;</strong></span> 
     </span>
    </p>
   </div>
   <div class='ocr_carea' id='block_1_103' title="bbox 2063 4901 3705 4972">
    <p class='ocr_par' dir='ltr' id='par_1_103' title="bbox 2063 4901 3705 4972">
     <span class='ocr_line' id='line_1_103' title="bbox 2063 4901 3705 4972; baseline 0 -16"><span class='ocrx_word' id='word_1_698' title='bbox 2063 4901 2295 4972; x_wconf 86' lang='lat' dir='ltr'><strong>plurima</strong></span> <span class='ocrx_word' id='word_1_699' title='bbox 2335 4916 2461 4971; x_wconf 89' lang='lat' dir='ltr'><strong>pars</strong></span> <span class='ocrx_word' id='word_1_700' title='bbox 2490 4915 2677 4957; x_wconf 89' lang='lat' dir='ltr'><strong>eorum</strong></span> <span class='ocrx_word' id='word_1_701' title='bbox 2719 4901 3069 4957; x_wconf 71' lang='lat' dir='ltr'><strong>enaricati&#39;”</strong></span> <span class='ocrx_word' id='word_1_702' title='bbox 3110 4908 3165 4958; x_wconf 93' lang='lat' dir='ltr'><strong>et</strong></span> <span class='ocrx_word' id='word_1_703' title='bbox 3203 4902 3514 4958; x_wconf 89' lang='lat' dir='ltr'><strong>detruncati</strong></span> <span class='ocrx_word' id='word_1_704' title='bbox 3555 4909 3705 4958; x_wconf 88' lang='lat' dir='ltr'><strong>sunt.</strong></span> 
     </span>
    </p>
   </div>
   <div class='ocr_carea' id='block_1_104' title="bbox 2062 4989 3706 5061">
    <p class='ocr_par' dir='ltr' id='par_1_104' title="bbox 2062 4989 3706 5061">
     <span class='ocr_line' id='line_1_104' title="bbox 2062 4989 3706 5061; baseline 0.001 -15"><span class='ocrx_word' id='word_1_705' title='bbox 2062 4991 2150 5046; x_wconf 91' lang='lat' dir='ltr'><strong>Sic</strong></span> <span class='ocrx_word' id='word_1_706' title='bbox 2205 4991 2522 5046; x_wconf 77' lang='lat' dir='ltr'><strong>Alemannia</strong></span> <span class='ocrx_word' id='word_1_707' title='bbox 2578 4989 2966 5046; x_wconf 90' lang='lat' dir='ltr'><strong>miserabiliter</strong></span> <span class='ocrx_word' id='word_1_708' title='bbox 3023 4991 3301 5046; x_wconf 89' lang='lat' dir='ltr'><strong>devastata</strong></span> <span class='ocrx_word' id='word_1_709' title='bbox 3335 5034 3349 5058; x_wconf 94' lang='lat'><strong>,</strong></span> <span class='ocrx_word' id='word_1_710' title='bbox 3419 4992 3523 5061; x_wconf 90' lang='lat' dir='ltr'><strong>ipsi</strong></span> <span class='ocrx_word' id='word_1_711' title='bbox 3586 5006 3706 5047; x_wconf 88' lang='lat' dir='ltr'><strong>cum</strong></span> 
     </span>
    </p>
   </div>
   <div class='ocr_carea' id='block_1_105' title="bbox 2063 5076 3708 5156">
    <p class='ocr_par' dir='ltr' id='par_1_105' title="bbox 2063 5076 3708 5156">
     <span class='ocr_line' id='line_1_105' title="bbox 2063 5076 3708 5156; baseline 0.001 -23"><span class='ocrx_word' id='word_1_712' title='bbox 2063 5090 2174 5134; x_wconf 92' lang='lat' dir='ltr'><strong>non</strong></span> <span class='ocrx_word' id='word_1_713' title='bbox 2222 5077 2460 5134; x_wconf 89' lang='lat' dir='ltr'><strong>minimis</strong></span> <span class='ocrx_word' id='word_1_714' title='bbox 2515 5076 2825 5147; x_wconf 68' lang='lat' dir='ltr'><strong>praedarum</strong></span> <span class='ocrx_word' id='word_1_715' title='bbox 2873 5083 2929 5134; x_wconf 88' lang='lat' dir='ltr'><strong>et</strong></span> <span class='ocrx_word' id='word_1_716' title='bbox 2974 5078 3390 5156; x_wconf 86' lang='lat' dir='ltr'><strong>sacrilegiorum</strong></span> <span class='ocrx_word' id='word_1_717' title='bbox 3450 5079 3708 5137; x_wconf 87' lang='lat' dir='ltr'><strong>honerati</strong></span> 
     </span>
    </p>
   </div>
   <div class='ocr_carea' id='block_1_106' title="bbox 1691 5295 2352 5358">
    <p class='ocr_par' dir='ltr' id='par_1_106' title="bbox 1691 5295 2352 5358">
     <span class='ocr_line' id='line_1_106' title="bbox 1691 5295 2352 5358; baseline 0 -4"><span class='ocrx_word' id='word_1_718' title='bbox 1691 5297 1917 5358; x_wconf 74' lang='lat' dir='ltr'><strong>VABLE</strong></span> <span class='ocrx_word' id='word_1_719' title='bbox 1970 5295 2352 5356; x_wconf 82' lang='lat' dir='ltr'><strong>LECTIONES.</strong></span> 
     </span>
    </p>
   </div>
   <div class='ocr_carea' id='block_1_107' title="bbox 414 5468 3710 5548">
    <p class='ocr_par' dir='ltr' id='par_1_107' title="bbox 414 5468 3710 5548">
     <span class='ocr_line' id='line_1_107' title="bbox 414 5468 3710 5548; baseline -0.001 -14"><span class='ocrx_word' id='word_1_720' title='bbox 414 5476 478 5510; x_wconf 79' lang='lat'><strong>&#39;“</strong></span> <span class='ocrx_word' id='word_1_721' title='bbox 514 5476 729 5534; x_wconf 89' lang='lat' dir='ltr'><strong>scilicet</strong></span> <span class='ocrx_word' id='word_1_722' title='bbox 758 5477 824 5534; x_wconf 87' lang='lat' dir='ltr'><strong>R.</strong></span> <span class='ocrx_word' id='word_1_723' title='bbox 857 5475 1036 5548; x_wconf 78' lang='lat' dir='ltr'><strong>glossa</strong></span> <span class='ocrx_word' id='word_1_724' title='bbox 1062 5490 1187 5533; x_wconf 73' lang='lat' dir='ltr'><strong>mc.</strong></span> <span class='ocrx_word' id='word_1_725' title='bbox 1208 5477 1311 5548; x_wconf 12' lang='lat' dir='ltr'><strong>7X71</strong></span> <span class='ocrx_word' id='word_1_726' title='bbox 1321 5476 1363 5531; x_wconf 82' lang='grc' dir='ltr'><em>ν</em></span> <span class='ocrx_word' id='word_1_727' title='bbox 1385 5476 1442 5532; x_wconf 81' lang='lat' dir='ltr'><strong>in</strong></span> <span class='ocrx_word' id='word_1_728' title='bbox 1467 5475 1522 5532; x_wconf 83' lang='lat'><strong>2.</strong></span> <span class='ocrx_word' id='word_1_729' title='bbox 1596 5473 1988 5548; x_wconf 77' lang='lat' dir='ltr'><strong>_&#39;_&quot;_partenop.</strong></span> <span class='ocrx_word' id='word_1_730' title='bbox 2015 5471 2117 5548; x_wconf 76' lang='lat'><strong>2.___</strong></span> <span class='ocrx_word' id='word_1_731' title='bbox 2147 5471 2210 5503; x_wconf 78' lang='lat'><strong>&#39;“</strong></span> <span class='ocrx_word' id='word_1_732' title='bbox 2248 5468 2555 5548; x_wconf 69' lang='lat' dir='ltr'><strong>Profugatis</strong></span> <span class='ocrx_word' id='word_1_733' title='bbox 2589 5471 2654 5548; x_wconf 76' lang='lat'><strong>2_._</strong></span> <span class='ocrx_word' id='word_1_734' title='bbox 2720 5471 2783 5548; x_wconf 54' lang='lat'><strong>“7</strong></span> <span class='ocrx_word' id='word_1_735' title='bbox 2819 5473 2933 5548; x_wconf 63' lang='lat' dir='ltr'><strong>Nec</strong></span> <span class='ocrx_word' id='word_1_736' title='bbox 2971 5473 3168 5548; x_wconf 76' lang='lat' dir='ltr'><strong>mirum</strong></span> <span class='ocrx_word' id='word_1_737' title='bbox 3189 5473 3291 5548; x_wconf 12' lang='grc' dir='ltr'><strong>θεά.</strong></span> <span class='ocrx_word' id='word_1_738' title='bbox 3379 5471 3444 5548; x_wconf 52' lang='grc' dir='ltr'><strong>κέ</strong></span> <span class='ocrx_word' id='word_1_739' title='bbox 3479 5476 3560 5532; x_wconf 78' lang='lat' dir='ltr'><strong>ita</strong></span> <span class='ocrx_word' id='word_1_740' title='bbox 3596 5490 3710 5532; x_wconf 87' lang='lat' dir='ltr'><strong>cor-</strong></span> 
     </span>
    </p>
   </div>
   <div class='ocr_carea' id='block_1_108' title="bbox 340 5545 1985 5619">
    <p class='ocr_par' dir='ltr' id='par_1_108' title="bbox 340 5545 1985 5619">
     <span class='ocr_line' id='line_1_108' title="bbox 340 5545 1985 5619; baseline -0.002 -14"><span class='ocrx_word' id='word_1_741' title='bbox 340 5551 495 5616; x_wconf 68' lang='lat' dir='ltr'><strong>rexi,-</strong></span> <span class='ocrx_word' id='word_1_742' title='bbox 529 5549 826 5610; x_wconf 83' lang='lat' dir='ltr'><strong>dimicabat</strong></span> <span class='ocrx_word' id='word_1_743' title='bbox 852 5545 912 5606; x_wconf 73' lang='lat'><strong>2.</strong></span> <span class='ocrx_word' id='word_1_744' title='bbox 938 5554 988 5606; x_wconf 73' lang='lat' dir='ltr'><strong>et</strong></span> <span class='ocrx_word' id='word_1_745' title='bbox 1016 5548 1102 5606; x_wconf 73' lang='lat' dir='ltr'><strong>ad.</strong></span> <span class='ocrx_word' id='word_1_746' title='bbox 1179 5547 1242 5584; x_wconf 77' lang='lat'><strong>&#39;“</strong></span> <span class='ocrx_word' id='word_1_747' title='bbox 1277 5547 1384 5619; x_wconf 77' lang='lat' dir='ltr'><strong>ipsi</strong></span> <span class='ocrx_word' id='word_1_748' title='bbox 1412 5548 1498 5604; x_wconf 82' lang='lat' dir='ltr'><strong>ed.</strong></span> <span class='ocrx_word' id='word_1_749' title='bbox 1572 5546 1636 5619; x_wconf 65' lang='lat' dir='ltr'><strong>&quot;f</strong></span> <span class='ocrx_word' id='word_1_750' title='bbox 1670 5545 1717 5602; x_wconf 71' lang='lat'><strong>1.</strong></span> <span class='ocrx_word' id='word_1_751' title='bbox 1746 5560 1874 5603; x_wconf 84' lang='lat' dir='ltr'><strong>suas</strong></span> <span class='ocrx_word' id='word_1_752' title='bbox 1901 5547 1985 5602; x_wconf 83' lang='lat' dir='ltr'><strong>ed.</strong></span> 
     </span>
    </p>
   </div>
   <div class='ocr_carea' id='block_1_109' title="bbox 340 5617 1661 5680">
    <p class='ocr_par' dir='ltr' id='par_1_109' title="bbox 340 5617 1661 5680">
     <span class='ocr_line' id='line_1_109' title="bbox 340 5617 1661 5680; baseline -0.001 -3"><span class='ocrx_word' id='word_1_753' title='bbox 340 5622 425 5679; x_wconf 82' lang='lat' dir='ltr'><strong>ed.</strong></span> <span class='ocrx_word' id='word_1_754' title='bbox 505 5620 569 5653; x_wconf 77' lang='grc'><strong>⁸⁷⁵</strong></span> <span class='ocrx_word' id='word_1_755' title='bbox 606 5621 871 5680; x_wconf 88' lang='lat' dir='ltr'><strong>euaricati</strong></span> <span class='ocrx_word' id='word_1_756' title='bbox 901 5620 1154 5678; x_wconf 76' lang='lat' dir='ltr'><strong>correctio</strong></span> <span class='ocrx_word' id='word_1_757' title='bbox 1181 5617 1316 5676; x_wconf 71' lang='lat' dir='ltr'><strong>3ch</strong></span> <span class='ocrx_word' id='word_1_758' title='bbox 1335 5621 1496 5677; x_wconf 78' lang='grc' dir='ltr'><strong>Χιν.</strong></span> <span class='ocrx_word' id='word_1_759' title='bbox 1527 5621 1583 5677; x_wconf 82' lang='lat' dir='ltr'><strong>in</strong></span> <span class='ocrx_word' id='word_1_760' title='bbox 1609 5617 1661 5676; x_wconf 86' lang='lat'><strong>2.</strong></span> 
     </span>
    </p>
   </div>
   <div class='ocr_carea' id='block_1_110' title="bbox 2061 5543 3709 5604">
    <p class='ocr_par' dir='ltr' id='par_1_110' title="bbox 2061 5543 3709 5604">
     <span class='ocr_line' id='line_1_110' title="bbox 2061 5543 3709 5604; baseline 0.01 -6"><span class='ocrx_word' id='word_1_761' title='bbox 2061 5544 2119 5576; x_wconf 83' lang='grc'><strong>²⁷¹</strong></span> <span class='ocrx_word' id='word_1_762' title='bbox 2162 5557 2265 5600; x_wconf 91' lang='lat' dir='ltr'><strong>nec</strong></span> <span class='ocrx_word' id='word_1_763' title='bbox 2294 5544 2435 5599; x_wconf 73' lang='lat' dir='ltr'><strong>deest</strong></span> <span class='ocrx_word' id='word_1_764' title='bbox 2461 5543 2516 5599; x_wconf 84' lang='lat'><strong>2.</strong></span> <span class='ocrx_word' id='word_1_765' title='bbox 2595 5544 2657 5576; x_wconf 78' lang='grc'><strong>’⁷⁸</strong></span> <span class='ocrx_word' id='word_1_766' title='bbox 2695 5545 3021 5603; x_wconf 88' lang='lat' dir='ltr'><strong>mirabiliter</strong></span> <span class='ocrx_word' id='word_1_767' title='bbox 3048 5546 3102 5601; x_wconf 85' lang='lat'><strong>2.</strong></span> <span class='ocrx_word' id='word_1_768' title='bbox 3182 5545 3246 5578; x_wconf 81' lang='grc'><strong>’⁷³</strong></span> <span class='ocrx_word' id='word_1_769' title='bbox 3289 5546 3473 5604; x_wconf 78' lang='lat' dir='ltr'><strong>omnia</strong></span> <span class='ocrx_word' id='word_1_770' title='bbox 3523 5548 3709 5604; x_wconf 60' lang='lat' dir='ltr'><strong>inter“</strong></span> 
     </span>
    </p>
   </div>
  </div>
