4014 6176
269 316 354 370 421

1534 305 1860 364 ANNALES.
1902 333 1971 343 —
2010 306 2119 362 AN.
2166 305 2322 361 1078.

3511 315 3615 370 422

268 437 500 504 sarcinis,
533 436 778 503 domum,
817 450 926 492 non
960 435 1124 506 pleno
1165 441 1342 490 tamen
1374 432 1671 502 triumpho,
1706 428 2194 500 tripu-Anucrit,
2264 431 2366 487 nisi
2415 432 2604 488 eadem
2669 433 2873 502 pradia
2939 434 3206 492 acclesiis
3271 441 3610 510 restituerit,

266 529 464 585 diantes
494 525 770 581 redibant.

327 617 458 686 Ipsis
486 615 684 671 diebus
723 615 834 671 dux
884 613 1215 670 Bertholdus
1253 612 1566 667 christiana
1606 608 1892 679 religionis

261 712 458 762 amator
507 711 564 759 et
613 703 876 759 defensor
923 703 1226 767 studiosus,
1280 708 1335 756 et
1380 698 1682 755 secundum
1721 699 1888 751 Deum

261 800 312 850 et
345 793 586 849 seculum
635 793 823 848 sobrie
862 799 916 848 et
965 792 1218 848 ordinate
1267 791 1514 845 honesta
1544 789 1670 843 vita
1711 785 1892 842 cultor

260 897 364 938 non
394 881 666 948 modicus,
699 881 978 950 aquitatis
1015 887 1070 936 et
1119 881 1290 949 pacis,
1324 878 1611 934 modestia
1643 883 1699 932 et
1727 875 1894 930 disci-

262 970 438 1040 plina,
473 969 976 1025 misericordiarum
1025 968 1238 1038 zelique
1282 968 1378 1022 Dei
1426 964 1887 1029 servantissimus,

258 1058 426 1127 legum
469 1063 525 1112 et
575 1057 903 1127 dignitatum
935 1062 1284 1126 paternarum
1316 1062 1606 1110 exsecutor
1633 1051 1895 1107 scientis-

252 1147 450 1212 simus,
506 1146 588 1201 vir
643 1147 824 1216 magni
882 1145 1100 1201 consilii
1148 1143 1612 1214 prudentissimus
1667 1146 1722 1196 et
1778 1146 1892 1195 tota

256 1249 466 1290 morum
516 1234 809 1291 honestate
847 1236 980 1290 satis
1022 1235 1339 1300 virtuosus,
1389 1232 1571 1287 anima
1619 1245 1715 1286 sua
1755 1236 1888 1293 tota,

255 1338 355 1393 qua
403 1324 675 1394 Oportuit,
725 1339 824 1394 spe
866 1325 1084 1394 ﬁdeque
1134 1324 1190 1378 in
1241 1337 1433 1377 manus
1470 1322 1565 1376 Dei
1610 1333 1894 1375 commen-

259 1413 400 1478 data,
435 1413 715 1482 domoque
761 1427 860 1470 sua
907 1413 1209 1482 prudenter
1256 1412 1545 1481 disposita,
1577 1408 1724 1465 felici
1755 1421 1893 1464 con-

246 1503 610 1558 summatione
641 1503 806 1569 diem,
834 1516 868 1558 o
899 1502 1133 1557 utinam!
1161 1500 1512 1556 felicissimus
1536 1497 1600 1530 ’7'
1622 1498 1896 1554 clauserat

247 1599 570 1648 extremum.

318 1679 600 1736 IIildulfus
645 1679 996 1751 symoniacus
1046 1678 1137 1734 ille
1187 1678 1532 1735 Coloniensis
1587 1677 1892 1746 appositus,

1973 521 2524 577 excommunicationi
2562 521 2860 590 subjaceat.

2047 629 2074 660 α
2114 611 2168 665 Si
2209 611 2333 680 quis
2368 612 2826 667 Nortmannorum
2867 611 3073 681 pradia
3112 617 3429 671 monasterii
3470 619 3615 673 beati

1972 699 2253 754 Benedicti
2303 700 2506 755 montis
2551 701 2760 756 Cassini
2810 703 3090 769 invaserit,
3123 703 3206 758 vel
3244 718 3614 777 quascumque

1972 801 2062 842 res
2100 787 2344 856 ejusdem
2396 790 2713 844 monasterii
2753 790 2952 858 injuste
2982 791 3290 858 abstulerit,
3325 800 3380 848 et
3409 794 3496 848 bis
3533 795 3615 850 vel

1975 883 2058 931 ter
2103 876 2417 931 admonitus
2456 891 2565 932 non
2613 879 3014 946 emendaverit,
3065 883 3618 939 excommunicationi

1973 966 2281 1034 subjaceat,
2341 965 2520 1021 donec
2578 969 2904 1037 resipiscat,
2967 976 3021 1024 et
3077 970 3344 1026 acclesia
3399 971 3619 1028 satisfa-

1973 1055 2100 1110 ciat.
2804 1096 2810 1102 -

2049 1164 2075 1194 «
2116 1144 2380 1210 Quoniam
2421 1145 2771 1206 inthituras
2809 1147 3163 1204 ecclesiarum
3203 1158 3394 1208 contra
3422 1156 3622 1208 statuta

1975 1240 2286 1290 sanctorum
2328 1233 2543 1288 Patrum
2595 1248 2624 1287 a
2671 1234 2829 1289 laicis
2867 1236 2922 1290 in
2973 1238 3159 1293 multis
3197 1246 3465 1295 terrarum
3506 1256 3625 1311 par-

1975 1323 2124 1378 tibus
2173 1322 2288 1377 ﬁeri
2338 1323 2712 1392 cognovimus,
2746 1331 2792 1378 et
2843 1339 2910 1380 ex
2954 1340 3020 1392 eo
3051 1327 3312 1395 plurimas
3340 1330 3397 1384 in
3428 1329 3623 1385 accle-

1976 1413 2056 1466 sia
2124 1412 2566 1480 perturbationes
2633 1426 2792 1477 esse,
2862 1414 3027 1469 immo
3092 1418 3280 1472 ruinas
3342 1419 3627 1487 religionis

1977 1507 2180 1555 sancta
2223 1500 2397 1566 oriri,
2447 1515 2512 1554 ex
2570 1501 2772 1570 quibus
2827 1502 2945 1570 ipsa
3002 1503 3318 1561 christiana
3375 1521 3624 1564 censura

1978 1590 2218 1661 dignitas
2266 1589 2641 1654 conculcatur,
2693 1592 3096 1660 perspeximus,
3149 1593 3516 1662 decernimus,
3567 1604 3624 1651 ut

1983 1679 2166 1734 nullus
2203 1679 2528 1734 clericorum
2577 1680 2927 1734 investituras
2975 1682 3347 1750 episcopatus,
3399 1684 3482 1738 vel
3531 1686 3627 1740 ab-

245 1768 574 1838 apostolica
650 1767 998 1824 auctoritatis
1066 1768 1390 1836 sententia,
1467 1772 1657 1836 utpote
1731 1751 2163 1834 here-Bbatia,
2215 1768 2296 1823 vel
2349 1767 2635 1834 acclesia,
2678 1784 2774 1824 seu
2822 1770 3222 1838 prapositura,
3265 1772 3348 1826 vel
3395 1772 3626 1842 alicujus

246 1856 384 1912 ticus
423 1855 520 1912 fur
566 1863 622 1912 et
671 1857 813 1913 latro
839 1900 852 1924 ,
907 1871 1074 1927 super
1123 1863 1322 1912 terram
1361 1856 1649 1912 damnatus
1679 1851 1894 1921 eodem,

243 1951 512 2002 autumno
570 1947 820 2017 migravit
863 1962 892 2001 a
948 1946 1136 2002 seculo
1185 1946 1350 2002 etiam
1406 1944 1462 2001 in
1511 1945 1651 2001 calo
1696 1957 1900 2014 peren-

244 2035 390 2091 niter
419 2036 644 2107 ligatus.

308 2125 577 2194 Synodus
623 2139 818 2196 magna
870 2125 1057 2181 Roma
1107 2123 1247 2180 facta
1283 2130 1389 2191 est,
1432 2130 1545 2179 tum
1575 2123 1638 2156 ³⁷⁸
1677 2123 1748 2179 ob
1782 2121 1902 2192 plu-

237 2212 409 2269 rimas
459 2215 731 2270 acclesia
783 2221 988 2270 sancta
1039 2213 1437 2280 necessitates,
1497 2219 1612 2269 tum
1669 2213 1900 2268 maxime

233 2302 306 2356 ob
339 2305 703 2372 tyrannidem
734 2305 978 2360 Ileinrici
1009 2304 1156 2374 regis
1184 2303 1657 2373 qualitercumque
1687 2302 1899 2357 sedan-

233 2389 388 2446 dam.
450 2394 512 2446 ln
561 2408 668 2461 qua
715 2393 1002 2462 utriusque
1051 2394 1197 2463 regis
1243 2392 1409 2462 legati
1439 2406 1506 2447 ex
1537 2406 1700 2446 causa
1729 2390 1902 2445 domi-

233 2488 462 2536 norum
507 2495 729 2536 suorum
779 2496 836 2536 se
890 2481 1384 2550 proclamaverunt,
1435 2495 1642 2548 eosque
1685 2480 1901 2548 jureju-

224 2567 441 2634 rando,
480 2582 551 2623 ne
580 2568 937 2637 colloquium,
962 2569 1110 2638 quod
1140 2569 1374 2625 domnus
1403 2582 1543 2637 papa
1571 2569 1627 2623 in
1659 2568 1905 2637 proxima

224 2655 496 2727 synodo,
531 2671 600 2712 ne
649 2657 775 2727 quis
820 2659 1134 2726 impediret,
1176 2657 1278 2712 sub
1317 2658 1661 2712 anathemate
1693 2656 1907 2711 consti-

227 2747 365 2812 tuit,
423 2745 542 2814 ipsi
595 2746 744 2800 nulla
791 2751 910 2802 arte
949 2747 1033 2802 vel
1071 2747 1295 2816 ingenio
1344 2745 1697 2814 impedirent,
1738 2745 1905 2800 inno-

229 2840 440 2889 centes
474 2847 600 2888 esse
632 2834 908 2890 testiﬁcati
948 2841 1096 2890 sunt.
1127 2837 1334 2904 Legato
1363 2841 1543 2888 autem
1584 2833 1729 2904 regis
1757 2833 1908 2888 Rou-

226 2921 364 2977 dolﬁ
399 2922 478 2976 ab
513 2922 739 2990 optimis
786 2923 1098 2992 quibusque
1146 2923 1354 2992 optime
1403 2922 1762 2986 credebatur,
1812 2921 1906 2975 alii

224 3023 363 3065 vero
399 3010 644 3079 perjurii
676 3010 1010 3066 incriminati
1041 3017 1188 3066 sunt.
1234 3010 1474 3066 Tandem
1504 3024 1636 3066 vero
1674 3023 1775 3079 pro
1823 3009 1907 3063 in-

228 3099 470 3155 vasione
506 3099 666 3169 regni
699 3100 988 3154 anathema
1016 3100 1086 3154 ab
1115 3099 1423 3168 apostolico
1453 3099 1510 3154 in
1547 3113 1729 3169 regem
1758 3100 1904 3153 Rou-
1922 3071 1965 3130 θ

1981 1857 2253 1913 clericalis
2294 1857 2576 1927 dignitatis
2623 1857 2692 1912 de
2741 1872 2901 1912 manu
2941 1859 3310 1928 imperatoris,
3343 1861 3426 1915 vel
3457 1863 3622 1932 regis,

1981 1946 2064 2001 vel
2113 1946 2346 2015 alicujus
2391 1946 2545 2002 laica
2594 1960 2865 2016 persona,
2909 1947 3008 2001 viri
3046 1947 3130 2003 vel
3180 1948 3417 2015 femina,
3459 1951 3628 2005 susci-

1984 2036 2114 2104 piat.
2167 2035 2322 2102 Quod
2370 2036 2417 2090 si
2465 2036 2899 2104 praesumpserit,
2940 2045 3302 2106 recognoscat
3347 2039 3628 2093 investitu-

1983 2138 2096 2178 ram
2145 2123 2292 2178 illam
2339 2123 2643 2193 apostolica
2680 2125 3006 2180 auctoritate
3055 2125 3266 2181 irritam
3304 2141 3446 2194 esse,
3476 2135 3532 2182 et
3568 2142 3627 2182 se

1984 2226 2157 2281 usque
2208 2212 2276 2267 ad
2324 2213 2542 2282 dignam
2591 2211 3020 2269 satisfactionem
3076 2216 3628 2272 excommunicationi

1981 2301 2287 2382 subjacere.

2057 2411 2084 2442 «
2126 2392 2180 2447 Si
2229 2392 2352 2461 quis
2400 2392 2696 2461 episcopus
2742 2392 3090 2461 prabendas,
3130 2393 3628 2462 archidiaconatus,

1985 2482 2398 2550 praposituras,
2448 2481 2532 2536 vel
2585 2481 2766 2551 aliqua
2822 2481 3003 2536 ofﬁcia
3060 2482 3448 2538 acclesiastica
3505 2497 3634 2539 ven-

1985 2569 2208 2635 diderit,
2252 2571 2336 2626 vel
2385 2570 2546 2626 aliter
2592 2584 2754 2639 quam
2800 2577 3003 2625 statuta
3049 2576 3366 2626 sanctorum
3412 2573 3632 2627 Patrum

1988 2658 2319 2726 pracipiunt
2357 2659 2714 2725 ordinaverit,
2755 2660 2825 2714 ab
2870 2658 3054 2715 ofﬁcio
3100 2659 3489 2729 suspendatur.
3539 2662 3636 2715 Di-

1987 2759 2151 2816 gnum
2192 2754 2274 2801 est
2321 2747 2486 2812 enim,
2521 2755 2580 2801 ut
2609 2747 2752 2802 sicut
2789 2749 2960 2818 gratis
2987 2749 3363 2817 episcopatum
3394 2749 3631 2817 accepit,

1989 2836 2064 2890 ita
2108 2835 2349 2890 membra
2395 2835 2638 2904 ejusdem
2689 2837 3041 2906 episcopatus
3070 2837 3154 2893 vel
3204 2838 3489 2908 dignitatis
3525 2838 3636 2892 dis-

1989 2925 2212 2979 tribuat.

2063 3032 2091 3063 «
2129 3012 2539 3079 Ordinationes,
2572 3027 2694 3082 qua
2724 3013 3125 3070 interveniente
3166 3015 3364 3084 pretio,
3397 3015 3482 3071 vel
3514 3029 3638 3085 pre-

1987 3102 2163 3167 cibus,
2213 3103 2296 3158 vel
2351 3103 2618 3172 obsequio
2673 3103 3154 3173 alicuipersona
3210 3119 3272 3160 ea
3328 3105 3636 3162 intentione

227 3187 453 3245 dolfum
508 3194 845 3258 extorquere
893 3189 1330 3258 attemptabant;
1381 3195 1466 3244 set
1513 3195 1742 3244 econtra
1790 3197 1904 3244 tota
1987 3192 2242 3260 inpenso,
2274 3191 2355 3247 vel
2403 3205 2514 3246 non
2563 3192 2837 3247 communi
2877 3206 3151 3248 consensu
3190 3193 3322 3249 cleri
3353 3201 3410 3250 et
3448 3195 3638 3264 populi

227 3279 453 3349 synodo
489 3279 586 3332 vix
614 3277 945 3348 suffragante
981 3276 1167 3348 (182),
1205 3291 1274 3332 ne
1319 3277 1376 3332 id
1417 3279 1474 3332 in
1514 3291 1697 3347 regem
1729 3277 1903 3332 Hein-
1985 3280 2290 3336 secundum
2332 3281 2628 3336 canonicas
2676 3281 2998 3336 sanctiones
3046 3281 3202 3347 ﬁunt,
3245 3290 3300 3337 et
3337 3283 3407 3337 ab
3446 3282 3534 3337 his
3569 3283 3638 3338 ad

228 3369 412 3425 ricum
463 3367 546 3424 ob
599 3366 1052 3423 inobadientiam
1083 3373 1139 3421 et
1171 3371 1252 3422 tot
1284 3365 1571 3437 sacrilegia
1599 3382 1726 3436 qua
1757 3381 1905 3436 pra-
1988 3382 2128 3437 quos
2156 3370 2500 3425 consecratio
2552 3370 2794 3437 pertinet
2833 3383 2946 3425 non
2986 3370 3436 3438 comprobantur,
3478 3369 3641 3425 falsas

231 3457 384 3513 dicta
435 3461 583 3512 sunt
636 3455 1157 3525 mendaciorumque
1185 3456 1585 3510 versutissimas
1621 3455 1910 3510 illusiones

225 3544 380 3602 illius
429 3545 792 3616 judicialiter
831 3545 893 3575 ’7"
941 3550 1293 3613 relorqueret
1341 3543 1504 3613 (183),
1537 3543 1642 3613 ipsi
1677 3545 1820 3600 datis
1857 3545 1908 3599 ei

227 3634 295 3690 ad
345 3633 791 3691 conversionem
839 3641 894 3690 et
937 3633 1355 3702 responsionem
1395 3633 1462 3687 ad
1502 3647 1676 3702 usque
1726 3633 1910 3702 proxi-

227 3737 372 3780 mam
403 3723 700 3794 synodum
730 3723 814 3778 vel
854 3721 999 3778 infra
1038 3722 1298 3789 induciis,
1330 3721 1552 3777 domum
1591 3735 1713 3777 cum
1743 3721 1912 3777 dede-

227 3827 360 3870 core
393 3826 456 3870 et
488 3814 713 3882 absque
761 3811 1071 3882 apostolica
1117 3811 1506 3866 benedictione
1554 3810 1912 3866 confusibilcs

230 3904 601 3960 remeabant.
653 3903 695 3956 E
742 3902 946 3972 quibus
993 3915 1155 3966 unus,
1196 3899 1533 3970 Eigilbertus
1580 3901 1912 3956 Pataviensis

231 3994 619 4064 prapositus,
650 3992 746 4060 qui
777 3993 890 4061 jam
919 3991 988 4046 ab
1023 3990 1286 4059 episc0po
1324 4003 1425 4045 suo
1458 3989 1797 4058 judicialiter
1825 4004 1913 4044 ex-

230 4081 702 4137 communicatus
730 4086 834 4143 est,
866 4080 934 4134 ad
975 4093 1158 4149 regem
1197 4078 1510 4134 Heinricum
1540 4079 1620 4133 sic
1659 4079 1913 4148 perjurus

226 4171 462 4246 rediens
488 4215 506 4238 ,
568 4168 841 4224 acclesia
891 4167 1199 4223 Trevirensi
1229 4167 1296 4221 ab
1326 4167 1447 4235 ipso
1478 4181 1544 4222 eo
1575 4167 1669 4236 qui
1699 4181 1729 4222 a
1760 4167 1911 4223 clero

226 4267 281 4313 et
331 4259 563 4330 populo
622 4257 887 4313 canonice
931 4256 1142 4312 electus
1178 4262 1261 4310 est
1299 4255 1362 4286 ³⁷⁸
1401 4256 1718 4326 reprobato,
1752 4256 1914 4313 solita

222 4349 507 4404 violentia
542 4360 652 4402 sua
680 4346 866 4402 invitis
890 4350 945 4401 et
983 4344 1299 4401 nolentibus
1335 4346 1550 4400 cunctis
1590 4347 1912 4415 Symoniace

227 4443 312 4490 est
344 4437 640 4506 praelatus
675 4433 858 4504 (184).

295 4527 356 4580 In
409 4525 631 4581 eadem
678 4523 890 4592 synodo
932 4522 1016 4578 ha
1073 4522 1364 4578 sententia
1422 4521 1728 4578 decretales
1765 4539 1904 4580 con-

223 4627 396 4670 sensu
429 4621 494 4670 et
521 4612 945 4681 subscriptione
977 4611 1268 4666 universali
1300 4611 1443 4666 data
1471 4617 1600 4666 sunt
1631 4611 1795 4682 (185).

297 4723 326 4754 ‹ι
387 4705 760 4771 Quicumque
819 4700 1050 4755 militum
1104 4701 1497 4770 cujuscumque
1555 4701 1768 4756 ordinis
1822 4703 1905 4758 vel

224 4791 624 4860 professionis
664 4789 869 4858 pradia
907 4790 1280 4846 ecclesiastica
1309 4804 1340 4845 a
1378 4805 1505 4860 rege
1543 4805 1640 4846 seu
1681 4792 1914 4848 seculari

221 4882 494 4952 principe
525 4923 543 4948 ,
623 4879 902 4949 episcopis
964 4893 1062 4935 seu
1128 4879 1420 4936 abbatibus
1464 4885 1576 4934 aaut
1640 4880 1918 4949 aliquibus

224 4971 640 5028 acclesiarum
689 4969 998 5024 rectoribus
1045 4969 1268 5036 invitis,
1318 4969 1562 5039 suscepit
1607 4969 1690 5024 vel
1733 4985 1917 5027 susce-

222 5061 399 5132 perit,
450 5057 675 5116 invasit
710 5057 794 5113 vel
842 5057 1123 5124 invaserit,
1165 5057 1249 5113 vel
1289 5070 1478 5113 eorum
1521 5070 1796 5115 consensu
1838 5066 1917 5116 te-

1991 3464 2046 3512 et
2101 3458 2289 3512 irritas
2345 3471 2465 3512 esse
2523 3456 2932 3524 dijudicamus;
2993 3457 3250 3524 quoniam
3307 3456 3402 3524 qui
3462 3457 3644 3513 taliter

1991 3545 2336 3609 ordinantur,
2387 3558 2496 3600 non
2544 3557 2644 3612 per
2689 3544 2912 3608 ostium,
2963 3543 3019 3597 id
3069 3549 3152 3598 est
3201 3558 3298 3612 per
3343 3545 3639 3611 Christum,

1991 3634 2219 3699 intrant,
2271 3639 2354 3687 set
2403 3638 2462 3686 ut
2511 3632 2629 3699 ipsa
2666 3631 2880 3686 Veritas
2933 3637 3183 3697 testatur,
3224 3632 3373 3687 fures
3414 3639 3543 3688 sunt
3589 3641 3644 3687 et

1992 3721 2255 3777 latrones.

2067 3829 2094 3862 «
2135 3810 2319 3866 Falsas
2350 3809 2703 3879 panitentias
2731 3808 2985 3875 dicimus,
3017 3824 3141 3880 qua
3182 3823 3291 3866 non
3340 3811 3642 3867 secundum

1994 3900 2374 3956 auctoritatem
2432 3904 2746 3953 sanctorum
2804 3906 3019 3968 patrum
3079 3913 3179 3968 pro
3227 3899 3492 3970 qualitate
3539 3902 3644 3958 cri-

1995 3990 2199 4045 minum
2233 3989 2611 4058 imponuntur.
2665 3988 2908 4058 Ideoque
2956 3990 3288 4061 quicumque
3331 3991 3508 4058 miles,
3557 3993 3640 4048 vel

1995 4079 2324 4149 negotiator,
2359 4077 2442 4133 vel
2489 4077 2651 4132 alicui
2691 4076 2874 4133 ofﬁcio
2923 4077 3143 4134 deditus
3173 4080 3320 4149 quod
3368 4081 3487 4135 sine
3519 4095 3646 4151 pec~

1995 4176 2118 4224 cato
2149 4167 2394 4224 exerceri
2427 4181 2536 4222 non
2569 4168 2762 4237 possit,
2802 4167 2981 4237 culpis
3027 4171 3370 4238 gravioribus
3399 4171 3646 4226 irretitus

1995 4257 2063 4312 ad
2127 4257 2503 4327 panitentiam
2551 4257 2784 4319 venerit,
2845 4257 2898 4311 id
2947 4264 3032 4311 est
3086 4258 3182 4326 qui
3238 4259 3382 4313 bona
3420 4259 3646 4314 alterius

1998 4346 2198 4415 injuste
2231 4346 2462 4411 detinet,
2494 4343 2578 4400 vel
2610 4344 2704 4413 qui
2753 4343 2940 4398 odium
2984 4345 3038 4397 in
3090 4345 3256 4398 corde
3298 4345 3460 4413 gerit,
3495 4358 3647 4399 reco-

1995 4443 2226 4505 gnoscat
2253 4449 2313 4489 se
2341 4447 2523 4489 veram
2564 4431 2941 4501 paenitentiam
2995 4446 3103 4486 non
3153 4446 3314 4501 posse
3360 4443 3642 4500 peragere,

1990 4538 2091 4592 per
2138 4537 2300 4592 quam
2341 4521 2408 4576 ad
2465 4527 2724 4576 aternam
2763 4520 2926 4575 vitam
2965 4520 3140 4575 valeat
3188 4519 3496 4590 pervenire,
3540 4517 3647 4572 nisi

1990 4612 2149 4668 miles
2175 4625 2325 4666 arma
2355 4610 2615 4679 deponat,
2649 4610 2991 4679 ulteriusque
3031 4623 3095 4664 ea
3134 4610 3240 4665 nisi
3278 4614 3372 4664 aut
3400 4606 3636 4664 consilio

1995 4701 2386 4771 religiosorum
2416 4699 2800 4768 episcoporum
2831 4704 2886 4752 et
2934 4711 3036 4768 pro
3066 4695 3410 4753 defendenda
3435 4694 3647 4764 justitia

1998 4805 2107 4846 non
2152 4790 2290 4846 ferat
2333 4809 2344 4844 :
2396 4796 2452 4844 et
2498 4789 2810 4859 negotiator
2857 4789 3135 4857 negotium
3183 4785 3549 4855 derelinquat,
3592 4791 3648 4839 et

1998 4879 2249 4936 ofﬁcialis
2279 4878 2517 4934 ofﬁcium
2547 4879 2785 4943 deserat,
2836 4877 2980 4932 bona
3009 4891 3132 4946 qua
3163 4876 3399 4947 quilibet
3426 4875 3646 4930 illorum

1998 4972 2200 5040 injuste
2241 4967 2468 5024 abstulit
2508 4967 2783 5033 restituat,
2815 4971 2870 5021 et
2917 4965 3103 5021 odium
3151 4981 3219 5022 ex
3265 4965 3434 5022 corde
3463 4963 3649 5020 dimit-

1998 5066 2096 5116 tat.
2145 5060 2259 5114 Nec
2307 5063 2486 5113 tamen
2535 5056 2756 5111 interim
2786 5053 3065 5125 desperet,
3096 5061 3181 5111 set
3219 5053 3485 5126 quicquid
3516 5050 3650 5109 boni

1624 5185 1849 5242 VARLE
1886 5186 2278 5244 LECTIONES.

288 5303 357 5336 ’τ’
405 5298 740 5360 felicsimus
767 5299 821 5356 2.
934 5298 998 5331 ’⁷⁸
1037 5311 1160 5356 cum
1198 5312 1337 5355 corr.
1369 5304 1484 5356 tum
1512 5299 1567 5355 2.

1681 5299 1744 5332 ’⁷⁷
1777 5301 2167 5372 juridicialiter
2194 5301 2249 5355 2.
2282 5297 2379 5354 hoc
2412 5298 2546 5354 loco.

2660 5295 2724 5328 ’⁷⁸
2753 5296 3048 5368 episcopus
3077 5295 3229 5353 addit
3259 5295 3344 5352 ed.

1850 5428 2066 5486 NOTIE.

300 5535 484 5610 (l8?)
535 5533 682 5610 i.__e.
726 5519 1063 5610 abstinente.

298 5603 478 5680 (183)
533 5603 666 5660 scil.
709 5603 973 5674 synodus.

2080 5531 2222 5604 (184)
2261 5546 2361 5586 vin
2390 5530 2449 5604 Id
2478 5530 2700 5604 Ianuar.
2731 5528 2974 5604 animi).

2083 5601 2226 5675 (185)
2264 5601 2454 5670 Mansi,
2486 5608 2528 5660 t.
2560 5602 2670 5670 XX,
2699 5615 2753 5672 p.
2786 5601 2912 5659 507.
