4014 6176
407 330 514 386 423

1382 323 1757 380 BERTHOLDI
1799 321 2211 378 PRESBYTER]
2250 318 2808 376 CONSTANTIENSIS

3678 321 3821 376 424‘

406 455 586 512 facere
635 453 861 524 poterit,
913 452 1197 508 hortamur
1234 457 1293 506 ut
1348 449 1531 515 faciat,
1580 457 1641 504 ut
1690 451 1835 504 Deus
1883 447 2223 508 omni-Acis
2271 445 2700 510 recalcitrantes,
2749 443 2933 500 studio
2981 451 3038 499 et
3082 444 3362 500 voluntate
3421 445 3778 516 refragantur,

407 552 605 615 potens
634 556 732 599 cor
760 542 910 597 illius
939 541 1007 596 ad
1040 539 1416 610 paenitentiam
1450 539 1706 593 illustret.

481 653 508 684 «
550 633 814 696 Decimas,
838 644 974 699 quas
995 629 1049 683 in
1073 643 1172 684 usu
1195 628 1414 698 pietatis
1437 641 1728 682 concessas
1749 640 1870 682 esse
1892 639 2058 682 cano-

407 723 529 778 nica
559 721 857 777 auctoritas
886 718 1160 779 sanctivit.
1188 732 1218 771 a
1267 717 1421 771 laicis
1452 716 1725 785 possideri
1753 715 2055 784 apostolica

407 811 731 866 auctoritate
766 808 1139 878 prohibemus.
1189 806 1310 860 Sive
1343 806 1486 860 enim
1529 805 1596 860 ab
1640 804 1937 873 episcopis,
1969 803 2053 858 vel

408 900 647 970 regibus,
680 898 760 953 vel
793 896 1130 966 quibuslibet
1160 894 1413 963 personis
1445 893 1588 948 idem
1619 891 1683 923 ²⁷⁹
1715 893 1770 946 in
1805 892 2055 961 proprie-

407 994 571 1043 tatem
623 1002 716 1042 eas
759 985 1115 1054 acceperint,
1176 983 1279 1037 nisi
1339 982 1606 1037 aacclesiaa
1664 980 2045 1046 reddiderint,

404 1077 600 1141 sciant,
623 1090 681 1130 se
703 1073 972 1143 sacrilegii
1006 1072 1212 1127 crimen
1242 1071 1607 1136 committere,
1638 1075 1693 1124 et
1713 1070 1784 1124 ob
1813 1069 1869 1124 id
1901 1075 2056 1125 aeter-

405 1179 490 1220 me
521 1163 889 1219 damnationis
921 1162 1224 1232 periculum
1257 1161 1562 1214 incurrere.

477 1274 504 1304 «
544 1253 677 1320 Quia
708 1253 826 1307 dies
855 1252 1066 1306 sabbati
1107 1249 1251 1318 apud
1283 1255 1503 1303 sanctos
1533 1249 1720 1301 Patres
1751 1252 1970 1302 nostros
1996 1246 2051 1300 in

403 1342 732 1397 abstinentia
797 1337 1035 1394 celebris
1101 1343 1184 1392 est
1249 1336 1504 1401 habitus,
1574 1349 1677 1390 nos
1751 1335 2050 1390 eorundem

401 1430 784 1484 auctoritatem
831 1434 1168 1495 sequentes,
1220 1423 1516 1478 salubriter
1556 1423 1941 1488 admonemus,
1993 1430 2052 1478 ut

399 1519 731 1587 quicumque
778 1530 838 1571 se
885 1515 1199 1570 Christianae
1231 1513 1515 1582 religionis
1557 1511 1880 1581 participem
1926 1526 2049 1568 esse

400 1607 698 1671 desiderat,
741 1605 808 1660 ab
858 1618 954 1658 esu
1011 1602 1254 1656 carnium
1301 1601 1492 1656 eodem
1547 1601 1656 1666 die,
1700 1601 1803 1654 nisi
1854 1603 2049 1670 majori

398 1695 689 1750 festivitate
739 1691 1136 1747 interveniente
1184 1689 1266 1744 vel
1316 1689 1631 1744 inﬁrmitate
1681 1688 2045 1758 impediente,

397 1783 690 1838 abstineat.

473 1889 502 1921 ‹‹
545 1872 611 1926 Ut
641 1867 826 1924 nullus
853 1867 1022 1922 abbas
1051 1867 1291 1922 decimas
1320 1872 1375 1921 et
1405 1867 1692 1936 primitias,
1737 1873 1791 1922 et
1834 1866 2046 1935 reliqua

397 1974 521 2029 qua:
565 1958 865 2014 secundum
915 1963 1113 2011 statuta
1147 1969 1415 2011 canonum
1465 1955 1531 2010 ad
1583 1955 1876 2026 episcopos
1926 1970 2047 2024 per-

399 2049 593 2114 tinent,
626 2047 744 2102 sine
792 2045 1120 2100 auctoritatc
1169 2044 1397 2100 Romani
1447 2044 1744 2112 pontiﬁcis,
1786 2058 1881 2100 seu
1930 2045 2047 2114 epi-

395 2136 549 2206 scopi
598 2147 870 2190 consensu
915 2134 969 2188 in
1020 2133 1177 2202 cujus
1223 2131 1432 2188 diocesi
1482 2131 1728 2198 habitat,
1778 2132 2044 2198 detineat,

395 2223 697 2294 apostolica
725 2222 1014 2278 sanctione
1047 2221 1340 2276 ﬁrmamus.

468 2332 496 2364 «
535 2312 728 2368 Nullus
756 2313 1050 2380 episcopus
1079 2323 1368 2381 gravamen
1399 2325 1492 2366 seu
1535 2311 1730 2366 servile
1761 2310 2042 2385 servitium

395 2417 462 2457 ex
521 2416 622 2457 usu
679 2407 872 2457 contra
930 2399 1375 2456 aecclesiasticam
1443 2414 1686 2455 normam
1753 2399 2045 2454 abbatibus

393 2507 491 2547 seu
539 2491 760 2546 clericis
805 2491 921 2544 suis
966 2489 1213 2558 inponat,
1265 2489 1346 2544 vel
1402 2489 1750 2544 interdictum
1791 2488 2046 2544 sacerdo-

393 2580 502 2635 tale
539 2579 778 2635 ofﬁcium
811 2579 989 2648 pretio
1021 2579 1418 2633 interveniente
1466 2577 1758 2643 restituat;
1808 2577 1952 2633 idem
1983 2575 2047 2607 ²⁸⁰

391 2669 438 2722 si
469 2667 682 2733 fecerit,
715 2666 882 2723 ofﬁcii
912 2667 996 2722 sui
1029 2667 1331 2736 periculum
1361 2666 1572 2722 subeat.

465 2775 494 2808 «
535 2756 590 2811 Si
621 2756 746 2825 quis
776 2755 982 2824 praedia
1012 2755 1158 2810 beati
1190 2755 1334 2809 Petri
1366 2754 1739 2824 apostolorum
1782 2754 2048 2824 principis

396 2845 727 2914 ubicumque
757 2845 936 2914 posita
965 2844 1022 2898 in
1054 2844 1445 2913 proprietatem
1486 2857 1637 2898 suam
1677 2843 2043 2912 usurpaverit,

391 2932 473 2988 vel
522 2933 704 2988 sciens
745 2931 1025 2987 occultata
1077 2945 1183 2987 non
1233 2931 1623 3000 propalaverit,
1664 2931 1748 2986 vel
1801 2931 2047 2986 debitum

388 3021 670 3077 servitium
714 3020 912 3076 exinde
963 3027 1154 3084 sancto
1198 3023 1356 3074 Petro
1387 3033 1497 3074 non
1529 3019 1861 3085 exhibuerit,
1895 3034 2049 3075 reco-

2140 536 2302 592 Multa
2350 535 2514 591 etiam
2562 533 2629 589 ad
2670 533 2960 589 utilitatem
2991 533 3257 590 ecclesiae
3298 541 3504 604 praeter
3533 537 3634 590 ista
3674 536 3783 591 illic

2140 624 2480 695 promulgata
2527 628 2673 691 sunt,
2723 637 2847 692 quae
2898 636 3044 678 nunc
3082 636 3371 680 recensere
3405 638 3513 680 non
3545 633 3629 680 est
3653 631 3789 680 tem-

2139 715 2310 784 poris.
2361 719 2552 768 Actum
2602 711 2658 766 in
2706 711 2956 767 :ecclesia
2993 712 3202 767 domini
3246 713 3544 769 Salvatoris
3573 716 3788 768 Latera~

2137 801 2515 858 nensi51dus
2543 801 2832 856 Novembr.
2873 799 3028 871 (186)
3081 815 3225 857 anno
3271 802 3564 858 dominicae
3604 805 3786 858 lucar-

2135 891 2374 946 nationis
2411 889 2563 955 1078,
2598 889 2900 944 indictione
2937 889 2983 943 l.

2205 979 2494 1036 Heinricus
2521 978 2801 1035 Curiensis
2830 978 3124 1048 episcopus
3153 978 3312 1035 obiit.

2825 1068 3074 1122 MLXXIX
3084 1110 3098 1123 .

2206 1156 2497 1212 Heiuricus
2536 1171 2634 1212 rex
2679 1155 2915 1211 natalem
2964 1155 3176 1212 Domini
3206 1155 3348 1225 apud
3381 1155 3783 1226 Mogontiacum

2135 1258 2243 1300 non
2287 1247 2422 1300 satis
2468 1245 2753 1315 magnifice
2811 1244 3128 1300 celebravit.
3181 1243 3299 1298 Illic
3340 1249 3548 1316 contra
3607 1244 3784 1299 nostri

2134 1333 2373 1388 climatis
2419 1333 2583 1388 situm
2635 1347 2828 1403 magna
2877 1331 3090 1403 fulgura
3118 1331 3252 1392 visa.
3293 1337 3349 1386 et
3377 1332 3620 1386 tonitrua
3650 1331 3788 1385 satis

2132 1421 2402 1477 terribilia
2449 1422 2634 1476 audita
2671 1427 2819 1486 sunt,
2854 1426 2907 1474 et
2961 1420 3123 1475 turbo
3173 1419 3515 1488 tempestatis
3572 1425 3783 1488 partem

2134 1523 2244 1564 non
2288 1510 2564 1564 minimam
2612 1509 2681 1564 de
2729 1508 3059 1578 episcopalis
3089 1508 3356 1564 tecclesiae
3398 1514 3612 1563 tectura
3641 1507 3786 1564 dire-

2133 1605 2300 1666 ptam,
2327 1598 2561 1667 projecit
2590 1599 2644 1652 in
2676 1604 2878 1652 terram
2905 1616 2917 1661 ;
2952 1603 3008 1650 et
3032 1596 3139 1651 hoc
3169 1609 3234 1650 eo
3266 1602 3514 1664 tempore
3543 1603 3779 1665 gestum,

2133 1701 2241 1742 non
2271 1687 2550 1742 minimum
2582 1685 2930 1741 admirationi
2960 1700 2989 1740 a
3020 1685 3234 1740 cunctis
3263 1684 3586 1740 habebatur.
3631 1686 3781 1740 Post-

2065 1769 2237 1831 Bhoc
2287 1774 2441 1846 (187)
2495 1775 2812 1831 Coloniensi
2852 1773 3118 1830 aecclesize
3150 1787 3244 1828 rex
3275 1779 3467 1829 contra
3496 1773 3776 1828 decretum

2127 1864 2490 1935 apostolicum
2519 1864 2825 1935 Sigwinum
2844 1863 3138 1934 quendam,
3180 1862 3424 1931 ejusdem
3467 1862 3573 1918 loci
3615 1863 3780 1917 deca-

2091 1967 2277 2020 _num,
2325 1967 2433 2009 non
2480 1954 2746 2008 canonice
2794 1967 2894 2022 per
2939 1954 3140 2008 ostium
3187 1953 3481 2007 intrantem
3531 1950 3780 2021 praefecit

2128 2044 2472 2112 episcopum.
2523 2042 2624 2108 Qui
2673 2042 3048 2098 investituram
3080 2041 3227 2096 illam
3259 2041 3327 2096 de
3358 2055 3520 2096 manu
3550 2043 3696 2112 regis
3725 2048 3777 2097 et

2125 2132 2245 2201 ipse
2276 2132 2529 2200 accipere
2559 2137 2750 2186 contra
2788 2129 2869 2185 fas
2917 2144 3277 2200 praesumens,
3309 2143 3434 2185 mox
3465 2139 3780 2186 excommu-

2126 2221 2391 2276 nicationi
2451 2219 2639 2276 infelix
2687 2220 3024 2289 subjacebat.
3082 2219 3291 2275 Dehinc
3347 2233 3443 2274 rex
3503 2221 3659 2288 juxta
3717 2219 3774 2249 ἐί

2127 2311 2374 2366 Rhenum
2419 2324 2596 2379 usque
2645 2310 2699 2364 in
2750 2309 2983 2365 mediam
3022 2309 3489 2379 quadragesimam
3520 2308 3781 2378 qualiter-

2125 2413 2359 2468 cumque
2415 2405 2818 2464 commoratus,
2886 2398 3084 2454 iterum
3145 2411 3334 2454 omnes
3389 2410 3530 2468 quos
3586 2402 3782 2454 contra

2128 2489 2487 2558 apostolicam
2533 2487 2853 2558 dignitatem
2893 2487 3206 2542 conducere
3255 2495 3309 2542 et
3353 2501 3654 2556 provocare
3687 2501 3782 2556 p0-

2128 2583 2290 2644 terat,
2323 2578 2573 2648 privatim
2622 2578 2689 2632 ad
2733 2576 3183 2633 inobmdientiam
3213 2583 3267 2631 et
3300 2575 3657 2631 rebellionem
3688 2575 3781 2630 ad-

2123 2669 2336 2736 juratos
2383 2672 2767 2729 contraxerat;
2820 2672 2875 2721 et
2929 2679 3042 2721 non
3087 2665 3263 2721 solum
3311 2664 3366 2720 id
3417 2665 3668 2734 privatim
3725 2670 3779 2719 et

2129 2755 2267 2810 clam
2326 2755 2571 2823 molitur,
2623 2769 2804 2811 verum
2867 2755 3051 2824 potius
3101 2754 3246 2824 apud
3296 2753 3666 2809 Friteslariam
3724 2753 3778 2807 in

2131 2844 2436 2914 colloquio,
2489 2857 2598 2913 quo
2649 2845 2920 2898 Saxonum
2969 2843 3260 2912 optimates
3298 2849 3354 2897 et
3398 2842 3572 2910 ipsius
3601 2842 3780 2897 intimi

2129 2932 2388 2987 astitores
2441 2932 2529 2986 his
2584 2931 2780 2987 diebus
2837 2936 3232 2996 convenerant,
3294 2929 3469 2999 palam
3523 2931 3782 2984 omnibus

2128 3018 2259 3074 fecit
2289 3019 2599 3088 praadicari,
2634 3020 2759 3088 quia
2791 3019 2846 3074 in
2881 3019 3032 3074 nullo
3074 3018 3221 3088 quod
3253 3019 3321 3074 ad
3359 3033 3418 3074 se
3449 3017 3780 3087 pertinuerit

387 3115 636 3178 gnoscat.
668 3122 728 3163 se
758 3108 892 3162 iram
927 3109 1018 3161 Dei
1049 3114 1103 3162 et
1133 3113 1444 3162 sanctorum
1489 3108 1862 3177 apostolorum
1893 3092 2249 3163 velutCactu
2297 3108 2379 3162 vel
2439 3107 2661 3178 negotio
2719 3121 2903 3161 curam
2949 3107 3034 3162 vel
3084 3116 3391 3176 respectum
3443 3120 3672 3176 prorsus
3721 3107 3774 3160 in

387 3197 713 3267 sacrilegum
760 3196 1066 3252 incurrere.
1117 3196 1455 3265 Quicumque
1495 3202 1674 3251 autem
1705 3197 1761 3252 in
1800 3197 1904 3252 hoc
1936 3199 2043 3252 cri-

387 3286 534 3341 mine
583 3285 962 3354 deprehensus
1009 3284 1194 3351 fuerit,
1230 3285 1457 3340 eandem
1490 3285 1847 3342 hereditatem
1879 3287 2040 3343 beato

385 3375 550 3429 Petro
581 3373 856 3440 restituat,
901 3378 957 3429 et
987 3387 1201 3443 pinnam
1235 3373 1647 3443 quadruplicem
1689 3375 1758 3430 de
1801 3376 2040 3445 propriis

383 3463 550 3520 bonis
579 3463 879 3532 persolvat.

458 3574 483 3602 α
524 3552 580 3608 Si
609 3551 733 3622 quis
762 3551 1056 3622 episcopus
1079 3549 1431 3608 fornicationi
1463 3552 1896 3622 presbiterorum
1920 3553 2038 3608 dia-

383 3655 649 3698 conorum
678 3655 776 3698 seu
807 3641 1270 3698 subdiaconorum
1308 3641 1392 3697 vel
1423 3641 1640 3697 crimini
1689 3643 1933 3697 incestus
1979 3641 2036 3695 in

381 3745 479 3786 sua
526 3731 818 3800 parrochia
868 3731 1126 3800 precibus
1172 3730 1256 3786 vel
1304 3730 1491 3799 precio
1544 3730 2037 3786 intervenientibus

383 3821 748 3887 consenserit,
780 3819 865 3875 vel
913 3820 1202 3875 commissa
1249 3820 1575 3876 auctoritate
1612 3820 1698 3875 sui
1729 3819 1894 3876 ofﬁcii
1925 3831 2034 3875 non

382 3907 804 3978 impugnaverit,
836 3909 904 3962 ab
935 3907 1120 3964 ofﬁcio
1150 3908 1535 3977 suspendatur.

457 4015 485 4048 «
529 3999 596 4052 Ut
625 3997 806 4052 omnis
835 3996 1170 4052 christianus
1203 4003 1462 4066 procuret
1500 3997 1566 4052 ad
1615 3997 1898 4053 missarum
1929 3997 2037 4053 sol-

385 4085 586 4142 lemnia
616 4085 824 4156 aliquid
857 4088 968 4142 Deo
999 4086 1216 4153 offerre,
1251 4093 1305 4142 et
1352 4086 1555 4142 ducere
1584 4087 1651 4142 ad
1692 4088 2030 4153 memoriam,

381 4176 529 4244 quod
578 4177 738 4231 Deus
768 4189 867 4246 per
914 4177 1137 4247 Moysen
1184 4175 1362 4230 dixit:
1415 4194 1444 4226 «
1487 4177 1607 4231 Non
1647 4174 1938 4245 apparebis
1975 4175 2032 4230 in

380 4270 684 4334 conspectu
714 4279 836 4321 meo
865 4279 1088 4321 vacuus.
1125 4284 1152 4316 »
1203 4263 1414 4320 Etenim
1464 4265 1520 4319 in
1569 4263 1819 4320 collectis
1847 4263 2033 4319 missa-

2125 3197 2329 3252 domno
2372 3197 2677 3266 apostolico
2726 3196 2930 3252 habere
2959 3196 3212 3252 voluerit.
3261 3196 3415 3263 Quod
3463 3197 3626 3250 etiam
3668 3195 3775 3250 hoc

2124 3293 2444 3357 argumento
2497 3285 2768 3354 probavit,
2813 3284 2940 3354 quia
2989 3285 3198 3356 legatos
3243 3299 3382 3355 quos
3428 3285 3485 3340 in
3526 3286 3772 3354 proxima

2123 3374 2335 3444 synodo
2370 3374 2438 3429 ab
2487 3388 2552 3430 eo
2598 3374 2705 3429 sibi
2752 3375 2977 3430 Romam
3025 3374 3092 3429 ad
3143 3381 3460 3443 sequentem
3499 3373 3770 3443 synodum

2123 3475 2263 3531 papa
2303 3475 2404 3531 pro
2436 3475 2615 3516 causaa
2645 3461 2795 3516 illius
2822 3461 3104 3531 responsis
3133 3461 3428 3517 mittendos
3459 3462 3768 3525 constituit,

2122 3551 2346 3606 omnino
2377 3557 2670 3606 contumax
2708 3551 2925 3606 mittere
2955 3551 3306 3620 contempsit.

2193 3643 2483 3710 Postquam
2516 3655 2611 3696 rex
2641 3639 2949 3695 Roudolfus
2999 3647 3122 3710 post
3163 3645 3438 3709 peractum
3478 3638 3683 3694 bellum
3715 3645 3772 3694 et

2118 3730 2402 3786 victoriam
2448 3729 2700 3799 adeptam
2759 3729 2941 3784 denuo
2999 3729 3106 3784 sibi
3161 3729 3595 3783 iusurrecturum
3643 3741 3767 3782 cum

2118 3833 2230 3876 non
2281 3819 2498 3876 modico
2546 3819 2793 3875 exercitu
2822 3819 3035 3875 hostem
3079 3833 3237 3874 suum
3267 3817 3591 3888 praedictum
3620 3831 3770 3873 com-

2119 3908 2281 3978 perit,
2315 3907 2431 3977 ipse
2480 3907 2676 3963 iterum
2725 3922 2847 3963 cum
2892 3907 3126 3962 maximo
3158 3905 3612 3962 electissimorum
3642 3919 3767 3960 suo-

2117 4012 2236 4052 rum
2286 3997 2516 4052 militum
2564 4001 2928 4068 pugnatorum
2979 3997 3186 4066 impetu
3224 3997 3285 4052 'ei
3324 3994 3584 4065 congredi
3616 4009 3769 4050 acer-

2117 4086 2288 4141 rimus
2342 4084 2681 4141 omnifariam
2731 4084 2794 4116 ¹⁸²
2851 4092 3220 4155 attemptans,
3291 4084 3633 4140 omnifariam
3703 4083 3765 4115 ⁸³³

2116 4173 2466 4244 perterritum
2523 4182 2579 4229 et
2635 4172 2998 4244 stupefactum
3049 4188 3080 4228 a
3137 4188 3196 4230 se
3254 4172 3561 4244 profugavit
3613 4186 3761 4227 eum.

2112 4265 2228 4330 Quo
2280 4262 2424 4319 facto
2478 4263 2606 4319 dum
2662 4263 2831 4318 nichil
2883 4262 3031 4318 aliud
3079 4262 3182 4318 hac
3226 4264 3342 4319 vice
3385 4262 3453 4317 ab
3502 4274 3568 4317 eo
3619 4260 3760 4326 ﬁeri,

380 4352 524 4410 libus
553 4359 868 4410 sanctorum
909 4356 1126 4410 Patrum
1157 4353 1371 4423 liquido
1401 4360 1648 4424 apparet,
1681 4353 1809 4422 quia
1838 4353 2222 4424 omnesﬁnisi
2269 4353 2516 4409 militiam
2569 4367 2722 4408 suam
2759 4353 2979 4408 domum
3027 4366 3058 4408 a
3106 4367 3165 4408 se
3215 4351 3564 4407 dimissurum
3613 4352 3764 4406 arbi-

379 4443 666 4498 christiani
723 4458 790 4499 ex
845 4459 946 4499 usu
1001 4450 1314 4499 sanctorum
1374 4444 1592 4498 Patrum
1649 4444 1760 4498 Deo
1816 4412 2373 4512 aliqttithraretur,
2424 4443 2541 4512 ipse
2586 4442 2639 4497 in
2689 4444 2974 4500 Saxoniam
3015 4457 3166 4498 suam
3205 4456 3328 4497 cum
3366 4441 3481 4496 suis
3518 4440 3761 4511 gloriati-

377 4530 574 4586 offerre
606 4530 830 4586 debent.
859 4550 886 4582 »

446 4620 506 4673 ln
553 4618 745 4675 eadem
793 4618 1004 4689 synodo
1056 4619 1331 4675 sententia
1376 4619 1743 4676 anathematis
1779 4619 1905 4675 data
1942 4625 2026 4676 est

373 4706 430 4762 in
461 4720 652 4763 omnes
681 4709 1035 4778 Symoniacos
1073 4714 1129 4764 et
1167 4708 1466 4765 Nicolaitas
1503 4708 1799 4776 hereticos,
1833 4709 1928 4778 qui
1967 4710 2022 4764 in

375 4796 580 4851 erroris
626 4797 711 4852 sui
758 4803 907 4852 secta
962 4796 1242 4863 indurati,
1299 4798 1658 4868 synodalibus
1709 4804 2021 4854 sanctorum

374 4890 590 4954 patrum
621 4884 1044 4943 difﬁnitionibus
1087 4893 1142 4943 et
1187 4886 1557 4942 decretalibus
1586 4900 1774 4944 eorum
1804 4889 2022 4944 statutis

372 4973 614 5030 scienter
669 4975 1109 5043 inobmdientes,
1177 4981 1658 5047 apostatarumque
1717 4977 2021 5046 pertinacia

2109 4540 2193 4588 ter
2249 4533 2526 4589 remeavit.
2582 4533 2678 4588 ille
2727 4540 2906 4599 autem
2958 4532 3254 4587 inmaniter
3307 4530 3584 4596 efferatus,
3639 4530 3763 4585 Ale-

2108 4623 2399 4689 manniam,
2452 4628 2511 4677 ut
2560 4621 2883 4691 praedictum
2935 4626 3048 4687 est,
3099 4633 3218 4676 eam
3266 4619 3649 4675 devastaturus
3695 4632 3760 4673 ex

2107 4710 2404 4780 improviso
2470 4710 2743 4766 invaserat
2796 4730 2808 4764 :
2897 4709 3107 4765 nullum
3181 4706 3294 4764 fere
3362 4705 3756 4764 nominabilem

2107 4807 2310 4870 praeter
2363 4801 2644 4870 Hugonem
2703 4799 2959 4854 comitem
3019 4798 3160 4868 (188)
3221 4797 3320 4852 hac
3359 4796 3621 4852 violentia
3689 4795 3756 4850 ad

2105 4889 2442 4946 deditionem
2509 4887 2590 4943 vel
2657 4887 3033 4944 conditionem
3097 4885 3375 4942 ﬁdelitatis
3439 4891 3752 4941 coacturus.

2105 4976 2408 5034 Roudolfus
2454 4983 2633 5033 autem
2684 4991 2798 5044 rex,
2849 4976 3154 5033 Saxonibus
3191 4974 3304 5032 suis
3351 4988 3382 5029 a
3430 4988 3489 5029 se
3528 4973 3751 5031 domum

1739 5101 1963 5157 νΑΒΙίΕ
1999 5103 2385 5160 LECTIONES.

443 5216 507 5248 ⁸⁷³
543 5216 684 5275 deest
723 5217 779 5273 in
813 5216 896 5273 ed.
1011 5216 1074 5248 ’³ο
1111 5217 1168 5274 id
1198 5218 1343 5274 enim
1373 5217 1457 5275 ed.

1568 5216 1629 5248 ³⁸⁵
1669 5216 1818 5274 circa
1841 5219 1996 5288 juxta
2024 5217 2078 5275 2.

2192 5216 2258 5250 ’⁸³
2297 5217 2583 5275 omnitaria
2609 5218 2664 5275 2.
2777 5218 2842 5253 ³⁸³
2871 5217 3161 5278 omnifaria
3190 5217 3226 5274 2
3257 5216 3485 5275 omnino
3515 5215 3604 5273 ed.

1952 5344 2168 5400 ΝΟΤίΕ.

449 5459 592 5532 (186)
627 5460 711 5519 13.
745 5460 870 5519 Kal.
903 5463 1032 5518 Dec.
1065 5461 1270 5517 habent
1307 5467 1450 5518 acta.

447 5530 591 5600 (187)
620 5540 853 5591 exeunte
882 5533 1169 5590 Decembri
1207 5533 1337 5588 anni
1370 5530 1524 5600 1078,
1565 5537 1626 5590 ut
1661 5531 1895 5588 videtur.

445 5602 588 5677 (188)
619 5605 924 5663 Palatinum
967 5604 1408 5675 Tubingensem,
1459 5603 1606 5675 quod
1651 5610 1891 5662 castrum
1948 5602 2018 5658 ab

2107 5460 2366 5518 Heinrico
2413 5461 2580 5534 fuisse
2627 5462 2909 5521 obsessum
2956 5477 3100 5520 anno
3137 5462 3321 5534 priore
3369 5466 3627 5530 exeunte,
3679 5474 3748 5517 ex

2103 5534 2274 5603 gestis
2301 5531 2642 5592 Trevirorum
2670 5535 3014 5593 adnotamus.
3046 5531 3171 5592 Uss.
3679 5547 3700 5558 θ
