4014 6176
469 331 575 387 427

1343 349 1358 354 δ
1429 325 1807 382 BERTHOLDI
1845 320 2260 381 PRESBYTER]
2300 321 2863 380 CONSTANTIENSIS

3715 319 3816 376 428

471 457 526 512 in
548 455 831 525 colloquio
856 453 1008 524 quod
1038 467 1177 523 papa
1219 449 1690 517 constitueret,-ei
1723 449 1930 520 pariter
1957 447 2106 504 οδω·
2120 457 2173 516 Α
2200 445 2526 505 electionem
2584 462 2736 504 suam
2797 447 3112 505 testimonio
3189 447 3460 519 probabili
3529 447 3836 504 canonicam

471 546 637 602 diret.
667 545 913 614 Denique
941 542 1177 599 domnus
1213 539 1550 612 apostolicus
1578 539 1762 596 denuo
1793 551 2108 595 excommu-

470 635 672 690 nicavit
737 632 912 697 illum,
962 631 1314 700 quicumque,
1381 641 1450 684 ne
1516 629 1572 684 in
1639 628 1922 698 praeterito
1961 640 2106 683 anno

469 722 805 792 colloquium
851 720 1027 784 ﬁeret,
1059 718 1308 788 quolibet
1336 718 1558 788 ingenio
1596 731 1693 772 seu
1738 717 1976 772 factione
2007 717 2107 770 im-

468 810 741 880 pedierit;
782 809 1094 878 pariterque
1141 819 1286 870 eum,
1345 805 1438 874 qui
1478 803 1715 860 futurum
1770 803 2103 874 impedierit,

467 899 614 969 quod
645 898 825 954 denuo
855 897 956 951 hac
984 897 1101 950 vice
1131 894 1438 950 constituit.

537 985 822 1043 Praedictis
878 989 1057 1038 autem
1123 982 1364 1038 induciis
1427 981 1670 1037 omnium
1735 983 2104 1037 Romanorum

465 1077 676 1133 animos
719 1075 824 1130 sibi
868 1073 1180 1130 conciliavit
1226 1073 1280 1128 in
1331 1078 1561 1138 tantum,
1617 1079 1676 1127 ut
1723 1085 1832 1127 non
1875 1070 2105 1126 ulterius

465 1166 753 1221 anathema
783 1164 837 1218 in
854 1163 1163 1218 Heinricum
1190 1175 1372 1232 regem
1393 1159 1598 1216 diﬁerri
1631 1166 1838 1230 petant,
1870 1161 1916 1214 si
1939 1159 2102 1215 modo

463 1255 568 1310 sibi
597 1253 844 1310 oboedire
874 1258 1207 1308 contemnat.
1239 1249 1418 1306 Nichil
1456 1263 1585 1305 vero
1616 1249 1684 1304 de
1716 1249 1936 1319 regibus
1964 1261 2104 1318 papa

463 1355 609 1398 nunc
662 1340 939 1406 sanctivit,
1008 1339 1114 1396 nisi
1179 1337 1328 1406 quod
1386 1337 1689 1392 Pataviensi
1755 1344 1810 1392 et
1877 1335 2102 1391 Metensi

463 1431 725 1502 episc0po
780 1429 1012 1498 aliisque
1074 1426 1359 1497 collegatis
1413 1439 1623 1493 eorum,
1673 1430 1933 1495 quantum
2001 1439 2102 1494 pro

461 1518 729 1588 temporis
755 1517 1084 1574 necessitate
1124 1516 1391 1585 oportuit,
1424 1528 1534 1570 non
1566 1527 1959 1584 usquequaque
1991 1513 2104 1570 dis-

463 1608 676 1680 plicuit.
727 1608 928 1663 Omnes
955 1605 1226 1675 siquidem
1266 1604 1522 1660 meliores
1569 1605 1624 1659 in
1663 1609 1816 1673 parte
1847 1602 2100 1660 Roudolﬁ

461 1698 608 1768 regis
664 1696 969 1751 ﬁrmissime
1026 1695 1407 1760 constiterant,
1476 1707 1638 1762 quem
1695 1691 2103 1749 obmdientissi-

461 1800 606 1842 mum
638 1784 839 1841 domno
869 1797 1024 1853 papae
1051 1797 1149 1852 per
1177 1782 1358 1838 omnia
1386 1781 1896 1851 comprobaverant.

531 1873 904 1930 Theodericus
949 1871 1060 1927 dux
1116 1869 1265 1941 (192)
1304 1884 1598 1940 comesque
1641 1869 1920 1926 Folmarus
1950 1869 2102 1941 (193)

464 1976 563 2032 pro
635 1961 918 2018 invasione
991 1959 1248 2016 Metensis
1312 1958 1579 2014 aecclesize
1645 1959 2102 2016 excommunicatl

459 2057 608 2107 sunt.
650 2052 897 2119 Itemque
944 2061 1155 2114 omnes,
1197 2047 1291 2116 qui
1339 2047 1484 2103 bona
1532 2047 1938 2118 episcoporum,
1990 2050 2102 2105 Ilo-

459 2139 673 2210 gontini
717 2139 932 2196 scilicet
977 2145 1036 2194 et
1082 2143 1406 2193 caaterorum
1464 2138 1558 2207 qui
1607 2137 1677 2193 de
1733 2138 1958 2194 sedibus
1986 2139 2101 2195 suis

460 2228 671 2299 expulsi
725 2227 960 2294 fuerant,
1017 2227 1219 2296 injuste
1275 2225 1380 2282 sibi
1452 2226 1898 2282 vendicaverunt.
1965 2228 2099 2282 Item

456 2315 878 2372 Mediolanensis
923 2315 1220 2384 episc0pus
1253 2319 1309 2369 et
1344 2315 1662 2383 Ravennas;
1704 2328 1805 2369 nec
1837 2327 1946 2370 non
1995 2329 2097 2384 pa-

456 2405 592 2461 riter
636 2405 736 2474 qui
777 2404 1031 2459 abbatem
1076 2404 1406 2474 Augiensem
1445 2411 1726 2472 ceperant,
1759 2403 1854 2472 qui
1886 2409 1942 2458 et
1979 2404 2098 2473 ipse

453 2493 523 2550 ad
551 2493 819 2564 synodum
863 2505 962 2562 pro
1005 2506 1170 2548 causa
1208 2506 1306 2547 sua
1337 2490 1725 2561 proclamanda
1764 2491 2093 2557 tetenderat,

453 2582 763 2638 Parmensis
837 2581 1084 2651 episcopi
1153 2579 1304 2651 (194)
1392 2579 1594 2636 milites
1657 2580 2095 2638 anathematizati

453 2676 601 2726 sunt.
661 2672 782 2740 Ipse
829 2676 1008 2725 autem
1063 2669 1134 2724 ob
1190 2668 1418 2724 eandem
1467 2675 1746 2739 capturam
1805 2670 1874 2726 ab
1913 2670 2095 2727 ofﬁcio

451 2772 752 2828 suspensus
800 2765 905 2813 est.
945 2757 1126 2812 Abbas
1155 2755 1219 2787 ³⁸⁷
1267 2756 1509 2822 tandem,
1543 2771 1665 2812 cum
1703 2757 1865 2812 aliter
1893 2773 1953 2814 se
1984 2771 2094 2814 non

452 2861 614 2918 posse
671 2845 893 2902 liberari
939 2845 1386 2916 persentisceret,
1429 2847 1661 2916 pecunia
1691 2848 1807 2902 suis
1836 2851 1993 2917 pacta
2031 2862 2094 2904 ac

445 2940 626 3008 jurata
671 2937 1010 3005 captoribus,
1068 2935 1326 2992 dimissus
1360 2936 1430 2990 ab
1478 2936 1578 3003 eis,
1631 2937 1876 3004 Romam,
1931 2942 2095 3006 prout

449 3030 610 3080 antea
639 3023 934 3093 disposuit,
972 3023 1313 3094 gratulanter
1340 3023 1609 3093 pervenit.
1642 3024 1774 3079 Inde
1804 3039 1966 3080 causa
1996 3039 2094 3080 sua

2197 551 2316 593 esse
2347 537 2549 592 ibidem
2580 535 2907 594 testiﬁcatus
2943 543 3056 605 est;
3085 544 3169 594 set
3199 552 3299 608 pro
3339 537 3660 593 investltura
3718 549 3839 592 con-

2197 632 2280 681 tra
2326 627 2644 682 canonicam
2703 633 2758 682 et
2803 627 3161 696 apostolicam
3217 627 3559 683 sanctionem
3620 640 3651 680 a
3707 626 3836 681 Iaica

2197 727 2430 782 persona
2471 715 2577 770 sibi
2633 722 2892 784 usurpata
2939 731 2969 771 a
3009 731 3147 786 papa
3177 717 3525 786 reprobatus,
3558 714 3838 770 difﬁnitio-

2197 803 2283 858 nis
2311 803 2554 872 ejusdem
2595 809 2856 859 statutum
2905 819 2963 860 se
3021 805 3302 874 ignorasse
3352 813 3406 861 et
3457 819 3567 860 non
3598 803 3833 868 audisse,

2196 890 2409 960 synodo
2439 890 2494 945 id
2527 891 2600 945 ita
2624 891 2929 959 judicantc,
2971 893 3332 964 jurejurando
3377 893 3552 963 palam
3591 905 3838 960 compro-

2196 979 2362 1034 bavit.
2393 980 2600 1036 Dehinc
2625 985 2742 1037 toto
2771 991 3042 1038 conventu
3077 997 3174 1052 pro
3205 995 3272 1037 eo
3316 983 3370 1037 in
3399 981 3454 1036 id
3488 983 3662 1051 ipsum
3693 979 3836 1049 apud

2197 1081 2388 1136 papam
2418 1069 2816 1136 intercedente,
2849 1070 2904 1126 in
2955 1071 3164 1140 primis,
3207 1076 3268 1126 ut
3308 1072 3476 1126 moris
3507 1076 3610 1134 est,
3637 1070 3836 1138 justam

2195 1163 2251 1212 et
2280 1157 2530 1214 idoneam
2577 1159 2968 1215 oboedientiam
3005 1175 3069 1216 ac
3097 1160 3492 1229 subjectionem
3543 1167 3598 1213 et
3648 1157 3841 1212 suifra-

2193 1246 2340 1315 gium
2388 1248 2706 1316 apostolica;
2758 1249 2875 1304 sedi
2925 1257 2980 1304 et
3026 1251 3200 1304 sancti
3249 1249 3396 1304 Petri
3441 1248 3646 1303 vicario
3681 1261 3838 1316 papae

2192 1336 2454 1405 Gregorio
2512 1351 2610 1406 per
2659 1338 3040 1407 jusjurandum
3089 1337 3388 1407 professus,
3419 1338 3487 1392 ab
3517 1351 3584 1393 eo
3613 1337 3836 1392 anulum

2194 1430 2249 1478 et
2295 1424 2498 1494 virgam
2548 1433 2602 1481 et
2662 1433 2861 1482 caetera
2916 1426 3283 1496 Aquileiensis
3329 1425 3733 1495 patriarchatus
3763 1425 3840 1480 in-

2191 1512 2368 1582 signia
2409 1514 2674 1570 canonice
2711 1515 2992 1582 suscepit;
3037 1521 3121 1572 set
3160 1528 3270 1571 non
3319 1528 3443 1570 cum
3472 1527 3540 1570 eo
3571 1514 3837 1584 deinceps

2193 1615 2588 1672 usquequaque
2621 1601 2858 1659 ﬁdeliter
2903 1603 3034 1674 egit.
3091 1602 3398 1660 Cardinalis
3451 1616 3672 1672 quoque
3714 1604 3836 1658 Ber-

2191 1690 2415 1758 nardus,
2477 1691 2610 1761 quid
2668 1692 2873 1749 laboris
2927 1699 2982 1748 et
3050 1693 3420 1763 periculorum
3486 1693 3542 1748 in
3583 1693 3835 1762 partibus

2117 1779 2163 1837 B
2187 1780 2391 1836 nostris
2453 1781 2797 1844 sustinuerit.
2866 1789 2920 1838 et
2985 1796 3146 1852 quam
3213 1782 3496 1838 minimum
3563 1781 3834 1838 aecclesim

2185 1869 2448 1938 prodesse
2479 1871 2742 1940 potuerit,
2775 1877 2830 1926 et
2858 1871 3003 1927 inter
3030 1877 3251 1937 caetera,
3283 1871 3412 1941 quia
3442 1884 3625 1941 regem
3658 1872 3832 1927 Hein-

2185 1957 2358 2013 ricum
2410 1971 2512 2015 suo
2567 1972 2840 2016 consensu
2894 1961 2950 2015 in
2999 1959 3189 2029 primis
3234 1974 3265 2014 a
3303 1960 3620 2030 Mogontino
3650 1967 3711 2015 et
3739 1974 3833 2015 sex

2183 2046 2307 2102 aliis
2353 2061 2474 2116 cum
2533 2047 2810 2118 episcopis
2853 2047 3099 2118 judiciali
3147 2062 3381 2104 censura
3425 2050 3571 2118 juste
3610 2062 3832 2105 excom-

2184 2137 2540 2199 municatum,
2589 2142 2645 2192 et
2689 2138 2808 2206 ipse
2849 2130 3005 2206 juxta
3051 2143 3387 2206 praeceptum
3443 2136 3592 2193 illius
3619 2152 3650 2192 a
3682 2151 3835 2194 com-

2183 2225 2442 2280 munione
2508 2225 2760 2295 corporis
2816 2232 2872 2280 et
2926 2225 3208 2296 sanguinis
3252 2226 3466 2281 Domini
3522 2240 3646 2281 eum
3707 2241 3831 2282 cum

2181 2314 2436 2369 omnibus
2482 2315 2587 2370 sibi
2644 2315 3118 2371 consentientibus
3162 2314 3572 2382 abalienaverit,
3615 2322 3674 2371 et
3709 2331 3741 2371 a
3777 2317 3835 2373 li-

2181 2402 2421 2458 minibus
2450 2401 2717 2458 aecclesiaa
2756 2409 2815 2458 ut
2853 2402 3179 2473 sacrilegum
3210 2403 3458 2472 ejecerit,
3499 2410 3554 2459 et
3584 2404 3636 2459 ei
3671 2407 3831 2476 regni

2179 2491 2547 2561 gubernacula
2576 2496 2765 2561 utpote
2813 2498 3047 2562 tyranno
3086 2498 3142 2548 et
3179 2493 3416 2548 invasori
3447 2493 3830 2562 interdixerit,

2182 2585 2236 2648 et
2283 2581 2400 2651 regi
2447 2579 2721 2637 Roudolfo
2753 2586 2944 2649 utpote
2973 2580 3093 2636 sedi
3132 2581 3450 2650 apostolica:
3489 2595 3591 2652 per
3637 2585 3831 2640 omnia

2178 2666 2652 2723 obmdientissimo
2715 2667 3045 2734 subdiderit,
3121 2667 3380 2724 domuum
3453 2671 3832 2738 apostolicum

2179 2769 2288 2811 non
2325 2757 2550 2812 omnino
2580 2756 2778 2822 tacuit;
2830 2769 2932 2812 nec
2971 2770 3080 2812 non
3125 2758 3490 2812 Romanorum
3523 2761 3834 2830 praecipuis

2177 2851 2232 2900 et
2260 2845 2570 2914 quibusque
2634 2845 2857 2914 optimis
2907 2846 3027 2902 haec
3065 2847 3245 2902 omnia
3291 2847 3534 2902 seriatim
3563 2847 3832 2905 intimare

2177 2947 2286 2989 non
2317 2933 2524 2990 omisit.

2245 3024 2487 3078 Domnus
2543 3029 2721 3079 autem
2772 3024 3112 3094 apostolicus
3159 3024 3298 3080 miro
3327 3024 3564 3096 quodam
3598 3027 3833 3098 ingenio

445 3111 591 3181 apud
651 3126 842 3180 papam
891 3111 960 3166 ad
1009 3111 1221 3167 libitum
1262 3119 1502 3181 peracta,
1547 3125 1656 3168 non
1685 3114 1806 3168 sine
1846 3095 2279 3183 periculonam
2329 3113 2452 3181 plus
2499 3126 2660 3182 quam
2716 3127 2916 3168 annum
2948 3113 3068 3168 haec
3097 3115 3277 3169 omnia
3327 3114 3431 3169 sibi
3478 3128 3591 3172 non
3634 3095 3834 3187 ignota

443 3200 512 3256 ad
542 3201 766 3271 Augiam
811 3199 1087 3270 quondam
1117 3214 1270 3256 suam
1311 3201 1641 3267 revertitur;
1683 3203 1773 3258 cui
1805 3217 1900 3258 rex
1930 3203 2093 3258 Hein-

444 3289 592 3345 ricus
615 3291 727 3360 jam
765 3290 822 3344 in
854 3289 1056 3358 pascha
1087 3297 1377 3360 tyrannum
1407 3289 1559 3345 illum
1607 3291 2086 3359 anathematicum,

440 3393 604 3450 quem
654 3379 818 3434 etiam
863 3378 1020 3433 cella;
1057 3379 1234 3433 sancti
1263 3377 1399 3434 Galli
1445 3379 1796 3436 destruenda:
1825 3395 2090 3451 superpo-

437 3474 641 3534 suerat,
669 3468 1039 3524 antiabbatcm
1069 3481 1170 3523 suo
1201 3481 1353 3523 more
1381 3475 1736 3537 apposuerat.

508 3557 651 3612 Misit
696 3570 916 3627 quoque
974 3555 1211 3611 domnus
1266 3555 1606 3625 apostolicus
1662 3556 1874 3612 litteras
1935 3557 2084 3628 (195)

438 3659 538 3715 per
582 3650 755 3702 totum
804 3644 1201 3700 Theutonicum
1233 3649 1288 3700 et
1317 3643 1562 3700 Italicum
1620 3659 1846 3716 regnum
1893 3651 2085 3702 sancto

435 3735 598 3789 Petro
664 3733 1075 3789 oboedientibus
1139 3733 1196 3786 in
1253 3732 1372 3787 haec
1437 3733 1644 3788 verba:
1702 3735 1768 3789 Si
1823 3735 1912 3804 qui
1964 3741 2087 3790 sunt

433 3820 730 3890 presbiteri,
765 3821 976 3876 diaconi
1011 3819 1092 3875 vel
1128 3819 1456 3887 sabdiaconi,
1511 3821 1597 3891 qui
1653 3821 1869 3890 jaceant
1897 3823 1952 3877 in
1981 3824 2086 3879 cri-

435 3909 571 3963 mine
627 3909 1012 3977 fornicationis,
1060 3908 1416 3964 interdicimus
1471 3910 1548 3964 eis
1593 3925 1664 3964 ea:
1715 3915 1868 3981 parte
1913 3914 2086 3967 omni—

431 3997 656 4066 potentis
693 3997 791 4052 Dei
848 4002 895 4052 et
949 3997 1262 4052 auctoritate
1306 3999 1475 4053 sancti
1505 3999 1647 4054 Petri
1684 3999 1945 4054 introitum
1986 4015 2088 4056 (ec-

435 4084 627 4152 clesiis,
661 4100 823 4155 usque
853 4085 973 4141 dum
995 4087 1284 4158 paeniteant
1313 4093 1361 4142 et
1391 4087 1677 4143 emendent.
1729 4089 1796 4143 Si
1841 4090 1928 4158 qui
1965 4104 2086 4146 vero

428 4175 487 4228 in
509 4178 727 4244 peccato
775 4187 871 4229 suo
909 4188 1250 4245 perseverare
1294 4174 1593 4242 maluerint,
1638 4175 1812 4230 nullus
1857 4182 2084 4232 uestrum

428 4263 654 4335 ofﬁcium
707 4277 884 4318 eorum
925 4262 1222 4320 auscultare
1266 4269 1568 4335 praesumat,
1613 4265 1735 4336 quia
1793 4263 2080 4321 benedictio

427 4350 534 4408 illis
587 4353 642 4407 in
687 4351 1020 4409 maledictum
1083 4358 1334 4421 vertetur,
1383 4358 1432 4408 et
1479 4353 1647 4408 oratio
1695 4354 1750 4408 in
1781 4363 2075 4424 peccatum.

2173 3201 2327 3269 quasi
2412 3201 2808 3257 dissimulando
2874 3203 3229 3258 sustinuerat.
3305 3203 3459 3269 Quod
3537 3207 3835 3262 nonnullis

2171 3303 2380 3359 magna:
2427 3288 2529 3344 fuit
2575 3290 2923 3346 admirationi
2974 3306 3074 3346 cur
3132 3290 3364 3347 fecerit:
3424 3292 3528 3347 nisi
3588 3292 3832 3351 forsitan

2171 3377 2307 3434 illud
2356 3377 2716 3448 colloquium,
2776 3379 2924 3449 quod
2967 3393 3066 3448 pro
3115 3385 3222 3434 tam
3281 3381 3508 3435 maxima
3539 3381 3834 3441 discordia

2168 3465 2411 3522 sedanda
2440 3467 2622 3523 denuo
2665 3469 2777 3537 jam
2820 3469 3041 3538 jamque
3081 3468 3183 3523 sub
3229 3469 3570 3526 anathemate
3619 3475 3836 3528 consti-

2169 3561 2370 3622 tuerat,
2428 3555 2496 3610 ad
2553 3554 2900 3615 efﬁciendum
2959 3557 3107 3627 quod
3165 3556 3420 3622 voluerit,
3471 3557 3655 3614 solum
3721 3561 3832 3617 sibi

2167 3642 2420 3700 sufﬁcere
2475 3657 2586 3700 non
2643 3644 2995 3701 dubitaverit.
3055 3646 3149 3701 Sin
3207 3651 3409 3711 autem,
3468 3647 3828 3718 colloquium

2167 3731 2516 3800 impedituris
2573 3739 2628 3788 et
2673 3733 2779 3788 sibi
2836 3733 2902 3788 ad
2955 3748 3141 3804 pacem
3191 3740 3244 3790 et
3301 3737 3661 3794 concordiam
3715 3753 3832 3796 non

2167 3819 2519 3887 obwdituris,
2566 3820 2712 3876 istud
2770 3827 2901 3878 tunc
2947 3823 3014 3878 ad
3087 3823 3269 3893 priora
3316 3839 3413 3879 sua
3468 3826 3833 3884 anathemata

2165 3909 2321 3978 quasi
2371 3923 2439 3965 ex
2490 3909 2788 3979 improviso
2858 3911 3280 3977 accumulatum,
3345 3913 3694 3980 justissimus
3765 3931 3832 3972 ac

2166 3998 2543 4057 severissimus
2583 3999 2754 4067 judex
2810 4004 2963 4056 tanto
3021 4001 3192 4068 magis
3243 4002 3297 4056 in
3359 4009 3632 4058 aeternum
3667 4006 3836 4062 dam-

2166 4087 2378 4142 mandis
2425 4085 2489 4118 ¹⁸⁸
2545 4087 2828 4157 imponere
2877 4088 3274 4145 destinaverit:
3317 4097 3377 4146 ut
3422 4105 3586 4160 quem
3630 4096 3832 4151 mitem

2164 4183 2219 4232 et
2264 4175 2695 4231 dissimulantem
2754 4176 3068 4245 perduelles
3119 4185 3584 4248 contempserant,
3642 4184 3837 4240 vindi-

2163 4278 2280 4320 cem
2320 4269 2451 4319 tunc
2480 4263 2830 4320 durissimum
2863 4266 3217 4335 perditissimi
3257 4270 3639 4338 experiantur.

2235 4351 2423 4408 Eidem
2452 4353 2711 4409 Romanae
2741 4353 2953 4423 synodo
2979 4356 3274 4426 Gregorius
3314 4371 3452 4427 papa
3499 4362 3835 4426 praesidens

2097 4427 2141 4483 Ι)
2159 4439 2298 4495 dixit
2320 4440 2463 4496 (197)
2501 4461 2514 4496 :

743 4482 758 4496 .
2098 4440 2298 4495 Udixit
2347 4440 2444 4494 197
2501 4461 2514 4496 :

501 4449 852 4602 Βῖῗέῗὲἓιιὶιιε
899 4531 1234 4588 Turonensis
1289 4529 1435 4600 (196)
1494 4530 1730 4586 heresim
1762 4544 1914 4586 suam
1962 4529 2076 4586 illic
2230 4440 2597 4584 Ordinationes
2660 4527 2724 4561 ¹⁸⁹
2787 4527 3014 4595 illorum,
3082 4531 3170 4600 qui
3224 4531 3292 4587 ab
3347 4539 3833 4596 excommunicatis

430 4621 719 4692 abjuravit,
751 4619 1076 4676 catholicam
1106 4619 1266 4675 ﬁdem
1299 4618 1600 4688 professus.
2155 4623 2273 4673 sunt
2327 4617 2576 4683 ordinati,
2617 4621 2916 4672 sanctorum
2972 4619 3188 4674 Patrum
3233 4626 3501 4691 sequentes
3560 4627 3829 4696 uestigia,

500 4710 790 4768 Heinricus
833 4709 1190 4780 Augustensis
1235 4707 1493 4774 clericus,
1538 4709 1631 4776 qui
1671 4722 1701 4762 a
1750 4722 1878 4778 rege
1910 4708 2075 4763 llein-
2155 4708 2336 4763 im'tas
2373 4708 2488 4776 ﬁeri
2516 4709 2827 4762 censuimus.

429 4801 545 4856 rlco
574 4798 952 4855 investituram
979 4795 1349 4866 Aquileiensis
1378 4794 1646 4851 tecclesiaa
1661 4798 1772 4867 jam
1801 4798 2069 4866 suscepit,
2227 4799 2357 4852 Item
2389 4795 2452 4827 ²⁹⁰
2504 4800 2804 4851 sanctorum
2854 4797 3299 4868 praedecessorum
3354 4806 3653 4858 nostrorum
3703 4813 3838 4862 sta-

1803 4896 2026 4951 VARUE
2063 4895 2345 4950 LECTION
2353 4895 2448 4950 ES.

497 4994 561 5027 ""
588 4995 776 5066 Augiae
805 4992 982 5064 gtossa
1009 5006 1132 5048 swc.
1175 4993 1321 5048 XIV
1345 4992 1400 5047 in
1426 4991 1481 5048 2.
1561 4989 1624 5022 ³⁸⁸
1653 4990 1942 5050 dammand
1963 4993 2017 5047 2.
2095 4992 2158 5024 ’⁸³
2195 4994 2326 5064 Cap.
2360 4993 2402 5048 I.
2433 4992 2489 5048 in
2515 5006 2685 5061 marg.
2717 4991 2773 5046 2.
2850 4991 2916 5023 ”°
2953 4993 3084 5063 Cap.
3113 4993 3159 5049 II
3188 4993 3242 5050 in
3272 5009 3438 5065 marg.
3470 4995 3525 5052 2.

1986 5092 2202 5148 NOTE.

498 5191 646 5264 (192)
678 5189 1073 5264 Lotharingiaa;
1113 5189 1482 5264 cf.MGregorii
1533 5189 1645 5256 VII,
1677 5189 1811 5259 Reg.
1845 5204 1922 5254 γι,
1975 5188 2065 5258 22,

423 5259 547 5322 data
578 5279 612 5318 v
636 5259 780 5318 Non.
814 5259 993 5327 Mart,
1025 5273 1076 5314 a.
1113 5259 1267 5316 1079.
1305 5259 1426 5316 U55.

495 5334 634 5406 (193)
666 5332 938 5406 Metensis.

494 5401 633 5471 (194)
684 5403 1005 5470 Eberhardi,
1063 5401 1253 5473 clerici
1319 5409 1479 5466 antea
1543 5401 1910 5464 Coloniensis,
1971 5403 2065 5473 qui

420 5476 653 5533 Cadalao
683 5481 1062 5540 successerat;
1096 5472 1168 5529 cf.
1199 5476 1427 5543 Gregor.
1463 5473 1573 5538 Vll,
1597 5473 1740 5543 Reg.
1776 5487 1850 5543 vi,
1890 5473 1972 5526 18.

493 5545 646 5616 (195)
673 5548 768 5601 [lie
799 5547 1000 5601 litterae
1029 5545 1175 5599 inter
1194 5542 1559 5614 Gregorianas
1595 5542 1741 5599 haud
1791 5542 2062 5614 legentur.

421 5620 540 5676 Uss.

432 4444 498 4498 Et
536 4449 758 4500 caetera.

2227 5187 2373 5258 (196)
2399 5188 2472 5242 De
2502 5187 2604 5242 hac
2635 5201 2799 5242 causa
2829 5187 2884 5242 in
2924 5187 3134 5258 synodo
3169 5194 3367 5245 tractat
3395 5191 3714 5252 Bernoldus
3765 5200 3837 5256 in

2149 5259 2424 5340 Opusculo
2455 5271 2536 5340 nn.
2583 5258 2680 5340 _l_7,
2733 5259 3460 5340 et_._l,1ugo_I:lta\iviniacensis.
3515 5265 3634 5320 Uss.
3691 5269 3837 5340 Cf.,

2149 5328 2280 5386 Acta
2310 5329 2552 5394 concilii,
2582 5329 2748 5384 Mansi
2779 5330 2887 5394 XX,
2922 5328 3124 5399 p.523.

2221 5400 2364 5473 (197)
2393 5400 2612 5473 Littera
2639 5401 2909 5470 Gregorii,
2958 5403 3092 5473 Reg.
3155 5417 3232 5468 γι,
3271 5403 3362 5470 28,
3393 5403 3464 5458 29
3492 5405 3636 5462 data:
3662 5421 3838 5469 sunt

2149 5474 2202 5528 in
2232 5471 2464 5542 synodo
2527 5471 2590 5526 16
2641 5477 2698 5526 et
2736 5487 2832 5527 xm
2880 5471 2997 5528 Kal.
3038 5471 3217 5538 Μαι-ι..
3267 5473 3382 5531 ind.
3431 5475 3487 5541 2,
3537 5477 3729 5547 igitur
3764 5498 3833 5542 a.

2157 5543 2324 5601 1079;
2359 5557 2467 5601 non
2499 5549 2559 5599 ut
2588 5544 2913 5599 Ussermann
2948 5543 3140 5600 vulta.
3181 5543 3332 5600 1078.
