  <div class='ocr_page' id='page_1' title='image "/cluster/home/n/w/nwhite01/storage/ocr_20150623/147/hvd.32044073505281/220.png"; bbox 0 0 4014 6176; ppageno 0'>
   <div class='ocr_carea' id='block_1_1' title="bbox 215 338 3548 398">
    <p class='ocr_par' dir='ltr' id='par_1_1' title="bbox 215 338 3548 398">
     <span class='ocr_line' id='line_1_1' title="bbox 215 338 3548 398; baseline -0.001 0"><span class='ocrx_word' id='word_1_1' title='bbox 215 343 308 398; x_wconf 67' lang='grc'><strong><em>429</em></strong></span> <span class='ocrx_word' id='word_1_2' title='bbox 1515 341 1843 396; x_wconf 79' lang='lat' dir='ltr'><strong><em>ANNALES.</em></strong></span> <span class='ocrx_word' id='word_1_3' title='bbox 1865 357 1953 380; x_wconf 77' lang='lat'><strong><em>&#39;—</em></strong></span> <span class='ocrx_word' id='word_1_4' title='bbox 1992 341 2101 396; x_wconf 80' lang='lat' dir='ltr'><strong><em>AN.</em></strong></span> <span class='ocrx_word' id='word_1_5' title='bbox 2151 338 2302 394; x_wconf 87' lang='lat'>1079.</span> <span class='ocrx_word' id='word_1_6' title='bbox 3441 339 3548 396; x_wconf 83' lang='lat'><strong><em>430</em></strong></span> 
     </span>
    </p>
   </div>
   <div class='ocr_carea' id='block_1_2' title="bbox 220 460 3553 535">
    <p class='ocr_par' dir='ltr' id='par_1_2' title="bbox 220 460 3553 535">
     <span class='ocr_line' id='line_1_2' title="bbox 220 460 3553 535; baseline -0.001 -13"><span class='ocrx_word' id='word_1_7' title='bbox 220 473 315 522; x_wconf 85' lang='lat' dir='ltr'><strong><em>tuta</em></strong></span> <span class='ocrx_word' id='word_1_8' title='bbox 362 469 606 529; x_wconf 74' lang='lat' dir='ltr'><strong><em>tenentes,</em></strong></span> <span class='ocrx_word' id='word_1_9' title='bbox 656 478 745 517; x_wconf 87' lang='lat' dir='ltr'><strong><em>eos</em></strong></span> <span class='ocrx_word' id='word_1_10' title='bbox 800 465 889 532; x_wconf 86' lang='lat' dir='ltr'><strong><em>qui</em></strong></span> <span class='ocrx_word' id='word_1_11' title='bbox 941 464 1398 519; x_wconf 73' lang='lat' dir='ltr'><strong><em>excommunicatis</em></strong></span> <span class='ocrx_word' id='word_1_12' title='bbox 1452 463 1702 534; x_wconf 83' lang='lat' dir='ltr'><strong><em>ﬁdelitate</em></strong></span> <span class='ocrx_word' id='word_1_13' title='bbox 1739 467 2134 535; x_wconf 75' lang='lat' dir='ltr'><strong><em>autAgatione</em></strong></span> <span class='ocrx_word' id='word_1_14' title='bbox 2200 464 2312 519; x_wconf 89' lang='lat' dir='ltr'><strong><em>illic</em></strong></span> <span class='ocrx_word' id='word_1_15' title='bbox 2372 462 2680 533; x_wconf 80' lang='lat' dir='ltr'><strong><em>peragenda</em></strong></span> <span class='ocrx_word' id='word_1_16' title='bbox 2761 460 3094 517; x_wconf 82' lang='lat' dir='ltr'><strong><em>omnimodis</em></strong></span> <span class='ocrx_word' id='word_1_17' title='bbox 3165 466 3553 531; x_wconf 88' lang='lat' dir='ltr'><strong><em>communitos,</em></strong></span> 
     </span>
    </p>
   </div>
   <div class='ocr_carea' id='block_1_3' title="bbox 218 548 3305 623">
    <p class='ocr_par' dir='ltr' id='par_1_3' title="bbox 218 548 3305 623">
     <span class='ocr_line' id='line_1_3' title="bbox 218 548 3305 623; baseline -0.001 -13"><span class='ocrx_word' id='word_1_18' title='bbox 218 557 520 610; x_wconf 82' lang='lat' dir='ltr'><strong><em>sacramento</em></strong></span> <span class='ocrx_word' id='word_1_19' title='bbox 591 552 857 607; x_wconf 78' lang='lat' dir='ltr'><strong><em>constricti</em></strong></span> <span class='ocrx_word' id='word_1_20' title='bbox 901 559 1039 617; x_wconf 88' lang='lat' dir='ltr'><strong><em>sunt,</em></strong></span> <span class='ocrx_word' id='word_1_21' title='bbox 1099 553 1386 623; x_wconf 84' lang='lat' dir='ltr'><strong><em>apostolica</em></strong></span> <span class='ocrx_word' id='word_1_22' title='bbox 1441 553 1753 608; x_wconf 79' lang='lat' dir='ltr'><strong><em>auctoritate</em></strong></span> <span class='ocrx_word' id='word_1_23' title='bbox 1799 567 1834 606; x_wconf 88' lang='lat' dir='ltr'><strong><em>a</em></strong></span> <span class='ocrx_word' id='word_1_24' title='bbox 1917 557 2138 609; x_wconf 80' lang='lat' dir='ltr'><strong><em>Romam</em></strong></span> <span class='ocrx_word' id='word_1_25' title='bbox 2171 553 2239 608; x_wconf 89' lang='lat' dir='ltr'><strong><em>ad</em></strong></span> <span class='ocrx_word' id='word_1_26' title='bbox 2268 566 2326 607; x_wconf 91' lang='lat' dir='ltr'><strong><em>sc</em></strong></span> <span class='ocrx_word' id='word_1_27' title='bbox 2357 564 2585 606; x_wconf 90' lang='lat' dir='ltr'><strong><em>securos</em></strong></span> <span class='ocrx_word' id='word_1_28' title='bbox 2614 549 2925 605; x_wconf 89' lang='lat' dir='ltr'><strong><em>cautissime</em></strong></span> <span class='ocrx_word' id='word_1_29' title='bbox 2957 548 3305 606; x_wconf 81' lang='lat' dir='ltr'><strong><em>reducerent.</em></strong></span> 
     </span>
    </p>
   </div>
   <div class='ocr_carea' id='block_1_4' title="bbox 217 639 3563 712">
    <p class='ocr_par' dir='ltr' id='par_1_4' title="bbox 217 639 3563 712">
     <span class='ocr_line' id='line_1_4' title="bbox 217 639 3563 712; baseline -0.001 -12"><span class='ocrx_word' id='word_1_30' title='bbox 217 643 538 700; x_wconf 83' lang='lat' dir='ltr'><strong><em>sacramentis</em></strong></span> <span class='ocrx_word' id='word_1_31' title='bbox 566 639 900 708; x_wconf 77' lang='lat' dir='ltr'><strong><em>absolvimus,</em></strong></span> <span class='ocrx_word' id='word_1_32' title='bbox 922 647 970 696; x_wconf 87' lang='lat' dir='ltr'><strong><em>et</em></strong></span> <span class='ocrx_word' id='word_1_33' title='bbox 999 656 1064 696; x_wconf 89' lang='lat' dir='ltr'><strong><em>ne</em></strong></span> <span class='ocrx_word' id='word_1_34' title='bbox 1089 642 1190 696; x_wconf 89' lang='lat' dir='ltr'><strong><em>sibi</em></strong></span> <span class='ocrx_word' id='word_1_35' title='bbox 1215 641 1514 712; x_wconf 79' lang='lat' dir='ltr'><strong><em>ﬁdelitatem</em></strong></span> <span class='ocrx_word' id='word_1_36' title='bbox 1543 640 1832 704; x_wconf 82' lang='lat' dir='ltr'><strong><em>observent,</em></strong></span> <span class='ocrx_word' id='word_1_37' title='bbox 1989 643 2300 697; x_wconf 88' lang='lat' dir='ltr'><strong><em>Patriarcha</em></strong></span> <span class='ocrx_word' id='word_1_38' title='bbox 2372 648 2574 706; x_wconf 89' lang='lat' dir='ltr'><strong><em>autem,</em></strong></span> <span class='ocrx_word' id='word_1_39' title='bbox 2635 639 2729 708; x_wconf 89' lang='lat' dir='ltr'><strong><em>qui</em></strong></span> <span class='ocrx_word' id='word_1_40' title='bbox 2789 652 2931 694; x_wconf 91' lang='lat' dir='ltr'><strong><em>unus</em></strong></span> <span class='ocrx_word' id='word_1_41' title='bbox 2995 654 3063 694; x_wconf 88' lang='lat' dir='ltr'><strong><em>ex</em></strong></span> <span class='ocrx_word' id='word_1_42' title='bbox 3136 639 3344 704; x_wconf 88' lang='lat' dir='ltr'><strong><em>intimis</em></strong></span> <span class='ocrx_word' id='word_1_43' title='bbox 3416 643 3563 712; x_wconf 90' lang='lat' dir='ltr'><strong><em>regis</em></strong></span> 
     </span>
    </p>
   </div>
   <div class='ocr_carea' id='block_1_5' title="bbox 214 728 3560 801">
    <p class='ocr_par' dir='ltr' id='par_1_5' title="bbox 214 728 3560 801">
     <span class='ocr_line' id='line_1_5' title="bbox 214 728 3560 801; baseline -0.001 -11"><span class='ocrx_word' id='word_1_44' title='bbox 214 731 426 789; x_wconf 70' lang='lat' dir='ltr'><strong><em>cautibus</em></strong></span> <span class='ocrx_word' id='word_1_45' title='bbox 455 730 622 785; x_wconf 87' lang='lat' dir='ltr'><strong><em>modis</em></strong></span> <span class='ocrx_word' id='word_1_46' title='bbox 641 731 990 801; x_wconf 82' lang='lat' dir='ltr'><strong><em>prohibemus.</em></strong></span> <span class='ocrx_word' id='word_1_47' title='bbox 1917 733 2159 787; x_wconf 86' lang='lat' dir='ltr'><strong><em>Heinrici</em></strong></span> <span class='ocrx_word' id='word_1_48' title='bbox 2207 730 2404 796; x_wconf 77' lang='lat' dir='ltr'><strong><em>fuerat,</em></strong></span> <span class='ocrx_word' id='word_1_49' title='bbox 2439 743 2548 785; x_wconf 91' lang='lat' dir='ltr'><strong><em>non</em></strong></span> <span class='ocrx_word' id='word_1_50' title='bbox 2579 729 2784 798; x_wconf 90' lang='lat' dir='ltr'><strong><em>optima</em></strong></span> <span class='ocrx_word' id='word_1_51' title='bbox 2830 728 2935 783; x_wconf 82' lang='lat' dir='ltr'><strong><em>fide</em></strong></span> <span class='ocrx_word' id='word_1_52' title='bbox 2967 736 3021 784; x_wconf 92' lang='lat' dir='ltr'><strong><em>et</em></strong></span> <span class='ocrx_word' id='word_1_53' title='bbox 3051 729 3234 784; x_wconf 90' lang='lat' dir='ltr'><strong><em>studio</em></strong></span> <span class='ocrx_word' id='word_1_54' title='bbox 3265 729 3560 799; x_wconf 82' lang='lat' dir='ltr'><strong><em>inpositam</em></strong></span> 
     </span>
    </p>
   </div>
   <div class='ocr_carea' id='block_1_6' title="bbox 277 817 3559 890">
    <p class='ocr_par' dir='ltr' id='par_1_6' title="bbox 277 817 3559 890">
     <span class='ocr_line' id='line_1_6' title="bbox 277 817 3559 890; baseline -0 -15"><span class='ocrx_word' id='word_1_55' title='bbox 277 825 398 876; x_wconf 87' lang='lat' dir='ltr'><strong><em>Item</em></strong></span> <span class='ocrx_word' id='word_1_56' title='bbox 426 817 509 874; x_wconf 74' lang='lat'><strong><em>&quot;&#39;.</em></strong></span> <span class='ocrx_word' id='word_1_57' title='bbox 543 821 612 874; x_wconf 82' lang='lat' dir='ltr'><strong><em>Et</em></strong></span> <span class='ocrx_word' id='word_1_58' title='bbox 642 820 885 889; x_wconf 85' lang='lat' dir='ltr'><strong><em>quoniam</em></strong></span> <span class='ocrx_word' id='word_1_59' title='bbox 921 819 1107 874; x_wconf 88' lang='lat' dir='ltr'><strong><em>multos</em></strong></span> <span class='ocrx_word' id='word_1_60' title='bbox 1131 825 1359 890; x_wconf 78' lang='lat' dir='ltr'><strong><em>peccatis</em></strong></span> <span class='ocrx_word' id='word_1_61' title='bbox 1388 819 1579 874; x_wconf 77' lang='lat' dir='ltr'><strong><em>nostris</em></strong></span> <span class='ocrx_word' id='word_1_62' title='bbox 1615 819 1836 886; x_wconf 74' lang='lat' dir='ltr'><strong><em>exigen-</em></strong></span> <span class='ocrx_word' id='word_1_63' title='bbox 1916 821 2023 876; x_wconf 91' lang='lat' dir='ltr'><strong><em>sibi</em></strong></span> <span class='ocrx_word' id='word_1_64' title='bbox 2054 820 2379 889; x_wconf 81' lang='lat' dir='ltr'><strong><em>legationem</em></strong></span> <span class='ocrx_word' id='word_1_65' title='bbox 2427 819 2744 884; x_wconf 87' lang='lat' dir='ltr'><strong><em>observans,</em></strong></span> <span class='ocrx_word' id='word_1_66' title='bbox 2794 819 3041 873; x_wconf 89' lang='lat' dir='ltr'><strong><em>nuntium</em></strong></span> <span class='ocrx_word' id='word_1_67' title='bbox 3090 819 3432 884; x_wconf 88' lang='lat' dir='ltr'><strong><em>secretalem,</em></strong></span> <span class='ocrx_word' id='word_1_68' title='bbox 3465 819 3559 888; x_wconf 89' lang='lat' dir='ltr'><strong><em>qui</em></strong></span> 
     </span>
    </p>
   </div>
   <div class='ocr_carea' id='block_1_7' title="bbox 212 907 3557 979">
    <p class='ocr_par' dir='ltr' id='par_1_7' title="bbox 212 907 3557 979">
     <span class='ocr_line' id='line_1_7' title="bbox 212 907 3557 979; baseline -0.001 -14"><span class='ocrx_word' id='word_1_69' title='bbox 212 909 334 965; x_wconf 78' lang='lat' dir='ltr'><strong><em>tibus</em></strong></span> <span class='ocrx_word' id='word_1_70' title='bbox 383 922 481 979; x_wconf 86' lang='lat' dir='ltr'><strong><em>per</em></strong></span> <span class='ocrx_word' id='word_1_71' title='bbox 534 923 747 963; x_wconf 83' lang='lat' dir='ltr'><strong><em>causam</em></strong></span> <span class='ocrx_word' id='word_1_72' title='bbox 802 909 1349 964; x_wconf 70' lang='lat' dir='ltr'><strong><em>excommunicationis</em></strong></span> <span class='ocrx_word' id='word_1_73' title='bbox 1403 909 1574 978; x_wconf 85' lang='lat' dir='ltr'><strong><em>perire</em></strong></span> <span class='ocrx_word' id='word_1_74' title='bbox 1628 907 1838 962; x_wconf 82' lang='lat' dir='ltr'><strong><em>cottidie</em></strong></span> <span class='ocrx_word' id='word_1_75' title='bbox 1917 909 2252 964; x_wconf 82' lang='lat' dir='ltr'><strong><em>voluntatem</em></strong></span> <span class='ocrx_word' id='word_1_76' title='bbox 2310 907 2458 962; x_wconf 83' lang='lat' dir='ltr'><strong><em>illius</em></strong></span> <span class='ocrx_word' id='word_1_77' title='bbox 2513 914 2568 962; x_wconf 92' lang='lat' dir='ltr'><strong><em>et</em></strong></span> <span class='ocrx_word' id='word_1_78' title='bbox 2624 907 3012 962; x_wconf 72' lang='lat' dir='ltr'><strong><em>oboedientiam</em></strong></span> <span class='ocrx_word' id='word_1_79' title='bbox 3070 907 3400 976; x_wconf 86' lang='lat' dir='ltr'><strong><em>exploraret,</em></strong></span> <span class='ocrx_word' id='word_1_80' title='bbox 3441 907 3557 978; x_wconf 87' lang='lat' dir='ltr'><strong><em>regi</em></strong></span> 
     </span>
    </p>
   </div>
   <div class='ocr_carea' id='block_1_8' title="bbox 210 996 3557 1067">
    <p class='ocr_par' dir='ltr' id='par_1_8' title="bbox 210 996 3557 1067">
     <span class='ocr_line' id='line_1_8' title="bbox 210 996 3557 1067; baseline -0.001 -13"><span class='ocrx_word' id='word_1_81' title='bbox 210 999 472 1061; x_wconf 79' lang='lat' dir='ltr'><strong><em>cemimus,</em></strong></span> <span class='ocrx_word' id='word_1_82' title='bbox 537 998 729 1067; x_wconf 85' lang='lat' dir='ltr'><strong><em>partim</em></strong></span> <span class='ocrx_word' id='word_1_83' title='bbox 810 998 1127 1065; x_wconf 86' lang='lat' dir='ltr'><strong><em>ignorantia,</em></strong></span> <span class='ocrx_word' id='word_1_84' title='bbox 1199 998 1392 1067; x_wconf 83' lang='lat' dir='ltr'><strong><em>partim</em></strong></span> <span class='ocrx_word' id='word_1_85' title='bbox 1457 998 1614 1051; x_wconf 86' lang='lat' dir='ltr'><strong><em>etiam</em></strong></span> <span class='ocrx_word' id='word_1_86' title='bbox 1677 996 1838 1050; x_wconf 87' lang='lat' dir='ltr'><strong><em>nimia</em></strong></span> <span class='ocrx_word' id='word_1_87' title='bbox 1919 997 2242 1053; x_wconf 87' lang='lat' dir='ltr'><strong><em>festinanter</em></strong></span> <span class='ocrx_word' id='word_1_88' title='bbox 2289 997 2642 1065; x_wconf 82' lang='lat' dir='ltr'><strong><em>Ratisponam</em></strong></span> <span class='ocrx_word' id='word_1_89' title='bbox 2693 1010 2792 1065; x_wconf 90' lang='lat' dir='ltr'><strong><em>pro</em></strong></span> <span class='ocrx_word' id='word_1_90' title='bbox 2831 1011 2890 1051; x_wconf 89' lang='lat' dir='ltr'><strong><em>se</em></strong></span> <span class='ocrx_word' id='word_1_91' title='bbox 2938 996 3156 1051; x_wconf 84' lang='lat' dir='ltr'><strong><em>direxit.</em></strong></span> <span class='ocrx_word' id='word_1_92' title='bbox 3208 999 3328 1065; x_wconf 88' lang='lat' dir='ltr'><strong><em>Ipse</em></strong></span> <span class='ocrx_word' id='word_1_93' title='bbox 3375 1003 3557 1052; x_wconf 87' lang='lat' dir='ltr'><strong><em>autem</em></strong></span> 
     </span>
    </p>
   </div>
   <div class='ocr_carea' id='block_1_9' title="bbox 204 1083 3558 1156">
    <p class='ocr_par' dir='ltr' id='par_1_9' title="bbox 204 1083 3558 1156">
     <span class='ocr_line' id='line_1_9' title="bbox 204 1083 3558 1156; baseline 0 -16"><span class='ocrx_word' id='word_1_94' title='bbox 204 1084 545 1155; x_wconf 65' lang='lat' dir='ltr'><strong><em>simplicitate,</em></strong></span> <span class='ocrx_word' id='word_1_95' title='bbox 597 1083 790 1153; x_wconf 85' lang='lat' dir='ltr'><strong><em>partim</em></strong></span> <span class='ocrx_word' id='word_1_96' title='bbox 840 1085 1045 1150; x_wconf 86' lang='lat' dir='ltr'><strong><em>timore,</em></strong></span> <span class='ocrx_word' id='word_1_97' title='bbox 1080 1084 1278 1154; x_wconf 85' lang='lat' dir='ltr'><strong><em>partim</em></strong></span> <span class='ocrx_word' id='word_1_98' title='bbox 1307 1083 1464 1138; x_wconf 89' lang='lat' dir='ltr'><strong><em>etiam</em></strong></span> <span class='ocrx_word' id='word_1_99' title='bbox 1491 1083 1834 1146; x_wconf 81' lang='lat' dir='ltr'><strong><em>necessitate;</em></strong></span> <span class='ocrx_word' id='word_1_100' title='bbox 1919 1086 2220 1156; x_wconf 86' lang='lat' dir='ltr'><strong><em>collegatos</em></strong></span> <span class='ocrx_word' id='word_1_101' title='bbox 2257 1098 2388 1140; x_wconf 89' lang='lat' dir='ltr'><strong><em>suos</em></strong></span> <span class='ocrx_word' id='word_1_102' title='bbox 2421 1084 2523 1138; x_wconf 88' lang='lat' dir='ltr'><strong><em>hac</em></strong></span> <span class='ocrx_word' id='word_1_103' title='bbox 2551 1084 2669 1138; x_wconf 82' lang='lat' dir='ltr'><strong><em>vice</em></strong></span> <span class='ocrx_word' id='word_1_104' title='bbox 2700 1085 3054 1148; x_wconf 83' lang='lat' dir='ltr'><strong><em>retardando,</em></strong></span> <span class='ocrx_word' id='word_1_105' title='bbox 3083 1085 3384 1153; x_wconf 82' lang='lat' dir='ltr'><strong><em>Aquileiam</em></strong></span> <span class='ocrx_word' id='word_1_106' title='bbox 3405 1099 3558 1141; x_wconf 90' lang='lat' dir='ltr'><strong><em>suam</em></strong></span> 
     </span>
    </p>
   </div>
   <div class='ocr_carea' id='block_1_10' title="bbox 206 1171 3558 1244">
    <p class='ocr_par' dir='ltr' id='par_1_10' title="bbox 206 1171 3558 1244">
     <span class='ocr_line' id='line_1_10' title="bbox 206 1171 3558 1244; baseline -0.004 -15"><span class='ocrx_word' id='word_1_107' title='bbox 206 1174 383 1229; x_wconf 78' lang='lat' dir='ltr'><strong><em>devicti</em></strong></span> <span class='ocrx_word' id='word_1_108' title='bbox 420 1172 806 1239; x_wconf 85' lang='lat' dir='ltr'><strong><em>misericordia,</em></strong></span> <span class='ocrx_word' id='word_1_109' title='bbox 855 1171 1202 1227; x_wconf 84' lang='lat' dir='ltr'><strong><em>anathematis</em></strong></span> <span class='ocrx_word' id='word_1_110' title='bbox 1252 1172 1560 1227; x_wconf 87' lang='lat' dir='ltr'><strong><em>sententiam</em></strong></span> <span class='ocrx_word' id='word_1_111' title='bbox 1613 1171 1682 1225; x_wconf 87' lang='lat' dir='ltr'><strong><em>ad</em></strong></span> <span class='ocrx_word' id='word_1_112' title='bbox 1715 1175 1838 1225; x_wconf 90' lang='lat' dir='ltr'><strong><em>tem-</em></strong></span> <span class='ocrx_word' id='word_1_113' title='bbox 1921 1178 2233 1241; x_wconf 77' lang='lat' dir='ltr'><strong><em>revertitur,</em></strong></span> <span class='ocrx_word' id='word_1_114' title='bbox 2294 1175 2398 1242; x_wconf 88' lang='lat' dir='ltr'><strong><em>ipsi</em></strong></span> <span class='ocrx_word' id='word_1_115' title='bbox 2447 1180 2627 1227; x_wconf 90' lang='lat' dir='ltr'><strong><em>autem</em></strong></span> <span class='ocrx_word' id='word_1_116' title='bbox 2667 1173 2993 1243; x_wconf 85' lang='lat' dir='ltr'><strong><em>Padaugiam</em></strong></span> <span class='ocrx_word' id='word_1_117' title='bbox 3028 1172 3093 1204; x_wconf 78' lang='grc'><strong><em>¹⁹³</em></strong></span> <span class='ocrx_word' id='word_1_118' title='bbox 3128 1173 3280 1244; x_wconf 82' lang='grc'>(199)</span> <span class='ocrx_word' id='word_1_119' title='bbox 3317 1175 3558 1230; x_wconf 74' lang='lat' dir='ltr'><strong><em>divorte-</em></strong></span> 
     </span>
    </p>
   </div>
   <div class='ocr_carea' id='block_1_11' title="bbox 197 1261 1782 1333">
    <p class='ocr_par' dir='ltr' id='par_1_11' title="bbox 197 1262 1782 1333">
     <span class='ocr_line' id='line_1_11' title="bbox 197 1262 1782 1333; baseline -0.003 -17"><span class='ocrx_word' id='word_1_120' title='bbox 197 1277 314 1333; x_wconf 86' lang='lat' dir='ltr'><strong><em>pus,</em></strong></span> <span class='ocrx_word' id='word_1_121' title='bbox 359 1266 519 1332; x_wconf 90' lang='lat' dir='ltr'><strong><em>prout</em></strong></span> <span class='ocrx_word' id='word_1_122' title='bbox 556 1275 850 1331; x_wconf 83' lang='lat' dir='ltr'><strong><em>possumus,</em></strong></span> <span class='ocrx_word' id='word_1_123' title='bbox 905 1267 1154 1330; x_wconf 74' lang='lat' dir='ltr'><strong><em>oportune</em></strong></span> <span class='ocrx_word' id='word_1_124' title='bbox 1200 1267 1560 1331; x_wconf 84' lang='lat' dir='ltr'><strong><em>temperamus.</em></strong></span> <span class='ocrx_word' id='word_1_125' title='bbox 1605 1262 1782 1330; x_wconf 59' lang='lat' dir='ltr'><strong><em>Aposti</em></strong></span> 
     </span>
    </p>
   </div>
   <div class='ocr_carea' id='block_1_12' title="bbox 1974 1261 3559 1333">
    <p class='ocr_par' dir='ltr' id='par_1_12' title="bbox 1974 1261 3559 1333">
     <span class='ocr_line' id='line_1_12' title="bbox 1974 1261 3559 1333; baseline -0.001 -13"><span class='ocrx_word' id='word_1_126' title='bbox 1974 1273 2069 1320; x_wconf 79' lang='lat' dir='ltr'><strong><em>int.</em></strong></span> <span class='ocrx_word' id='word_1_127' title='bbox 2101 1267 2216 1320; x_wconf 82' lang='lat' dir='ltr'><strong><em>Rex</em></strong></span> <span class='ocrx_word' id='word_1_128' title='bbox 2262 1269 2442 1318; x_wconf 91' lang='lat' dir='ltr'><strong><em>autem</em></strong></span> <span class='ocrx_word' id='word_1_129' title='bbox 2491 1261 2804 1330; x_wconf 90' lang='lat' dir='ltr'><strong><em>hujusmodi</em></strong></span> <span class='ocrx_word' id='word_1_130' title='bbox 2846 1261 3173 1332; x_wconf 83' lang='lat' dir='ltr'><strong><em>legationem</em></strong></span> <span class='ocrx_word' id='word_1_131' title='bbox 3217 1277 3246 1316; x_wconf 94' lang='lat' dir='ltr'><strong><em>a</em></strong></span> <span class='ocrx_word' id='word_1_132' title='bbox 3280 1277 3417 1333; x_wconf 88' lang='lat' dir='ltr'><strong><em>papa</em></strong></span> <span class='ocrx_word' id='word_1_133' title='bbox 3454 1265 3559 1320; x_wconf 88' lang='lat' dir='ltr'><strong><em>sibi</em></strong></span> 
     </span>
    </p>
   </div>
   <div class='ocr_carea' id='block_1_13' title="bbox 204 1346 3561 1419">
    <p class='ocr_par' dir='ltr' id='par_1_13' title="bbox 204 1346 3561 1419">
     <span class='ocr_line' id='line_1_13' title="bbox 204 1346 3561 1419; baseline -0.001 -15"><span class='ocrx_word' id='word_1_134' title='bbox 204 1351 299 1404; x_wconf 85' lang='lat' dir='ltr'><strong><em>lica</em></strong></span> <span class='ocrx_word' id='word_1_135' title='bbox 362 1350 542 1418; x_wconf 82' lang='lat' dir='ltr'><strong><em>itaque</em></strong></span> <span class='ocrx_word' id='word_1_136' title='bbox 597 1351 907 1403; x_wconf 84' lang='lat' dir='ltr'><strong><em>auctoritate</em></strong></span> <span class='ocrx_word' id='word_1_137' title='bbox 962 1347 1028 1403; x_wconf 85' lang='lat' dir='ltr'><strong><em>ab</em></strong></span> <span class='ocrx_word' id='word_1_138' title='bbox 1085 1349 1431 1404; x_wconf 88' lang='lat' dir='ltr'><strong><em>anathematis</em></strong></span> <span class='ocrx_word' id='word_1_139' title='bbox 1487 1346 1688 1402; x_wconf 84' lang='lat' dir='ltr'><strong><em>vinculo</em></strong></span> <span class='ocrx_word' id='word_1_140' title='bbox 1746 1346 1840 1401; x_wconf 88' lang='lat' dir='ltr'><strong><em>hos</em></strong></span> <span class='ocrx_word' id='word_1_141' title='bbox 1923 1355 2185 1409; x_wconf 78' lang='lat' dir='ltr'><strong><em>directam</em></strong></span> <span class='ocrx_word' id='word_1_142' title='bbox 2227 1351 2594 1419; x_wconf 86' lang='lat' dir='ltr'><strong><em>comperiens,</em></strong></span> <span class='ocrx_word' id='word_1_143' title='bbox 2653 1349 2815 1404; x_wconf 90' lang='lat' dir='ltr'><strong><em>solita</em></strong></span> <span class='ocrx_word' id='word_1_144' title='bbox 2875 1352 3218 1405; x_wconf 85' lang='lat' dir='ltr'><strong><em>contumacia</em></strong></span> <span class='ocrx_word' id='word_1_145' title='bbox 3275 1366 3391 1406; x_wconf 83' lang='lat' dir='ltr'><strong><em>eam</em></strong></span> <span class='ocrx_word' id='word_1_146' title='bbox 3450 1365 3561 1408; x_wconf 88' lang='lat' dir='ltr'><strong><em>non</em></strong></span> 
     </span>
    </p>
   </div>
   <div class='ocr_carea' id='block_1_14' title="bbox 199 1437 3564 1510">
    <p class='ocr_par' dir='ltr' id='par_1_14' title="bbox 199 1437 3564 1510">
     <span class='ocr_line' id='line_1_14' title="bbox 199 1437 3564 1510; baseline 0.001 -17"><span class='ocrx_word' id='word_1_147' title='bbox 199 1437 542 1494; x_wconf 82' lang='lat' dir='ltr'><strong><em>subtrahimus</em></strong></span> <span class='ocrx_word' id='word_1_148' title='bbox 607 1458 624 1491; x_wconf 90' lang='lat'><strong><em>:</em></strong></span> <span class='ocrx_word' id='word_1_149' title='bbox 690 1437 925 1493; x_wconf 82' lang='lat' dir='ltr'><strong><em>videlicet</em></strong></span> <span class='ocrx_word' id='word_1_150' title='bbox 1002 1439 1561 1493; x_wconf 70' lang='lat' dir='ltr'><strong><em>eacommunicatorum</em></strong></span> <span class='ocrx_word' id='word_1_151' title='bbox 1625 1451 1837 1502; x_wconf 70' lang='lat' dir='ltr'><strong><em>uxores,</em></strong></span> <span class='ocrx_word' id='word_1_152' title='bbox 1923 1442 2174 1505; x_wconf 81' lang='lat' dir='ltr'><strong><em>maxime,</em></strong></span> <span class='ocrx_word' id='word_1_153' title='bbox 2232 1446 2424 1509; x_wconf 84' lang='lat' dir='ltr'><strong><em>utpote</em></strong></span> <span class='ocrx_word' id='word_1_154' title='bbox 2480 1451 2590 1492; x_wconf 89' lang='lat' dir='ltr'><strong><em>non</em></strong></span> <span class='ocrx_word' id='word_1_155' title='bbox 2649 1438 3057 1505; x_wconf 84' lang='lat' dir='ltr'><strong><em>observaturus,</em></strong></span> <span class='ocrx_word' id='word_1_156' title='bbox 3117 1439 3398 1510; x_wconf 84' lang='lat' dir='ltr'><strong><em>diligebat.</em></strong></span> <span class='ocrx_word' id='word_1_157' title='bbox 3461 1443 3564 1496; x_wconf 88' lang='lat' dir='ltr'><strong><em>Ve-</em></strong></span> 
     </span>
    </p>
   </div>
   <div class='ocr_carea' id='block_1_15' title="bbox 199 1526 3563 1600">
    <p class='ocr_par' dir='ltr' id='par_1_15' title="bbox 199 1526 3563 1600">
     <span class='ocr_line' id='line_1_15' title="bbox 199 1526 3563 1600; baseline -0.002 -7"><span class='ocrx_word' id='word_1_158' title='bbox 199 1527 404 1593; x_wconf 71' lang='lat' dir='ltr'><strong><em>liberos,</em></strong></span> <span class='ocrx_word' id='word_1_159' title='bbox 445 1541 648 1593; x_wconf 60' lang='lat' dir='ltr'><strong><em>servos,</em></strong></span> <span class='ocrx_word' id='word_1_160' title='bbox 699 1526 943 1593; x_wconf 76' lang='lat' dir='ltr'><strong><em>ancillas,</em></strong></span> <span class='ocrx_word' id='word_1_161' title='bbox 990 1542 1083 1581; x_wconf 77' lang='lat' dir='ltr'><strong><em>seu</em></strong></span> <span class='ocrx_word' id='word_1_162' title='bbox 1120 1527 1402 1598; x_wconf 77' lang='lat' dir='ltr'><strong><em>mancipia.</em></strong></span> <span class='ocrx_word' id='word_1_163' title='bbox 1434 1541 1528 1581; x_wconf 77' lang='lat' dir='ltr'><strong><em>nec</em></strong></span> <span class='ocrx_word' id='word_1_164' title='bbox 1554 1541 1658 1580; x_wconf 81' lang='lat' dir='ltr'><strong><em>non</em></strong></span> <span class='ocrx_word' id='word_1_165' title='bbox 1684 1526 1842 1580; x_wconf 73' lang='grc' dir='ltr'><strong><em>ηιειὶ-</em></strong></span> <span class='ocrx_word' id='word_1_166' title='bbox 1924 1540 2225 1588; x_wconf 88' lang='lat' dir='ltr'><strong><em>rumtamen</em></strong></span> <span class='ocrx_word' id='word_1_167' title='bbox 2273 1529 2430 1600; x_wconf 90' lang='lat' dir='ltr'><strong><em>quasi</em></strong></span> <span class='ocrx_word' id='word_1_168' title='bbox 2476 1527 2770 1598; x_wconf 79' lang='lat' dir='ltr'><strong><em>legationis</em></strong></span> <span class='ocrx_word' id='word_1_169' title='bbox 2806 1528 3126 1596; x_wconf 77' lang='lat' dir='ltr'><strong><em>apostolicte</em></strong></span> <span class='ocrx_word' id='word_1_170' title='bbox 3155 1529 3382 1596; x_wconf 77' lang='lat' dir='ltr'><strong><em>inscius,</em></strong></span> <span class='ocrx_word' id='word_1_171' title='bbox 3417 1544 3563 1586; x_wconf 90' lang='lat' dir='ltr'><strong><em>nuu-</em></strong></span> 
     </span>
    </p>
   </div>
   <div class='ocr_carea' id='block_1_16' title="bbox 199 1614 3563 1688">
    <p class='ocr_par' dir='ltr' id='par_1_16' title="bbox 199 1614 3563 1688">
     <span class='ocr_line' id='line_1_16' title="bbox 199 1614 3563 1688; baseline 0.001 -14"><span class='ocrx_word' id='word_1_172' title='bbox 199 1632 281 1672; x_wconf 81' lang='lat' dir='ltr'><strong><em>cos</em></strong></span> <span class='ocrx_word' id='word_1_173' title='bbox 305 1622 356 1671; x_wconf 79' lang='lat' dir='ltr'><strong><em>et</em></strong></span> <span class='ocrx_word' id='word_1_174' title='bbox 385 1617 692 1683; x_wconf 76' lang='lat' dir='ltr'><strong><em>servientes,</em></strong></span> <span class='ocrx_word' id='word_1_175' title='bbox 725 1621 773 1670; x_wconf 86' lang='lat' dir='ltr'><strong><em>et</em></strong></span> <span class='ocrx_word' id='word_1_176' title='bbox 805 1631 978 1671; x_wconf 77' lang='lat' dir='ltr'><strong><em>omnes</em></strong></span> <span class='ocrx_word' id='word_1_177' title='bbox 1025 1615 1181 1682; x_wconf 80' lang='lat' dir='ltr'><strong><em>ali08,</em></strong></span> <span class='ocrx_word' id='word_1_178' title='bbox 1228 1616 1314 1687; x_wconf 76' lang='lat' dir='ltr'><strong><em>qui</em></strong></span> <span class='ocrx_word' id='word_1_179' title='bbox 1363 1631 1464 1670; x_wconf 79' lang='lat' dir='ltr'><strong><em>non</em></strong></span> <span class='ocrx_word' id='word_1_180' title='bbox 1492 1615 1625 1670; x_wconf 82' lang='lat' dir='ltr'><strong><em>adeo</em></strong></span> <span class='ocrx_word' id='word_1_181' title='bbox 1656 1615 1838 1670; x_wconf 80' lang='lat' dir='ltr'><strong><em>curia-</em></strong></span> <span class='ocrx_word' id='word_1_182' title='bbox 1924 1623 2059 1677; x_wconf 88' lang='lat' dir='ltr'><strong><em>tium</em></strong></span> <span class='ocrx_word' id='word_1_183' title='bbox 2087 1623 2312 1676; x_wconf 85' lang='lat' dir='ltr'><strong><em>Romam</em></strong></span> <span class='ocrx_word' id='word_1_184' title='bbox 2361 1631 2471 1674; x_wconf 90' lang='lat' dir='ltr'><strong><em>non</em></strong></span> <span class='ocrx_word' id='word_1_185' title='bbox 2522 1617 2755 1673; x_wconf 83' lang='lat' dir='ltr'><strong><em>modicis</em></strong></span> <span class='ocrx_word' id='word_1_186' title='bbox 2801 1614 3033 1672; x_wconf 83' lang='lat' dir='ltr'><strong><em>fallaciis</em></strong></span> <span class='ocrx_word' id='word_1_187' title='bbox 3075 1617 3328 1688; x_wconf 89' lang='lat' dir='ltr'><strong><em>dolisque</em></strong></span> <span class='ocrx_word' id='word_1_188' title='bbox 3358 1620 3563 1676; x_wconf 88' lang='lat' dir='ltr'><strong><em>instru-</em></strong></span> 
     </span>
    </p>
   </div>
   <div class='ocr_carea' id='block_1_17' title="bbox 196 1700 1781 1778">
    <p class='ocr_par' dir='ltr' id='par_1_17' title="bbox 196 1700 1781 1772">
     <span class='ocr_line' id='line_1_17' title="bbox 196 1700 1781 1772; baseline -0.001 -15"><span class='ocrx_word' id='word_1_189' title='bbox 196 1702 266 1757; x_wconf 83' lang='lat' dir='ltr'><strong><em>les</em></strong></span> <span class='ocrx_word' id='word_1_190' title='bbox 310 1701 374 1733; x_wconf 67' lang='grc'><strong><em>³⁸⁸</em></strong></span> <span class='ocrx_word' id='word_1_191' title='bbox 423 1707 566 1767; x_wconf 86' lang='lat' dir='ltr'><strong><em>sunt,</em></strong></span> <span class='ocrx_word' id='word_1_192' title='bbox 607 1707 662 1756; x_wconf 89' lang='lat' dir='ltr'><strong><em>ut</em></strong></span> <span class='ocrx_word' id='word_1_193' title='bbox 699 1716 877 1756; x_wconf 87' lang='lat' dir='ltr'><strong><em>eorum</em></strong></span> <span class='ocrx_word' id='word_1_194' title='bbox 931 1700 1147 1756; x_wconf 86' lang='lat' dir='ltr'><strong><em>consilio</em></strong></span> <span class='ocrx_word' id='word_1_195' title='bbox 1201 1700 1402 1756; x_wconf 87' lang='lat' dir='ltr'><strong><em>scelera</em></strong></span> <span class='ocrx_word' id='word_1_196' title='bbox 1454 1705 1781 1772; x_wconf 73' lang='lat' dir='ltr'><strong><em>perpetrentu</em></strong></span> 
     </span>
    </p>
   </div>
   <div class='ocr_carea' id='block_1_18' title="bbox 1980 1700 3565 1778">
    <p class='ocr_par' dir='ltr' id='par_1_18' title="bbox 1982 1705 3565 1778">
     <span class='ocr_line' id='line_1_18' title="bbox 1982 1705 3565 1778; baseline -0.003 -12"><span class='ocrx_word' id='word_1_197' title='bbox 1982 1723 2071 1766; x_wconf 90' lang='lat' dir='ltr'><strong><em>um</em></strong></span> <span class='ocrx_word' id='word_1_198' title='bbox 2126 1709 2585 1778; x_wconf 88' lang='lat' dir='ltr'><strong><em>Osniburgeusem</em></strong></span> <span class='ocrx_word' id='word_1_199' title='bbox 2643 1706 2961 1775; x_wconf 89' lang='lat' dir='ltr'><strong><em>episcopum</em></strong></span> <span class='ocrx_word' id='word_1_200' title='bbox 3017 1705 3087 1760; x_wconf 90' lang='lat' dir='ltr'><strong><em>ad</em></strong></span> <span class='ocrx_word' id='word_1_201' title='bbox 3143 1707 3429 1762; x_wconf 89' lang='lat' dir='ltr'><strong><em>condictas</em></strong></span> <span class='ocrx_word' id='word_1_202' title='bbox 3483 1709 3565 1763; x_wconf 90' lang='lat' dir='ltr'><strong><em>in-</em></strong></span> 
     </span>
    </p>
   </div>
   <div class='ocr_carea' id='block_1_19' title="bbox 199 1790 1784 1868">
    <p class='ocr_par' dir='ltr' id='par_1_19' title="bbox 199 1790 1784 1861">
     <span class='ocr_line' id='line_1_19' title="bbox 199 1790 1784 1861; baseline -0.001 -15"><span class='ocrx_word' id='word_1_203' title='bbox 199 1799 242 1846; x_wconf 88' lang='lat' dir='ltr'><strong><em>et</em></strong></span> <span class='ocrx_word' id='word_1_204' title='bbox 276 1790 395 1847; x_wconf 86' lang='lat' dir='ltr'><strong><em>illos</em></strong></span> <span class='ocrx_word' id='word_1_205' title='bbox 453 1791 544 1861; x_wconf 86' lang='lat' dir='ltr'><strong><em>qui</em></strong></span> <span class='ocrx_word' id='word_1_206' title='bbox 597 1790 901 1860; x_wconf 85' lang='lat' dir='ltr'><strong><em>ignorauter</em></strong></span> <span class='ocrx_word' id='word_1_207' title='bbox 955 1790 1410 1846; x_wconf 70' lang='lat' dir='ltr'><strong><em>excommunicatis</em></strong></span> <span class='ocrx_word' id='word_1_208' title='bbox 1442 1790 1784 1845; x_wconf 74' lang='lat' dir='ltr'><strong><em>communican</em></strong></span> 
     </span>
    </p>
   </div>
   <div class='ocr_carea' id='block_1_20' title="bbox 1980 1790 3565 1868">
    <p class='ocr_par' dir='ltr' id='par_1_20' title="bbox 1980 1794 3565 1868">
     <span class='ocr_line' id='line_1_20' title="bbox 1980 1794 3565 1868; baseline -0.003 -13"><span class='ocrx_word' id='word_1_209' title='bbox 1980 1799 2118 1855; x_wconf 79' lang='lat' dir='ltr'><strong><em>icias</em></strong></span> <span class='ocrx_word' id='word_1_210' title='bbox 2144 1797 2438 1868; x_wconf 78' lang='lat' dir='ltr'><strong><em>dirigebat,</em></strong></span> <span class='ocrx_word' id='word_1_211' title='bbox 2479 1796 2572 1864; x_wconf 91' lang='lat' dir='ltr'><strong><em>qui</em></strong></span> <span class='ocrx_word' id='word_1_212' title='bbox 2604 1794 2852 1863; x_wconf 90' lang='lat' dir='ltr'><strong><em>quolibet</em></strong></span> <span class='ocrx_word' id='word_1_213' title='bbox 2891 1796 3113 1865; x_wconf 86' lang='lat' dir='ltr'><strong><em>ingenio</em></strong></span> <span class='ocrx_word' id='word_1_214' title='bbox 3143 1802 3196 1850; x_wconf 90' lang='lat' dir='ltr'><strong><em>et</em></strong></span> <span class='ocrx_word' id='word_1_215' title='bbox 3228 1795 3565 1852; x_wconf 65' lang='lat' dir='ltr'><strong><em>oboedientia</em></strong></span> 
     </span>
    </p>
   </div>
   <div class='ocr_carea' id='block_1_21' title="bbox 193 1879 3568 1955">
    <p class='ocr_par' dir='ltr' id='par_1_21' title="bbox 193 1879 3568 1955">
     <span class='ocr_line' id='line_1_21' title="bbox 193 1879 3568 1955; baseline -0.003 -4"><span class='ocrx_word' id='word_1_216' title='bbox 193 1896 279 1936; x_wconf 71' lang='grc' dir='ltr'><strong><em>εθα</em></strong></span> <span class='ocrx_word' id='word_1_217' title='bbox 330 1879 459 1938; x_wconf 64' lang='grc' dir='ltr'><strong><em>ίαοθ</em></strong></span> <span class='ocrx_word' id='word_1_218' title='bbox 511 1881 600 1951; x_wconf 61' lang='lat' dir='ltr'><strong><em>qui</em></strong></span> <span class='ocrx_word' id='word_1_219' title='bbox 654 1883 1030 1936; x_wconf 71' lang='grc' dir='ltr'><strong><em>οοηιηηιηίοοηι</em></strong></span> <span class='ocrx_word' id='word_1_220' title='bbox 1067 1896 1181 1935; x_wconf 71' lang='lat' dir='ltr'><strong><em>cum</em></strong></span> <span class='ocrx_word' id='word_1_221' title='bbox 1226 1881 1302 1935; x_wconf 64' lang='lat' dir='ltr'><strong><em>eis</em></strong></span> <span class='ocrx_word' id='word_1_222' title='bbox 1347 1881 1435 1951; x_wconf 76' lang='grc' dir='ltr'><strong><em>(Ιαὶ</em></strong></span> <span class='ocrx_word' id='word_1_223' title='bbox 1470 1879 1845 1935; x_wconf 66' lang='lat' dir='ltr'><strong><em>communicant</em></strong></span> <span class='ocrx_word' id='word_1_224' title='bbox 1926 1889 2073 1944; x_wconf 90' lang='lat' dir='ltr'><strong><em>illius</em></strong></span> <span class='ocrx_word' id='word_1_225' title='bbox 2124 1887 2424 1943; x_wconf 88' lang='lat' dir='ltr'><strong><em>tantotiens</em></strong></span> <span class='ocrx_word' id='word_1_226' title='bbox 2471 1883 2606 1939; x_wconf 85' lang='lat' dir='ltr'><strong><em>falso</em></strong></span> <span class='ocrx_word' id='word_1_227' title='bbox 2664 1883 2934 1949; x_wconf 89' lang='lat' dir='ltr'><strong><em>simulata,</em></strong></span> <span class='ocrx_word' id='word_1_228' title='bbox 2985 1884 3087 1938; x_wconf 89' lang='lat' dir='ltr'><strong><em>hac</em></strong></span> <span class='ocrx_word' id='word_1_229' title='bbox 3136 1885 3296 1939; x_wconf 89' lang='lat' dir='ltr'><strong><em>etiam</em></strong></span> <span class='ocrx_word' id='word_1_230' title='bbox 3327 1887 3446 1941; x_wconf 88' lang='lat' dir='ltr'><strong><em>vice</em></strong></span> <span class='ocrx_word' id='word_1_231' title='bbox 3478 1900 3568 1955; x_wconf 89' lang='lat' dir='ltr'><strong><em>pa-</em></strong></span> 
     </span>
    </p>
   </div>
   <div class='ocr_carea' id='block_1_22' title="bbox 196 1968 1781 2049">
    <p class='ocr_par' dir='ltr' id='par_1_22' title="bbox 196 1968 1781 2039">
     <span class='ocr_line' id='line_1_22' title="bbox 196 1968 1781 2039; baseline -0.001 -16"><span class='ocrx_word' id='word_1_232' title='bbox 196 1969 679 2024; x_wconf 70' lang='lat' dir='ltr'><strong><em>excommanicatis.</em></strong></span> <span class='ocrx_word' id='word_1_233' title='bbox 713 1969 1030 2039; x_wconf 84' lang='lat' dir='ltr'><strong><em>Quicumque</em></strong></span> <span class='ocrx_word' id='word_1_234' title='bbox 1060 1973 1236 2024; x_wconf 84' lang='lat' dir='ltr'><strong><em>autem</em></strong></span> <span class='ocrx_word' id='word_1_235' title='bbox 1266 1973 1355 2024; x_wconf 87' lang='lat' dir='ltr'><strong><em>aut</em></strong></span> <span class='ocrx_word' id='word_1_236' title='bbox 1384 1973 1590 2034; x_wconf 85' lang='lat' dir='ltr'><strong><em>arator,</em></strong></span> <span class='ocrx_word' id='word_1_237' title='bbox 1619 1968 1729 2022; x_wconf 79' lang='lat' dir='ltr'><strong><em>siue</em></strong></span> <span class='ocrx_word' id='word_1_238' title='bbox 1755 1982 1781 2037; x_wconf 70' lang='grc' dir='ltr'><strong><em>μ</em></strong></span> 
     </span>
    </p>
   </div>
   <div class='ocr_carea' id='block_1_23' title="bbox 1981 1968 3566 2049">
    <p class='ocr_par' dir='ltr' id='par_1_23' title="bbox 1981 1972 3566 2041">
     <span class='ocr_line' id='line_1_23' title="bbox 1981 1972 3566 2041; baseline -0.001 -9"><span class='ocrx_word' id='word_1_239' title='bbox 1981 1992 2047 2032; x_wconf 80' lang='lat' dir='ltr'><strong><em>im</em></strong></span> <span class='ocrx_word' id='word_1_240' title='bbox 2096 1976 2405 2041; x_wconf 88' lang='lat' dir='ltr'><strong><em>deluderet,</em></strong></span> <span class='ocrx_word' id='word_1_241' title='bbox 2438 1982 2493 2029; x_wconf 91' lang='lat' dir='ltr'><strong><em>et</em></strong></span> <span class='ocrx_word' id='word_1_242' title='bbox 2533 1982 2590 2028; x_wconf 91' lang='lat' dir='ltr'><strong><em>ut</em></strong></span> <span class='ocrx_word' id='word_1_243' title='bbox 2640 1973 3003 2028; x_wconf 87' lang='lat' dir='ltr'><strong><em>anathematis</em></strong></span> <span class='ocrx_word' id='word_1_244' title='bbox 3048 1972 3197 2028; x_wconf 91' lang='lat' dir='ltr'><strong><em>illius</em></strong></span> <span class='ocrx_word' id='word_1_245' title='bbox 3241 1974 3566 2030; x_wconf 88' lang='lat' dir='ltr'><strong><em>sententiam</em></strong></span> 
     </span>
    </p>
   </div>
   <div class='ocr_carea' id='block_1_24' title="bbox 189 2055 1774 2136">
    <p class='ocr_par' dir='ltr' id='par_1_24' title="bbox 189 2055 1774 2127">
     <span class='ocr_line' id='line_1_24' title="bbox 189 2055 1774 2127; baseline -0.001 -15"><span class='ocrx_word' id='word_1_246' title='bbox 189 2059 461 2126; x_wconf 69' lang='lat' dir='ltr'><strong><em>regrinus,</em></strong></span> <span class='ocrx_word' id='word_1_247' title='bbox 485 2063 576 2114; x_wconf 89' lang='lat' dir='ltr'><strong><em>aut</em></strong></span> <span class='ocrx_word' id='word_1_248' title='bbox 595 2057 786 2127; x_wconf 78' lang='lat' dir='ltr'><strong><em>uiator,</em></strong></span> <span class='ocrx_word' id='word_1_249' title='bbox 811 2057 866 2112; x_wconf 90' lang='lat' dir='ltr'><strong><em>in</em></strong></span> <span class='ocrx_word' id='word_1_250' title='bbox 887 2063 1080 2113; x_wconf 87' lang='lat' dir='ltr'><strong><em>terram</em></strong></span> <span class='ocrx_word' id='word_1_251' title='bbox 1111 2057 1671 2112; x_wconf 72' lang='lat' dir='ltr'><strong><em>excommunicaton</em></strong></span> <span class='ocrx_word' id='word_1_252' title='bbox 1697 2055 1774 2110; x_wconf 70' lang='lat' dir='ltr'><strong><em>det</em></strong></span> 
     </span>
    </p>
   </div>
   <div class='ocr_carea' id='block_1_25' title="bbox 1983 2055 3568 2136">
    <p class='ocr_par' dir='ltr' id='par_1_25' title="bbox 2008 2061 3568 2136">
     <span class='ocr_line' id='line_1_25' title="bbox 2008 2061 3568 2136; baseline -0.001 -15"><span class='ocrx_word' id='word_1_253' title='bbox 2008 2065 2276 2136; x_wconf 81' lang='lat' dir='ltr'><strong><em>synodum</em></strong></span> <span class='ocrx_word' id='word_1_254' title='bbox 2301 2065 2410 2133; x_wconf 89' lang='lat' dir='ltr'><strong><em>jam</em></strong></span> <span class='ocrx_word' id='word_1_255' title='bbox 2442 2063 2497 2116; x_wconf 89' lang='lat' dir='ltr'><strong><em>in</em></strong></span> <span class='ocrx_word' id='word_1_256' title='bbox 2546 2061 2890 2131; x_wconf 83' lang='lat' dir='ltr'><strong><em>tyrannidem</em></strong></span> <span class='ocrx_word' id='word_1_257' title='bbox 2929 2061 3076 2131; x_wconf 86' lang='lat' dir='ltr'><strong><em>regis</em></strong></span> <span class='ocrx_word' id='word_1_258' title='bbox 3115 2063 3568 2131; x_wconf 86' lang='lat' dir='ltr'><strong><em>compescendam</em></strong></span> 
     </span>
    </p>
   </div>
   <div class='ocr_carea' id='block_1_26' title="bbox 187 2141 1772 2225">
    <p class='ocr_par' dir='ltr' id='par_1_26' title="bbox 187 2144 1746 2216">
     <span class='ocr_line' id='line_1_26' title="bbox 187 2144 1746 2216; baseline -0.001 -16"><span class='ocrx_word' id='word_1_259' title='bbox 187 2147 338 2213; x_wconf 73' lang='lat' dir='ltr'><strong><em>net-it,</em></strong></span> <span class='ocrx_word' id='word_1_260' title='bbox 373 2146 470 2201; x_wconf 84' lang='lat' dir='ltr'><strong><em>ubi</em></strong></span> <span class='ocrx_word' id='word_1_261' title='bbox 498 2161 601 2201; x_wconf 88' lang='lat' dir='ltr'><strong><em>non</em></strong></span> <span class='ocrx_word' id='word_1_262' title='bbox 622 2146 791 2216; x_wconf 81' lang='lat' dir='ltr'><strong><em>possit</em></strong></span> <span class='ocrx_word' id='word_1_263' title='bbox 819 2160 1005 2213; x_wconf 86' lang='lat' dir='ltr'><strong><em>emere,</em></strong></span> <span class='ocrx_word' id='word_1_264' title='bbox 1029 2144 1111 2200; x_wconf 80' lang='lat' dir='ltr'><strong><em>uel</em></strong></span> <span class='ocrx_word' id='word_1_265' title='bbox 1132 2160 1236 2200; x_wconf 89' lang='lat' dir='ltr'><strong><em>non</em></strong></span> <span class='ocrx_word' id='word_1_266' title='bbox 1252 2144 1405 2200; x_wconf 82' lang='lat' dir='ltr'><strong><em>habet</em></strong></span> <span class='ocrx_word' id='word_1_267' title='bbox 1434 2144 1570 2199; x_wconf 85' lang='lat' dir='ltr'><strong><em>unde</em></strong></span> <span class='ocrx_word' id='word_1_268' title='bbox 1587 2148 1746 2210; x_wconf 88' lang='lat' dir='ltr'><strong><em>emat,</em></strong></span> 
     </span>
    </p>
   </div>
   <div class='ocr_carea' id='block_1_27' title="bbox 1983 2141 3568 2225">
    <p class='ocr_par' dir='ltr' id='par_1_27' title="bbox 1983 2149 3568 2219">
     <span class='ocr_line' id='line_1_27' title="bbox 1983 2149 3568 2219; baseline 0.001 -13"><span class='ocrx_word' id='word_1_269' title='bbox 1983 2153 2242 2210; x_wconf 58' lang='lat' dir='ltr'><strong><em>iecialiter</em></strong></span> <span class='ocrx_word' id='word_1_270' title='bbox 2289 2151 2459 2206; x_wconf 90' lang='lat' dir='ltr'><strong><em>ferme</em></strong></span> <span class='ocrx_word' id='word_1_271' title='bbox 2517 2150 2844 2205; x_wconf 86' lang='lat' dir='ltr'><strong><em>destinatam</em></strong></span> <span class='ocrx_word' id='word_1_272' title='bbox 2899 2149 3229 2205; x_wconf 78' lang='lat' dir='ltr'><strong><em>artiﬁciosus</em></strong></span> <span class='ocrx_word' id='word_1_273' title='bbox 3277 2151 3568 2219; x_wconf 90' lang='lat' dir='ltr'><strong><em>plurimum</em></strong></span> 
     </span>
    </p>
   </div>
   <div class='ocr_carea' id='block_1_28' title="bbox 184 2232 3569 2313">
    <p class='ocr_par' dir='ltr' id='par_1_28' title="bbox 184 2232 3569 2313">
     <span class='ocr_line' id='line_1_28' title="bbox 184 2232 3569 2313; baseline -0.002 -25"><span class='ocrx_word' id='word_1_274' title='bbox 184 2235 654 2290; x_wconf 71' lang='lat' dir='ltr'><strong><em>ercunzmurdcatis</em></strong></span> <span class='ocrx_word' id='word_1_275' title='bbox 683 2235 888 2290; x_wconf 88' lang='lat' dir='ltr'><strong><em>emendi</em></strong></span> <span class='ocrx_word' id='word_1_276' title='bbox 915 2241 963 2290; x_wconf 90' lang='lat' dir='ltr'><strong><em>el</em></strong></span> <span class='ocrx_word' id='word_1_277' title='bbox 1001 2234 1292 2305; x_wconf 84' lang='lat' dir='ltr'><strong><em>accipiendi</em></strong></span> <span class='ocrx_word' id='word_1_278' title='bbox 1337 2233 1598 2288; x_wconf 87' lang='lat' dir='ltr'><strong><em>licentiam</em></strong></span> <span class='ocrx_word' id='word_1_279' title='bbox 1637 2232 1842 2288; x_wconf 86' lang='lat' dir='ltr'><strong><em>damus.</em></strong></span> <span class='ocrx_word' id='word_1_280' title='bbox 1926 2243 2400 2313; x_wconf 60' lang='lat' dir='ltr'><strong><em>qualitercumque</em></strong></span> <span class='ocrx_word' id='word_1_281' title='bbox 2440 2238 2754 2308; x_wconf 75' lang='lat' dir='ltr'><strong><em>impediret.</em></strong></span> <span class='ocrx_word' id='word_1_282' title='bbox 2806 2241 2926 2308; x_wconf 77' lang='lat' dir='ltr'><strong><em>Ipse</em></strong></span> <span class='ocrx_word' id='word_1_283' title='bbox 2957 2238 3194 2307; x_wconf 77' lang='lat' dir='ltr'><strong><em>denique</em></strong></span> <span class='ocrx_word' id='word_1_284' title='bbox 3228 2240 3427 2308; x_wconf 71' lang='lat' dir='ltr'><strong><em>pascha</em></strong></span> <span class='ocrx_word' id='word_1_285' title='bbox 3457 2243 3569 2295; x_wconf 72' lang='lat' dir='ltr'><strong><em>Ra-</em></strong></span> 
     </span>
    </p>
   </div>
   <div class='ocr_carea' id='block_1_29' title="bbox 181 2322 3572 2403">
    <p class='ocr_par' dir='ltr' id='par_1_29' title="bbox 181 2322 3572 2403">
     <span class='ocr_line' id='line_1_29' title="bbox 181 2322 3572 2403; baseline -0.002 -25"><span class='ocrx_word' id='word_1_286' title='bbox 181 2324 247 2378; x_wconf 82' lang='lat' dir='ltr'><strong><em>Et</em></strong></span> <span class='ocrx_word' id='word_1_287' title='bbox 274 2323 325 2378; x_wconf 88' lang='lat' dir='ltr'><strong><em>si</em></strong></span> <span class='ocrx_word' id='word_1_288' title='bbox 355 2324 483 2393; x_wconf 84' lang='lat' dir='ltr'><strong><em>quis</em></strong></span> <span class='ocrx_word' id='word_1_289' title='bbox 521 2323 719 2392; x_wconf 89' lang='lat' dir='ltr'><strong><em>aliquid</em></strong></span> <span class='ocrx_word' id='word_1_290' title='bbox 749 2323 1208 2378; x_wconf 72' lang='lat' dir='ltr'><strong><em>excommunicalis</em></strong></span> <span class='ocrx_word' id='word_1_291' title='bbox 1226 2338 1328 2377; x_wconf 86' lang='lat' dir='ltr'><strong><em>non</em></strong></span> <span class='ocrx_word' id='word_1_292' title='bbox 1340 2337 1439 2393; x_wconf 89' lang='lat' dir='ltr'><strong><em>pro</em></strong></span> <span class='ocrx_word' id='word_1_293' title='bbox 1469 2322 1845 2376; x_wconf 60' lang='lat' dir='ltr'><strong><em>sustentatioae</em></strong></span> <span class='ocrx_word' id='word_1_294' title='bbox 1925 2335 2159 2403; x_wconf 57' lang='lat' dir='ltr'><strong><em>iispoua;</em></strong></span> <span class='ocrx_word' id='word_1_295' title='bbox 2189 2328 2707 2400; x_wconf 77' lang='lat' dir='ltr'><strong><em>quomodocumque</em></strong></span> <span class='ocrx_word' id='word_1_296' title='bbox 2759 2329 2889 2396; x_wconf 70' lang='lat' dir='ltr'><strong><em>egit,</em></strong></span> <span class='ocrx_word' id='word_1_297' title='bbox 2941 2327 3198 2382; x_wconf 63' lang='lat' dir='ltr'><strong><em>ducatum</em></strong></span> <span class='ocrx_word' id='word_1_298' title='bbox 3238 2327 3572 2384; x_wconf 61' lang='lat' dir='ltr'><strong><em>Alemauuiug</em></strong></span> 
     </span>
    </p>
   </div>
   <div class='ocr_carea' id='block_1_30' title="bbox 175 2409 1760 2482">
    <p class='ocr_par' dir='ltr' id='par_1_30' title="bbox 175 2409 1760 2482">
     <span class='ocr_line' id='line_1_30' title="bbox 175 2409 1760 2482; baseline -0.003 -16"><span class='ocrx_word' id='word_1_299' title='bbox 175 2410 474 2482; x_wconf 74' lang='lat' dir='ltr'><strong><em>superbiae,</em></strong></span> <span class='ocrx_word' id='word_1_300' title='bbox 503 2415 581 2465; x_wconf 88' lang='lat' dir='ltr'><strong><em>set</em></strong></span> <span class='ocrx_word' id='word_1_301' title='bbox 603 2411 944 2465; x_wconf 81' lang='lat' dir='ltr'><strong><em>humanitatis</em></strong></span> <span class='ocrx_word' id='word_1_302' title='bbox 973 2426 1134 2466; x_wconf 85' lang='lat' dir='ltr'><strong><em>causa</em></strong></span> <span class='ocrx_word' id='word_1_303' title='bbox 1165 2411 1294 2465; x_wconf 86' lang='lat' dir='ltr'><strong><em>dare</em></strong></span> <span class='ocrx_word' id='word_1_304' title='bbox 1325 2410 1565 2476; x_wconf 84' lang='lat' dir='ltr'><strong><em>voluerit,</em></strong></span> <span class='ocrx_word' id='word_1_305' title='bbox 1595 2409 1709 2479; x_wconf 79' lang='lat' dir='ltr'><strong><em>ﬁeri</em></strong></span> <span class='ocrx_word' id='word_1_306' title='bbox 1737 2426 1760 2462; x_wconf 61' lang='lat'><strong><em>2;</em></strong></span> 
     </span>
    </p>
   </div>
   <div class='ocr_carea' id='block_1_31' title="bbox 1989 2409 3574 2482">
    <p class='ocr_par' dir='ltr' id='par_1_31' title="bbox 2038 2416 3574 2477">
     <span class='ocr_line' id='line_1_31' title="bbox 2038 2416 3574 2477; baseline -0.003 0"><span class='ocrx_word' id='word_1_307' title='bbox 2038 2422 2246 2477; x_wconf 91' lang='lat' dir='ltr'><strong><em>erroris</em></strong></span> <span class='ocrx_word' id='word_1_308' title='bbox 2307 2420 2705 2474; x_wconf 85' lang='lat' dir='ltr'><strong><em>irritamentum</em></strong></span> <span class='ocrx_word' id='word_1_309' title='bbox 2782 2417 2970 2471; x_wconf 90' lang='lat' dir='ltr'><strong><em>comiti</em></strong></span> <span class='ocrx_word' id='word_1_310' title='bbox 3028 2416 3309 2472; x_wconf 84' lang='lat' dir='ltr'><strong><em>Friderico</em></strong></span> <span class='ocrx_word' id='word_1_311' title='bbox 3369 2417 3574 2472; x_wconf 89' lang='lat' dir='ltr'><strong><em>ibidem</em></strong></span> 
     </span>
    </p>
   </div>
   <div class='ocr_carea' id='block_1_32' title="bbox 168 2497 3576 2578">
    <p class='ocr_par' dir='ltr' id='par_1_32' title="bbox 168 2497 3576 2578">
     <span class='ocr_line' id='line_1_32' title="bbox 168 2497 3576 2578; baseline -0.001 -23"><span class='ocrx_word' id='word_1_312' title='bbox 168 2499 548 2569; x_wconf 75' lang='lat' dir='ltr'><strong><em>prohibemus.</em></strong></span> <span class='ocrx_word' id='word_1_313' title='bbox 587 2500 773 2554; x_wconf 84' lang='lat' dir='ltr'><strong><em>Actum</em></strong></span> <span class='ocrx_word' id='word_1_314' title='bbox 792 2498 850 2552; x_wconf 85' lang='lat' dir='ltr'><strong><em>in</em></strong></span> <span class='ocrx_word' id='word_1_315' title='bbox 870 2497 1088 2553; x_wconf 88' lang='lat' dir='ltr'><strong><em>ecclesia</em></strong></span> <span class='ocrx_word' id='word_1_316' title='bbox 1108 2500 1317 2553; x_wconf 85' lang='lat' dir='ltr'><strong><em>Domini</em></strong></span> <span class='ocrx_word' id='word_1_317' title='bbox 1341 2497 1642 2554; x_wconf 82' lang='lat' dir='ltr'><strong><em>Saluatoris</em></strong></span> <span class='ocrx_word' id='word_1_318' title='bbox 1665 2497 1700 2550; x_wconf 79' lang='grc'>5</span> <span class='ocrx_word' id='word_1_319' title='bbox 1736 2499 1847 2553; x_wconf 88' lang='grc' dir='ltr'><strong><em>Νο-</em></strong></span> <span class='ocrx_word' id='word_1_320' title='bbox 1924 2509 2334 2573; x_wconf 64' lang='lat' dir='ltr'><strong><em>commendans,</em></strong></span> <span class='ocrx_word' id='word_1_321' title='bbox 2368 2516 2424 2563; x_wconf 77' lang='lat' dir='ltr'><strong><em>ei</em></strong></span> <span class='ocrx_word' id='word_1_322' title='bbox 2461 2508 2786 2578; x_wconf 74' lang='lat' dir='ltr'><strong><em>Augjensem</em></strong></span> <span class='ocrx_word' id='word_1_323' title='bbox 2817 2506 3111 2570; x_wconf 64' lang='lat' dir='ltr'><strong><em>abbaiiam,</em></strong></span> <span class='ocrx_word' id='word_1_324' title='bbox 3145 2505 3228 2574; x_wconf 65' lang='grc' dir='ltr'><strong><em>εθι,</em></strong></span> <span class='ocrx_word' id='word_1_325' title='bbox 3261 2520 3424 2576; x_wconf 79' lang='lat' dir='ltr'><strong><em>quam</em></strong></span> <span class='ocrx_word' id='word_1_326' title='bbox 3457 2507 3576 2578; x_wconf 78' lang='lat' dir='ltr'><strong><em>ipse</em></strong></span> 
     </span>
    </p>
   </div>
   <div class='ocr_carea' id='block_1_33' title="bbox 164 2584 1749 2669">
    <p class='ocr_par' dir='ltr' id='par_1_33' title="bbox 164 2584 1602 2644">
     <span class='ocr_line' id='line_1_33' title="bbox 164 2584 1602 2644; baseline -0.002 0"><span class='ocrx_word' id='word_1_327' title='bbox 164 2605 268 2644; x_wconf 80' lang='lat' dir='ltr'><strong><em>nas</em></strong></span> <span class='ocrx_word' id='word_1_328' title='bbox 299 2588 514 2644; x_wconf 73' lang='lat' dir='ltr'><strong><em>Martii</em></strong></span> <span class='ocrx_word' id='word_1_329' title='bbox 551 2601 686 2642; x_wconf 88' lang='lat' dir='ltr'><strong><em>anno</em></strong></span> <span class='ocrx_word' id='word_1_330' title='bbox 716 2588 999 2641; x_wconf 69' lang='lat' dir='ltr'><strong><em>Dominicis</em></strong></span> <span class='ocrx_word' id='word_1_331' title='bbox 1026 2587 1404 2642; x_wconf 85' lang='lat' dir='ltr'><strong><em>incarnationis</em></strong></span> <span class='ocrx_word' id='word_1_332' title='bbox 1446 2584 1602 2641; x_wconf 87' lang='lat'><strong><em>1079.</em></strong></span> 
     </span>
    </p>
   </div>
   <div class='ocr_carea' id='block_1_34' title="bbox 1990 2584 3575 2669">
    <p class='ocr_par' dir='ltr' id='par_1_34' title="bbox 1990 2595 3575 2668">
     <span class='ocr_line' id='line_1_34' title="bbox 1990 2595 3575 2668; baseline -0.001 -15"><span class='ocrx_word' id='word_1_333' title='bbox 1990 2614 2032 2653; x_wconf 91' lang='lat' dir='ltr'><strong><em>m</em></strong></span> <span class='ocrx_word' id='word_1_334' title='bbox 2064 2600 2150 2654; x_wconf 92' lang='lat' dir='ltr'><strong><em>bis</em></strong></span> <span class='ocrx_word' id='word_1_335' title='bbox 2202 2597 2514 2668; x_wconf 79' lang='lat' dir='ltr'><strong><em>symoniace</em></strong></span> <span class='ocrx_word' id='word_1_336' title='bbox 2559 2595 2854 2662; x_wconf 88' lang='lat' dir='ltr'><strong><em>venditam,</em></strong></span> <span class='ocrx_word' id='word_1_337' title='bbox 2905 2595 3108 2651; x_wconf 86' lang='lat' dir='ltr'><strong><em>dehinc</em></strong></span> <span class='ocrx_word' id='word_1_338' title='bbox 3161 2595 3493 2666; x_wconf 84' lang='lat' dir='ltr'><strong><em>Eggihardo,</em></strong></span> <span class='ocrx_word' id='word_1_339' title='bbox 3545 2610 3575 2651; x_wconf 92' lang='lat' dir='ltr'><strong><em>a</em></strong></span> 
     </span>
    </p>
   </div>
   <div class='ocr_carea' id='block_1_35' title="bbox 235 2673 3582 2754">
    <p class='ocr_par' dir='ltr' id='par_1_35' title="bbox 235 2673 3582 2754">
     <span class='ocr_line' id='line_1_35' title="bbox 235 2673 3582 2754; baseline -0.001 -9"><span class='ocrx_word' id='word_1_340' title='bbox 235 2677 518 2732; x_wconf 74' lang='grc' dir='ltr'><strong><em>Ποωηυε</em></strong></span> <span class='ocrx_word' id='word_1_341' title='bbox 575 2677 759 2745; x_wconf 56' lang='lat' dir='ltr'><strong><em>itaque</em></strong></span> <span class='ocrx_word' id='word_1_342' title='bbox 814 2675 1152 2744; x_wconf 58' lang='lat'><strong><em>3130510110115</em></strong></span> <span class='ocrx_word' id='word_1_343' title='bbox 1210 2689 1310 2744; x_wconf 78' lang='grc' dir='ltr'><strong><em>1)ΐο</em></strong></span> <span class='ocrx_word' id='word_1_344' title='bbox 1370 2688 1533 2730; x_wconf 69' lang='lat' dir='ltr'><strong><em>causa</em></strong></span> <span class='ocrx_word' id='word_1_345' title='bbox 1582 2673 1845 2744; x_wconf 66' lang='grc' dir='ltr'><strong><em>Ρΐίεάίοῐδ</em></strong></span> <span class='ocrx_word' id='word_1_346' title='bbox 1928 2687 2187 2742; x_wconf 77' lang='lat' dir='ltr'><strong><em>fratribus</em></strong></span> <span class='ocrx_word' id='word_1_347' title='bbox 2223 2687 2339 2741; x_wconf 90' lang='lat' dir='ltr'><strong><em>suis</em></strong></span> <span class='ocrx_word' id='word_1_348' title='bbox 2387 2685 2712 2754; x_wconf 81' lang='lat' dir='ltr'><strong><em>regulariter</em></strong></span> <span class='ocrx_word' id='word_1_349' title='bbox 2767 2685 2946 2741; x_wconf 90' lang='lat' dir='ltr'><strong><em>electo</em></strong></span> <span class='ocrx_word' id='word_1_350' title='bbox 2999 2693 3054 2740; x_wconf 91' lang='lat' dir='ltr'><strong><em>et</em></strong></span> <span class='ocrx_word' id='word_1_351' title='bbox 3099 2687 3254 2754; x_wconf 85' lang='lat' dir='ltr'><strong><em>juxta</em></strong></span> <span class='ocrx_word' id='word_1_352' title='bbox 3303 2685 3582 2754; x_wconf 76' lang='lat' dir='ltr'><strong><em>privilegii</em></strong></span> 
     </span>
    </p>
   </div>
   <div class='ocr_carea' id='block_1_36' title="bbox 169 2763 3575 2846">
    <p class='ocr_par' dir='ltr' id='par_1_36' title="bbox 169 2763 3575 2846">
     <span class='ocr_line' id='line_1_36' title="bbox 169 2763 3575 2846; baseline -0.002 -11"><span class='ocrx_word' id='word_1_353' title='bbox 169 2764 520 2821; x_wconf 71' lang='lat' dir='ltr'><strong><em>difﬁnienda</em></strong></span> <span class='ocrx_word' id='word_1_354' title='bbox 547 2764 817 2834; x_wconf 65' lang='grc' dir='ltr'><strong><em>εὶήοάυιη</em></strong></span> <span class='ocrx_word' id='word_1_355' title='bbox 865 2765 1047 2819; x_wconf 74' lang='grc' dir='ltr'><strong><em>ἀθηυο</em></strong></span> <span class='ocrx_word' id='word_1_356' title='bbox 1077 2764 1132 2818; x_wconf 73' lang='lat' dir='ltr'><strong>in</strong></span> <span class='ocrx_word' id='word_1_357' title='bbox 1163 2763 1467 2820; x_wconf 71' lang='lat' dir='ltr'><strong><em>edemada</em></strong></span> <span class='ocrx_word' id='word_1_358' title='bbox 1497 2768 1847 2832; x_wconf 73' lang='grc' dir='ltr'><strong><em>βθηῐθοοδῐθδ</em></strong></span> <span class='ocrx_word' id='word_1_359' title='bbox 1927 2777 2174 2846; x_wconf 87' lang='lat' dir='ltr'><strong><em>ejusdem</em></strong></span> <span class='ocrx_word' id='word_1_360' title='bbox 2223 2776 2328 2831; x_wconf 90' lang='lat' dir='ltr'><strong><em>loci</em></strong></span> <span class='ocrx_word' id='word_1_361' title='bbox 2380 2781 2642 2828; x_wconf 89' lang='lat' dir='ltr'><strong><em>statutum</em></strong></span> <span class='ocrx_word' id='word_1_362' title='bbox 2691 2788 2722 2828; x_wconf 90' lang='lat' dir='ltr'><strong><em>a</em></strong></span> <span class='ocrx_word' id='word_1_363' title='bbox 2754 2788 2892 2843; x_wconf 89' lang='lat' dir='ltr'><strong><em>papa</em></strong></span> <span class='ocrx_word' id='word_1_364' title='bbox 2938 2774 3204 2844; x_wconf 84' lang='lat' dir='ltr'><strong><em>legittime</em></strong></span> <span class='ocrx_word' id='word_1_365' title='bbox 3242 2775 3575 2842; x_wconf 90' lang='lat' dir='ltr'><strong><em>ordinando,</em></strong></span> 
     </span>
    </p>
   </div>
   <div class='ocr_carea' id='block_1_37' title="bbox 169 2851 3575 2934">
    <p class='ocr_par' dir='ltr' id='par_1_37' title="bbox 169 2851 3575 2934">
     <span class='ocr_line' id='line_1_37' title="bbox 169 2851 3575 2934; baseline -0.001 -24"><span class='ocrx_word' id='word_1_366' title='bbox 169 2855 289 2910; x_wconf 83' lang='lat' dir='ltr'><strong><em>ﬁeri</em></strong></span> <span class='ocrx_word' id='word_1_367' title='bbox 315 2853 669 2919; x_wconf 87' lang='lat' dir='ltr'><strong><em>destinavit;</em></strong></span> <span class='ocrx_word' id='word_1_368' title='bbox 712 2852 1002 2921; x_wconf 91' lang='lat' dir='ltr'><strong><em>missisque</em></strong></span> <span class='ocrx_word' id='word_1_369' title='bbox 1049 2852 1244 2922; x_wconf 89' lang='lat' dir='ltr'><strong><em>legatis</em></strong></span> <span class='ocrx_word' id='word_1_370' title='bbox 1289 2851 1358 2906; x_wconf 91' lang='lat' dir='ltr'><strong><em>ad</em></strong></span> <span class='ocrx_word' id='word_1_371' title='bbox 1408 2865 1590 2921; x_wconf 89' lang='lat' dir='ltr'><strong><em>regem</em></strong></span> <span class='ocrx_word' id='word_1_372' title='bbox 1632 2851 1846 2906; x_wconf 86' lang='lat' dir='ltr'><strong><em>lleinri-</em></strong></span> <span class='ocrx_word' id='word_1_373' title='bbox 1927 2865 2302 2929; x_wconf 67' lang='lat' dir='ltr'><strong><em>commuidii;</em></strong></span> <span class='ocrx_word' id='word_1_374' title='bbox 2353 2871 2409 2918; x_wconf 70' lang='lat' dir='ltr'><strong><em>ei</em></strong></span> <span class='ocrx_word' id='word_1_375' title='bbox 2457 2863 2583 2932; x_wconf 74' lang='lat' dir='ltr'><strong><em>quia</em></strong></span> <span class='ocrx_word' id='word_1_376' title='bbox 2633 2864 2835 2932; x_wconf 68' lang='lat' dir='ltr'><strong><em>iuiusio</em></strong></span> <span class='ocrx_word' id='word_1_377' title='bbox 2867 2862 2928 2894; x_wconf 66' lang='grc' dir='ltr'><strong>ὀδ</strong></span> <span class='ocrx_word' id='word_1_378' title='bbox 2961 2864 3102 2932; x_wconf 68' lang='lat' dir='ltr'><strong><em>parii</em></strong></span> <span class='ocrx_word' id='word_1_379' title='bbox 3142 2865 3266 2934; x_wconf 70' lang='lat' dir='ltr'><strong><em>eius</em></strong></span> <span class='ocrx_word' id='word_1_380' title='bbox 3301 2863 3459 2934; x_wconf 77' lang='lat'><strong><em>(-200)</em></strong></span> <span class='ocrx_word' id='word_1_381' title='bbox 3493 2862 3575 2919; x_wconf 75' lang='lat' dir='ltr'><strong><em>fa-</em></strong></span> 
     </span>
    </p>
   </div>
   <div class='ocr_carea' id='block_1_38' title="bbox 175 2940 1760 3022">
    <p class='ocr_par' dir='ltr' id='par_1_38' title="bbox 175 2940 1760 3013">
     <span class='ocr_line' id='line_1_38' title="bbox 175 2940 1760 3013; baseline -0.003 -15"><span class='ocrx_word' id='word_1_382' title='bbox 175 2958 298 2998; x_wconf 85' lang='lat' dir='ltr'><strong><em>cum</em></strong></span> <span class='ocrx_word' id='word_1_383' title='bbox 333 2941 664 3013; x_wconf 88' lang='lat' dir='ltr'><strong><em>patriarcha</em></strong></span> <span class='ocrx_word' id='word_1_384' title='bbox 699 2941 881 3012; x_wconf 90' lang='lat'>(198),</span> <span class='ocrx_word' id='word_1_385' title='bbox 912 2941 1207 2996; x_wconf 81' lang='lat' dir='ltr'><strong><em>Albanensi</em></strong></span> <span class='ocrx_word' id='word_1_386' title='bbox 1239 2940 1502 3009; x_wconf 91' lang='lat' dir='ltr'><strong><em>episcopo</em></strong></span> <span class='ocrx_word' id='word_1_387' title='bbox 1531 2941 1695 2995; x_wconf 91' lang='lat' dir='ltr'><strong><em>Petro</em></strong></span> <span class='ocrx_word' id='word_1_388' title='bbox 1727 2955 1760 2993; x_wconf 45' lang='grc' dir='ltr'><strong>νη</strong></span> 
     </span>
    </p>
   </div>
   <div class='ocr_carea' id='block_1_39' title="bbox 1988 2940 3573 3022">
    <p class='ocr_par' dir='ltr' id='par_1_39' title="bbox 1988 2950 3573 3022">
     <span class='ocr_line' id='line_1_39' title="bbox 1988 2950 3573 3022; baseline -0.001 -13"><span class='ocrx_word' id='word_1_389' title='bbox 1988 2969 2054 3009; x_wconf 74' lang='lat' dir='ltr'><strong><em>:re</em></strong></span> <span class='ocrx_word' id='word_1_390' title='bbox 2105 2966 2214 3008; x_wconf 92' lang='lat' dir='ltr'><strong><em>non</em></strong></span> <span class='ocrx_word' id='word_1_391' title='bbox 2265 2966 2430 3006; x_wconf 89' lang='lat' dir='ltr'><strong><em>ausus</em></strong></span> <span class='ocrx_word' id='word_1_392' title='bbox 2478 2960 2561 3006; x_wconf 91' lang='lat' dir='ltr'><strong><em>est</em></strong></span> <span class='ocrx_word' id='word_1_393' title='bbox 2609 2950 2791 3021; x_wconf 91' lang='lat'>(201),</span> <span class='ocrx_word' id='word_1_394' title='bbox 2843 2965 2990 3007; x_wconf 90' lang='lat' dir='ltr'><strong><em>nunc</em></strong></span> <span class='ocrx_word' id='word_1_395' title='bbox 3036 2952 3237 3021; x_wconf 88' lang='lat' dir='ltr'><strong><em>injuste</em></strong></span> <span class='ocrx_word' id='word_1_396' title='bbox 3278 2953 3573 3022; x_wconf 85' lang='lat' dir='ltr'><strong><em>reprobato</em></strong></span> 
     </span>
    </p>
   </div>
   <div class='ocr_carea' id='block_1_40' title="bbox 172 3029 3576 3112">
    <p class='ocr_par' dir='ltr' id='par_1_40' title="bbox 172 3029 3576 3112">
     <span class='ocr_line' id='line_1_40' title="bbox 172 3029 3576 3112; baseline -0.002 -25"><span class='ocrx_word' id='word_1_397' title='bbox 172 3033 471 3103; x_wconf 86' lang='lat' dir='ltr'><strong><em>religioso,</em></strong></span> <span class='ocrx_word' id='word_1_398' title='bbox 511 3037 565 3087; x_wconf 90' lang='lat' dir='ltr'><strong><em>et</em></strong></span> <span class='ocrx_word' id='word_1_399' title='bbox 591 3030 885 3087; x_wconf 88' lang='lat' dir='ltr'><strong><em>Oudalrico</em></strong></span> <span class='ocrx_word' id='word_1_400' title='bbox 933 3031 1191 3085; x_wconf 89' lang='lat' dir='ltr'><strong><em>Paduano</em></strong></span> <span class='ocrx_word' id='word_1_401' title='bbox 1239 3029 1522 3098; x_wconf 92' lang='lat' dir='ltr'><strong><em>episcopo,</em></strong></span> <span class='ocrx_word' id='word_1_402' title='bbox 1566 3043 1688 3082; x_wconf 89' lang='lat' dir='ltr'><strong><em>cum</em></strong></span> <span class='ocrx_word' id='word_1_403' title='bbox 1720 3029 1980 3112; x_wconf 60' lang='lat' dir='ltr'><strong><em>aliisnei</em></strong></span> <span class='ocrx_word' id='word_1_404' title='bbox 2033 3044 2086 3098; x_wconf 81' lang='lat' dir='ltr'><strong><em>iu</em></strong></span> <span class='ocrx_word' id='word_1_405' title='bbox 2149 3041 2412 3112; x_wconf 60' lang='lat' dir='ltr'><strong><em>pmdioia</em></strong></span> <span class='ocrx_word' id='word_1_406' title='bbox 2470 3042 2724 3109; x_wconf 72' lang='lat' dir='ltr'><strong><em>uapiiouo</em></strong></span> <span class='ocrx_word' id='word_1_407' title='bbox 2773 3040 3019 3106; x_wconf 55' lang='lat' dir='ltr'><strong><em>domum,</em></strong></span> <span class='ocrx_word' id='word_1_408' title='bbox 3069 3046 3356 3109; x_wconf 60' lang='lat' dir='ltr'><strong><em>tyranuum</em></strong></span> <span class='ocrx_word' id='word_1_409' title='bbox 3401 3055 3576 3110; x_wconf 64' lang='lat' dir='ltr'><strong><em>quon-</em></strong></span> 
     </span>
    </p>
   </div>
   <div class='ocr_carea' id='block_1_41' title="bbox 172 3089 3570 3201">
    <p class='ocr_par' dir='ltr' id='par_1_41' title="bbox 172 3089 3570 3201">
     <span class='ocr_line' id='line_1_41' title="bbox 172 3089 3570 3201; baseline -0.001 -25"><span class='ocrx_word' id='word_1_410' title='bbox 172 3089 614 3187; x_wconf 39' lang='lat' dir='ltr'><strong><em>suisvﬁdel’ibus,</em></strong></span> <span class='ocrx_word' id='word_1_411' title='bbox 647 3121 780 3190; x_wconf 91' lang='lat' dir='ltr'><strong><em>quid</em></strong></span> <span class='ocrx_word' id='word_1_412' title='bbox 810 3122 928 3191; x_wconf 86' lang='lat' dir='ltr'><strong><em>ipse</em></strong></span> <span class='ocrx_word' id='word_1_413' title='bbox 959 3122 1015 3174; x_wconf 88' lang='lat' dir='ltr'><strong><em>in</em></strong></span> <span class='ocrx_word' id='word_1_414' title='bbox 1044 3120 1257 3190; x_wconf 79' lang='lat' dir='ltr'><strong><em>synodo</em></strong></span> <span class='ocrx_word' id='word_1_415' title='bbox 1274 3089 1446 3188; x_wconf 75' lang='lat' dir='ltr'><strong><em>super</em></strong></span> <span class='ocrx_word' id='word_1_416' title='bbox 1465 3089 1531 3173; x_wconf 65' lang='lat' dir='ltr'><strong><em>eo</em></strong></span> <span class='ocrx_word' id='word_1_417' title='bbox 1552 3125 1838 3186; x_wconf 70' lang='lat' dir='ltr'><strong><em>statueret,</em></strong></span> <span class='ocrx_word' id='word_1_418' title='bbox 1859 3089 1902 3148; x_wconf 73' lang='lat' dir='ltr'><strong>G</strong></span> <span class='ocrx_word' id='word_1_419' title='bbox 1922 3089 2048 3187; x_wconf 63' lang='grc' dir='ltr'><strong><em>ᾆξηπξ</em></strong></span> <span class='ocrx_word' id='word_1_420' title='bbox 2058 3089 2647 3201; x_wconf 51' lang='grc' dir='ltr'><strong><em>”(ρὸὲῖέεζιίιᾎιί’ξ;ᾌὶίἷ</em></strong></span> <span class='ocrx_word' id='word_1_421' title='bbox 2659 3089 3040 3196; x_wconf 57' lang='grc' dir='ltr'><strong><em>’Ῑιθιῖεζξζίέιὶι</em></strong></span> <span class='ocrx_word' id='word_1_422' title='bbox 3071 3089 3570 3197; x_wconf 54' lang='grc' dir='ltr'><strong><em>ῌέέᾶἷχῖἧίαξῖιῖ.</em></strong></span> 
     </span>
    </p>
   </div>
   <div class='ocr_carea' id='block_1_42' title="bbox 173 3209 3571 3284">
    <p class='ocr_par' dir='ltr' id='par_1_42' title="bbox 173 3209 3571 3284">
     <span class='ocr_line' id='line_1_42' title="bbox 173 3209 3571 3284; baseline -0.002 -3"><span class='ocrx_word' id='word_1_423' title='bbox 173 3227 271 3281; x_wconf 63' lang='lat' dir='ltr'><strong><em>De?</em></strong></span> <span class='ocrx_word' id='word_1_424' title='bbox 317 3212 592 3269; x_wconf 66' lang='lat' dir='ltr'><strong><em>ordinem</em></strong></span> <span class='ocrx_word' id='word_1_425' title='bbox 621 3210 703 3265; x_wconf 72' lang='lat' dir='ltr'><strong><em>illi</em></strong></span> <span class='ocrx_word' id='word_1_426' title='bbox 751 3209 1115 3276; x_wconf 58' lang='lat' dir='ltr'><strong><em>demandavit,</em></strong></span> <span class='ocrx_word' id='word_1_427' title='bbox 1167 3214 1224 3264; x_wconf 72' lang='grc' dir='ltr'><strong><em>ει</em></strong></span> <span class='ocrx_word' id='word_1_428' title='bbox 1271 3214 1330 3264; x_wconf 75' lang='grc' dir='ltr'><strong><em>ιιι</em></strong></span> <span class='ocrx_word' id='word_1_429' title='bbox 1377 3214 1586 3263; x_wconf 56' lang='lat' dir='ltr'><strong><em>cerium</em></strong></span> <span class='ocrx_word' id='word_1_430' title='bbox 1627 3214 1842 3277; x_wconf 76' lang='grc' dir='ltr'><strong><em>ιεωριιδ</em></strong></span> <span class='ocrx_word' id='word_1_431' title='bbox 1922 3231 2170 3274; x_wconf 87' lang='lat' dir='ltr'><strong><em>vasorem</em></strong></span> <span class='ocrx_word' id='word_1_432' title='bbox 2225 3223 2281 3271; x_wconf 92' lang='lat' dir='ltr'><strong><em>et</em></strong></span> <span class='ocrx_word' id='word_1_433' title='bbox 2345 3215 2766 3281; x_wconf 88' lang='lat' dir='ltr'><strong><em>devastatorem,</em></strong></span> <span class='ocrx_word' id='word_1_434' title='bbox 2832 3216 3040 3284; x_wconf 89' lang='lat' dir='ltr'><strong><em>pariter</em></strong></span> <span class='ocrx_word' id='word_1_435' title='bbox 3093 3215 3208 3271; x_wconf 87' lang='lat' dir='ltr'><strong><em>illic</em></strong></span> <span class='ocrx_word' id='word_1_436' title='bbox 3259 3216 3324 3247; x_wconf 72' lang='grc' dir='ltr'><strong><em>’θ’</em></strong></span> <span class='ocrx_word' id='word_1_437' title='bbox 3378 3224 3571 3273; x_wconf 91' lang='lat' dir='ltr'><strong><em>contra</em></strong></span> 
     </span>
    </p>
   </div>
   <div class='ocr_carea' id='block_1_43' title="bbox 174 3296 3573 3375">
    <p class='ocr_par' dir='ltr' id='par_1_43' title="bbox 174 3296 3573 3375">
     <span class='ocr_line' id='line_1_43' title="bbox 174 3296 3573 3375; baseline -0.001 -20"><span class='ocrx_word' id='word_1_438' title='bbox 174 3308 227 3355; x_wconf 86' lang='lat' dir='ltr'><strong><em>et</em></strong></span> <span class='ocrx_word' id='word_1_439' title='bbox 255 3302 452 3358; x_wconf 90' lang='lat' dir='ltr'><strong><em>locum</em></strong></span> <span class='ocrx_word' id='word_1_440' title='bbox 506 3299 776 3369; x_wconf 91' lang='lat' dir='ltr'><strong><em>colloquii</em></strong></span> <span class='ocrx_word' id='word_1_441' title='bbox 823 3299 892 3354; x_wconf 87' lang='lat' dir='ltr'><strong><em>ad</em></strong></span> <span class='ocrx_word' id='word_1_442' title='bbox 916 3299 1201 3354; x_wconf 89' lang='lat' dir='ltr'><strong><em>arbitrium</em></strong></span> <span class='ocrx_word' id='word_1_443' title='bbox 1243 3311 1400 3352; x_wconf 92' lang='lat' dir='ltr'><strong><em>suum</em></strong></span> <span class='ocrx_word' id='word_1_444' title='bbox 1432 3303 1487 3352; x_wconf 89' lang='lat' dir='ltr'><strong><em>et</em></strong></span> <span class='ocrx_word' id='word_1_445' title='bbox 1519 3296 1688 3352; x_wconf 90' lang='lat' dir='ltr'><strong><em>otium</em></strong></span> <span class='ocrx_word' id='word_1_446' title='bbox 1717 3311 1841 3352; x_wconf 91' lang='lat' dir='ltr'><strong><em>cum</em></strong></span> <span class='ocrx_word' id='word_1_447' title='bbox 1923 3305 2004 3362; x_wconf 76' lang='lat' dir='ltr'><strong><em>fas</em></strong></span> <span class='ocrx_word' id='word_1_448' title='bbox 2043 3304 2369 3375; x_wconf 64' lang='lat' dir='ltr'><strong><em>prieﬂciens,</em></strong></span> <span class='ocrx_word' id='word_1_449' title='bbox 2424 3304 2481 3358; x_wconf 85' lang='lat' dir='ltr'><strong><em>in</em></strong></span> <span class='ocrx_word' id='word_1_450' title='bbox 2545 3302 2906 3359; x_wconf 82' lang='lat' dir='ltr'><strong><em>orientalibus</em></strong></span> <span class='ocrx_word' id='word_1_451' title='bbox 2967 3304 3212 3373; x_wconf 65' lang='lat' dir='ltr'><strong><em>Pagorim</em></strong></span> <span class='ocrx_word' id='word_1_452' title='bbox 3269 3311 3326 3358; x_wconf 81' lang='lat' dir='ltr'><strong><em>et</em></strong></span> <span class='ocrx_word' id='word_1_453' title='bbox 3379 3306 3573 3361; x_wconf 80' lang='lat' dir='ltr'><strong><em>Norici</em></strong></span> 
     </span>
    </p>
   </div>
   <div class='ocr_carea' id='block_1_44' title="bbox 169 3387 3572 3462">
    <p class='ocr_par' dir='ltr' id='par_1_44' title="bbox 169 3387 3572 3462">
     <span class='ocr_line' id='line_1_44' title="bbox 169 3387 3572 3462; baseline -0.005 -2"><span class='ocrx_word' id='word_1_454' title='bbox 169 3389 368 3460; x_wconf 63' lang='grc' dir='ltr'><strong><em>Ιεέςειὶε</em></strong></span> <span class='ocrx_word' id='word_1_455' title='bbox 403 3388 708 3460; x_wconf 57' lang='lat' dir='ltr'><strong><em>immicus</em></strong></span> <span class='ocrx_word' id='word_1_456' title='bbox 736 3389 792 3443; x_wconf 74' lang='grc' dir='ltr'><strong><em>ίιὶ</em></strong></span> <span class='ocrx_word' id='word_1_457' title='bbox 821 3389 972 3444; x_wconf 51' lang='lat' dir='ltr'><strong><em>me“</em></strong></span> <span class='ocrx_word' id='word_1_458' title='bbox 1021 3387 1432 3452; x_wconf 69' lang='grc' dir='ltr'><strong><em>αεῐθΐωίοπθῐ,</em></strong></span> <span class='ocrx_word' id='word_1_459' title='bbox 1464 3387 1568 3454; x_wconf 72' lang='lat' dir='ltr'><strong><em>iPSi</em></strong></span> <span class='ocrx_word' id='word_1_460' title='bbox 1597 3392 1840 3440; x_wconf 55' lang='lat' dir='ltr'><strong><em>tracti“!-</em></strong></span> <span class='ocrx_word' id='word_1_461' title='bbox 1925 3396 2080 3449; x_wconf 83' lang='lat' dir='ltr'><strong><em>sinus</em></strong></span> <span class='ocrx_word' id='word_1_462' title='bbox 2128 3394 2396 3462; x_wconf 89' lang='lat' dir='ltr'><strong><em>partibus,</em></strong></span> <span class='ocrx_word' id='word_1_463' title='bbox 2451 3392 2662 3448; x_wconf 89' lang='lat' dir='ltr'><strong><em>incolas</em></strong></span> <span class='ocrx_word' id='word_1_464' title='bbox 2707 3390 2836 3445; x_wconf 90' lang='lat' dir='ltr'><strong><em>illos</em></strong></span> <span class='ocrx_word' id='word_1_465' title='bbox 2887 3391 3221 3445; x_wconf 87' lang='lat' dir='ltr'><strong><em>devastando</em></strong></span> <span class='ocrx_word' id='word_1_466' title='bbox 3253 3397 3308 3444; x_wconf 92' lang='lat' dir='ltr'><strong><em>et</em></strong></span> <span class='ocrx_word' id='word_1_467' title='bbox 3346 3391 3572 3459; x_wconf 90' lang='lat' dir='ltr'><strong><em>Liupal-</em></strong></span> 
     </span>
    </p>
   </div>
   <div class='ocr_carea' id='block_1_45' title="bbox 169 3475 1754 3548">
    <p class='ocr_par' dir='ltr' id='par_1_45' title="bbox 169 3475 1754 3544">
     <span class='ocr_line' id='line_1_45' title="bbox 169 3475 1754 3544; baseline -0.003 -12"><span class='ocrx_word' id='word_1_468' title='bbox 169 3479 293 3534; x_wconf 92' lang='lat' dir='ltr'><strong><em>dum</em></strong></span> <span class='ocrx_word' id='word_1_469' title='bbox 326 3479 670 3544; x_wconf 87' lang='lat' dir='ltr'><strong><em>concessit;</em></strong></span> <span class='ocrx_word' id='word_1_470' title='bbox 726 3484 780 3533; x_wconf 92' lang='lat' dir='ltr'><strong><em>et</em></strong></span> <span class='ocrx_word' id='word_1_471' title='bbox 811 3483 871 3532; x_wconf 92' lang='lat' dir='ltr'><strong><em>ut</em></strong></span> <span class='ocrx_word' id='word_1_472' title='bbox 900 3477 1312 3538; x_wconf 74' lang='lat' dir='ltr'><strong><em>obmdientiam,</em></strong></span> <span class='ocrx_word' id='word_1_473' title='bbox 1362 3489 1523 3544; x_wconf 88' lang='lat' dir='ltr'><strong><em>quam</em></strong></span> <span class='ocrx_word' id='word_1_474' title='bbox 1555 3475 1606 3530; x_wconf 92' lang='lat' dir='ltr'><strong><em>ei</em></strong></span> <span class='ocrx_word' id='word_1_475' title='bbox 1637 3476 1754 3530; x_wconf 58' lang='lat' dir='ltr'><strong><em>muli</em></strong></span> 
     </span>
    </p>
   </div>
   <div class='ocr_carea' id='block_1_46' title="bbox 1988 3475 3573 3548">
    <p class='ocr_par' dir='ltr' id='par_1_46' title="bbox 1988 3477 3573 3548">
     <span class='ocr_line' id='line_1_46' title="bbox 1988 3477 3573 3548; baseline -0.003 -12"><span class='ocrx_word' id='word_1_476' title='bbox 1988 3497 2053 3537; x_wconf 82' lang='lat' dir='ltr'><strong><em>im</em></strong></span> <span class='ocrx_word' id='word_1_477' title='bbox 2085 3481 2457 3536; x_wconf 89' lang='lat' dir='ltr'><strong><em>marchionem</em></strong></span> <span class='ocrx_word' id='word_1_478' title='bbox 2505 3479 2572 3533; x_wconf 90' lang='lat' dir='ltr'><strong><em>ad</em></strong></span> <span class='ocrx_word' id='word_1_479' title='bbox 2623 3477 2961 3532; x_wconf 90' lang='lat' dir='ltr'><strong><em>deditionem</em></strong></span> <span class='ocrx_word' id='word_1_480' title='bbox 2989 3477 3097 3530; x_wconf 88' lang='lat' dir='ltr'><strong><em>sibi</em></strong></span> <span class='ocrx_word' id='word_1_481' title='bbox 3147 3491 3270 3532; x_wconf 92' lang='lat' dir='ltr'><strong><em>cum</em></strong></span> <span class='ocrx_word' id='word_1_482' title='bbox 3299 3477 3422 3532; x_wconf 89' lang='lat' dir='ltr'><strong><em>aliis</em></strong></span> <span class='ocrx_word' id='word_1_483' title='bbox 3450 3479 3573 3548; x_wconf 89' lang='lat' dir='ltr'><strong><em>qui-</em></strong></span> 
     </span>
    </p>
   </div>
   <div class='ocr_carea' id='block_1_47' title="bbox 165 3564 3572 3636">
    <p class='ocr_par' dir='ltr' id='par_1_47' title="bbox 165 3564 3572 3636">
     <span class='ocr_line' id='line_1_47' title="bbox 165 3564 3572 3636; baseline -0.001 -13"><span class='ocrx_word' id='word_1_484' title='bbox 165 3570 307 3625; x_wconf 89' lang='lat' dir='ltr'><strong><em>tiens</em></strong></span> <span class='ocrx_word' id='word_1_485' title='bbox 358 3572 615 3625; x_wconf 76' lang='lat' dir='ltr'><strong><em>Romam</em></strong></span> <span class='ocrx_word' id='word_1_486' title='bbox 658 3566 992 3636; x_wconf 89' lang='lat' dir='ltr'><strong><em>probandam</em></strong></span> <span class='ocrx_word' id='word_1_487' title='bbox 1047 3565 1230 3621; x_wconf 89' lang='lat' dir='ltr'><strong><em>verbis</em></strong></span> <span class='ocrx_word' id='word_1_488' title='bbox 1277 3565 1643 3632; x_wconf 90' lang='lat' dir='ltr'><strong><em>demandavit,</em></strong></span> <span class='ocrx_word' id='word_1_489' title='bbox 1695 3579 1842 3620; x_wconf 89' lang='lat' dir='ltr'><strong><em>nunc</em></strong></span> <span class='ocrx_word' id='word_1_490' title='bbox 1925 3569 2154 3625; x_wconf 90' lang='lat' dir='ltr'><strong><em>busdam</em></strong></span> <span class='ocrx_word' id='word_1_491' title='bbox 2213 3566 2537 3633; x_wconf 88' lang='lat' dir='ltr'><strong><em>coartando,</em></strong></span> <span class='ocrx_word' id='word_1_492' title='bbox 2604 3578 2781 3633; x_wconf 91' lang='lat' dir='ltr'><strong><em>usque</em></strong></span> <span class='ocrx_word' id='word_1_493' title='bbox 2855 3564 2912 3618; x_wconf 88' lang='lat' dir='ltr'><strong><em>in</em></strong></span> <span class='ocrx_word' id='word_1_494' title='bbox 2986 3571 3345 3633; x_wconf 89' lang='lat' dir='ltr'><strong><em>pentecosten</em></strong></span> <span class='ocrx_word' id='word_1_495' title='bbox 3401 3564 3572 3621; x_wconf 91' lang='lat' dir='ltr'><strong><em>ferme</em></strong></span> 
     </span>
    </p>
   </div>
   <div class='ocr_carea' id='block_1_48' title="bbox 170 3656 2427 3730">
    <p class='ocr_par' dir='ltr' id='par_1_48' title="bbox 170 3656 2427 3730">
     <span class='ocr_line' id='line_1_48' title="bbox 170 3656 2427 3730; baseline -0.002 -17"><span class='ocrx_word' id='word_1_496' title='bbox 170 3673 225 3714; x_wconf 82' lang='lat' dir='ltr'><strong><em>re</em></strong></span> <span class='ocrx_word' id='word_1_497' title='bbox 259 3661 386 3730; x_wconf 88' lang='lat' dir='ltr'><strong><em>ipsa</em></strong></span> <span class='ocrx_word' id='word_1_498' title='bbox 422 3672 621 3715; x_wconf 83' lang='lat' dir='ltr'><strong><em>veram</em></strong></span> <span class='ocrx_word' id='word_1_499' title='bbox 653 3659 1016 3727; x_wconf 88' lang='lat' dir='ltr'><strong><em>experiretur,</em></strong></span> <span class='ocrx_word' id='word_1_500' title='bbox 1067 3657 1135 3712; x_wconf 89' lang='lat' dir='ltr'><strong><em>ab</em></strong></span> <span class='ocrx_word' id='word_1_501' title='bbox 1175 3670 1241 3712; x_wconf 93' lang='lat' dir='ltr'><strong><em>eo</em></strong></span> <span class='ocrx_word' id='word_1_502' title='bbox 1283 3656 1554 3726; x_wconf 83' lang='lat' dir='ltr'><strong><em>exigebat.</em></strong></span> <span class='ocrx_word' id='word_1_503' title='bbox 1588 3658 1646 3710; x_wconf 87' lang='lat' dir='ltr'><strong><em>In</em></strong></span> <span class='ocrx_word' id='word_1_504' title='bbox 1675 3670 1843 3725; x_wconf 87' lang='lat' dir='ltr'><strong><em>argu-</em></strong></span> <span class='ocrx_word' id='word_1_505' title='bbox 1926 3663 2296 3714; x_wconf 87' lang='lat' dir='ltr'><strong><em>commoratus</em></strong></span> <span class='ocrx_word' id='word_1_506' title='bbox 2325 3662 2427 3710; x_wconf 91' lang='lat' dir='ltr'><strong><em>est.</em></strong></span> 
     </span>
    </p>
   </div>
   <div class='ocr_carea' id='block_1_49' title="bbox 171 3739 3575 3818">
    <p class='ocr_par' dir='ltr' id='par_1_49' title="bbox 171 3739 3575 3818">
     <span class='ocr_line' id='line_1_49' title="bbox 171 3739 3575 3818; baseline -0.001 -15"><span class='ocrx_word' id='word_1_507' title='bbox 171 3757 420 3805; x_wconf 88' lang='lat' dir='ltr'><strong><em>mentum</em></strong></span> <span class='ocrx_word' id='word_1_508' title='bbox 451 3761 691 3818; x_wconf 87' lang='lat' dir='ltr'><strong><em>quoque</em></strong></span> <span class='ocrx_word' id='word_1_509' title='bbox 711 3745 1065 3801; x_wconf 65' lang='lat' dir='ltr'><strong><em>oboedientia:</em></strong></span> <span class='ocrx_word' id='word_1_510' title='bbox 1087 3745 1387 3814; x_wconf 66' lang='lat' dir='ltr'><strong><em>probanda:</em></strong></span> <span class='ocrx_word' id='word_1_511' title='bbox 1417 3745 1522 3813; x_wconf 90' lang='lat' dir='ltr'><strong><em>ipsi</em></strong></span> <span class='ocrx_word' id='word_1_512' title='bbox 1556 3745 1840 3813; x_wconf 66' lang='lat' dir='ltr'><strong><em>praecepit,</em></strong></span> <span class='ocrx_word' id='word_1_513' title='bbox 1997 3748 2146 3802; x_wconf 82' lang='lat' dir='ltr'><strong><em>Uxor</em></strong></span> <span class='ocrx_word' id='word_1_514' title='bbox 2182 3758 2312 3799; x_wconf 89' lang='lat' dir='ltr'><strong><em>vero</em></strong></span> <span class='ocrx_word' id='word_1_515' title='bbox 2362 3742 2507 3812; x_wconf 86' lang='lat' dir='ltr'><strong><em>regis</em></strong></span> <span class='ocrx_word' id='word_1_516' title='bbox 2553 3739 2808 3798; x_wconf 83' lang='lat' dir='ltr'><strong><em>Roudolﬁ</em></strong></span> <span class='ocrx_word' id='word_1_517' title='bbox 2856 3740 3079 3796; x_wconf 91' lang='lat' dir='ltr'><strong><em>nomine</em></strong></span> <span class='ocrx_word' id='word_1_518' title='bbox 3132 3740 3406 3809; x_wconf 84' lang='lat' dir='ltr'><strong><em>Adelheit,</em></strong></span> <span class='ocrx_word' id='word_1_519' title='bbox 3466 3742 3575 3798; x_wconf 82' lang='lat' dir='ltr'><strong><em>tilia</em></strong></span> 
     </span>
    </p>
   </div>
   <div class='ocr_carea' id='block_1_50' title="bbox 171 3830 3571 3908">
    <p class='ocr_par' dir='ltr' id='par_1_50' title="bbox 171 3830 3571 3908">
     <span class='ocr_line' id='line_1_50' title="bbox 171 3830 3571 3908; baseline -0.001 -16"><span class='ocrx_word' id='word_1_520' title='bbox 171 3846 228 3893; x_wconf 94' lang='lat' dir='ltr'><strong><em>ut</em></strong></span> <span class='ocrx_word' id='word_1_521' title='bbox 255 3853 462 3908; x_wconf 89' lang='lat' dir='ltr'><strong><em>pacem</em></strong></span> <span class='ocrx_word' id='word_1_522' title='bbox 497 3849 632 3892; x_wconf 91' lang='lat' dir='ltr'><strong><em>cum</em></strong></span> <span class='ocrx_word' id='word_1_523' title='bbox 671 3835 926 3890; x_wconf 89' lang='lat' dir='ltr'><strong><em>omnibus</em></strong></span> <span class='ocrx_word' id='word_1_524' title='bbox 971 3835 1077 3889; x_wconf 89' lang='lat' dir='ltr'><strong><em>sibi</em></strong></span> <span class='ocrx_word' id='word_1_525' title='bbox 1125 3833 1544 3889; x_wconf 86' lang='lat' dir='ltr'><strong><em>adversantibus</em></strong></span> <span class='ocrx_word' id='word_1_526' title='bbox 1574 3848 1745 3903; x_wconf 81' lang='lat' dir='ltr'><strong><em>usque</em></strong></span> <span class='ocrx_word' id='word_1_527' title='bbox 1773 3833 1843 3888; x_wconf 90' lang='lat' dir='ltr'><strong><em>ad</em></strong></span> <span class='ocrx_word' id='word_1_528' title='bbox 1925 3835 2245 3892; x_wconf 68' lang='lat' dir='ltr'><strong><em>Adelheidaa</em></strong></span> <span class='ocrx_word' id='word_1_529' title='bbox 2284 3831 2720 3897; x_wconf 73' lang='lat' dir='ltr'><strong><em>marchionissae,</em></strong></span> <span class='ocrx_word' id='word_1_530' title='bbox 2752 3844 2913 3886; x_wconf 90' lang='lat' dir='ltr'><strong><em>soror</em></strong></span> <span class='ocrx_word' id='word_1_531' title='bbox 2940 3830 3155 3886; x_wconf 70' lang='lat' dir='ltr'><strong><em>Berthaa</em></strong></span> <span class='ocrx_word' id='word_1_532' title='bbox 3184 3831 3392 3901; x_wconf 66' lang='lat' dir='ltr'><strong><em>reginae</em></strong></span> <span class='ocrx_word' id='word_1_533' title='bbox 3429 3846 3571 3888; x_wconf 85' lang='lat' dir='ltr'><strong><em>uxo-</em></strong></span> 
     </span>
    </p>
   </div>
   <div class='ocr_carea' id='block_1_51' title="bbox 170 3920 3574 3994">
    <p class='ocr_par' dir='ltr' id='par_1_51' title="bbox 170 3920 3574 3994">
     <span class='ocr_line' id='line_1_51' title="bbox 170 3920 3574 3994; baseline -0.001 -14"><span class='ocrx_word' id='word_1_534' title='bbox 170 3926 429 3994; x_wconf 68' lang='lat' dir='ltr'><strong><em>praedicti</em></strong></span> <span class='ocrx_word' id='word_1_535' title='bbox 466 3923 748 3991; x_wconf 88' lang='lat' dir='ltr'><strong><em>colloquii</em></strong></span> <span class='ocrx_word' id='word_1_536' title='bbox 789 3921 1312 3978; x_wconf 90' lang='lat' dir='ltr'><strong><em>consummationem</em></strong></span> <span class='ocrx_word' id='word_1_537' title='bbox 1353 3921 1660 3976; x_wconf 82' lang='lat' dir='ltr'><strong><em>ﬁrmissime</em></strong></span> <span class='ocrx_word' id='word_1_538' title='bbox 1691 3922 1843 3991; x_wconf 88' lang='lat' dir='ltr'><strong><em>pepi-</em></strong></span> <span class='ocrx_word' id='word_1_539' title='bbox 1929 3926 2007 3981; x_wconf 88' lang='lat' dir='ltr'><strong><em>ris</em></strong></span> <span class='ocrx_word' id='word_1_540' title='bbox 2033 3923 2298 3986; x_wconf 87' lang='lat' dir='ltr'><strong><em>Heinriei,</em></strong></span> <span class='ocrx_word' id='word_1_541' title='bbox 2338 3935 2406 3976; x_wconf 90' lang='lat' dir='ltr'><strong><em>ex</em></strong></span> <span class='ocrx_word' id='word_1_542' title='bbox 2453 3935 2562 3990; x_wconf 87' lang='lat' dir='ltr'><strong><em>quo</em></strong></span> <span class='ocrx_word' id='word_1_543' title='bbox 2610 3920 2730 3990; x_wconf 91' lang='lat' dir='ltr'><strong><em>ipse</em></strong></span> <span class='ocrx_word' id='word_1_544' title='bbox 2768 3920 3057 3975; x_wconf 86' lang='lat' dir='ltr'><strong><em>Saxoniam</em></strong></span> <span class='ocrx_word' id='word_1_545' title='bbox 3087 3921 3329 3986; x_wconf 89' lang='lat' dir='ltr'><strong><em>intravit,</em></strong></span> <span class='ocrx_word' id='word_1_546' title='bbox 3363 3921 3420 3976; x_wconf 90' lang='lat' dir='ltr'><strong><em>in</em></strong></span> <span class='ocrx_word' id='word_1_547' title='bbox 3450 3921 3574 3991; x_wconf 90' lang='lat' dir='ltr'><strong><em>epi-</em></strong></span> 
     </span>
    </p>
   </div>
   <div class='ocr_carea' id='block_1_52' title="bbox 167 4009 3574 4083">
    <p class='ocr_par' dir='ltr' id='par_1_52' title="bbox 167 4009 3574 4083">
     <span class='ocr_line' id='line_1_52' title="bbox 167 4009 3574 4083; baseline -0.001 -13"><span class='ocrx_word' id='word_1_548' title='bbox 167 4015 358 4083; x_wconf 75' lang='lat' dir='ltr'><strong><em>gisset,</em></strong></span> <span class='ocrx_word' id='word_1_549' title='bbox 422 4019 488 4070; x_wconf 90' lang='lat' dir='ltr'><strong><em>et</em></strong></span> <span class='ocrx_word' id='word_1_550' title='bbox 542 4012 826 4081; x_wconf 91' lang='lat' dir='ltr'><strong><em>episcopis</em></strong></span> <span class='ocrx_word' id='word_1_551' title='bbox 871 4025 1012 4081; x_wconf 92' lang='lat' dir='ltr'><strong><em>quos</em></strong></span> <span class='ocrx_word' id='word_1_552' title='bbox 1059 4011 1190 4066; x_wconf 89' lang='lat' dir='ltr'><strong><em>sede</em></strong></span> <span class='ocrx_word' id='word_1_553' title='bbox 1244 4025 1342 4066; x_wconf 90' lang='lat' dir='ltr'><strong><em>sua</em></strong></span> <span class='ocrx_word' id='word_1_554' title='bbox 1384 4013 1493 4081; x_wconf 92' lang='lat' dir='ltr'><strong><em>jam</em></strong></span> <span class='ocrx_word' id='word_1_555' title='bbox 1535 4011 1839 4081; x_wconf 89' lang='lat' dir='ltr'><strong><em>expulerat,</em></strong></span> <span class='ocrx_word' id='word_1_556' title='bbox 1925 4018 2155 4083; x_wconf 89' lang='lat' dir='ltr'><strong><em>scopatu</em></strong></span> <span class='ocrx_word' id='word_1_557' title='bbox 2213 4010 2620 4067; x_wconf 86' lang='lat' dir='ltr'><strong><em>Constantiensi</em></strong></span> <span class='ocrx_word' id='word_1_558' title='bbox 2677 4010 2733 4064; x_wconf 90' lang='lat' dir='ltr'><strong><em>in</em></strong></span> <span class='ocrx_word' id='word_1_559' title='bbox 2798 4009 2990 4065; x_wconf 90' lang='lat' dir='ltr'><strong><em>Duello</em></strong></span> <span class='ocrx_word' id='word_1_560' title='bbox 3053 4009 3210 4081; x_wconf 90' lang='lat'><strong><em>(203)</em></strong></span> <span class='ocrx_word' id='word_1_561' title='bbox 3260 4018 3316 4066; x_wconf 90' lang='lat' dir='ltr'><strong><em>et</em></strong></span> <span class='ocrx_word' id='word_1_562' title='bbox 3362 4012 3417 4066; x_wconf 91' lang='lat' dir='ltr'><strong><em>in</em></strong></span> <span class='ocrx_word' id='word_1_563' title='bbox 3450 4011 3574 4067; x_wconf 86' lang='lat' dir='ltr'><strong><em>aliis</em></strong></span> 
     </span>
    </p>
   </div>
   <div class='ocr_carea' id='block_1_53' title="bbox 167 4098 3568 4171">
    <p class='ocr_par' dir='ltr' id='par_1_53' title="bbox 167 4098 3568 4171">
     <span class='ocr_line' id='line_1_53' title="bbox 167 4098 3568 4171; baseline -0.001 -13"><span class='ocrx_word' id='word_1_564' title='bbox 167 4109 514 4171; x_wconf 77' lang='lat' dir='ltr'><strong><em>potestatem</em></strong></span> <span class='ocrx_word' id='word_1_565' title='bbox 572 4100 906 4155; x_wconf 90' lang='lat' dir='ltr'><strong><em>liberrimam</em></strong></span> <span class='ocrx_word' id='word_1_566' title='bbox 959 4099 1329 4155; x_wconf 78' lang='lat' dir='ltr'><strong><em>accelesiarum</em></strong></span> <span class='ocrx_word' id='word_1_567' title='bbox 1383 4114 1673 4170; x_wconf 88' lang='lat' dir='ltr'><strong><em>rerumque</em></strong></span> <span class='ocrx_word' id='word_1_568' title='bbox 1721 4115 1844 4155; x_wconf 91' lang='lat' dir='ltr'><strong><em>sua—</em></strong></span> <span class='ocrx_word' id='word_1_569' title='bbox 1927 4101 2169 4156; x_wconf 90' lang='lat' dir='ltr'><strong><em>castellis</em></strong></span> <span class='ocrx_word' id='word_1_570' title='bbox 2209 4102 2362 4169; x_wconf 83' lang='lat' dir='ltr'><strong><em>juxta</em></strong></span> <span class='ocrx_word' id='word_1_571' title='bbox 2409 4098 2659 4153; x_wconf 84' lang='lat' dir='ltr'><strong><em>Rhenum</em></strong></span> <span class='ocrx_word' id='word_1_572' title='bbox 2707 4098 3179 4168; x_wconf 89' lang='lat' dir='ltr'><strong><em>qualitercumque</em></strong></span> <span class='ocrx_word' id='word_1_573' title='bbox 3227 4107 3568 4166; x_wconf 87' lang='lat' dir='ltr'><strong><em>conversata,</em></strong></span> 
     </span>
    </p>
   </div>
   <div class='ocr_carea' id='block_1_54' title="bbox 165 4185 3569 4260">
    <p class='ocr_par' dir='ltr' id='par_1_54' title="bbox 165 4185 3569 4260">
     <span class='ocr_line' id='line_1_54' title="bbox 165 4185 3569 4260; baseline -0.001 -15"><span class='ocrx_word' id='word_1_574' title='bbox 165 4205 304 4258; x_wconf 89' lang='lat' dir='ltr'><strong><em>rum,</em></strong></span> <span class='ocrx_word' id='word_1_575' title='bbox 338 4198 400 4247; x_wconf 91' lang='lat' dir='ltr'><strong><em>et</em></strong></span> <span class='ocrx_word' id='word_1_576' title='bbox 433 4203 711 4246; x_wconf 88' lang='lat' dir='ltr'><strong><em>securum</em></strong></span> <span class='ocrx_word' id='word_1_577' title='bbox 758 4188 1154 4258; x_wconf 84' lang='lat' dir='ltr'><strong><em>pacificumque</em></strong></span> <span class='ocrx_word' id='word_1_578' title='bbox 1185 4189 1322 4258; x_wconf 89' lang='lat' dir='ltr'><strong><em>ipsis</em></strong></span> <span class='ocrx_word' id='word_1_579' title='bbox 1353 4188 1573 4244; x_wconf 87' lang='lat' dir='ltr'><strong><em>utendis</em></strong></span> <span class='ocrx_word' id='word_1_580' title='bbox 1612 4195 1668 4244; x_wconf 88' lang='lat' dir='ltr'><strong><em>et</em></strong></span> <span class='ocrx_word' id='word_1_581' title='bbox 1695 4203 1845 4258; x_wconf 91' lang='lat' dir='ltr'><strong><em>pos—</em></strong></span> <span class='ocrx_word' id='word_1_582' title='bbox 1927 4195 2189 4260; x_wconf 85' lang='lat' dir='ltr'><strong><em>egestate,</em></strong></span> <span class='ocrx_word' id='word_1_583' title='bbox 2223 4199 2479 4253; x_wconf 75' lang='lat' dir='ltr'><strong><em>mmrore,</em></strong></span> <span class='ocrx_word' id='word_1_584' title='bbox 2527 4185 2799 4255; x_wconf 84' lang='lat' dir='ltr'><strong><em>variisque</em></strong></span> <span class='ocrx_word' id='word_1_585' title='bbox 2849 4186 3237 4242; x_wconf 89' lang='lat' dir='ltr'><strong><em>adversitatum</em></strong></span> <span class='ocrx_word' id='word_1_586' title='bbox 3285 4188 3569 4243; x_wconf 82' lang='lat' dir='ltr'><strong><em>calamita-</em></strong></span> 
     </span>
    </p>
   </div>
   <div class='ocr_carea' id='block_1_55' title="bbox 162 4273 3570 4360">
    <p class='ocr_par' dir='ltr' id='par_1_55' title="bbox 162 4273 3570 4360">
     <span class='ocr_line' id='line_1_55' title="bbox 162 4273 3570 4360; baseline -0.001 -26"><span class='ocrx_word' id='word_1_587' title='bbox 162 4279 422 4336; x_wconf 87' lang='lat' dir='ltr'><strong><em>sidendis</em></strong></span> <span class='ocrx_word' id='word_1_588' title='bbox 473 4280 799 4348; x_wconf 84' lang='lat' dir='ltr'><strong><em>ingressum</em></strong></span> <span class='ocrx_word' id='word_1_589' title='bbox 847 4285 902 4332; x_wconf 91' lang='lat' dir='ltr'><strong><em>et</em></strong></span> <span class='ocrx_word' id='word_1_590' title='bbox 951 4277 1259 4344; x_wconf 90' lang='lat' dir='ltr'><strong><em>arbitrium,</em></strong></span> <span class='ocrx_word' id='word_1_591' title='bbox 1309 4283 1518 4332; x_wconf 89' lang='lat' dir='ltr'><strong><em>remota</em></strong></span> <span class='ocrx_word' id='word_1_592' title='bbox 1565 4278 1712 4333; x_wconf 90' lang='lat' dir='ltr'><strong><em>omni</em></strong></span> <span class='ocrx_word' id='word_1_593' title='bbox 1753 4278 1846 4333; x_wconf 81' lang='lat' dir='ltr'><strong><em>lae-</em></strong></span> <span class='ocrx_word' id='word_1_594' title='bbox 1927 4279 2077 4333; x_wconf 89' lang='lat' dir='ltr'><strong><em>tibus</em></strong></span> <span class='ocrx_word' id='word_1_595' title='bbox 2112 4276 2382 4360; x_wconf 68' lang='lat' dir='ltr'><strong><em>coufecta,</em></strong></span> <span class='ocrx_word' id='word_1_596' title='bbox 2440 4276 2659 4331; x_wconf 89' lang='lat' dir='ltr'><strong><em>demum</em></strong></span> <span class='ocrx_word' id='word_1_597' title='bbox 2715 4273 3101 4343; x_wconf 67' lang='lat' dir='ltr'><strong><em>aegritudinum</em></strong></span> <span class='ocrx_word' id='word_1_598' title='bbox 3149 4275 3570 4344; x_wconf 87' lang='lat' dir='ltr'><strong><em>mortaliumque</em></strong></span> 
     </span>
    </p>
   </div>
   <div class='ocr_carea' id='block_1_56' title="bbox 162 4361 3569 4468">
    <p class='ocr_par' dir='ltr' id='par_1_56' title="bbox 162 4361 3569 4468">
     <span class='ocr_line' id='line_1_56' title="bbox 162 4361 3569 4468; baseline -0.002 -46"><span class='ocrx_word' id='word_1_599' title='bbox 162 4368 317 4425; x_wconf 83' lang='lat' dir='ltr'><strong><em>sione</em></strong></span> <span class='ocrx_word' id='word_1_600' title='bbox 351 4375 414 4425; x_wconf 89' lang='lat' dir='ltr'><strong><em>et</em></strong></span> <span class='ocrx_word' id='word_1_601' title='bbox 469 4365 736 4437; x_wconf 85' lang='lat' dir='ltr'><strong><em>perﬁdia,</em></strong></span> <span class='ocrx_word' id='word_1_602' title='bbox 787 4365 1156 4432; x_wconf 89' lang='lat' dir='ltr'><strong><em>concederet;</em></strong></span> <span class='ocrx_word' id='word_1_603' title='bbox 1213 4373 1268 4463; x_wconf 79' lang='lat' dir='ltr'><strong><em>et</em></strong></span> <span class='ocrx_word' id='word_1_604' title='bbox 1315 4365 1382 4420; x_wconf 93' lang='lat' dir='ltr'><strong><em>de</em></strong></span> <span class='ocrx_word' id='word_1_605' title='bbox 1435 4365 2161 4468; x_wconf 81' lang='lat' dir='ltr'><strong><em>potentioribustebrium</em></strong></span> <span class='ocrx_word' id='word_1_606' title='bbox 2219 4365 2554 4435; x_wconf 88' lang='lat' dir='ltr'><strong><em>aliquamdiu</em></strong></span> <span class='ocrx_word' id='word_1_607' title='bbox 2630 4362 2881 4460; x_wconf 80' lang='lat' dir='ltr'><strong><em>confecta</em></strong></span> <span class='ocrx_word' id='word_1_608' title='bbox 2954 4361 3241 4427; x_wconf 90' lang='lat' dir='ltr'><strong><em>molestiis,</em></strong></span> <span class='ocrx_word' id='word_1_609' title='bbox 3300 4362 3569 4468; x_wconf 70' lang='lat' dir='ltr'><strong><em>disposita</em></strong></span> 
     </span>
    </p>
   </div>
   <div class='ocr_carea' id='block_1_57' title="bbox 163 4449 3567 4527">
    <p class='ocr_par' dir='ltr' id='par_1_57' title="bbox 163 4449 3567 4527">
     <span class='ocr_line' id='line_1_57' title="bbox 163 4449 3567 4527; baseline -0.002 -16"><span class='ocrx_word' id='word_1_610' title='bbox 163 4455 738 4527; x_wconf 78' lang='lat' dir='ltr'><strong><em>religiosissimisque</em></strong></span> <span class='ocrx_word' id='word_1_611' title='bbox 766 4453 881 4508; x_wconf 88' lang='lat' dir='ltr'><strong><em>suis</em></strong></span> <span class='ocrx_word' id='word_1_612' title='bbox 922 4459 1129 4522; x_wconf 90' lang='lat' dir='ltr'><strong><em>septem</em></strong></span> <span class='ocrx_word' id='word_1_613' title='bbox 1178 4452 1326 4508; x_wconf 89' lang='lat' dir='ltr'><strong><em>viros</em></strong></span> <span class='ocrx_word' id='word_1_614' title='bbox 1362 4454 1586 4508; x_wconf 88' lang='lat' dir='ltr'><strong><em>Romam</em></strong></span> <span class='ocrx_word' id='word_1_615' title='bbox 1617 4453 1683 4507; x_wconf 80' lang='lat' dir='ltr'><strong><em>ad</em></strong></span> <span class='ocrx_word' id='word_1_616' title='bbox 1714 4449 2091 4511; x_wconf 74' lang='lat' dir='ltr'><strong><em>con-&quot;domo</em></strong></span> <span class='ocrx_word' id='word_1_617' title='bbox 2148 4469 2245 4510; x_wconf 90' lang='lat' dir='ltr'><strong><em>sua</em></strong></span> <span class='ocrx_word' id='word_1_618' title='bbox 2298 4461 2373 4522; x_wconf 88' lang='lat' dir='ltr'><strong><em>et,</em></strong></span> <span class='ocrx_word' id='word_1_619' title='bbox 2432 4460 2596 4523; x_wconf 91' lang='lat' dir='ltr'><strong><em>prout</em></strong></span> <span class='ocrx_word' id='word_1_620' title='bbox 2651 4450 2918 4521; x_wconf 89' lang='lat' dir='ltr'><strong><em>oportuit,</em></strong></span> <span class='ocrx_word' id='word_1_621' title='bbox 2979 4451 3174 4504; x_wconf 66' lang='lat' dir='ltr'><strong><em>anima:</em></strong></span> <span class='ocrx_word' id='word_1_622' title='bbox 3231 4465 3346 4504; x_wconf 73' lang='lat' dir='ltr'><strong><em>sua:</em></strong></span> <span class='ocrx_word' id='word_1_623' title='bbox 3393 4449 3567 4504; x_wconf 89' lang='lat' dir='ltr'><strong><em>salute</em></strong></span> 
     </span>
    </p>
   </div>
   <div class='ocr_carea' id='block_1_58' title="bbox 160 4536 3562 4612">
    <p class='ocr_par' dir='ltr' id='par_1_58' title="bbox 160 4536 3562 4612">
     <span class='ocr_line' id='line_1_58' title="bbox 160 4536 3562 4612; baseline -0.001 -16"><span class='ocrx_word' id='word_1_624' title='bbox 160 4544 374 4600; x_wconf 91' lang='lat' dir='ltr'><strong><em>dictum</em></strong></span> <span class='ocrx_word' id='word_1_625' title='bbox 440 4552 680 4611; x_wconf 86' lang='lat' dir='ltr'><strong><em>tempus</em></strong></span> <span class='ocrx_word' id='word_1_626' title='bbox 726 4541 830 4596; x_wconf 89' lang='lat' dir='ltr'><strong><em>sibi</em></strong></span> <span class='ocrx_word' id='word_1_627' title='bbox 874 4541 1156 4612; x_wconf 88' lang='lat' dir='ltr'><strong><em>dirigeret,</em></strong></span> <span class='ocrx_word' id='word_1_628' title='bbox 1192 4541 1287 4609; x_wconf 92' lang='lat' dir='ltr'><strong><em>qui</em></strong></span> <span class='ocrx_word' id='word_1_629' title='bbox 1328 4541 1687 4610; x_wconf 87' lang='lat' dir='ltr'><strong><em>jurejurando</em></strong></span> <span class='ocrx_word' id='word_1_630' title='bbox 1734 4541 1841 4596; x_wconf 90' lang='lat' dir='ltr'><strong><em>sibi</em></strong></span> <span class='ocrx_word' id='word_1_631' title='bbox 1925 4543 2256 4599; x_wconf 90' lang='lat' dir='ltr'><strong><em>omnimodis</em></strong></span> <span class='ocrx_word' id='word_1_632' title='bbox 2285 4543 2340 4595; x_wconf 90' lang='lat' dir='ltr'><strong><em>in</em></strong></span> <span class='ocrx_word' id='word_1_633' title='bbox 2369 4541 2586 4596; x_wconf 90' lang='lat' dir='ltr'><strong><em>Christo</em></strong></span> <span class='ocrx_word' id='word_1_634' title='bbox 2636 4540 2872 4609; x_wconf 85' lang='lat' dir='ltr'><strong><em>provisa,</em></strong></span> <span class='ocrx_word' id='word_1_635' title='bbox 2904 4536 3051 4593; x_wconf 90' lang='lat' dir='ltr'><strong><em>felici</em></strong></span> <span class='ocrx_word' id='word_1_636' title='bbox 3083 4552 3116 4592; x_wconf 91' lang='grc' dir='ltr'>ο</span> <span class='ocrx_word' id='word_1_637' title='bbox 3148 4538 3388 4593; x_wconf 86' lang='lat' dir='ltr'><strong><em>utinam!</em></strong></span> <span class='ocrx_word' id='word_1_638' title='bbox 3422 4551 3562 4594; x_wconf 89' lang='lat' dir='ltr'><strong><em>con-</em></strong></span> 
     </span>
    </p>
   </div>
   <div class='ocr_carea' id='block_1_59' title="bbox 160 4626 3570 4700">
    <p class='ocr_par' dir='ltr' id='par_1_59' title="bbox 160 4626 3570 4700">
     <span class='ocr_line' id='line_1_59' title="bbox 160 4626 3570 4700; baseline -0.002 -13"><span class='ocrx_word' id='word_1_639' title='bbox 160 4635 542 4689; x_wconf 78' lang='lat' dir='ltr'><strong><em>securitatem</em></strong></span> <span class='ocrx_word' id='word_1_640' title='bbox 585 4628 851 4698; x_wconf 90' lang='lat' dir='ltr'><strong><em>facerent,</em></strong></span> <span class='ocrx_word' id='word_1_641' title='bbox 901 4637 962 4684; x_wconf 93' lang='lat' dir='ltr'><strong><em>ut</em></strong></span> <span class='ocrx_word' id='word_1_642' title='bbox 989 4629 1201 4700; x_wconf 87' lang='lat' dir='ltr'><strong><em>legatos</em></strong></span> <span class='ocrx_word' id='word_1_643' title='bbox 1238 4643 1370 4684; x_wconf 88' lang='lat' dir='ltr'><strong><em>suos</em></strong></span> <span class='ocrx_word' id='word_1_644' title='bbox 1418 4627 1484 4682; x_wconf 89' lang='lat' dir='ltr'><strong><em>ad</em></strong></span> <span class='ocrx_word' id='word_1_645' title='bbox 1517 4629 1837 4698; x_wconf 78' lang='lat' dir='ltr'><strong><em>pra-dictum</em></strong></span> <span class='ocrx_word' id='word_1_646' title='bbox 1923 4630 2284 4686; x_wconf 90' lang='lat' dir='ltr'><strong><em>summatione</em></strong></span> <span class='ocrx_word' id='word_1_647' title='bbox 2345 4631 2401 4684; x_wconf 90' lang='lat' dir='ltr'><strong><em>in</em></strong></span> <span class='ocrx_word' id='word_1_648' title='bbox 2459 4642 2652 4684; x_wconf 88' lang='lat' dir='ltr'><strong><em>manus</em></strong></span> <span class='ocrx_word' id='word_1_649' title='bbox 2707 4629 2854 4682; x_wconf 89' lang='lat' dir='ltr'><strong><em>illius</em></strong></span> <span class='ocrx_word' id='word_1_650' title='bbox 2910 4626 3260 4684; x_wconf 88' lang='lat' dir='ltr'><strong><em>devotissime</em></strong></span> <span class='ocrx_word' id='word_1_651' title='bbox 3327 4627 3570 4681; x_wconf 89' lang='lat' dir='ltr'><strong><em>moriens</em></strong></span> 
     </span>
    </p>
   </div>
   <div class='ocr_carea' id='block_1_60' title="bbox 159 4714 3568 4793">
    <p class='ocr_par' dir='ltr' id='par_1_60' title="bbox 159 4714 3568 4793">
     <span class='ocr_line' id='line_1_60' title="bbox 159 4714 3568 4793; baseline -0.002 -15"><span class='ocrx_word' id='word_1_652' title='bbox 159 4723 526 4793; x_wconf 86' lang='lat' dir='ltr'><strong><em>colloquium</em></strong></span> <span class='ocrx_word' id='word_1_653' title='bbox 560 4733 687 4775; x_wconf 91' lang='lat' dir='ltr'><strong><em>cum</em></strong></span> <span class='ocrx_word' id='word_1_654' title='bbox 737 4733 870 4789; x_wconf 89' lang='lat' dir='ltr'><strong><em>pace</em></strong></span> <span class='ocrx_word' id='word_1_655' title='bbox 900 4719 1219 4789; x_wconf 86' lang='lat' dir='ltr'><strong><em>perductos,</em></strong></span> <span class='ocrx_word' id='word_1_656' title='bbox 1267 4725 1322 4774; x_wconf 92' lang='lat' dir='ltr'><strong><em>et</em></strong></span> <span class='ocrx_word' id='word_1_657' title='bbox 1351 4719 1405 4774; x_wconf 92' lang='lat' dir='ltr'><strong><em>in</em></strong></span> <span class='ocrx_word' id='word_1_658' title='bbox 1435 4721 1725 4775; x_wconf 90' lang='lat' dir='ltr'><strong><em>commissa</em></strong></span> <span class='ocrx_word' id='word_1_659' title='bbox 1756 4720 1840 4774; x_wconf 91' lang='lat' dir='ltr'><strong><em>le-</em></strong></span> <span class='ocrx_word' id='word_1_660' title='bbox 1923 4721 2174 4790; x_wconf 89' lang='lat' dir='ltr'><strong><em>spiritum</em></strong></span> <span class='ocrx_word' id='word_1_661' title='bbox 2229 4731 2387 4774; x_wconf 90' lang='lat' dir='ltr'><strong><em>suum</em></strong></span> <span class='ocrx_word' id='word_1_662' title='bbox 2465 4715 2885 4784; x_wconf 86' lang='lat' dir='ltr'><strong><em>commendavit,</em></strong></span> <span class='ocrx_word' id='word_1_663' title='bbox 2945 4722 3000 4771; x_wconf 91' lang='lat' dir='ltr'><strong><em>et</em></strong></span> <span class='ocrx_word' id='word_1_664' title='bbox 3049 4715 3118 4770; x_wconf 90' lang='lat' dir='ltr'><strong><em>ad</em></strong></span> <span class='ocrx_word' id='word_1_665' title='bbox 3176 4714 3568 4771; x_wconf 88' lang='lat' dir='ltr'><strong><em>monasterium</em></strong></span> 
     </span>
    </p>
   </div>
   <div class='ocr_carea' id='block_1_61' title="bbox 1561 4896 2212 4952">
    <p class='ocr_par' dir='ltr' id='par_1_61' title="bbox 1561 4896 2212 4952">
     <span class='ocr_line' id='line_1_61' title="bbox 1561 4896 2212 4952; baseline 0 -2"><span class='ocrx_word' id='word_1_666' title='bbox 1561 4896 1784 4951; x_wconf 69' lang='lat' dir='ltr'><strong><em>VARI/1&#39;3</em></strong></span> <span class='ocrx_word' id='word_1_667' title='bbox 1829 4896 2212 4952; x_wconf 74' lang='lat' dir='ltr'><strong><em>LECTIONES.</em></strong></span> 
     </span>
    </p>
   </div>
   <div class='ocr_carea' id='block_1_62' title="bbox 228 5032 3558 5110">
    <p class='ocr_par' dir='ltr' id='par_1_62' title="bbox 228 5032 3558 5110">
     <span class='ocr_line' id='line_1_62' title="bbox 228 5032 3558 5110; baseline -0.002 -14"><span class='ocrx_word' id='word_1_668' title='bbox 228 5036 288 5069; x_wconf 82' lang='grc'><strong><em>²⁹¹</em></strong></span> <span class='ocrx_word' id='word_1_669' title='bbox 322 5040 476 5110; x_wconf 89' lang='lat' dir='ltr'><strong><em>Cap.</em></strong></span> <span class='ocrx_word' id='word_1_670' title='bbox 512 5039 606 5110; x_wconf 4' lang='lat' dir='ltr'><strong><em>illo</em></strong></span> <span class='ocrx_word' id='word_1_671' title='bbox 629 5037 683 5091; x_wconf 90' lang='lat' dir='ltr'><strong><em>in</em></strong></span> <span class='ocrx_word' id='word_1_672' title='bbox 710 5052 878 5105; x_wconf 87' lang='lat' dir='ltr'><strong><em>marg.</em></strong></span> <span class='ocrx_word' id='word_1_673' title='bbox 930 5037 983 5094; x_wconf 87' lang='lat'><strong><em>2.</em></strong></span> <span class='ocrx_word' id='word_1_674' title='bbox 1059 5037 1124 5070; x_wconf 81' lang='grc'><strong><em>²⁹²</em></strong></span> <span class='ocrx_word' id='word_1_675' title='bbox 1153 5039 1208 5094; x_wconf 91' lang='lat' dir='ltr'><strong><em>id</em></strong></span> <span class='ocrx_word' id='word_1_676' title='bbox 1259 5045 1342 5110; x_wconf 83' lang='lat' dir='ltr'><strong><em>est</em></strong></span> <span class='ocrx_word' id='word_1_677' title='bbox 1392 5036 1867 5110; x_wconf 17' lang='lat' dir='ltr'><strong><em>efﬁcacesﬂglossa</em></strong></span> <span class='ocrx_word' id='word_1_678' title='bbox 1913 5052 2034 5093; x_wconf 66' lang='lat' dir='ltr'><strong><em>saec.</em></strong></span> <span class='ocrx_word' id='word_1_679' title='bbox 2086 5035 2231 5110; x_wconf 64' lang='grc' dir='ltr'><strong><em>Χιν</em></strong></span> <span class='ocrx_word' id='word_1_680' title='bbox 2266 5037 2321 5092; x_wconf 87' lang='lat' dir='ltr'><strong><em>in</em></strong></span> <span class='ocrx_word' id='word_1_681' title='bbox 2368 5036 2421 5093; x_wconf 90' lang='lat'><strong><em>2.</em></strong></span> <span class='ocrx_word' id='word_1_682' title='bbox 2500 5035 2563 5067; x_wconf 70' lang='lat' dir='ltr'><strong><em>m</em></strong></span> <span class='ocrx_word' id='word_1_683' title='bbox 2592 5051 2645 5105; x_wconf 91' lang='lat' dir='ltr'><strong><em>p.</em></strong></span> <span class='ocrx_word' id='word_1_684' title='bbox 2679 5035 2747 5091; x_wconf 89' lang='lat' dir='ltr'><strong><em>ad</em></strong></span> <span class='ocrx_word' id='word_1_685' title='bbox 2777 5034 2989 5105; x_wconf 85' lang='lat' dir='ltr'><strong><em>augiam</em></strong></span> <span class='ocrx_word' id='word_1_686' title='bbox 3018 5034 3071 5090; x_wconf 89' lang='lat'><strong><em>2.</em></strong></span> <span class='ocrx_word' id='word_1_687' title='bbox 3151 5032 3214 5064; x_wconf 71' lang='grc'><strong><em>⁸³⁵</em></strong></span> <span class='ocrx_word' id='word_1_688' title='bbox 3239 5034 3474 5088; x_wconf 70' lang='lat' dir='ltr'><strong><em>abbatiaz</em></strong></span> <span class='ocrx_word' id='word_1_689' title='bbox 3504 5032 3558 5088; x_wconf 90' lang='lat'><strong><em>2.</em></strong></span> 
     </span>
    </p>
   </div>
   <div class='ocr_carea' id='block_1_63' title="bbox 156 5106 2142 5181">
    <p class='ocr_par' dir='ltr' id='par_1_63' title="bbox 156 5106 2142 5181">
     <span class='ocr_line' id='line_1_63' title="bbox 156 5106 2142 5181; baseline 0 -17"><span class='ocrx_word' id='word_1_690' title='bbox 156 5106 217 5138; x_wconf 71' lang='grc'><strong><em>³⁵³</em></strong></span> <span class='ocrx_word' id='word_1_691' title='bbox 245 5112 326 5165; x_wconf 89' lang='lat' dir='ltr'><strong><em>ita</em></strong></span> <span class='ocrx_word' id='word_1_692' title='bbox 367 5106 454 5164; x_wconf 65' lang='lat'><strong><em>1“.</em></strong></span> <span class='ocrx_word' id='word_1_693' title='bbox 492 5109 558 5164; x_wconf 85' lang='lat'><strong><em>2.</em></strong></span> <span class='ocrx_word' id='word_1_694' title='bbox 590 5109 755 5177; x_wconf 70' lang='lat' dir='ltr'><strong><em>justa:</em></strong></span> <span class='ocrx_word' id='word_1_695' title='bbox 793 5111 911 5165; x_wconf 86' lang='lat' dir='ltr'><strong><em>Uss.</em></strong></span> <span class='ocrx_word' id='word_1_696' title='bbox 941 5111 1168 5181; x_wconf 87' lang='lat' dir='ltr'><strong><em>scripsit.</em></strong></span> <span class='ocrx_word' id='word_1_697' title='bbox 1247 5108 1436 5165; x_wconf 69' lang='lat' dir='ltr'><strong><em>maca:</em></strong></span> <span class='ocrx_word' id='word_1_698' title='bbox 1461 5124 1624 5180; x_wconf 86' lang='lat' dir='ltr'><strong><em>supra</em></strong></span> <span class='ocrx_word' id='word_1_699' title='bbox 1644 5109 1834 5164; x_wconf 89' lang='lat' dir='ltr'><strong><em>lineam</em></strong></span> <span class='ocrx_word' id='word_1_700' title='bbox 1864 5111 2061 5180; x_wconf 76' lang='lat' dir='ltr'><strong><em>scripta</em></strong></span> <span class='ocrx_word' id='word_1_701' title='bbox 2088 5109 2142 5164; x_wconf 92' lang='lat'><strong><em>2.</em></strong></span> 
     </span>
    </p>
   </div>
   <div class='ocr_carea' id='block_1_64' title="bbox 1767 5285 1984 5346">
    <p class='ocr_par' dir='ltr' id='par_1_64' title="bbox 1767 5285 1984 5346">
     <span class='ocr_line' id='line_1_64' title="bbox 1767 5285 1984 5346; baseline -0.014 -1"><span class='ocrx_word' id='word_1_702' title='bbox 1767 5285 1984 5346; x_wconf 72' lang='grc' dir='ltr'><strong><em>ΝΟΤίΕ.</em></strong></span> 
     </span>
    </p>
   </div>
   <div class='ocr_carea' id='block_1_65' title="bbox 225 5421 2431 5562">
    <p class='ocr_par' dir='ltr' id='par_1_65' title="bbox 225 5421 2431 5562">
     <span class='ocr_line' id='line_1_65' title="bbox 225 5421 2431 5562; baseline -0.001 -78"><span class='ocrx_word' id='word_1_703' title='bbox 225 5429 395 5515; x_wconf 44' lang='grc'><strong><em>(1.98)</em></strong></span> <span class='ocrx_word' id='word_1_704' title='bbox 426 5430 556 5496; x_wconf 87' lang='lat' dir='ltr'><strong><em>Cf.,</em></strong></span> <span class='ocrx_word' id='word_1_705' title='bbox 593 5444 682 5500; x_wconf 90' lang='lat' dir='ltr'><strong><em>ep.</em></strong></span> <span class='ocrx_word' id='word_1_706' title='bbox 721 5430 968 5502; x_wconf 88' lang='lat' dir='ltr'><strong><em>Gregorii</em></strong></span> <span class='ocrx_word' id='word_1_707' title='bbox 997 5428 1065 5486; x_wconf 92' lang='lat' dir='ltr'><strong><em>ad</em></strong></span> <span class='ocrx_word' id='word_1_708' title='bbox 1097 5428 1410 5486; x_wconf 87' lang='lat' dir='ltr'><strong><em>Heinricum</em></strong></span> <span class='ocrx_word' id='word_1_709' title='bbox 1438 5429 1843 5500; x_wconf 83' lang='lat' dir='ltr'><strong><em>Aquileiensem</em></strong></span> <span class='ocrx_word' id='word_1_710' title='bbox 2167 5422 2431 5481; x_wconf 88' lang='lat' dir='ltr'><strong><em>Heinrici.</em></strong></span> 
     </span>
     <span class='ocr_line' id='line_1_66' title="bbox 225 5493 2360 5562; baseline -0.003 -6"><span class='ocrx_word' id='word_1_711' title='bbox 225 5504 587 5562; x_wconf 83' lang='lat' dir='ltr'><strong><em>tnarcham,</em></strong></span> <span class='ocrx_word' id='word_1_712' title='bbox 619 5503 754 5562; x_wconf 67' lang='lat' dir='ltr'><strong><em>Reg.</em></strong></span> <span class='ocrx_word' id='word_1_713' title='bbox 786 5518 864 5562; x_wconf 68' lang='grc' dir='ltr'><strong><em>γι.</em></strong></span> <span class='ocrx_word' id='word_1_714' title='bbox 898 5501 987 5556; x_wconf 92' lang='lat'><strong><em>38.</em></strong></span> <span class='ocrx_word' id='word_1_715' title='bbox 2018 5493 2115 5546; x_wconf 81' lang='lat'><strong><em>201</em></strong></span> <span class='ocrx_word' id='word_1_716' title='bbox 2173 5496 2360 5550; x_wconf 88' lang='lat' dir='ltr'><strong><em>abbas.</em></strong></span> 
     </span>
    </p>
   </div>
   <div class='ocr_carea' id='block_1_66' title="bbox 151 5493 2360 5570">
    <p class='ocr_par' dir='ltr' id='par_1_66' title="bbox 151 5493 2360 5570">
     <span class='ocr_line' id='line_1_67' title="bbox 151 5493 2360 5570; baseline 0.008 -16"><span class='ocrx_word' id='word_1_717' title='bbox 151 5493 587 5567; x_wconf 63' lang='lat' dir='ltr'><strong><em>pat&#39;riarcharn,</em></strong></span> <span class='ocrx_word' id='word_1_718' title='bbox 619 5493 754 5570; x_wconf 74' lang='lat' dir='ltr'><strong><em>Reg.</em></strong></span> <span class='ocrx_word' id='word_1_719' title='bbox 786 5493 864 5570; x_wconf 65' lang='lat' dir='ltr'><strong><em>vf,</em></strong></span> <span class='ocrx_word' id='word_1_720' title='bbox 898 5501 987 5556; x_wconf 92' lang='lat'><strong><em>38.</em></strong></span> <span class='ocrx_word' id='word_1_721' title='bbox 1502 5493 1520 5500; x_wconf 77' lang='grc'><strong>’</strong></span> <span class='ocrx_word' id='word_1_722' title='bbox 1728 5569 1733 5570; x_wconf 20' lang='grc' dir='ltr'>ί</span> <span class='ocrx_word' id='word_1_723' title='bbox 1996 5493 2148 5570; x_wconf 56' lang='grc' dir='ltr'><strong><em>(ἓρὲ)</em></strong></span> <span class='ocrx_word' id='word_1_724' title='bbox 2173 5496 2360 5570; x_wconf 49' lang='lat' dir='ltr'><strong><em>abbas.</em></strong></span> 
     </span>
    </p>
   </div>
   <div class='ocr_carea' id='block_1_67' title="bbox 223 5517 2548 5644">
    <p class='ocr_par' dir='ltr' id='par_1_67' title="bbox 223 5517 2548 5644">
     <span class='ocr_line' id='line_1_68' title="bbox 223 5517 2360 5566; baseline -0.003 -10"><span class='ocrx_word' id='word_1_725' title='bbox 223 5517 587 5566; x_wconf 74' lang='lat' dir='ltr'><strong><em>trial-cnam,</em></strong></span> <span class='ocrx_word' id='word_1_726' title='bbox 619 5517 698 5557; x_wconf 75' lang='lat' dir='ltr'><strong><em>ne</em></strong></span> <span class='ocrx_word' id='word_1_727' title='bbox 741 5545 754 5557; x_wconf 94' lang='lat'><strong><em>.</em></strong></span> <span class='ocrx_word' id='word_1_728' title='bbox 786 5518 842 5557; x_wconf 79' lang='lat' dir='ltr'><strong><em>vr</em></strong></span> <span class='ocrx_word' id='word_1_729' title='bbox 898 5517 987 5556; x_wconf 70' lang='grc' dir='ltr'><strong><em>δδ.</em></strong></span> <span class='ocrx_word' id='word_1_730' title='bbox 1996 5517 2148 5563; x_wconf 62' lang='lat' dir='ltr'><strong><em>(cur)</em></strong></span> <span class='ocrx_word' id='word_1_731' title='bbox 2173 5517 2360 5550; x_wconf 76' lang='lat' dir='ltr'><strong><em>anuus.</em></strong></span> 
     </span>
     <span class='ocr_line' id='line_1_69' title="bbox 223 5517 2548 5644; baseline -0.001 -18"><span class='ocrx_word' id='word_1_732' title='bbox 223 5571 398 5644; x_wconf 87' lang='lat'>(199)</span> <span class='ocrx_word' id='word_1_733' title='bbox 439 5574 486 5630; x_wconf 76' lang='grc' dir='ltr'><strong><em>ἰ.</em></strong></span> <span class='ocrx_word' id='word_1_734' title='bbox 526 5586 592 5628; x_wconf 85' lang='lat' dir='ltr'><strong><em>e.</em></strong></span> <span class='ocrx_word' id='word_1_735' title='bbox 625 5517 883 5642; x_wconf 50' lang='lat' dir='ltr'><strong><em>Paduam,</em></strong></span> <span class='ocrx_word' id='word_1_736' title='bbox 915 5571 1194 5630; x_wconf 82' lang='lat' dir='ltr'><strong><em>Oudalrici</em></strong></span> <span class='ocrx_word' id='word_1_737' title='bbox 1223 5571 1443 5636; x_wconf 89' lang='lat' dir='ltr'><strong><em>sedem;</em></strong></span> <span class='ocrx_word' id='word_1_738' title='bbox 1474 5585 1524 5627; x_wconf 93' lang='lat' dir='ltr'><strong><em>v.</em></strong></span> <span class='ocrx_word' id='word_1_739' title='bbox 1559 5585 1681 5641; x_wconf 80' lang='lat' dir='ltr'><strong><em>pag.</em></strong></span> <span class='ocrx_word' id='word_1_740' title='bbox 1711 5569 1839 5638; x_wconf 87' lang='lat'><strong><em>318,</em></strong></span> <span class='ocrx_word' id='word_1_741' title='bbox 1997 5564 2142 5644; x_wconf 61' lang='lat'><strong><em>(292)</em></strong></span> <span class='ocrx_word' id='word_1_742' title='bbox 2171 5566 2548 5644; x_wconf 70' lang='lat' dir='ltr'><strong><em>Qudalricum.</em></strong></span> 
     </span>
    </p>
   </div>
   <div class='ocr_carea' id='block_1_68' title="bbox 149 5634 2533 5708">
    <p class='ocr_par' dir='ltr' id='par_1_68' title="bbox 149 5634 2533 5708">
     <span class='ocr_line' id='line_1_70' title="bbox 149 5634 2533 5708; baseline -0.002 -9"><span class='ocrx_word' id='word_1_743' title='bbox 149 5634 248 5700; x_wconf 60' lang='lat' dir='ltr'><strong><em>lin:</em></strong></span> <span class='ocrx_word' id='word_1_744' title='bbox 278 5634 387 5701; x_wconf 65' lang='lat'><strong><em>41.’</em></strong></span> <span class='ocrx_word' id='word_1_745' title='bbox 869 5634 880 5642; x_wconf 76' lang='grc'><strong><em>⁷</em></strong></span> <span class='ocrx_word' id='word_1_746' title='bbox 1430 5634 1436 5636; x_wconf 78' lang='grc'><em>’</em></span> <span class='ocrx_word' id='word_1_747' title='bbox 1559 5634 1576 5641; x_wconf 86' lang='grc'><strong><em>“</em></strong></span> <span class='ocrx_word' id='word_1_748' title='bbox 1630 5634 1658 5641; x_wconf 79' lang='grc'><strong><em>“</em></strong></span> <span class='ocrx_word' id='word_1_749' title='bbox 1824 5634 1832 5638; x_wconf 84' lang='grc'><em>’</em></span> <span class='ocrx_word' id='word_1_750' title='bbox 1999 5634 2139 5708; x_wconf 81' lang='lat'><strong><em>(203)</em></strong></span> <span class='ocrx_word' id='word_1_751' title='bbox 2168 5637 2533 5694; x_wconf 82' lang='lat' dir='ltr'><strong><em>Hohentvviel.</em></strong></span> 
     </span>
    </p>
   </div>
  </div>
