4014 6176
464 335 563 390 431

1432 337 1805 393 BERTHOLDI
1848 335 2260 394 PRESBYTERI
2297 332 2853 390 CONSTANTIENSIS

3703 327 3799 382 432

468 463 644 516 sancti
675 460 836 517 Blasii
897 459 1055 532 (204)
1093 475 1216 518 cum
1271 460 1558 517 omnifario
1621 461 1892 530 exequiali
1923 461 2294 526 debitoAsis,
2328 457 2573 528 quamvis
2620 455 2909 520 simulatae,
2959 454 3313 511 oboedientiae
3369 455 3487 522 ejus
3517 454 3822 521 compertis,

468 550 712 606 ofﬁciose
751 551 886 606 satis
913 550 1303 620 sepeliebatur.

537 641 654 694 Rex
702 646 882 694 autem
938 637 1244 693 Roudulfus
1293 639 1401 706 jam
1458 637 1654 692 viduus
1711 636 1904 703 factus,
1964 639 2108 707 apud

468 727 767 782 Goslariam
818 726 1018 795 pascha
1062 725 1345 795 magniﬁce
1393 725 1710 791 celebravit,
1776 732 1831 780 et
1887 726 2110 795 expedi-

467 815 674 871 tionem
703 829 876 879 suam,
909 815 1305 884 quamprimum
1365 815 1721 884 optimatibus
1776 815 1890 869 suis
1947 828 2110 883 opor-

470 910 657 959 tunum
712 902 1008 966 videretur,
1077 904 1132 956 in
1200 903 1517 958 Heinricum
1593 904 1912 968 acerrimus,
1975 903 2109 956 satis

467 993 769 1060 prudenter
797 991 1160 1060 diSponebat;
1229 1006 1330 1046 nec
1383 1005 1493 1047 non
1543 999 1657 1047 tota
1704 992 1936 1046 Saxonia
1975 1005 2108 1059 pace

467 1081 771 1135 ﬁrmissima
827 1080 1150 1134 mirabiliter
1207 1081 1447 1145 connita,
1519 1080 1678 1150 legali
1735 1080 1916 1149 gentis
1964 1079 2110 1134 illius

463 1172 586 1238 jure
635 1175 688 1223 et
735 1168 1148 1233 constitutione,
1195 1169 1461 1236 judicium
1513 1176 1566 1223 et
1600 1169 1864 1237 justitiam
1904 1168 2108 1237 absque

469 1269 822 1326 personarum
881 1258 1203 1325 acceptione
1260 1257 1515 1311 omnibus
1573 1258 1627 1310 in
1657 1257 1712 1310 id
1759 1259 1934 1324 ipsum
1965 1256 2108 1324 aequi

468 1345 906 1399 servantissimus
961 1345 1340 1400 sollertissime
1416 1343 1668 1399 faciebat.
1729 1345 1922 1399 Filium
1977 1357 2107 1399 vero

470 1433 617 1488 illius
679 1432 860 1503 (205),
909 1433 997 1486 cui
1037 1434 1144 1501 jam
1197 1432 1420 1502 parvulo
1469 1433 1646 1487 adhuc
1699 1433 1930 1488 ducatus
1964 1432 2109 1487 Alc--

471 1524 703 1578 mannite
736 1537 766 1576 a
813 1536 941 1592 rege
990 1522 1248 1576 l-leinrico
1304 1521 1584 1591 delegatus
1632 1529 1734 1587 est,
1785 1521 1895 1575 dux
1931 1519 2107 1576 Welfo

464 1627 588 1668 cum
627 1611 911 1667 nonnullis
957 1611 1270 1666 senioribus
1309 1611 1402 1679 qui
1449 1611 1516 1664 ad
1564 1624 1687 1665 eum
1736 1610 2104 1679 pertinebant,

463 1706 798 1769 assumptum
831 1698 1037 1754 Ulmam
1086 1698 1479 1766 perduxerunt,
1529 1698 1690 1767 eique
1731 1712 1788 1752 se
1819 1713 1941 1753 cum
1973 1699 2110 1752 civi-

2192 549 2338 603 eirea
2378 551 2795 616 pentetecosten
2847 543 2914 599 ad
2975 557 3097 598 eum
3147 543 3500 610 Ratispouam
3569 555 3828 610 pervene-

2193 645 2340 692 runt.
2383 636 2484 690 Ubi
2534 649 2642 689 non
2700 634 2835 688 satis
2882 633 3166 703 magniﬁce
3233 631 3525 701 aceeptati,
3558 632 3826 701 negotium

2193 739 2294 794 pro
2343 738 2452 793 quo
2502 723 2651 777 missi
2697 730 2824 776 sunt
2877 735 2976 791 pro
3025 722 3232 776 viribus
3278 721 3476 790 exequi
3507 727 3829 790 pertempta-

2193 816 2343 870 bant.
2377 815 2600 868 Demum
2649 825 2778 866 vero
2830 811 3123 880 plurimum
3173 818 3288 866 toto
3314 811 3536 881 ingenio
3567 818 3621 864 et
3650 810 3832 864 artiﬁ-

2193 904 2280 958 cio
2311 902 2425 972 regi
2472 902 2738 955 instantes
2777 907 2832 955 et
2876 900 3257 968 surripientes,
3308 900 3395 954 vix
3433 900 3500 953 ab
3531 912 3598 955 eo
3628 898 3833 954 verbia-

2193 991 2319 1046 liter
2370 998 2578 1044 tantum
2626 1003 2953 1059 quamquam
3011 990 3162 1058 pacis
3216 988 3502 1054 simulatae,
3564 995 3619 1042 et
3667 987 3833 1042 collo-

2193 1080 2305 1148 quii
2356 1081 2542 1134 Romae
2591 1078 2646 1132 in
2695 1078 2889 1147 synodi
2939 1077 3216 1132 audientia
3266 1091 3364 1146 per
3393 1076 3629 1145 legatum
3661 1075 3831 1144 ipsius

2190 1168 2379 1236 jurati,
2450 1167 2854 1222 laudamentum
2912 1173 2966 1221 et
3027 1179 3352 1221 consensum
3410 1165 3830 1233 extorquebant.

2193 1258 2258 1311 Et
2287 1257 2467 1311 missis
2514 1257 2694 1310 statim
2729 1270 2841 1324 prae
2879 1269 2938 1309 se
2970 1255 3024 1308 in
3074 1254 3357 1309 Saxoniam
3405 1253 3470 1308 ad
3505 1253 3833 1309 Roudolfum

2193 1361 2374 1416 regem
2407 1354 2461 1400 et
2506 1345 2572 1400 ad
2621 1353 2856 1400 caeteros
2903 1347 3174 1399 Saxonum
3224 1344 3522 1413 principes,
3573 1356 3674 1398 nec
3727 1357 3835 1398 non

2191 1435 2258 1490 ad
2290 1436 2484 1490 ducem
2543 1433 2845 1489 Welfonem
2892 1441 2947 1488 et
3005 1433 3424 1488 Alemannorum
3479 1432 3739 1488 meliores
3789 1440 3837 1487 et

2192 1526 2428 1592 majores
2473 1523 2687 1592 legatis,
2721 1521 3126 1577 demandabant
3165 1522 3264 1587 eis,
3299 1528 3358 1575 ut
3387 1528 3440 1575 et
3471 1521 3576 1590 ipsi
3603 1522 3673 1576 ob
3707 1535 3835 1576 ean-

2191 1612 2314 1667 dem
2373 1626 2588 1667 causam
2645 1625 2828 1666 secum
2884 1610 3219 1665 tractandam
3267 1610 3334 1665 ad
3381 1610 3752 1665 Friteslariam
3785 1612 3836 1665 in

2193 1702 2451 1757 condicto
2510 1702 2598 1756 die
2651 1701 2754 1756 sibi
2803 1706 3180 1756 occurrerent.
3230 1701 3340 1754 Nec
3370 1712 3542 1767 mora,
3575 1705 3836 1769 percepta

464 1790 567 1845 bus
591 1790 715 1858 jure
762 1787 926 1843 solito
974 1786 1358 1853 subdiderunt,
1418 1789 1802 1857 communique
1850 1787 2504 1859 suﬁragioBhujusmodi
2563 1790 2856 1860 legatione,
2911 1791 3152 1846 Saxones
3208 1803 3331 1844 eum
3388 1802 3516 1859 rege
3563 1802 3664 1843 suo
3699 1803 3839 1857 pra:-

464 1887 518 1934 et
574 1879 923 1933 laudamento
954 1877 1234 1933 dominum
1280 1878 1386 1932 sibi
1417 1884 1470 1932 et
1518 1878 1712 1932 ducem
1744 1891 1889 1933 nunc
1922 1878 2103 1933 denuo

461 1968 938 2025 conﬁrmaverunt.

528 2057 643 2113 lllis
671 2064 848 2112 autem
880 2055 1009 2110 inde
1058 2055 1278 2110 domum
1329 2054 1610 2124 digressis,
1643 2068 1827 2109 comes
1864 2053 2103 2109 Frideri-

457 2162 556 2203 cus
593 2147 841 2202 collectis
898 2144 1278 2212 undecumque
1309 2157 1376 2197 ex
1407 2149 1561 2212 parte
1594 2143 1736 2212 regis
1782 2143 1866 2197 sui
1891 2143 2103 2197 Austri-

455 2236 676 2302 franeis,
730 2235 935 2300 Raetis,
1009 2233 1326 2296 Vindelicis,
1398 2232 1695 2302 Pagoariis,
1765 2239 1819 2286 et
1866 2231 2101 2300 quibusv

456 2339 689 2394 cumque
739 2329 954 2392 poterat
1008 2321 1335 2376 militaribus
1377 2321 1572 2389 copiis,
1625 2327 1680 2375 et
1722 2321 1837 2388 ipse
1889 2321 2094 2375 Ulmam

455 2427 566 2469 non
596 2415 715 2468 sine
747 2411 1014 2482 periculo,
1047 2410 1161 2464 illic
1202 2415 1560 2478 pentecosten
1606 2415 1850 2473 acturus,
1892 2409 2102 2464 invase-

454 2509 539 2557 rat
565 2524 579 2569 ;
611 2509 695 2556 set
723 2501 913 2555 audito
944 2500 1101 2553 ducis
1130 2496 1396 2552 Welfonis
1425 2498 1590 2551 citato
1623 2498 1677 2550 in
1709 2496 1940 2551 eundem
1971 2511 2100 2554 con-

456 2599 540 2644 tra
595 2605 654 2645 se
695 2590 870 2644 locum
922 2587 1109 2642 hostili
1159 2587 1385 2654 impetu,
1437 2586 1524 2640 vix
1573 2593 1904 2654 pernoctans
1960 2586 2094 2654 illic,

455 2693 578 2734 cum
629 2678 805 2732 tribus
853 2677 968 2732 suis
1032 2675 1307 2745 episcopis
1350 2675 1476 2729 inde
1525 2689 1710 2729 secum
1760 2675 2098 2743 proturbatis

453 2782 576 2823 cum
607 2767 881 2822 dedecore
912 2766 1136 2820 timidus
1176 2772 1229 2819 et
1260 2763 1478 2819 inbellis
1519 2763 1641 2820 loco
1699 2764 1949 2818 cedebat.
1983 2766 2098 2818 Dux

451 2858 637 2926 itaque
695 2857 825 2912 illuc
890 2854 1216 2925 ingreditur,
1268 2860 1322 2908 et
1371 2861 1495 2921 post
1543 2852 1821 2922 paululum
1869 2853 2095 2908 obsesso

449 2945 566 3000 illic
598 2946 652 2999 in
695 2945 944 3014 proximo
994 2943 1231 3012 quodam
1277 2942 1587 2996 ﬁrmissimo
1637 2941 1864 2996 castello
1912 2940 2094 3011 (296),

452 3034 521 3087 ad
551 3034 806 3102 injuriam
837 3031 1102 3086 Friderici
1136 3031 1386 3099 praedicti
1417 3031 1540 3098 plus
1569 3044 1730 3098 quam
1762 3030 1898 3084 duas
1927 3031 2099 3085 ebdo-

2187 1880 2362 1949 eeptis
2401 1879 2721 1948 apostolicis
2778 1878 3258 1944 obtedientissimi,
3313 1879 3466 1946 juxta
3535 1877 3683 1947 quod
3751 1877 3840 1932 de-

2188 1967 2498 2023 mandatum
2524 1973 2608 2022 est
2628 1967 2738 2022 illis
2769 1974 3095 2038 peregerant

2257 2058 2372 2111 Dux
2429 2065 2608 2111 autem
2691 2055 2867 2112 Welfo
2925 2057 3222 2126 eaeterique
3289 2055 3358 2110 de
3413 2055 3734 2110 Alemannis
3783 2056 3838 2110 il-

2184 2145 2273 2200 luc
2303 2146 2574 2212 advocati,
2625 2146 2753 2201 dum
2811 2153 2864 2200 et
2935 2146 3040 2214 ipsi
3084 2147 3196 2214 jam
3259 2145 3443 2200 venire
3501 2145 3836 2213 paratissimi

2183 2231 2432 2299 fuissent,
2501 2235 2781 2299 ductores,
2851 2235 2943 2302 qui
3018 2248 3047 2289 a
3115 2248 3243 2303 rege
3314 2234 3568 2288 Heinrico
3627 2233 3701 2288 ad
3756 2249 3840 2289 se-

2184 2339 2375 2379 curum
2433 2324 2656 2379 ductum
2715 2325 2851 2393 ipsis
2907 2325 3171 2379 nominati
3229 2332 3378 2390 sunt,
3437 2324 3504 2378 ab
3561 2337 3630 2378 eo
3670 2324 3842 2379 solita

2182 2414 2300 2478 ejus
2350 2411 2666 2480 perﬁdaque
2718 2412 2976 2466 vecordia
3030 2412 3255 2466 retracti
3313 2418 3461 2478 sunt,
3505 2425 3572 2466 ne
3603 2412 3674 2466 ad
3708 2426 3843 2468 con-

2181 2498 2385 2553 dictum
2417 2513 2513 2554 eos
2563 2499 2966 2568 perduxissent.
3027 2499 3332 2555 Saxonibus
3388 2513 3609 2569 quoque
3639 2501 3841 2556 eadem

2181 2588 2406 2656 perﬁdia
2454 2588 2677 2644 molitus
2725 2588 2972 2655 insidias,
3006 2589 3133 2642 dum
3192 2596 3247 2643 et
3303 2588 3409 2657 ipsi
3468 2590 3660 2657 patria:
3724 2605 3842 2644 suae

2181 2678 2316 2731 ﬁnes
2371 2678 2576 2747 egressi
2635 2679 2827 2748 legatis
2890 2677 3212 2747 apostolicis
3267 2679 3650 2743 occurrebant,
3728 2694 3842 2735 non
3885 2663 3890 2668 ’

2179 2778 2385 2833 paucos
2435 2767 2749 2821 militarium
2799 2768 3078 2836 copiarum
3146 2780 3353 2822 cuneos
3407 2767 3475 2821 de
3531 2768 3766 2822 Boemia
3812 2782 3843 2821 a

2180 2860 2334 2923 tergo
2392 2857 2473 2910 eis
2530 2856 2832 2922 inmiserat,
2889 2857 2981 2925 qui
3037 2856 3304 2910 terminos
3356 2855 3574 2911 illorum
3631 2858 3844 2912 irrum-

2181 2950 2375 3011 pentes
2430 2959 2494 2998 ac
2523 2945 2890 3010 devastantes,
2924 2959 3085 3002 manu
3117 2945 3447 3013 praedatoria
3477 2944 3840 3014 diripientes,

2178 3045 2382 3099 eosque
2432 3033 2708 3088 hostiliter
2753 3033 3085 3088 omnimodis
3123 3034 3498 3089 molestarent.
3549 3039 3707 3101 Quos
3740 3043 3844 3091 ta—

452 3121 640 3176 madas
669 3121 820 3175 illum
874 3120 1077 3174 ibidem
1108 3119 1212 3173 sibi
1245 3133 1423 3188 pugna
1471 3132 1891 3189 congressurum
1921 3120 2156 3179 audaxC
2180 3133 2323 3187 men,
2378 3121 2520 3177 malo
2551 3136 2650 3177 suo
2700 3123 2828 3177 dum
2877 3123 3152 3177 mareham
3201 3123 3280 3178 sic
3320 3124 3653 3190 invaserant,
3692 3140 3844 3180 mar-

452 3211 617 3265 nimis
645 3217 700 3264 et
729 3207 1026 3264 bellicosus
1055 3207 1404 3277 praestolatus
1450 3213 1553 3273 est,
1604 3207 1782 3262 donec
1812 3207 2092 3262 machina-

452 3299 651 3355 mentis
680 3297 948 3353 balistieis
985 3311 1108 3366 qua:
1156 3309 1455 3365 mangones
1486 3295 1884 3360 theutonizant,
1921 3303 2093 3351 totum

451 3388 622 3443 diruit
661 3387 990 3456 expugnavit
1019 3393 1074 3440 et
1101 3384 1369 3449 incendit,
1404 3383 1843 3453 castellanosque
1901 3398 2092 3440 omnes

449 3479 568 3534 sine
608 3477 854 3546 qualibet
883 3474 1200 3531 conditione
1237 3473 1306 3528 ad
1337 3473 1673 3528 deditionem
1730 3474 1837 3528 sibi
1881 3481 2092 3530 coarta—

446 3568 542 3622 vit.
574 3565 890 3622 Fridericus
925 3569 1106 3619 autem
1145 3562 1492 3632 congregatis
1529 3562 1784 3618 omnibus
1813 3563 1907 3632 qui
1939 3569 2089 3619 tanto

445 3665 693 3726 tempore
740 3654 1253 3724 quomodocumque
1305 3660 1559 3721 poterant
1606 3651 1692 3719 ’97,
1723 3659 1778 3707 et
1807 3651 2000 3708 videns
2030 3667 2088 3707 se

447 3746 573 3801 duci
622 3745 690 3799 ad
755 3742 1222 3814 congrediendum
1289 3741 1435 3796 bello
1492 3741 1669 3796 adhuc
1711 3741 1871 3811 longe
1929 3742 2090 3796 nimis

445 3836 712 3903 inparem,
747 3847 869 3887 eum
927 3831 1200 3887 dedecore
1265 3845 1366 3886 suo
1423 3844 1531 3886 non
1589 3830 1814 3885 minimo
1871 3831 1986 3885 suis
2032 3831 2089 3884 in

446 3922 661 3976 diversa
710 3920 1071 3984 vertentibus,
1148 3919 1495 3974 tristissimus
1568 3919 1908 3974 returnabat.
1993 3921 2088 3973 llis

447 4025 668 4080 quoque
726 4018 851 4080 post
900 4008 1206 4078 pascalibus
1238 4008 1433 4063 diebus
1463 4007 1790 4063 Bertholdus
1820 4008 2084 4075 marchie,

445 4100 604 4157 ducis
648 4097 927 4153 Bertholdi
984 4097 1146 4163 ﬁlius,
1191 4081 1514 4166 spectabilis.
1554 4096 1894 4166 multumque
1951 4097 2088 4151 libe-

444 4189 575 4244 ralis
632 4187 975 4253 adolescens,
1059 4195 1114 4240 et
1183 4183 1469 4240 omnifaria
1526 4199 1736 4240 morum
1795 4185 2084 4240 honestate

440 4285 704 4334 strennue
753 4291 811 4332 se
860 4283 914 4331 et
961 4277 1095 4330 satis
1148 4275 1389 4330 virtuose
1447 4288 1633 4345 agens,
1695 4287 1922 4364 uxt‘rem
1977 4274 2083 4328 sibi

439 4369 655 4438 accepit
717 4370 998 4437 Agnetem,
1053 4365 1306 4420 Roudolﬁ
1364 4365 1511 4435 regis
1567 4364 1752 4429 ﬁliam,
1805 4371 1859 4418 et
1908 4364 2081 4433 ipsam

2177 3209 2458 3264 chionales
2487 3218 2680 3266 turmae
2719 3211 2773 3266 in
2821 3225 2985 3266 unum
3047 3211 3316 3278 collectae,
3365 3212 3591 3268 incursu
3623 3213 3843 3270 bellico

2175 3298 2496 3368 proﬂigatos
2527 3302 2722 3369 partim
2771 3299 3182 3366 interfecerant,
3225 3303 3423 3369 partim
3449 3302 3625 3358 victos
3657 3319 3842 3373 cepe-

2176 3392 2298 3440 rant
2345 3394 2547 3455 przeter
2594 3401 2734 3457 quos
2782 3388 2906 3459 fuga
2958 3389 3094 3458 ipsis
3147 3389 3505 3458 paucissimos
3542 3405 3716 3460 quam
3749 3394 3844 3447 vix

2175 3475 2498 3545 diripuerat.

2243 3567 2428 3635 Legati
2475 3580 2605 3621 vero
2667 3567 2956 3636 apostolici
3014 3566 3571 3623 honoriﬁcentissime
3619 3582 3656 3622 a
3697 3570 3846 3626 Mo-

2171 3654 2400 3723 gontino
2452 3655 2872 3725 archiepiscopo
2930 3657 3257 3726 caeterisque
3304 3656 3559 3711 omnibus
3608 3663 3669 3711 et
3721 3673 3848 3714 ma-

2167 3743 2381 3811 jorilms
2436 3751 2491 3798 et
2546 3745 2851 3800 minoribus
2909 3744 3053 3813 apbd
3109 3743 3478 3799 Friteslariam
3525 3749 3845 3815 acceptati,

2171 3845 2387 3886 causam
2455 3839 2512 3887 et
2566 3834 2835 3890 rationem
2881 3834 2965 3888 sui
3017 3833 3282 3888 adventus
3341 3833 3516 3902 palam
3565 3837 3848 3892 omnibus

2169 3920 2329 3975 simul
2356 3922 2696 3989 aperiebant,
2725 3921 2952 3977 salutem
2983 3930 3038 3977 et
3065 3922 3425 3992 apostolicam
3474 3922 3846 3981 benedictio-

2169 4022 2292 4063 nem
2361 4010 2530 4078 pacis,
2601 4011 2852 4078 justitiae,
2934 4015 2988 4065 et
3062 4010 3414 4066 oboedientiae
3480 4014 3850 4069 amatoribus

2169 4097 2545 4153 enuntiabant.
2583 4099 2678 4154 His
2707 4099 3045 4169 gratulanter
3091 4099 3314 4166 auditis,
3363 4101 3637 4154 Saxonum
3678 4103 3849 4171 prin-

2169 4190 2322 4254 eipes
2351 4201 2473 4241 eum
2505 4201 2633 4258 rege
2662 4202 2762 4243 suo
2802 4201 2905 4244 nec
2936 4201 3045 4244 non
3076 4202 3190 4244 suze
3239 4189 3414 4257 partis
3452 4192 3850 4246 communiter

2170 4275 2458 4343 universis,
2509 4278 2578 4332 ad
2628 4292 2815 4346 pacem
2863 4278 3125 4333 indictam
3173 4277 3612 4342 custodiendam,
3666 4287 3724 4335 et
3760 4281 3845 4335 ad

2167 4367 2303 4420 tanti
2335 4366 2549 4422 dissidii
2589 4375 2644 4422 et
2671 4369 2963 4424 seditionis
3017 4382 3236 4423 causam
3269 4369 3417 4437 juste
3476 4375 3531 4423 et
3585 4375 3846 4426 senten-

438 4458 733 4514 admodum
781 4458 836 4511 in
884 4456 998 4510 suis
1043 4455 1298 4510 omnibus
1345 4467 1456 4509 non
1503 4453 1683 4508 minus
1719 4453 1916 4508 marito
1947 4445 2369 4508 vir-Dtialiter
2397 4456 2827 4523 examinandam,
2879 4463 2934 4511 et
2963 4456 3224 4526 colloquii
3255 4456 3581 4511 sententiam
3623 4461 3844 4514 statuti

437 4556 649 4604 11105301
659 4590 671 4602 .

510 4635 813 4691 Praedictus
857 4639 1038 4689 autem
1095 4632 1404 4702 patriarcha
1434 4632 1731 4701 czeterique
1761 4631 1912 4686 sedis
1939 4645 2079 4700 apo—

436 4725 648 4782 stolica:
699 4723 863 4793 legati
897 4721 1078 4793 (207),
1132 4735 1232 4791 per
1276 4721 1500 4776 nuntios
1529 4734 1670 4789 quos
1699 4720 2077 4788 praamiserant

437 4821 491 4869 et
514 4815 973 4882 Osniburgensem
1031 4810 1349 4879 episcopum
1395 4809 1540 4880 regis
1578 4809 1820 4864 lleinrici
1850 4821 2078 4876 respon-

2162 4541 2561 4598 observandum
2601 4558 2661 4598 se
2700 4558 2800 4612 per
2829 4543 3011 4600 omnia
3068 4544 3270 4599 domno
3328 4557 3484 4613 papae
3514 4544 3845 4601 oboedien-

2161 4631 2404 4685 tissimos
2459 4634 2576 4686 tore
2635 4633 2925 4700 protestati
2981 4639 3146 4698 sunt;
3181 4646 3246 4687 eo
3303 4639 3484 4687 autem
3541 4641 3735 4702 pacto,
3782 4638 3843 4690 si

2163 4734 2288 4788 pars
2325 4720 2634 4775 adversaria
2663 4722 2718 4775 in
2749 4721 2804 4777 id
2835 4722 3034 4791 ipsum,
3086 4721 3228 4776 datis
3262 4735 3293 4775 a
3331 4735 3390 4775 se
3430 4722 3682 4790 utrisque
3715 4725 3849 4779 ob-

2160 4808 2371 4864 sidibus
2446 4809 2756 4879 mutuisque
2824 4809 3184 4880 jurisjurandi
3259 4810 3615 4866 ﬁrmamentis
3690 4817 3843 4881 pari

1785 4996 2008 5052 VAerE
2063 4995 2345 5051 LECTION
2350 4996 2444 5051 ES.

505 5131 566 5162 ¹⁹τ
598 5128 751 5201 potat
779 5130 833 5184 2.

2002 5242 2218 5299 NOTAE.

509 5410 643 5479 (204)
681 5411 779 5465 tibi
828 5410 1048 5466 familiae
1088 5409 1252 5480 hujus
1281 5409 1615 5465 mausoleum
1649 5402 1897 5480 erathuti
1927 5401 2072 5472 apud

430 5485 489 5537 C.
519 5477 841 5538 ‘Gerbertum
891 5484 958 5537 de
1004 5477 1296 5551 Rudelpho
1353 5481 1673 5536 anticaesare
1731 5477 1914 5532 videre
1968 5481 2070 5530 est.

431 5555 643 5694 ιΞείέοὸ)
676 5623 1049 5680 Bcrtholdum.

2229 5399 2365 5475 (ξρβ)
2400 5403 2650 5475 Fortasse
2681 5405 2987 5475 Kirehberg
3015 5411 3108 5460 aut
3139 5401 3527 5475 Erbach._Uss.

2161 5542 2170 5552 _
2201 5468 2378 5552 '(207)
2407 5473 2475 5529 cf.
2511 5476 2791 5552 Hugonem
2824 5468 3027 5552 Elavi'n.
3073 5481 3126 5530 et
3155 5473 3414 5552 Gregorii
3439 5468 3706 5552 epistolas
3749 5473 3854 5529 ad

2157 5542 2311 5616 ipsos
2349 5544 2555 5616 legatos
2593 5541 2648 5602 et
2703 5549 2769 5602 ad
2835 5550 3150 5603 Germanos.
3205 5541 3326 5600 Uss.
3378 5541 3630 5612 Gregorq
3661 5541 3852 5613 Reg.

2159 5629 2254 5683 vn,
2287 5613 2353 5682 3;
2389 5613 2555 5673 Μείηεὶ
2583 5619 2693 5686 XX,
2725 5617 2850 5672 289.
