4014 6176
227 293 318 350 433

1520 287 1842 345 ANNALES.
1885 315 1953 326 —
1991 284 2101 341 AN.
2148 282 2303 340 10⁵79.

3445 289 3551 349 434

223 427 335 476 voto
394 416 748 473 consentiret.
816 415 988 472 Aliter
1052 425 1285 482 namque
1352 427 1460 471 non
1536 414 1819 469 maximam
1840 409 2058 475 Asoria
2123 410 2566 481 querimoniosus
2629 411 2999 482 proclamavit,
3051 418 3106 470 et
3135 419 3195 472 ut
3222 418 3553 478 Roudolfum

221 509 363 563 ﬁdem
400 507 452 560 in
491 519 674 575 regem
733 503 1045 559 Heinricum
1103 505 1328 571 ejusque
1385 501 1685 556 tantotiens
1739 514 1830 554 ex-

221 603 407 666 pertam
430 593 709 661 perﬁdiam
744 600 799 647 et
836 591 1144 647 vecordiam
1184 604 1242 644 se
1279 590 1566 644 habituros
1601 587 1831 657 professi

217 689 347 739 sunt.
378 711 447 721 —
477 681 788 737 Patriarcha
835 688 1015 736 autem
1064 681 1359 750 caeterique
1409 679 1553 749 regis
1581 676 1644 708 ³⁸⁸
1671 678 1834 732 iami-

217 772 382 835 liares,
441 785 582 840 quos
642 771 805 840 legati
862 770 1151 840 apostolici
1209 771 1265 824 in
1313 783 1413 824 suo
1462 769 1524 800 '9’
1570 769 1831 824 comitatu

215 873 381 914 secum
434 860 797 924 adduxerant,
851 859 1161 928 hujusmodi
1229 866 1444 928 pactum
1509 859 1664 928 quasi
1720 872 1830 912 non

213 948 564 1002 necessarium
635 948 728 1002 diu
796 948 1131 1016 multumque
1196 955 1533 1014 recusantes,
1610 947 1832 1002 laudare

211 1035 507 1090 noluerant.
540 1037 762 1091 Demum
791 1050 921 1090 vero
951 1051 1073 1091 cum
1104 1037 1333 1107 legatos,
1383 1038 1653 1091 Saxonum
1703 1049 1831 1090 sen-

209 1125 382 1180 tentiae
403 1132 594 1194 utpote
622 1126 978 1194 probabiliori
1007 1126 1185 1181 favere
1216 1127 1698 1195 persentiscerent,
1725 1138 1830 1180 non

208 1214 419 1268 multum
488 1215 948 1280 contradicentes,
1012 1215 1290 1270 dominum
1354 1230 1511 1270 suum
1590 1215 1834 1284 quamvis

206 1301 559 1372 refragantem
591 1305 657 1358 ad
689 1304 794 1359 hoc
842 1311 1057 1372 pactum
1091 1319 1150 1359 se
1180 1313 1473 1360 coacturos
1520 1305 1658 1370 fore,
1707 1304 1832 1358 ﬁcta

206 1398 255 1445 et
307 1392 529 1447 vecordi
588 1392 987 1461 pollicitatione
1048 1393 1462 1462 proﬁtebantur.
1509 1396 1579 1448 Ea
1619 1395 1831 1448 ratione

203 1480 434 1534 Saxones
466 1481 724 1550 legationi
754 1482 1072 1550 apostolica:
1111 1483 1279 1549 sedis,
1311 1485 1355 1538 si
1389 1484 1540 1552 pacis
1577 1491 1632 1537 et
1667 1496 1830 1537 secu-

203 1566 370 1621 ritatis
419 1567 755 1624 ﬁrmitudine
815 1570 933 1624 ﬁeri
990 1577 1195 1646 posset,
1249 1585 1307 1626 se
1365 1585 1488 1625 cum
1545 1585 1672 1640 rege
1731 1582 1830 1624 suo

200 1656 539 1712 oboedientes
567 1657 780 1713 futuros
828 1673 926 1728 per
967 1660 1148 1713 omnia
1197 1660 1574 1715 subdiderant.
1626 1660 1831 1714 Dehinc

1915 513 2036 554 cum
2102 500 2217 554 suis
2272 501 2526 556 omnibus
2569 504 2914 558 auctoritatis
2961 505 3281 573 apostolicae
3331 511 3555 565 anathe-

1915 595 2056 642 mate
2086 587 2253 658 digno
2285 590 2668 658 percellerent,
2724 592 2856 646 satis
2893 607 3167 662 superque
3215 593 3550 664 efflagitavit.

1913 675 2187 745 Multaque
2217 678 2270 731 id
2301 692 2475 748 genus
2511 679 2977 746 adinventionum,
3030 683 3550 754 accusationumque

1913 762 2292 831 clamosarum,
2327 774 2411 821 set
2440 781 2549 822 non
2581 775 2640 823 ut
2669 768 2841 824 fertur
2869 785 2936 825 ex
2965 774 3112 826 omni
3147 777 3298 840 parte
3330 771 3554 828 idonea-

1914 866 2032 906 rum
2082 857 2515 925 excogitamenta
2567 859 2682 927 ipse
2720 874 2842 914 cum
2891 861 3005 915 suis
3050 861 3304 916 omnibus
3349 862 3551 917 tumul-

1915 947 2068 996 tuosa
2101 943 2262 997 nimis
2298 945 2642 1000 animositate
2669 948 2997 1016 inportunus
3026 949 3137 1003 illic
3166 956 3250 1004 set
3279 963 3387 1004 non
3417 964 3548 1005 sen-

1915 1032 2148 1087 tentiose
2180 1034 2582 1098 concinnabat;
2626 1050 2683 1090 se
2714 1051 2934 1107 quoque
2982 1038 3299 1108 apostolicae
3343 1041 3552 1096 delibe-

1915 1120 2112 1174 rationi
2144 1120 2440 1186 obmdisse,
2471 1122 2816 1179 adversarios
2843 1133 3023 1181 autem
3053 1142 3182 1183 suos
3211 1129 3554 1184 inobmdien-

1915 1208 2006 1262 tiae
2038 1209 2318 1263 convictos
2349 1208 2486 1276 fore,
2520 1217 2574 1264 et
2605 1211 2657 1265 in
2697 1213 2802 1268 hoc
2846 1217 3396 1272 excommunicationi
3427 1219 3555 1273 sub-

1917 1311 2058 1358 esse,
2136 1297 2413 1352 liberrime
2487 1300 2741 1365 asseruit,
2812 1307 3106 1372 reatusque
3183 1306 3557 1374 probamentis

1916 1383 2409 1455 inrefragabilibus.
2471 1389 2690 1442 Demum
2739 1403 2868 1443 vero
2915 1393 3234 1459 apostolicae
3282 1395 3431 1449 sedis
3479 1395 3557 1450 le-

1914 1473 2044 1540 gati,
2076 1475 2272 1540 spiritu
2303 1474 2571 1528 libertatis
2610 1489 2718 1530 non
2750 1483 2808 1530 ut
2844 1476 2907 1506 ³⁰²
2946 1481 3255 1546 oportuerit
3284 1483 3551 1548 roborati,

1913 1575 1972 1614 se
2005 1576 2103 1629 pro
2135 1576 2268 1630 pace
2297 1564 2677 1631 componenda
2708 1579 2918 1634 proque
2962 1567 3050 1622 die
3099 1567 3332 1638 locoque
3379 1571 3552 1625 collo-

1914 1651 2048 1718 quii,
2073 1665 2181 1706 non
2212 1651 2522 1719 hujusmodi
2551 1659 2752 1719 autem,
2784 1661 2868 1708 set
2897 1657 3057 1723 quale
3089 1658 3275 1712 Romae
3296 1673 3325 1712 a
3346 1659 3550 1715 domno

199 1745 280 1800 die
309 1752 363 1800 et
395 1746 520 1801 loco
558 1719 842 1816 colloquii.
871 1748 1108 1803 habendi
1158 1749 1301 1817 apud
1362 1749 1827 1818 llerbipolitanam
1847 1719 1895 1777 B
1915 1753 2052 1807 Pal)a
2082 1739 2362 1794 decretum
2399 1748 2501 1805 θεῖν
2545 1719 2963 1808 consumendi—5»
2993 1749 3048 1798 et
3078 1751 3137 1798 ιη
3173 1744 3236 1774 ⁸⁰³
3264 1746 3344 1799 Sic
3375 1746 3548 1814 Partis

199 1834 377 1888 urbem
417 1836 491 1889 ab
521 1836 768 1905 utrisque
799 1837 1091 1902 condictis,
1142 1838 1197 1892 bi
1236 1839 1546 1902 Saxoniam,
1599 1839 1687 1892 isti
1735 1851 1830 1892 au-

197 1929 296 1977 tem
326 1939 453 1979 cum
486 1925 680 1995 legatis
717 1927 1036 1995 apostolicis
1083 1928 1150 1981 ad
1204 1928 1483 1982 dominum
1529 1941 1684 1982 suum
1736 1941 1827 1983 re-

195 2013 443 2068 meabant
471 2013 796 2070 festinanter
825 2015 1198 2084 Ratisponam.

258 2101 378 2169 lpse
411 2109 616 2169 autem,
650 2103 775 2158 ﬁdei
816 2111 1032 2171 pactum
1089 2105 1237 2174 quod
1291 2104 1652 2160 condixerant
1699 2106 1828 2160 dum

192 2188 632 2254 einotiﬁcarent,
674 2193 843 2248 corde
889 2194 1167 2263 verboque
1219 2196 1485 2263 pertinaci
1535 2195 1829 2264 parvipen-

187 2275 340 2343 dens,
387 2279 676 2348 paciﬁcum
729 2282 1138 2350 propitiumque
1183 2296 1242 2337 se
1301 2282 1413 2336 illis
1459 2283 1829 2338 exhibiturum

185 2363 299 2420 fore
336 2368 414 2422 ob
457 2369 642 2424 domni
692 2384 847 2438 papae
894 2371 1161 2426 honorem
1211 2372 1418 2440 pariter
1465 2378 1519 2426 et
1564 2385 1827 2438 amorem,

180 2454 262 2507 vix
292 2455 368 2508 ab
412 2456 496 2509 eis
533 2456 866 2511 constrictus
907 2457 1284 2525 proﬁtebatur,
1337 2465 1420 2512 set
1466 2459 1511 2512 si
1560 2459 1626 2512 ad
1668 2459 1829 2513 dedi-

178 2543 396 2597 tionem
463 2544 566 2598 sibi
632 2544 858 2600 indilate
921 2559 1212 2600 occurrere
1271 2553 1325 2600 et
1380 2546 1655 2600 humiliari
1719 2560 1830 2601 non

174 2631 584 2686 detractarent.
643 2635 827 2701 anue
885 2633 1202 2688 conditione
1268 2633 1624 2702 colloquium,
1685 2634 1831 2702 quod

177 2720 371 2774 Romae
407 2721 465 2773 in
497 2722 710 2790 synodo
758 2736 788 2776 a
833 2721 1011 2792 legato
1051 2736 1152 2777 suo
1193 2723 1453 2791 juratum,
1505 2729 1560 2776 et
1607 2736 1832 2777 excom-

178 2809 581 2863 municationis
610 2809 938 2864 auctoritate
969 2823 999 2862 a
1032 2809 1197 2864 nullis
1218 2811 1452 2878 partium
1475 2815 1832 2878 utrarumque

183 2897 444 2966 personis
472 2911 582 2953 non
615 2899 778 2954 modo
808 2912 918 2953 non
951 2899 1228 2968 impediri,
1261 2900 1392 2968 quin
1434 2901 1619 2967 potius
1647 2900 1830 2954 omni-

182 2987 360 3042 modis
412 2987 695 3042 observari
751 2987 1031 3042 decretum
1090 2996 1193 3051 est,
1241 3003 1300 3043 se
1353 3003 1474 3042 cum
1526 2989 1831 3043 Saxonibus

183 3073 502 3130 habiturum
535 3076 827 3143 laudabat;
867 3077 1028 3131 aliter
1063 3083 1243 3131 autem
1277 3091 1640 3146 nequaquam.
1673 3077 1827 3143 Quod

181 3177 298 3218 cum
351 3165 690 3234 primatibus
736 3167 1006 3220 Saxonum
1060 3165 1593 3234 Alemannorumque
1659 3172 1830 3220 crete-

184 3252 363 3321 risque
386 3253 514 3308 suis
534 3253 1000 3308 commilitonibus
1028 3261 1366 3323 compertum
1397 3253 1609 3320 fuisset,
1643 3267 1832 3323 quam-

181 3354 334 3409 quam
376 3342 451 3396 ad
517 3342 828 3397 condictum
883 3342 1216 3412 colloquium
1263 3344 1373 3412 jam
1429 3350 1832 3398 consentaneos

181 3442 234 3482 se
264 3431 480 3486 domno
515 3431 820 3500 apostolico
870 3431 1214 3497 exhiberent,
1246 3437 1379 3486 tunc
1427 3431 1588 3486 simul
1639 3445 1831 3486 omnes

183 3519 526 3585 pertinacem
578 3520 721 3590 regis
752 3521 1010 3575 'Heinrici
1058 3520 1367 3575 vecordiam
1421 3519 1827 3585 commirantes,

181 3615 230 3660 et
259 3617 653 3666 contumacem
683 3610 1132 3665 inobmdientiam
1164 3609 1520 3673 detestantes,
1552 3608 1828 3663 sollicitu-

182 3697 331 3754 dines
364 3700 847 3768 necessitatesque
877 3713 1004 3752 suas
1055 3700 1196 3753 Deos
1245 3711 1343 3766 per
1370 3697 1433 3728 ⁸⁰⁰
1463 3697 1643 3751 omnia
1684 3709 1832 3750 com-

181 3791 514 3845 mendantes
543 3789 688 3843 domi
721 3789 1052 3843 unanimiter
1079 3802 1136 3842 se
1176 3787 1580 3842 continuerant.

1913 1828 2198 1896 utriusque
2237 1829 2626 1884 oboedientiam
2665 1830 2959 1901 diligenter
2997 1833 3389 1898 examinarent,
3427 1849 3547 1888 exa-

1913 1915 2276 1986 minatamque
2304 1916 2373 1972 ad
2402 1918 2586 1973 sedem
2617 1919 2969 1987 apostolicam
3001 1921 3398 1987 renuntiarent,
3424 1923 3554 1977 mis-

1911 2019 2003 2060 sos
2031 2005 2198 2061 fuisse
2235 2007 2465 2076 professi
2503 2015 2670 2074 sunt;
2706 2023 2874 2077 seque
2922 2022 3032 2063 non
3079 2011 3248 2076 solos,
3296 2017 3381 2066 set
3426 2025 3548 2065 cum

1911 2094 2034 2148 aliis
2072 2095 2186 2150 suis
2215 2110 2356 2163 quos
2385 2095 2620 2151 domnus
2667 2111 2806 2165 papa
2857 2098 3232 2162 destinaverit,
3287 2100 3551 2168 deinceps

1912 2183 2129 2238 idoneis
2158 2184 2442 2252 collegatis
2469 2185 2536 2238 ad
2568 2185 2713 2239 illam
2753 2199 2912 2254 quam
2962 2193 3092 2241 tunc
3139 2188 3552 2256 expostularent

1913 2273 2245 2327 seditionum
2277 2280 2330 2328 et
2369 2273 2684 2341 praeliorum
2735 2288 2950 2328 causam
2993 2276 3140 2343 juste
3188 2276 3549 2331 dirimendam

1913 2361 1976 2392 ³⁰¹⁶
2014 2361 2231 2430 judices
2264 2363 2596 2426 nominatos,
2629 2362 2793 2417 modo
2823 2376 2932 2416 non
2965 2370 3165 2428 autem,
3207 2371 3292 2418 set
3337 2363 3552 2418 futuros

1913 2450 2030 2505 fore
2061 2450 2384 2519 dispositos,
2427 2451 2514 2504 his
2563 2450 2656 2518 qui
2695 2465 2753 2505 se
2793 2451 3092 2505 tantotiens
3143 2451 3555 2507 inclamitabant

1913 2541 1976 2572 ³⁰⁵
2032 2541 2317 2608 protestati
2373 2546 2520 2595 sunt.
2580 2541 2768 2608 quue
2825 2540 3204 2609 responsionis
3254 2540 3552 2597 artiﬁcioso

1917 2629 2081 2683 modo
2111 2630 2199 2682 vix
2228 2643 2286 2683 se
2316 2629 2383 2683 ab
2413 2629 2834 2684 inclamantibus
2880 2635 2935 2683 et
2982 2629 3440 2685 tumultuantibus
3488 2630 3554 2685 li-

1917 2718 2218 2781 berabant;
2252 2718 2488 2772 scientes
2518 2731 2618 2786 pro
2649 2725 2800 2772 certo
2841 2731 3021 2786 regem
3067 2718 3379 2773 Heinricum
3429 2733 3550 2774 cum

1916 2807 2303 2862 consentaneis
2341 2807 2594 2860 omnibus
2639 2806 2772 2869 suis,
2825 2806 3087 2874 colloquii
3133 2806 3202 2860 ab
3251 2807 3552 2875 apostolica

1917 2895 2241 2950 auctoritate
2273 2895 2459 2949 statuti
2490 2908 2598 2950 non
2631 2895 2795 2949 modo
2826 2907 2935 2948 non
2966 2894 3396 2960 observatorem,
3418 2896 3550 2964 quin

1918 2985 2102 3053 potius
2131 2983 2477 3038 temerarium
2508 2983 2892 3051 impeditorem
2924 2983 3218 3047 exstitisse,
3259 2990 3315 3038 et
3351 2985 3407 3038 in
3446 2984 3553 3039 hoc

1915 3074 2244 3128 anathemati
2275 3087 2334 3128 se
2362 3071 2667 3141 apostolico
2697 3071 2873 3140 palam
2903 3086 3022 3125 cum
3055 3073 3169 3126 suis
3191 3072 3556 3141 complicibus

1914 3164 2314 3227 substravisse;
2360 3177 2460 3218 nec
2502 3175 2610 3216 non
2641 3162 2820 3231 ipsum
2872 3163 3163 3230 praesentis
3204 3164 3401 3233 synodi
3437 3179 3551 3220 suae

1914 3252 2268 3308 simulatoriae
2301 3251 2476 3307 locum
2519 3265 2639 3305 cum
2673 3251 2871 3305 incolis
2899 3251 3177 3320 suisjusto
3201 3255 3311 3319 jam
3338 3253 3550 3321 judicio
3636 3305 3643 3311 .

1913 3342 1981 3395 ab
2021 3342 2283 3410 episcopo
2333 3354 2433 3394 suo
2490 3339 2744 3394 similiter
2791 3338 3102 3393 damnatum
3153 3339 3340 3402 fuisse,
3383 3355 3552 3409 seque

1912 3432 2065 3498 ipsos
2103 3431 2188 3484 his
2227 3430 2482 3484 omnibus
2513 3435 2702 3483 contra
2735 3427 2816 3480 fas
2853 3434 2907 3481 et
2926 3429 3016 3494 jus
3054 3429 3378 3481 canonicum
3411 3429 3554 3495 peri-

1913 3519 2098 3574 culose
2138 3519 2271 3573 satis
2298 3516 2749 3572 communicasse.

1984 3608 2072 3661 Sic
2110 3604 2567 3661 anathematicum
2604 3603 2711 3656 hoc
2757 3599 3050 3654 concilium
3100 3601 3550 3669 tergiversatione

1912 3696 2134 3751 vecordi
2167 3701 2278 3748 tum
2310 3691 2693 3747 execrabiliter
2723 3690 3016 3752 initiatum,
3045 3696 3157 3743 tum
3189 3689 3552 3745 execrabilius

1915 3786 2125 3840 ﬁnitum
2171 3781 2352 3852 (209),
2393 3779 2647 3835 turbidus
2684 3778 2817 3833 satis
2854 3785 2908 3832 et
2944 3777 3223 3832 animosus
3261 3779 3551 3834 Heinricus

247 3880 366 3947 ipse
409 3884 603 3933 autem
638 3877 1020 3945 undecumque
1061 3889 1169 3930 non
1219 3874 1449 3930 modicis
1495 3889 1609 3929 suae
1660 3875 1832 3943 partis
1916 3889 2031 3937 rex,
2072 3870 2366 3939 assumptis
2402 3881 2585 3923 secum
2627 3867 2819 3936 legatis
2856 3865 3196 3935 apostolicis,
3247 3867 3548 3922 exercitum

182 3966 577 4036 episcoporum
599 3973 1035 4033 caeterorumque
1067 3963 1392 4032 complicum
1436 3977 1660 4018 suorum
1693 3977 1836 4018 con-
1915 3977 2076 4032 quem
2107 3960 2170 3991 ⁸⁰⁶
2207 3974 2318 4015 non
2367 3957 2698 4013 mediocrem
2747 3956 3130 4024 undecumque
3179 3962 3547 4020 contraxerat,

182 4057 363 4111 tractis
395 4055 608 4125 copiis,
650 4055 716 4109 ad
767 4053 1081 4123 praedictam
1131 4053 1405 4107 civitatem
1454 4051 1623 4120 (208),
1675 4067 1738 4106 ac
1785 4053 1832 4107 si
1915 4053 1971 4106 in
2010 4053 2251 4106 Saxones
2289 4047 2563 4103 hostiliter
2592 4045 2956 4101 devastandos
2995 4045 3282 4100 temerarie
3324 4046 3549 4101 multum

181 4157 273 4210 per
301 4146 409 4201 hoc
463 4143 782 4213 apostolico
813 4157 871 4196 se
910 4141 1297 4206 excusabilem,
1334 4141 1677 4195 anathemate
1708 4156 1833 4209 per-
1915 4141 2115 4196 abhinc
2147 4139 2467 4193 dimoverat.
2499 4138 2792 4205 Comperto
2831 4140 3008 4189 autem
3051 4141 3157 4189 tam
3206 4135 3424 4194 hostilis
3471 4137 3554 4189 in-

177 4233 414 4304 juriique
475 4240 638 4288 reatu
698 4233 970 4286 inmunem
1027 4230 1087 4260 ³⁰¹
1147 4235 1334 4299 posset
1389 4229 1627 4295 efﬁcere,
1685 4231 1831 4285 circa
1915 4227 2191 4284 cursionis
2228 4228 2282 4280 in
2322 4239 2381 4279 se
2438 4238 2675 4292 suosque
2734 4224 2960 4291 impetu,
3003 4222 3307 4277 Roudolfus
3365 4237 3457 4278 rex
3498 4224 3550 4278 in

179 4332 378 4380 sanctae
422 4323 618 4379 Maria:
645 4321 1071 4390 assumptionem
1098 4333 1221 4374 cum
1260 4319 1453 4388 legatis
1489 4319 1828 4388 apostolicis,
1852 4321 2029 4412 DDeo
2060 4319 2287 4386 ejusque
2329 4313 2679 4368 miseratione
2709 4311 2770 4340 ³⁰⁷
2802 4312 3040 4365 conﬁsus
3078 4318 3133 4365 et
3163 4311 3556 4408 corroboratus

183 4419 232 4464 et
260 4413 419 4481 ipsis,
456 4417 527 4468 ut
557 4412 728 4476 aiunt,
752 4409 1072 4465 muneribus
1093 4409 1287 4477 partim
1310 4409 1604 4476 corruptis,
1635 4410 1829 4477 partim
1853 4397 1899 4412 ν
1920 4406 2138 4471 ﬁducia,
2179 4410 2234 4458 et
2271 4403 2390 4472 ipse
2420 4415 2529 4456 non
2560 4399 2833 4454 modicum
2883 4411 3044 4466 quem
3095 4397 3341 4452 studiose
3379 4398 3555 4451 colle-

183 4509 322 4556 metu
393 4502 681 4569 minisque
747 4499 1062 4562 contractis,
1132 4502 1187 4551 et
1250 4496 1552 4562 blanditiis,
1620 4495 1836 4550 astutiis
1918 4499 2070 4563 gerat
2127 4505 2239 4546 sua;
2297 4489 2508 4544 militiae
2563 4492 2881 4556 apparatum
2941 4485 2992 4538 in
3063 4498 3350 4539 occursum
3410 4483 3558 4538 illius

183 4592 441 4660 omnique
501 4590 720 4659 ingenio
778 4589 832 4642 in
883 4587 1028 4642 illius
1069 4584 1306 4640 favorem
1355 4583 1523 4640 ferme
1570 4584 1831 4648 seductis,
1921 4581 2220 4651 prudenter
2248 4578 2558 4633 ordinatum
2600 4581 2981 4645 promoverat;
3016 4573 3304 4641 missisque
3335 4572 3401 4626 ad
3433 4585 3559 4627 om-

183 4680 519 4734 temerarius
547 4679 680 4733 satis
711 4677 978 4747 pervenit.
1010 4675 1127 4730 lllic
1157 4674 1226 4728 ab
1279 4673 1494 4728 libitum
1542 4687 1698 4726 suum
1748 4687 1834 4741 sy-
1920 4686 2016 4726 nes
2044 4669 2319 4724 exercitus
2346 4666 2564 4722 hostilis
2595 4665 2884 4733 optimates
2938 4662 3163 4727 nuntiis,
3205 4675 3302 4716 eos
3333 4675 3431 4730 per
3458 4662 3558 4715 mi-

187 4768 327 4822 nodo
361 4769 472 4823 hac
505 4767 844 4822 simulatoria
891 4762 1230 4820 omnifariam
1281 4776 1380 4831 per
1426 4775 1556 4816 suos
1603 4760 1831 4829 synodi-
1915 4758 2271 4816 sericordiam
2321 4756 2416 4811 Dei
2467 4755 2805 4819 obsecratos,
2846 4751 3128 4806 humiliter
3182 4751 3315 4804 satis
3360 4749 3558 4819 rogita-

185 4869 276 4911 cos
307 4865 365 4912 et
397 4855 718 4912 causidicos
754 4854 1054 4910 secundum
1109 4865 1206 4907 cor
1250 4864 1406 4906 suum
1455 4850 1832 4919 disputaturos
1915 4852 2008 4917 vit,
2041 4849 2299 4917 quatinus
2326 4844 2684 4913 colloquium,
2717 4841 2865 4910 quod
2899 4854 3035 4909 papa
3059 4841 3168 4909 jam
3202 4852 3302 4908 pro
3333 4852 3467 4908 pace
3498 4850 3556 4900 et

187 4947 480 5016 disposita,
526 4947 648 5015 ipso
679 4957 778 5014 pro
811 4943 962 5014 regni
988 4942 1078 4997 sui
1109 4941 1576 4997 disturbatoribus
1605 4949 1659 4996 et
1688 4943 1836 4997 inva-
1919 4927 2126 4999 un'itate
2167 4935 2432 4992 aacclesim
2463 4947 2527 4988 ac
2566 4931 2736 4986 totius
2782 4929 2936 5000 regni
2985 4928 3282 4984 concordia
3331 4940 3556 4996 compo-

183 5038 402 5093 scribus
427 5051 556 5093 sese
598 5034 790 5104 legatis
818 5031 1136 5102 apostolicis
1177 5031 1484 5086 intentione
1533 5032 1668 5086 satis
1714 5047 1837 5088 sua-
1920 5031 2098 5088 nenda
2127 5029 2468 5088 decreverat,
2501 5026 2556 5075 et
2593 5020 2697 5088 ipsi
2737 5033 2860 5074 cum
2899 5018 3122 5074 domino
3161 5031 3262 5074 suo
3301 5018 3559 5074 observa-

1559 5159 1639 5212 VA
1649 5159 1782 5215 Rl/E
1822 5157 2205 5216 LECTIONES.

210 5215 216 5220 .
252 5260 316 5291 ’κ
346 5262 406 5317 h.
447 5259 627 5328 glossa
657 5271 778 5329 saec.
819 5257 985 5329 XIV.
1011 5257 1066 5308 in
1104 5253 1156 5309 2.
1209 5253 1297 5329 _'”
1348 5269 1532 5329 secum
1581 5256 1746 5329 addit.
1799 5257 1854 5311 2.
1930 5255 2006 5329 ’°°7
2048 5267 2208 5329 supra
2236 5245 2508 5329 ’Πηλίῳ
2547 5243 2865 5329 ,αιῑναηιξηζρ
2913 5242 3554 5329 2..“domnopa‘pae‘ed.

187 5331 241 5360 ⁸⁰¹
276 5313 565 5387 inmanem
605 5329 660 5382 2.
737 5327 799 5359 ⁸⁰²
829 5327 903 5382 ita
940 5325 1016 5381 1*.
1050 5338 1158 5380 non
1191 5326 1331 5381 deest
1362 5332 1420 5382 ut
1450 5326 1589 5383 deest
1619 5327 1672 5382 2.
1749 5329 1812 5360 ³⁸³
1841 5345 1945 5384 vom
1976 5313 2123 5382 deest
2154 5325 2199 5378 1.
2233 5323 2286 5376 2.
2363 5317 2426 5349 ³⁰⁶
2455 5313 2790 5372 αἰτίωθηάῖῑ
2818 5315 2870 5368 2.
2949 5313 3012 5344 ³⁰⁸
3051 5313 3466 5369 inclamitabunt
3503 5313 3556 5368 2.

188 5401 248 5431 ³⁹⁶
276 5417 449 5474 quam
495 5401 547 5456 2.
624 5399 687 5430 ³⁰⁷
719 5397 1088 5455 miserationis
1117 5397 1169 5451 2.

1755 5489 1970 5544 ΝΟΤᾸΞ.

260 5580 404 5649 ιζῗοδ)
445 5577 808 5648 Ηθτὺίροιὶιηο
2056 5573 2197 5643 (209)
2229 5566 2536 5627 Accusativi
2567 5563 2824 5620 absoluti.
