4014 6176
476 278 584 334 435

1449 273 1827 331 BERTHOLDI
1867 267 2276 326 PRESBYTER!
2317 267 2877 324 CONSTANTIENSIS

480 407 624 472 rent,
646 403 866 475 sibique
895 403 1078 461 locum
1107 402 1351 473 ejusdem
1380 398 1706 457 observandi
1735 396 1842 452 ﬁde
1871 393 2588 465 pacequeAproripientes,
2627 407 2692 449 ac
2721 393 2984 464 colloquii
3027 400 3245 465 pactum
3291 396 3580 457 Saxonibus
3602 403 3780 464 delusi:

483 506 596 549 non
626 493 752 549 ﬁcta
791 493 1180 550 concederent.
1231 492 1330 547 Hic
1382 489 1622 557 denique
1671 501 1731 541 se
1790 499 1888 555 per
1944 483 2128 540 omnia

486 582 690 639 domno
724 596 881 652 papa:
920 582 1248 650 caeterisque
1277 578 1429 648 regni
1459 575 1817 646 optimatibus
1844 577 2127 629 consenta-

485 685 649 728 neum
688 671 1169 739 oboediturumque
1224 668 1281 722 in
1333 668 1433 722 hac
1491 679 1614 735 quae
1653 665 1883 719 instaret
1940 675 2125 726 causa,

486 759 794 816 ﬁrmissime
850 759 1077 814 multum
1135 771 1256 812 cum
1303 755 1418 811 suis
1465 753 1719 809 omnibus
1756 751 2124 808 collaudabat.

485 849 541 905 Si
597 855 778 905 autem
825 847 880 904 id
919 853 1270 903 contumaces
1308 842 1632 908 refutarent,
1689 855 1749 896 se
1787 840 1869 896 eis
1911 838 2127 894 hostem

489 938 598 992 Deo
629 936 963 1006 prepitiante
993 933 1319 988 acerrimum
1344 931 1511 986 armis
1533 941 1955 1000 congressurum
1985 931 2129 981 et‘ut

487 1023 544 1080 in
575 1025 726 1094 pacis
762 1037 826 1079 ac
843 1022 1070 1092 justitiae
1100 1019 1533 1076 anathematicos
1562 1017 1958 1085 iuduratosque
1996 1027 2129 1070 con-

487 1119 789 1183 temptores
826 1109 1156 1180 oportuerit,
1186 1123 1247 1165 se
1296 1110 1353 1165 in
1392 1107 1502 1164 illis
1539 1105 1657 1163 fore
1704 1105 2126 1170 vindicaturum,

490 1201 712 1257 minime
741 1199 1077 1256 dubitarent.

559 1289 657 1346 His
684 1289 906 1355 auditis,
948 1293 1167 1357 tamque
1197 1287 1316 1355 ejus
1345 1283 1705 1341 inmanissimi
1735 1288 1791 1338 et
1818 1282 1874 1338 in
1904 1296 1964 1337 se
1993 1280 2130 1338 effe-

487 1379 591 1442 rati
621 1378 896 1435 exercitus
923 1377 1248 1432 cohortibus
1277 1389 1377 1446 per
1397 1374 1781 1444 exploratores
1809 1384 1940 1427 suos
1970 1370 2132 1426 nimis

488 1467 869 1526 indubitanter
922 1465 1242 1535 compertis,
1309 1477 1421 1520 non
1479 1475 1670 1532 parum
1726 1461 1948 1530 quidem
2006 1473 2130 1514 cum

489 1555 620 1612 belli
659 1554 940 1622 instantia,
979 1561 1094 1609 tum
1131 1552 1416 1623 injustitiae
1457 1548 2039 1607 excommunicationis
2076 1552 2132 1602 et

490 1642 905 1700 inoboedientiae
961 1656 1075 1698 sua:
1132 1640 1473 1697 conscientia
1517 1639 1581 1671 ³⁰³
1620 1637 1920 1708 perterriti,
1961 1636 2134 1692 domi-

2207 481 2366 538 ﬂocci
2407 483 2730 551 pendentes,
2768 483 2966 539 iterum
2999 498 3096 540 rex
3113 498 3246 541 suos
3273 491 3388 542 toto
3405 489 3518 544 nisu
3540 491 3672 560 ipsos
3687 506 3777 549 non

2208 571 2489 626 minimum
2519 572 2816 629 seductiles
2845 574 2899 628 in
2939 574 3189 630 eumdem
3239 575 3562 644 procinctum
3604 587 3780 636 coartao

2207 658 2321 724 bat,
2355 665 2410 713 et
2439 672 2535 714 eos
2563 659 2619 715 in
2651 659 2707 715 id
2745 661 2922 730 ipsum
2967 675 3119 718 more
3161 661 3322 718 solito
3361 665 3635 721 tantotiens
3659 670 3782 736 peie-

2209 753 2359 802 ratos
2406 749 2730 804 examussim
2777 749 3084 819 adiurabat.
3136 751 3318 822 Legati
3363 767 3487 808 vero
3538 755 3784 824 apostolici

2208 836 2296 892 his
2352 837 2607 908 negotiis,
2649 843 2709 894 ut
2744 838 2916 904 aiunt,
2957 854 3022 894 ac
3078 839 3124 895 si
3182 841 3335 896 inviti
3388 842 3786 911 iutermauentes,

2210 926 2427 982 tandem
2458 927 2742 997 magniﬁce
2772 927 2959 984 donati
2989 930 3235 996 Romam,
3269 934 3352 985 set
3388 943 3493 986 non
3528 931 3689 997 simul,
3722 932 3790 987 in-

2209 1014 2368 1071 fectis
2407 1029 2507 1086 pro
2559 1015 2759 1084 quibus
2815 1017 2964 1071 missi
3020 1016 3237 1072 fuerant
3286 1019 3548 1084 omnibus,
3592 1019 3792 1090 regressi

2211 1110 2357 1159 sunt.
2389 1105 2629 1171 Quorum
2658 1104 2815 1170 alter,
2846 1105 3060 1161 scilicet
3097 1105 3402 1173 Paduanus,
3453 1106 3608 1163 tantis
3640 1120 3796 1163 mune-

2211 1193 2365 1248 ribus
2393 1197 2707 1262 corruptus,
2741 1207 2862 1248 cum
2900 1193 2968 1248 ad
3015 1193 3274 1250 domuum
3314 1194 3654 1264 apostolicum
3695 1209 3796 1264 per-

2212 1281 2441 1338 ﬁdiosus
2464 1283 2732 1352 ypocrita,
2766 1281 3094 1353 collegatum
3131 1297 3288 1338 suum
3337 1284 3624 1354 simplicem
3664 1284 3800 1339 nimis

2212 1376 2570 1440 sanctumque
2614 1370 2808 1438 virum,
2849 1371 2930 1426 cis
2982 1371 3146 1442 Alpes
3191 1372 3441 1428 relictum
3487 1378 3798 1442 praevenerat,

2214 1457 2526 1514 multifariis
2563 1457 2942 1529 ﬁgmentorum
2992 1461 3222 1532 argutiis
3258 1475 3326 1516 ac
3372 1461 3639 1530 responsis
3671 1461 3804 1515 mira-

2214 1547 2400 1604 biliter
2437 1548 2759 1615 instructus,
2819 1561 2930 1604 non
2968 1549 3144 1604 solum
3202 1550 3386 1605 obiter
3431 1548 3801 1619 Langobardos,

2214 1638 2491 1692 Romanos
2528 1635 2711 1701 etiam,
2771 1643 2857 1693 set
2912 1642 2967 1692 et
3013 1639 3191 1707 ipsum
3230 1652 3424 1709 papam
3472 1637 3724 1707 decipere,
3756 1649 3805 1690 ac

490 1745 619 1788 num
658 1744 835 1796 suum,
879 1729 1124 1799 quamvis
1161 1729 1450 1784 lacrimoso
1491 1706 1695 1798 ejulatu
1743 1726 1838 1782 diu
1878 1706 2476 1780 multum-Blleinrico
2515 1738 2615 1780 suo
2664 1706 3134 1795 qualitercumque
3184 1706 3524 1810 complacare
3567 1706 3808 1780 studiosis-

490 1833 598 1890 que
630 1817 1064 1888 pertinacissime
1103 1818 1484 1884 reluctantem,
1525 1817 1593 1872 ad
1643 1816 1747 1872 hoc
1794 1816 2137 1885 constringe-

489 1909 641 1976 bant,
674 1913 735 1963 ut
765 1908 1054 1963 imminens
1083 1906 1386 1976 periculum
1411 1908 1565 1975 juxta
1594 1903 1887 1961 consilium
1916 1904 2134 1960 illorum

490 1997 811 2063 dissolvere,
869 2009 1039 2066 seque
1103 1997 1171 2050 ab
1210 1995 1296 2050 his
1333 1995 1535 2064 quibus
1572 1994 1833 2064 congredi
1873 2007 1936 2049 ac
1975 2007 2138 2063 repu-

491 2099 658 2157 gnare
697 2099 808 2142 non
847 2083 1143 2149 sufficeret,
1187 2097 1410 2153 quoquo
1442 2083 1604 2138 modo
1636 2082 1870 2138 liberare
1901 2095 2011 2137 non
2042 2081 2138 2136 de—

493 2180 774 2232 trectaret.
841 2175 1048 2229 Iustam
1114 2186 1349 2242 namque
1416 2185 1635 2227 causam
1701 2185 1731 2225 a
1769 2185 1829 2226 se
1895 2171 2138 2225 Saxones

489 2276 612 2318 cum
666 2261 890 2318 domino
940 2274 1040 2315 suo
1080 2259 1452 2328 expostulare,
1492 2259 1856 2328 sequestratis
1912 2259 1980 2312 ab
2030 2258 2136 2314 hoc

486 2362 740 2406 sermone
780 2349 1061 2418 episcopis
1104 2349 1220 2403 suis
1270 2349 1506 2414 cunctis,
1557 2347 1890 2402 unanimiter
1928 2359 2140 2401 asserc-

494 2439 647 2494 bant.
693 2437 775 2493 ΙΙΙὶ
814 2437 1019 2507 quippe
1049 2437 1234 2507 lingua
1264 2443 1472 2492 tantum
1506 2450 1802 2507 pugnaces,
1846 2436 1999 2505 ipsos
2026 2449 2140 2490 rem

501 2527 696 2584 mortis
723 2525 921 2596 gladiis
949 2525 1186 2594 experiri
1221 2524 1481 2580 indefessi
1513 2539 1731 2594 semper
1759 2530 1813 2579 et
1862 2524 2143 2593 inportuni

506 2615 859 2686 instigabant,
901 2627 1018 2669 eam
1049 2628 1173 2683 quae
1211 2613 1279 2668 ab
1326 2614 1414 2668 his
1451 2628 1671 2684 egressa
1709 2620 1764 2668 et
1802 2614 2015 2668 initiata
2063 2620 2146 2670 est

507 2710 617 2760 tam
655 2703 927 2759 inmanem
966 2707 1170 2758 sanctae
1227 2701 1494 2758 aecclesire
1543 2702 1808 2773 regnique
1847 2703 2017 2757 totius
2054 2702 2148 2758 de-

502 2792 848 2858 solationem,
863 2790 1198 2848 discordiam
1218 2797 1272 2847 et
1293 2791 1638 2861 iniquitatem
1661 2791 1740 2846 sic
1761 2791 2149 2847 miserabiliter

505 2881 648 2937 tueri
677 2894 742 2936 ac
780 2879 1144 2936 corroborare
1184 2879 1542 2949 perditissimi
1589 2879 1722 2934 satis
1750 2879 2145 2934 existimantes.

2217 1813 2388 1868 simus
2415 1813 2671 1868 intendit.
2706 1814 3069 1869 Humillimam
3100 1829 3199 1884 per
3236 1816 3420 1871 omnia
3466 1812 3807 1871 oboedientiam

2217 1902 2345 1972 ipsi,
2377 1916 2499 1958 cum
2530 1901 2730 1971 quibus
2768 1903 3078 1973 excogitare
3125 1903 3194 1958 de
3247 1910 3451 1959 caetero
3480 1906 3654 1974 posset
3685 1899 3809 1955 obse-

2220 1990 2472 2060 quiorum
2506 1991 2790 2059 promissis
2819 1990 3092 2057 omnibus,
3125 2005 3194 2046 ex
3233 1999 3390 2061 parte
3419 1990 3646 2046 Heinrici
3681 2000 3809 2058 pseu-

2220 2077 2507 2149 dolegatus
2533 2079 2843 2149 apportavit
2867 2100 2880 2144 ;
2907 2085 2962 2136 et
2991 2080 3097 2136 hoc
3134 2081 3190 2135 in
3223 2081 3503 2150 colloquio
3531 2085 3584 2135 et
3610 2079 3660 2133 in
3684 2081 3813 2132 cete-

2221 2167 2335 2230 ris,
2413 2181 2511 2237 pro
2574 2169 2776 2237 quibus
2840 2183 2898 2224 se
2974 2169 3117 2224 ultra
3185 2175 3404 2225 montes
3475 2164 3810 2226 transmiserit,

2223 2263 2484 2328 quantum
2523 2257 2590 2312 ad
2622 2257 2774 2312 illum
2813 2259 3176 2315 observantiis
3214 2260 3353 2314 satis
3377 2259 3652 2329 probatum
3679 2253 3813 2310 fuisse

2225 2345 2538 2400 ostentavit.
2579 2347 2710 2400 Cum
2758 2353 2939 2401 autem
2986 2353 3137 2401 tanta
3185 2346 3585 2402 inverecundus
3629 2340 3814 2398 audacia

2226 2436 2334 2486 tam
2366 2432 2815 2488 mendosissimus
2845 2434 3042 2502 passim
3083 2449 3206 2489 cum
3245 2435 3364 2490 suis
3393 2428 3818 2490 commendacibus

2227 2533 2418 2576 omnes
2476 2521 2832 2588 pertinaciter
2878 2521 3142 2578 deludere
3187 2536 3299 2578 non
3351 2526 3601 2586 cessaret,
3639 2515 3817 2589 quidam

2229 2612 2398 2667 frater
2431 2608 2612 2683 (210),
2643 2624 2674 2664 a
2714 2625 2841 2680 rege
2889 2611 3163 2667 Roudolfo
3212 2613 3440 2682 suisque
3484 2605 3820 2666 consentaneis

2229 2701 2323 2771 qui
2356 2700 2485 2756 illuc
2509 2699 2708 2754 missus
2746 2699 2890 2754 hunc
2922 2707 3281 2769 praevenerat,
3330 2701 3464 2756 satis
3507 2712 3664 2768 super
3703 2694 3818 2750 illius

2230 2804 2342 2846 non
2372 2787 2650 2844 sufﬁciens
2682 2789 2964 2856 permirari
2996 2789 3374 2859 inpudentiam
3404 2789 3572 2859 palam
3600 2783 3820 2841 mentien-

2232 2879 2323 2945 tis,
2371 2893 2434 2934 ae
2484 2884 2566 2934 tot
2606 2884 2897 2947 tantosque
2945 2878 3060 2933 suis
3115 2877 3448 2934 falsitatibus
3485 2872 3817 2934 demeutantis,

502 2971 616 3026 Nec
645 2982 817 3034 mora,
850 2967 1045 3038 legatis
1081 2967 1402 3037 apostolicis
1430 2967 1498 3022 ad
1527 2981 1586 3022 se
1615 2969 1840 3032 vocatis,
1874 2972 1992 3023 toto
2024 2968 2145 3022 nisu
2177 3035 2205 3038 _
2237 2968 2288 3024 ei
2327 2981 2512 3023 coram
2553 2966 2755 3022 domno
2805 2980 2941 3036 papa
2990 2967 3319 3036 cmterisque
3366 2965 3617 3024 Romanis
3656 2962 3705 3016 in
3738 2971 3821 3015 me-

503 3056 560 3111 id
592 3069 716 3111 cum
754 3055 864 3110 illis
891 3035 1212 3120 actitabant,
1253 3060 1314 3110 ut
1350 3057 1451 3110 sub
1501 3055 1862 3111 anathematis
1911 3056 2144 3113 articulo
2167 3035 2208 3093 (ἶ
2231 3056 2380 3110 dium
2420 3055 2680 3121 adducto,
2712 3054 2768 3108 in
2807 3035 2997 3109 faciem
3038 3055 3195 3110 testis
3227 3035 3480 3112 veritatis
3516 3047 3820 3109 conﬁdentis-

507 3143 795 3212 utriusque
824 3142 995 3210 partis
1024 3142 1173 3197 acies
1201 3142 1662 3198 indissolubiliter
1681 3144 2143 3213 coustringereut,

507 3243 578 3286 ne
617 3231 673 3286 in
711 3243 770 3284 se
801 3230 1122 3285 alterutrum
1173 3229 1320 3285 bello
1367 3236 1784 3299 consurgerent,
1833 3238 1917 3286 set
1964 3233 2148 3301 potius

508 3333 642 3390 pace
672 3318 740 3374 ad
771 3318 1004 3374 invicem
1043 3317 1424 3385 confmderati,
1466 3333 1565 3389 pro
1606 3321 1830 3375 instanti
1881 3335 2044 3376 causa
2091 3322 2146 3375 in

508 3408 660 3463 brevi
723 3406 1058 3476 colloquium
1109 3413 1299 3476 utpote
1353 3409 1509 3478 regni
1557 3408 2049 3468 subministeriales
2095 3417 2150 3465 et

510 3496 943 3565 communicipes
990 3495 1294 3551 conderent
1323 3495 1405 3562 ³⁰⁹,
1440 3502 1494 3551 et
1534 3511 1634 3566 per
1681 3499 1971 3567 optimates
2010 3512 2150 3568 quos

509 3585 578 3642 ad
610 3585 716 3641 hoc
745 3584 1032 3655 eligerent,
1065 3584 1200 3638 tanti
1251 3598 1472 3640 causam
1521 3585 1735 3641 dissidii
1777 3588 1940 3655 justas
1988 3588 2152 3642 ratio-

510 3673 598 3730 nis
637 3687 868 3729 censura
898 3687 1231 3742 componere
1270 3679 1719 3742 pertemptarent.
1761 3675 1841 3730 Ad
1881 3675 1999 3731 haec
2038 3677 2153 3745 qui-

513 3761 638 3818 dam
667 3776 734 3817 ex
773 3768 926 3830 parte
966 3761 1208 3816 Heinrici
1239 3761 1403 3832 regis,
1459 3776 1589 3830 pace
1638 3777 1668 3816 a
1714 3764 2020 3820 Saxonibus
2070 3779 2160 3819 ac-

514 3856 674 3919 cepta
711 3851 1060 3919 vicissimque
1099 3851 1245 3915 data,
1278 3849 1506 3905 eandem
1545 3865 1762 3906 causam
1802 3859 1910 3907 tam
1950 3853 2153 3908 obnixe

515 3939 645 3994 serii
677 3939 946 4007 pacifique
979 3939 1311 3994 mediatores
1349 3953 1471 3994 cum
1510 3939 1592 3994 eis
1620 3940 1945 4006 tractabant,
1977 3941 2155 3997 donec

515 4025 584 4082 ab
624 4027 871 4095 utrisque
901 4026 967 4081 ad
1000 4027 1106 4081 hoc
1155 4026 1560 4082 laudamentum
1601 4037 1918 4098 perventum
1949 4037 2052 4097 est,
2097 4038 2157 4086 ut

518 4129 635 4170 eam
675 4120 906 4184 partem,
939 4127 1100 4183 quam
1131 4115 1185 4169 in
1218 4114 1519 4185 colloquio,
1563 4117 1709 4184 quod
1741 4117 1822 4172 eis
1848 4118 2155 4186 apostolico

519 4203 786 4259 indictum
843 4202 945 4258 fuit
1003 4209 1301 4273 przecepto,
1356 4205 1554 4272 justam
1603 4204 1720 4260 fore
1769 4206 2154 4274 decernerent,

517 4305 642 4348 sese
679 4305 872 4348 omnes
900 4291 1228 4347 unanimiter
1266 4293 1672 4348 contraherent.

592 4382 707 4437 Hoc
733 4381 887 4450 quasi
916 4381 1144 4437 honoris
1182 4379 1498 4437 defensorio
1547 4381 1784 4450 quodam
1834 4391 2156 4454 argumento

517 4487 640 4528 sese
705 4471 999 4526 artificiose
1057 4471 1355 4526 liberantes
1410 4471 1735 4535 Saxonibus,
1795 4472 1890 4541 qui
1943 4481 2159 4541 pactum

520 4561 671 4633 pacis
709 4561 862 4631 prius
891 4560 1014 4616 duri
1045 4573 1272 4630 prorsus
1309 4561 1663 4630 respuebant,
1696 4566 1827 4616 tunc
1852 4563 2160 4632 gratissima

516 4650 694 4722 ipsius
731 4649 1092 4718 opitulatione
1131 4649 1471 4715 communiti,
1507 4649 1684 4720 fugaci
1714 4650 1802 4705 vix
1849 4652 2160 4708 reversione

517 4739 648 4797 inde
687 4753 810 4795 cum
849 4753 977 4809 rege
1017 4752 1116 4794 suo
1147 4737 1360 4794 confusi
1399 4739 1555 4794 valde
1595 4738 1972 4794 discedebant.
2006 4741 2160 4806 Quod

522 4829 578 4882 in
618 4827 809 4896 primis
870 4841 1102 4898 namque
1160 4841 1270 4883 non
1328 4827 1544 4884 modica
1602 4827 1972 4896 Bajoariorum
2013 4843 2160 4898 pars,

521 4915 640 4976 viso
703 4917 972 4974 Saxonico
1039 4917 1327 4986 procinctu
1393 4915 1790 4986 obstupefacta,
1859 4916 2159 4986 inceperat,

2176 4345 2259 4404 D1

2228 3145 2398 3198 simus
2427 3143 2665 3208 restitit;
2728 3157 3014 3212 quousque
3061 3143 3210 3198 illum
3265 3158 3392 3200 cum
3440 3143 3553 3199 suis
3594 3135 3819 3210 ﬁgmentis

2231 3231 2485 3287 omnibus
2540 3230 2910 3302 inrefragabili
2963 3231 3173 3288 ratione
3230 3233 3489 3298 evictum,
3537 3226 3816 3285 confessum.

2232 3319 2628 3388 confusumque
2659 3320 2833 3389 palam
2867 3321 3122 3376 omnibus
3149 3322 3464 3378 ostentavit.
3493 3319 3689 3387 Quippe
3727 3322 3820 3367 cum

2232 3409 2329 3466 illo
2359 3409 2568 3479 pariter
2597 3410 2651 3464 in
2683 3409 3116 3465 Ultramontanis
3143 3412 3321 3481 gestis
3352 3411 3500 3467 illius
3547 3422 3606 3463 ac
3633 3399 3824 3472 negotiis

2234 3498 2552 3554 multotiens
2589 3504 2682 3552 aut
2711 3498 2830 3568 ipse
2855 3506 3245 3564 commoratus,
3275 3505 3374 3556 aut
3421 3514 3451 3554 a
3486 3493 3722 3554 veridicis
3756 3499 3823 3543 co-

2231 3587 2543 3657 gnitoribus
2607 3599 2721 3640 rem
2787 3591 2955 3640 totam
3021 3586 3362 3656 exploratam
3421 3586 3524 3642 sibi
3579 3582 3825 3650 diligenter

2234 3675 2619 3732 enarrantibus
2656 3674 2904 3741 edoctus,
2938 3679 3090 3729 tanto
3121 3675 3480 3732 testimoniali
3516 3671 3661 3728 illum
3694 3661 3825 3722 refel-

2234 3764 2402 3830 lebat,
2436 3769 2640 3834 quanto
2673 3777 2795 3819 eum
2826 3764 2894 3819 de
2942 3764 3212 3819 universis
3259 3766 3339 3820 nil
3392 3776 3611 3835 prorsus
3644 3755 3824 3814 latebat.

2235 3854 2433 3923 Sicque
2481 3867 2511 3907 a
2549 3853 2752 3908 domno
2799 3866 2939 3922 papa
2971 3853 3273 3923 justissima
3321 3853 3630 3926 profanatas
3670 3853 3720 3902 et
3761 3841 3828 3896 ab-

2235 3942 2524 4006 alienatus,
2593 3940 2813 3996 domum
2879 3942 3262 3998 maestissimus
3322 3957 3446 4000 cum
3507 3953 3609 3997 non
3645 3933 3828 3992 minimo

2237 4029 2510 4085 dedecore
2541 4030 2862 4085 returnavit.

2308 4119 2514 4173 Dehinc
2545 4118 2726 4174 missis
2765 4118 2962 4175 litteris
2992 4133 3184 4190 papam
3216 4121 3441 4177 Petrum
3470 4119 3612 4174 illius
3639 4111 3832 4177 collega-

2243 4213 2356 4262 tum
2385 4207 2454 4262 ad
2484 4207 2668 4263 sedem
2699 4208 3057 4278 apostolicam
3097 4211 3419 4278 quantotius
3466 4207 3641 4264 redire
3667 4204 3833 4272 praece-

2243 4296 2341 4367 pit.
2382 4297 2484 4364 Qui
2541 4297 2710 4366 jussis
2766 4297 3089 4364 obaudiens,
3140 4299 3284 4354 sicut
3326 4300 3419 4355 ille
3458 4286 3835 4354 meudaciis,ita

2244 4387 2347 4441 iste
2377 4384 2504 4440 fidei
2528 4399 2592 4440 ac
2629 4385 2874 4441 veritatis
2913 4385 3254 4454 plenitudine
3303 4385 3712 4444 testimoniatus,
3754 4376 3836 4430 BO-

2243 4488 2383 4529 mam
2435 4487 2585 4529 suam
2645 4473 2945 4530 honoriﬁce
3003 4475 3287 4541 reviserat,
3341 4481 3616 4543 totamque
3662 4464 3837 4524 inelite-

2244 4562 2526 4630 dientiam,
2576 4561 2860 4628 falsitates,
2922 4562 3103 4632 dolos,
3155 4564 3429 4620 inauditas
3475 4557 3755 4619 vecordias,
3797 4554 3837 4603 el

2244 4651 2506 4722 quicquid
2574 4653 2685 4708 Deo
2744 4652 3083 4724 justitimque
3131 4660 3424 4725 repugnat,
3473 4653 3541 4708 de
3595 4639 3837 4719 tyrannide

2245 4741 2487 4796 Heinrici
2517 4739 2720 4796 domno
2754 4754 2909 4810 papae
2939 4741 3274 4810 reportabat.
3317 4741 3420 4810 Qui
3454 4739 3662 4796 tandem
3705 4729 3842 4786 veris-

2245 4828 2381 4885 sime
2411 4829 2711 4900 legatorum
2742 4842 2964 4885 suorum
2995 4830 3167 4900 gestis
3195 4830 3514 4900 compertis,
3547 4821 3702 4883 nichil
3728 4817 3842 4875 ultra

2247 4917 2316 4973 de
2356 4918 2613 4975 Heiurico
2643 4918 2954 4975 sciscitatus
2982 4924 3066 4975 est
3091 4938 3104 4974 :
3136 4925 3221 4976 set
3249 4925 3432 4975 tamen
3462 4916 3572 4988 regi
3609 4901 3843 4970 Roudolfo

525 5005 791 5076 deinceps
826 5011 940 5062 tota
995 5006 1202 5076 pariter
1246 5012 1551 5063 castrorum
1608 5006 1781 5062 series
1829 5006 2162 5065 tumultuose
2245 5007 2580 5077 ceterisque
2626 5009 2742 5064 suis
2795 5009 3200 5076 consentaneis,
3252 5008 3436 5068 missis
3487 5001 3675 5064 litteris
3723 4990 3848 5065 (2“)

527 5093 755 5150 multum
794 5101 1102 5165 peregerat.
1159 5094 1250 5151 Sic
1305 5109 1364 5151 se
1419 5095 1639 5152 domum
1694 5095 2165 5168 qualitercumque
2249 5095 2613 5162 demandavit,
2646 5109 2706 5150 se
2745 5108 2855 5151 non
2895 5109 3084 5165 parum
3134 5096 3363 5153 moleste
3411 5094 3553 5152 ferre
3597 5082 3846 5159 legationis

1874 5238 2098 5296 VARJE
2145 5236 2530 5296 LECTIONES.

599 5348 662 5381 ³⁸⁸
689 5351 1030 5410 conscientie
1055 5351 1108 5408 2.
1187 5352 1250 5385 ³⁰⁹
1281 5353 1573 5411 condirent
1601 5353 1656 5410 2.
1689 5353 2050 5413 condicerent
2085 5355 2173 5412 ed.

2101 5472 2315 5530 ΝΟΤᾹΞ.

608 5553 752 5627 (210)
789 5556 907 5627 ipse
945 5556 1317 5616 Bertholdus?
2381 5556 2527 5628 {211)
2567 5555 2742 5615 Hodie
2773 5569 2885 5614 non
2917 5559 3154 5614 exstant.
