4014 6176
230 231 318 286 437

1516 229 1852 288 ANNALES.‘
1881 258 1954 275 —
1989 232 2098 288 ΔΝ.
2147 227 2303 286 1079.

3447 228 3557 286 438

228 371 324 412 sua:
350 351 732 420 inemcaciam;
767 357 824 409 et
846 366 1006 423 quam
1056 354 1112 408 in
1161 367 1284 410 eum
1333 352 1553 425 quidam
1594 357 2066 426 aestima-Aesse,
2117 356 2272 412 novis
2315 361 2370 411 et
2417 353 2852 426 pseudographis
2896 355 3221 424 quibusdam
3260 354 3563 428 privilegiis

226 452 328 502 rent
367 443 417 499 in
456 443 557 498 hac
586 456 750 498 causa
782 454 1140 512 personarum
1189 444 1589 514 acceptionem,
1630 446 1834 502 nullam

1918 446 2392 516 qualitercumque
2431 443 2680 500 attestari
2728 448 2960 500 conatus
2997 449 3099 498 est.
3150 445 3244 498 Set
3288 447 3468 500 tamen
3501 445 3557 501 in

225 532 418 590 omnino
479 528 619 597 fore,
676 530 936 601 nullaque
1002 546 1156 588 usum
1214 531 1380 588 fuisse
1432 533 1690 601 levitate,
1752 542 1836 591 set
1919 535 2025 592 hoc
2046 550 2156 592 non
2186 536 2417 591 maxime
2446 533 2680 604 profecit
2718 532 2880 604 (212).

215 625 346 692 juxta
381 621 582 691 ingenii
605 621 689 675 sui
715 620 1054 676 intellectum
1084 635 1143 676 se
1184 621 1252 676 ad
1282 621 1566 692 hucusque
1603 625 1833 692 justitiae

221 708 468 766 favissem
499 714 554 764 et
603 710 972 776 consensisse,
1004 711 1228 766 conscio
1270 710 1376 765 sibi
1425 712 1536 767 Deo
1567 712 1832 768 testiﬁca-

220 807 292 855 tus
316 803 412 854 est.
449 797 580 853 Illos
609 803 789 853 autem
829 799 885 853 in
919 799 1140 868 incepto
1162 798 1394 869 justitiaa
1422 803 1615 856 tenore
1646 815 1832 870 perse-

215 901 398 954 verare,
448 892 511 942 ut
561 886 758 942 solitus
823 894 926 954 est,
976 889 1221 957 paternis
1278 888 1828 958 pradicamentorum

216 975 541 1034 suasionibus
569 976 770 1031 obnixe
799 977 933 1032 satis
960 976 1280 1032 cohortatus
1307 983 1410 1033 est.

270 1067 374 1120 Rex
417 1078 549 1120 vero
588 1063 894 1121 Roudolfus
940 1066 997 1120 in
1048 1079 1200 1120 suam
1246 1081 1306 1122 se
1352 1067 1639 1123 Saxoniam
1691 1069 1829 1124 reci-

210 1155 368 1225 piens,
423 1167 488 1210 ac
538 1154 873 1225 colloquium
902 1154 1051 1225 quod
1081 1169 1204 1210 cum
1234 1157 1541 1213 Saxonibus
1569 1159 1830 1228 primates

209 1252 256 1301 et
295 1244 590 1314 complices
636 1245 876 1300 Heinrici
916 1244 1112 1301 callide
1160 1246 1386 1302 multum
1435 1248 1824 1317 condixerant,

208 1340 300 1389 tam
344 1331 478 1388 falso
521 1332 797 1388 laudatum
845 1347 1006 1402 quam
1057 1347 1167 1389 non
1215 1335 1561 1391 observatum
1607 1351 1829 1406 persen-

208 1423 410 1487 tiscens,
440 1433 554 1477 non
604 1435 796 1491 parum
846 1423 1003 1477 triste
1055 1423 1199 1489 tulit,
1241 1424 1388 1494 quod
1420 1437 1609 1480 eorum
1641 1432 1829 1482 tanto-

207 1510 330 1566 tiens
357 1516 643 1580 expertum
681 1509 836 1565 illum
882 1510 962 1565 sic
1000 1511 1333 1566 astutissime
1363 1504 1625 1568 vecordia
1672 1515 1827 1572 delu-

205 1598 282 1652 sit.
317 1601 568 1652 Attamen
598 1611 658 1653 se
699 1597 1003 1667 prudenter
1038 1601 1339 1668 conjuratze
1377 1599 1595 1656 illorum
1636 1610 1826 1659 contra

1986 626 2164 679 Estas
2192 637 2322 680 vero
2351 622 2526 693 ipsius
2571 622 2698 677 anni
2728 621 2892 676 nimis
2938 619 3184 691 pluviosa
3213 619 3553 690 praeteribat,

1915 716 2000 767 set
2028 718 2209 768 tamen
2239 725 2350 768 non
2397 723 2644 782 magnam
2692 710 2905 781 frugum
2955 709 3237 780 penuriam
3286 708 3558 778 intempe-

1915 799 2027 856 ries
2063 799 2188 855 talis
2226 799 2500 856 effecerat.

1987 888 2335 944 Eberhardus
2363 887 2758 958 Neapolitanus
2787 887 2929 959 (213)
2954 886 3268 958 episcopus,
3290 900 3323 942 a
3351 885 3554 942 domno

1913 976 2222 1048 apostolico
2275 982 2504 1046 prepter
2540 977 2957 1032 inobaadientiaa
3002 974 3397 1032 contumaciam
3442 977 3551 1046 jam

1914 1067 2220 1132 damnatus,
2262 1071 2347 1121 set
2370 1080 2401 1120 a
2432 1079 2561 1136 rege
2603 1065 2859 1121 lleinrico
2890 1065 3318 1135 Herbipolitanaa
3365 1065 3558 1121 eccle-

1912 1156 2010 1212 sia:
2057 1161 2249 1212 contra
2292 1157 2385 1225 jus
2432 1168 2533 1224 pro
2571 1154 2918 1210 Adalberone
2973 1155 3236 1224 episcopo
3284 1154 3553 1225 legittimo

1912 1247 2041 1303 inde
2065 1244 2381 1316 propulsato
2415 1250 2620 1298 temere
2650 1243 3027 1299 incardinatus
3047 1287 3062 1311 ,
3104 1250 3160 1299 et
3189 1244 3306 1313 ipse
3338 1257 3555 1300 excom-

1912 1335 2220 1390 municatus
2265 1340 2322 1388 et
2363 1333 2848 1388 excommunicatis
2904 1339 3021 1388 toto
3078 1332 3201 1388 nisu
3245 1333 3552 1388 communi-

1911 1437 2062 1490 cans,
2095 1437 2217 1479 cum
2238 1423 2326 1478 his
2343 1434 2484 1492 quos
2509 1421 2746 1476 libenter
2777 1420 3096 1490 complexus
3129 1426 3214 1477 est
3243 1421 3551 1491 portionem

1912 1512 2199 1568 habiturus
2224 1553 2238 1578 ,
2279 1511 2423 1566 diem
2453 1516 2752 1565 extremum
2803 1507 3038 1566 infausta
3076 1510 3377 1578 pertinacia
3423 1510 3554 1566 leta-

1911 1600 2039 1657 liter
2086 1601 2375 1667 clanserat,
2412 1599 2713 1670 justissima
2751 1613 2782 1653 a
2821 1613 2990 1669 regno
3048 1599 3142 1654 Dei
3190 1599 3245 1654 in
3285 1606 3551 1655 aeternum

205 1699 254 1740 se
295 1685 629 1755 expeditioni
679 1693 811 1741 tunc
859 1700 1152 1743 occurrere
1200 1690 1576 1759 magnanimus
1605 1696 1660 1745 et
1696 1685 2304 1747 con-Bexcludendus.
2336 1691 2435 1746 Cui
2473 1689 2808 1745 successit...
2841 1687 2984 1759 (214)
3014 1688 3551 1758 Parthenopolitanse

205 1775 551 1830 stantissimus
576 1777 922 1847 praeparavit,
957 1783 1012 1832 et
1048 1777 1094 1831 si
1125 1777 1266 1833 ultra
1311 1778 1416 1834 sibi
1456 1780 1674 1836 occasio
1705 1781 1830 1836 talis

205 1871 254 1917 ut
276 1870 428 1920 antea
456 1867 570 1920 Deo
602 1865 936 1935 prepitiante
965 1867 1307 1934 succederet,
1342 1881 1412 1922 ne
1441 1868 1515 1924 ita
1544 1883 1603 1924 se
1634 1869 1827 1926 deluso

203 1953 474 2009 Heinricus
504 1968 626 2009 cum
655 1955 771 2009 suis
808 1954 1087 2022 divaserit,
1141 1962 1257 2012 toto
1306 1957 1427 2013 nisu
1476 1958 1826 2015 incessabili-

203 2046 274 2094 ter
302 2043 670 2110 prazmeditari
701 2056 810 2098 non
841 2045 1067 2112 quievit.

260 2131 544 2187 Heinricus
572 2139 752 2188 autem
802 2147 900 2202 per
929 2139 1097 2189 totam
1137 2133 1344 2190 circum
1373 2135 1520 2191 circa
1549 2137 1824 2194 errabun-

196 2219 284 2274 dus
312 2222 607 2276 Bawariam
654 2222 1046 2288 autumnando,
1079 2223 1466 2294 qualicumque
1514 2228 1695 2295 potuit
1731 2229 1826 2284 in-

190 2309 338 2376 genio
369 2318 425 2364 et
459 2311 579 2379 ipse
619 2324 742 2365 cum
779 2311 895 2365 suis
932 2311 1260 2367 contrahere
1294 2326 1406 2368 non
1445 2316 1679 2370 cessavit
1715 2318 1821 2372 mi-

188 2394 330 2451 litum
391 2397 720 2467 praagrande
778 2398 1100 2467 collegium,
1152 2412 1277 2454 mox
1326 2408 1450 2470 post
1488 2403 1821 2462 nativitatem

184 2483 390 2539 Domini
435 2485 727 2540 Saxoniam
774 2485 1081 2541 invasurus.
1131 2488 1402 2543 Saxonum
1440 2503 1663 2560 quoque
1712 2493 1824 2562 ple-

187 2584 383 2640 rosque
422 2572 790 2628 clandestinis
820 2574 1066 2629 maximis
1105 2589 1388 2630 munerum
1428 2583 1482 2632 et
1513 2581 1826 2647 possessio-

187 2672 302 2714 num
343 2662 638 2729 promissis
668 2675 767 2730 per
794 2662 1164 2718 internuntios
1213 2678 1344 2719 suos
1372 2663 1824 2725 familiarissimos

190 2748 523 2804 incessanter
540 2756 891 2819 attemptans,
913 2753 1130 2822 sibique
1151 2761 1443 2823 corruptos
1463 2762 1518 2810 et
1545 2757 1824 2826 adjuratos

195 2839 516 2907 conjungere
573 2838 1045 2909 qualitercumque
1102 2840 1404 2909 festinans,
1463 2844 1819 2902 indubitalem

197 2939 332 2994 spem
362 2927 536 2982 totius
564 2927 814 2983 Saxonia:
862 2928 982 2984 sine
1021 2929 1166 2985 bello
1198 2931 1252 2985 in
1284 2931 1435 2987 brevi
1461 2933 1820 3004 subjicienda:

199 3015 489 3083 acquisivit.

259 3103 346 3158 liis
375 3105 537 3159 etiam
571 3104 767 3161 diebus
794 3105 1042 3160 Curiensi
1075 3107 1363 3175 aecclesiae,
1391 3110 1500 3178 jam
1525 3110 1645 3180 plus
1664 3126 1825 3181 quam

198 3203 376 3247 annum
406 3195 678 3264 episc0po
707 3207 810 3249 suo
858 3195 1086 3261 orbatae,
1117 3197 1470 3266 Nortpertum
1513 3202 1824 3269 Augusten-

195 3281 259 3336 sis
285 3283 557 3340 tecclesia
597 3284 974 3353 praepositum,
1015 3287 1386 3355 symoniacum
1426 3289 1820 3359 avarissimum,

193 3377 238 3424 et
270 3387 371 3441 quo
399 3373 496 3429 sui
528 3374 733 3429 erroris
767 3387 877 3430 non
899 3374 958 3405 ³¹¹
990 3373 1248 3430 facillime
1297 3377 1402 3431 sibi
1453 3393 1635 3446 parem
1684 3395 1822 3436 con-

193 3472 446 3517 senserem
510 3461 827 3517 adinvenire
887 3463 1218 3532 nequiverit,
1277 3464 1373 3520 illo
1423 3481 1585 3535 quem
1643 3467 1825 3525 clerus

196 3549 364 3605 militia
391 3555 446 3607 et
475 3551 725 3621 populus
754 3551 1022 3607 :ecclesize
1055 3553 1229 3621 ipsius
1257 3555 1522 3610 canonice
1544 3556 1825 3627 elegerant

201 3638 416 3706 ejusdem
447 3641 650 3696 domus
680 3642 1002 3710 prteposito,
1038 3642 1153 3696 viro
1193 3642 1348 3697 valde
1380 3643 1639 3714 religioso
1666 3688 1679 3711 ,
1731 3661 1823 3702 rc-

203 3729 446 3797 probato,
507 3730 697 3784 invitis
744 3736 799 3785 et
859 3729 1176 3786 nolentibus
1228 3731 1498 3788 universis
1557 3735 1826 3791 violenter

202 3815 438 3881 praefecit.
473 3819 580 3885 Qui
611 3832 736 3874 mox
767 3819 1023 3874 omnibus
1053 3820 1231 3876 modis
1260 3829 1316 3875 et
1352 3823 1564 3878 artibus
1592 3839 1727 3891 suae,
1765 3832 1825 3880 ut

200 3918 390 3975 semper
417 3909 658 3974 solebat,
690 3909 934 3964 avaritiae
965 3909 1270 3965 industrius
1307 3911 1550 3967 suberat.
1591 3916 1658 3969 Et
1695 3915 1822 3985 quia

201 4006 248 4046 se
275 4009 372 4051 non
402 4013 502 4066 per
533 3997 758 4063 ostium,
790 4003 875 4053 set
905 3997 1125 4054 aliunde
1174 3999 1230 4054 in
1271 4000 1412 4056 ovile
1463 4001 1820 4059 aacclesiasti-

200 4095 303 4136 cum
339 4085 648 4156 ingressum
687 4099 797 4141 non
846 4087 1172 4157 ignorabat,
1223 4088 1614 4146 Mediolanensi
1664 4092 1823 4149 here-

201 4169 294 4225 tico
312 4175 693 4245 antiepiscopo
712 4189 770 4229 se
790 4175 1016 4230 subesse
1039 4183 1094 4230 et
1111 4177 1178 4231 ab
1200 4177 1321 4245 ipso
1351 4179 1596 4235 ordinari
1618 4181 1821 4237 debere

198 4256 512 4330 hereticum,
589 4261 806 4318 efﬁcere
875 4265 1258 4334 pertemptavit
1294 4267 1379 4322 3“.
1441 4269 1817 4339 Mogontinum

1911 1780 2177 1837 ecclesiae
2206 1780 2524 1845 canonicus,
2557 1779 2822 1834 canonica
2869 1777 3141 1833 electione
3178 1777 3307 1832 huic
3355 1777 3550 1834 subro-

1907 1877 2084 1940 gatus.
2117 1869 2321 1925 Eodem
2346 1881 2492 1924 anno
2520 1867 3040 1923 Hiltinisheimensis
3070 1866 3366 1937 episcopus
3389 1867 3552 1922 Heci-

1907 1958 2054 2014 linus
2082 1973 2148 2014 ex
2178 1958 2280 2013 hac
2312 1957 2656 2013 lacrimarum
2686 1956 2846 2023 valle,
2880 1969 2912 2011 ο
2942 1956 3147 2011 utinam
3179 1955 3544 2027 gratulanter!

1908 2047 2193 2118 emigravit
2221 2048 2289 2102 ad
2320 2047 2627 2113 Dominum,
2660 2058 3036 2100 successorem
3075 2044 3362 2100 habiturus
3411 2046 3546 2100 Uto-

1908 2151 2053 2199 nem.
2087 2136 2355 2191 aecclesiaa
2374 2149 2488 2190 suae
2508 2135 2853 2190 canonicum.
2879 2133 3300 2203 Parthenopolis
3325 2147 3547 2203 quoque

1905 2226 2078 2282 isdem
2110 2225 2306 2280 diebus
2343 2237 2444 2293 pro
2482 2236 2583 2278 suo
2625 2223 2736 2291 jam
2785 2220 3020 2276 feliciter
3067 2221 3414 2290 martyrizato
3465 2237 3548 2276 ar-

1906 2315 2235 2385 chipraesnle
2265 2315 2484 2369 tandem
2527 2312 2878 2381 Hartwigum,
2911 2311 3240 2381 Moguntina;
3281 2311 3548 2366 azcclesiae

1904 2404 2303 2468 camerarium,
2351 2402 2623 2457 electione
2671 2400 2936 2455 canonica
2975 2399 3314 2469 provisorem
3359 2413 3547 2454 susce-

1907 2499 2081 2562 perat.
2121 2493 2304 2548 Abbas
2339 2505 2561 2562 quoque
2618 2489 3005 2556 Massiliensis,
3047 2488 3396 2544 Bernhardus
3441 2501 3549 2544 no-

1907 2581 2074 2647 mine,
2114 2580 2198 2635 vir
2235 2594 2346 2636 non
2385 2580 2623 2635 minimae
2663 2579 2971 2634 sanctitatis
2997 2621 3010 2644 ,
3061 2577 3386 2647 sapientiae,
3419 2576 3545 2632 reli-

1905 2669 2089 2740 gionis
2114 2711 2128 2734 ,
2181 2669 2533 2737 caritatisque
2558 2710 2572 2733 ,
2606 2668 2700 2736 qui
2733 2667 3023 2722 nonnullas
3060 2680 3160 2735 pro
3193 2666 3410 2736 justitia
3433 2667 3544 2735 jam

1899 2759 2122 2827 jamque
2153 2762 2470 2812 constanter
2500 2756 2833 2810 sustinuerat
2865 2755 3269 2824 persecutionis
3294 2753 3547 2823 injurias,

1905 2853 1960 2901 et
2015 2858 2177 2914 quem
2226 2858 2323 2914 pro
2381 2843 2797 2912 incomparabili
2844 2849 3116 2898 tantarum
3153 2843 3415 2898 virtutum
3454 2842 3550 2897 in-

1904 2934 2135 3000 dustria,
2169 2933 2417 2988 intimum
2443 2975 2457 2999 ,
2491 2931 2810 2988 familiarem
2837 2974 2851 2998 ,
2896 2945 2999 2988 nec
3027 2945 3136 2988 non
3185 2947 3300 3002 prae
3330 2931 3548 2988 caeteris

1844 3007 2165 3078 Comuibus
2212 3036 2272 3076 re
2323 3034 2448 3075 vera
2503 3021 2610 3076 sibi
2663 3020 3076 3076 dilectissimum
3127 3021 3362 3076 domnus
3417 3035 3557 3091 papa

1909 3113 2070 3167 unice
2116 3111 2221 3166 sibi
2255 3111 2604 3180 prterogavit,
2637 3115 2691 3164 et
2720 3109 2931 3165 idcirco
2979 3111 3168 3165 Romae
3196 3099 3371 3166 sancti
3403 3107 3554 3164 Pauli

1910 3200 2178 3256 zecclesiae
2219 3198 2357 3269 (215)
2408 3198 2544 3254 satis
2572 3198 2832 3254 idoneum
2863 3198 3009 3254 hunc
3041 3199 3151 3267 jam
3183 3197 3554 3268 primicerium

1908 3290 2310 3356 incardinavit;
2372 3288 2498 3344 dum
2544 3289 2833 3345 Massiliam
2879 3303 3029 3344 suam
3087 3289 3371 3344 revisitare
3429 3301 3554 3357 pro-

1908 3387 2140 3451 poneret
2165 3422 2178 3445 ,
2221 3379 2275 3432 in
2308 3379 2638 3434 revertendo
2667 3377 2916 3432 febribus
2945 3377 3249 3431 mortaliter
3275 3381 3553 3444 arreptus,

1905 3471 2046 3524 viam
2086 3469 2355 3524 universae
2405 3472 2568 3520 terra;
2594 3507 2608 3531 ,
2653 3472 2766 3521 tota
2795 3464 2983 3519 cordis
3019 3464 3302 3518 alacritate
3340 3463 3408 3518 ad
3448 3478 3556 3519 cm-

1907 3558 2066 3613 lestia
2095 3568 2433 3624 suspensus,
2476 3551 2607 3607 felix
2657 3553 2946 3621 plurimum
3006 3552 3286 3620 ingressus
3331 3555 3436 3604 est.
3488 3553 3554 3606 Et

1907 3646 2054 3716 apud
2086 3641 2478 3699 monasterium
2514 3630 2703 3709 (216),
2751 3638 2901 3709 quod
2932 3638 2986 3692 in
3015 3638 3100 3707 via
3139 3638 3290 3708 regia
3326 3639 3552 3692 Romam

1907 3734 2152 3790 euntium
2198 3731 2363 3785 situm
2409 3734 2511 3793 est,
2547 3729 2640 3783 ubi
2679 3746 2705 3779 ‹‹
2743 3729 2852 3784 Nar
2882 3727 3038 3782 albus
3067 3741 3208 3797 aqua
3250 3748 3274 3776 ι
3319 3727 3449 3792 [Nar
3468 3731 3552 3781 est

1906 3823 2136 3886 ﬂuvius,
2188 3821 2398 3875 habens
2437 3817 2688 3874 turbidas
2715 3831 2904 3888 aquas.
2949 3816 3104 3873 Unde
3135 3819 3387 3873 Lucanus
3432 3815 3544 3870 ait:
3587 3813 3593 3818 ’

1905 3911 2212 3981 Sulphurea
2257 3910 2367 3963 Nar
2415 3906 2572 3961 albus
2623 3920 2785 3976 aqua.
2842 3905 2898 3959 2.
2950 3905 3007 3960 in
3061 3905 3336 3975 margine,
3394 3919 3552 3960 manu

1905 3999 2125 4069 eadem]
2175 3999 2258 4054 eis
2302 3999 2557 4052 Sanctum
2615 3995 2918 4052 Dionisium
2986 3995 3326 4052 transvadari
3383 3995 3545 4061 solet,

1905 4106 2027 4147 cum
2048 4087 2404 4145 devotissimo
2443 4085 2712 4154 exequiali
2743 4085 2953 4141 honore
2985 4085 3303 4152 tumulatus,
3336 4086 3391 4140 in
3414 4099 3548 4155 pace

1903 4178 2104 4237 Christi
2153 4175 2452 4247 requiescit
2506 4172 2569 4226 l4
2627 4174 2745 4229 Kal.
2779 4174 3003 4243 Augusti
3026 4173 3110 4230 ³⁸⁸.

2169 4271 2175 4276 “
2595 4263 2848 4315 MDXXX.

198 4359 309 4404 vero
354 4354 674 4423 episcopum
699 4398 716 4420 ,
757 4354 914 4422 cujus
940 4368 1066 4410 vere
1097 4355 1348 4410 mcclesia
1385 4335 1663 4414 Curiensis
1690 4335 1884 4415 διώ-Π
1978 4358 2092 4411 Rex
2138 4351 2446 4409 Roudolius
2472 4350 2812 4406 nativitatem
2865 4348 3079 4404 Domini
3109 4347 3398 4419 magniﬁco
3429 4349 3547 4418 plu-

201 4440 510 4504 parochiona
553 4441 670 4497 fore
709 4448 944 4511 constat,
979 4443 1457 4513 metropolitanum
1509 4461 1664 4502 suum
1705 4462 1818 4505 non

1903 4447 2097 4502 rimum
2127 4446 2392 4512 apparatu
2422 4440 2575 4510 regio
2605 4438 2818 4508 apud...
2850 4437 3270 4492 sollemnissime
3299 4437 3542 4493 celebra-

1528 4546 1751 4601 νΑΒιίΕ
1801 4542 2184 4601 LECTIONES.

260 4632 315 4663 '"
349 4636 420 4690 ita
473 4639 599 4692 Uss.
653 4635 824 4691 fuisse
862 4637 915 4692 2.
994 4636 1054 4668 ³¹¹
1097 4653 1202 4693 una:
1249 4638 1499 4696 abundat.
1577 4641 1640 4672 ³¹¹

1689 4646 2092 4715 pertemptatum
2135 4638 2203 4715 _2.
2278 4635 2604 4715 s_a;c._X_IV.
2647 4647 2798 4715 corr;
2829 4632 3242 4715 pertemptavit.
3408 4632 3545 4715 Hinc

202 4701 306 4779 inde
339 4708 603 4762 Marensis
660 4713 708 4761 et
759 4707 1192 4778 Engelbergensis
1247 4711 1451 4766 codices
1505 4701 1787 4771 Berhto‘ldo
1837 4701 2024 4769 omisso
2055 4755 2072 4779 ,
2122 4707 2371 4765 Bernoldt
2409 4710 2608 4761 textum
2653 4701 2896 4761 exhibent
2922 4725 2938 4758 :
2971 4701 3173 4760 DoCtor
3217 4703 3544 4760 Adalbertus

1768 4857 1983 4913 ΝΟΤᾹΒ.

203 4768 328 4831 facto
356 4779 638 4848 verboque
669 4768 931 4844 disertus,
969 4768 1068 4835 etc.
1101 4796 1262 4852 usque
1286 4798 1338 4837 a.
1389 4782 1542 4839 1091.

227 4942 678 5028 Li2i2)ﬂs_uberat.
695 4961 885 5028 revera
930 4949 1002 5028 ab
1044 4950 1257 5022 origine
1305 4951 1587 5028 guriensis
1631 4955 1814 5028 Eccle-

202 5015 681 5098 siayediolanensi
711 5021 1004 5098 metropoli
1030 5065 1042 5085 ,
1086 5015 1292 5098 postea
1307 5023 1637 5098 Moguntina:
1668 5027 1814 5083 circa

203 5081 246 5161 ἓ.
282 5085 537 5161 Ronifacii
569 5097 813 5159 tempora
851 5081 1115 5161 subjecta.
1166 5081 1459 5150 Ordinatus
1488 5081 1703 5153 demum
1725 5081 1817 5154 est

201 5151 480 5240 gurbertus
510 5151 722 5240 ivi‘Jon.
758 5151 1015 5240 Febr.,'a.
1047 5162 1200 5240 1985,
1223 5178 1253 5240 a
1281 5166 1563 5240 Wecilone
1592 5151 1817 5240 Magna;

203 5229 300 5311 tino
326 5229 694 5311 schismatico,
739 5239 975 5311 et_anno
1005 5233 1198 5290 eodem
1228 5235 1282 5290 in
1313 5239 1522 5307 synodo
1559 5229 1816 5309 Quedlin-

203 5292 438 5371 burg_ensi
467 5292 774 5371 depositus.
807 5306 927 5360 Uss.

259 5365 395 5439 (213)
435 5373 478 5425 l.
519 5365 568 5428 θ’.
609 5374 1048 5446 Niunburgensis
1092 5380 1153 5430 ut
1182 5377 1241 5431 V.
1282 5377 1362 5432 Cl.
1405 5380 1639 5450 Stenzel,
1673 5385 1812 5440 bene

202 5435 506 5497 observavit.

318 5454 506 5497 rvavrt.

257 5509 391 5580 (214}
427 5515 759 5573 Guntherns.

1972 4951 2105 5022 (215,
2151 4951 2273 5005 Eam
2323 4960 2445 5022 cum
2491 4944 3022 5022 Massiliensinunire
3066 4945 3384 5022 intenderat
3415 4951 3539 5003 Gre-

1897 5016 2105 5096 gorius,
2139 5028 2198 5076 ut
2223 5035 2288 5076 ex
2310 5020 2428 5087 ejus
2456 5017 2687 5088 epistola
2716 5017 2772 5084 7,
2805 5016 2930 5072 libri
2962 5032 3037 5072 vn
3065 5017 3257 5090 liquet.
3288 5017 3370 5074 Cf.
3403 5033 3539 5092 quo-

1899 5110 2006 5146 que
2044 5109 2144 5146 vn.
2193 5091 2245 5146 8.
2289 5092 2410 5146 Uss.
3444 5133 3462 5143 .

1940 5110 2006 5151 ue
2044 5109 2144 5158 v11,
2193 5105 2245 5146 δ.
2293 5105 2410 5146 uss.
3444 5133 3462 5143 ο

1899 5111 2006 5166 que
2044 5111 2144 5158 vn,
2193 5111 2245 5146 ο.
2293 5111 2410 5146 uss.
3444 5133 3462 5143 .

1973 5164 2132 5237 (216)
2175 5162 2603 5237 Radolironense
2648 5160 3096 5237 caenobiumrseu
3133 5162 3196 5237 δ.
3256 5161 3534 5237 Benedicti

1897 5239 1952 5292 in
1984 5231 2123 5307 agro
2170 5236 2460 5288 Mantuano
2508 5231 2652 5285 inter
2698 5231 2914 5307 Padum
2939 5236 2994 5286 et
3024 5232 3310 5307 Larionem
3342 5233 3536 5307 fluvios

1897 5302 2212 5378 esse'putat
2257 5307 2690 5378 Ussermannus;
2731 5302 2839 5378 sed
2869 5303 2978 5378 i‘far
3023 5303 3218 5378 fluvius
3242 5305 3421 5378 hodie
3453 5315 3537 5361 est

1896 5371 2074 5441 Nero,
2121 5377 2366 5432 dextram
2412 5374 2543 5429 Arni
2592 5373 2765 5442 ripam
2825 5371 2964 5429 infra
3019 5375 3074 5428 S.
3125 5375 3405 5433 Miniatum
3457 5378 3536 5434 in-

1894 5452 2106 5515 fluens;
2158 5447 2341 5504 Sancti
2388 5445 2632 5515 Dionysii
2659 5443 2886 5516 vestigia
2925 5443 3073 5500 nulla
3118 5447 3322 5517 reperi.
