  <div class='ocr_page' id='page_1' title='image "/cluster/home/n/w/nwhite01/storage/ocr_20150623/147/hvd.32044073505281/225.png"; bbox 0 0 4014 6176; ppageno 0'>
   <div class='ocr_carea' id='block_1_1' title="bbox 428 214 536 270">
    <p class='ocr_par' dir='ltr' id='par_1_1' title="bbox 428 214 536 270">
     <span class='ocr_line' id='line_1_1' title="bbox 428 214 536 270; baseline 0 0"><span class='ocrx_word' id='word_1_1' title='bbox 428 214 536 270; x_wconf 83' lang='grc'><strong>439</strong></span> 
     </span>
    </p>
   </div>
   <div class='ocr_carea' id='block_1_2' title="bbox 1398 182 2945 285">
    <p class='ocr_par' dir='ltr' id='par_1_2' title="bbox 1398 182 2945 285">
     <span class='ocr_line' id='line_1_2' title="bbox 1398 182 2945 285; baseline 0.003 -12"><span class='ocrx_word' id='word_1_2' title='bbox 1398 219 1774 281; x_wconf 82' lang='lat' dir='ltr'><strong>BERTHOLDI</strong></span> <span class='ocrx_word' id='word_1_3' title='bbox 1813 216 2229 285; x_wconf 77' lang='lat' dir='ltr'><strong>PRESBYTER]</strong></span> <span class='ocrx_word' id='word_1_4' title='bbox 2267 220 2828 278; x_wconf 82' lang='lat' dir='ltr'><strong>CONSTANTIENSIS</strong></span> <span class='ocrx_word' id='word_1_5' title='bbox 2932 182 2945 195; x_wconf 28' lang='grc' dir='ltr'><strong>ι</strong></span> 
     </span>
    </p>
   </div>
   <div class='ocr_carea' id='block_1_3' title="bbox 3681 225 3788 280">
    <p class='ocr_par' dir='ltr' id='par_1_3' title="bbox 3681 225 3788 280">
     <span class='ocr_line' id='line_1_3' title="bbox 3681 225 3788 280; baseline 0 0"><span class='ocrx_word' id='word_1_6' title='bbox 3681 225 3788 280; x_wconf 79' lang='grc'><strong>440</strong></span> 
     </span>
    </p>
   </div>
   <div class='ocr_carea' id='block_1_4' title="bbox 419 341 3789 421">
    <p class='ocr_par' dir='ltr' id='par_1_4' title="bbox 419 341 3789 421">
     <span class='ocr_line' id='line_1_4' title="bbox 419 341 3789 421; baseline 0.003 -26"><span class='ocrx_word' id='word_1_7' title='bbox 419 342 530 407; x_wconf 88' lang='lat' dir='ltr'><strong>vit;</strong></span> <span class='ocrx_word' id='word_1_8' title='bbox 566 342 658 397; x_wconf 92' lang='lat' dir='ltr'><strong>ubi</strong></span> <span class='ocrx_word' id='word_1_9' title='bbox 690 342 948 412; x_wconf 74' lang='lat' dir='ltr'><strong>prudenti</strong></span> <span class='ocrx_word' id='word_1_10' title='bbox 979 356 1102 400; x_wconf 89' lang='lat' dir='ltr'><strong>cum</strong></span> <span class='ocrx_word' id='word_1_11' title='bbox 1135 344 1268 408; x_wconf 90' lang='lat' dir='ltr'><strong>suis,</strong></span> <span class='ocrx_word' id='word_1_12' title='bbox 1303 349 1373 398; x_wconf 70' lang='lat' dir='ltr'><strong>ut.</strong></span> <span class='ocrx_word' id='word_1_13' title='bbox 1392 344 1658 412; x_wconf 90' lang='lat' dir='ltr'><strong>oportuit,</strong></span> <span class='ocrx_word' id='word_1_14' title='bbox 1701 341 2511 415; x_wconf 86' lang='lat' dir='ltr'><strong>intentissimeAcomplicibus</strong></span> <span class='ocrx_word' id='word_1_15' title='bbox 2546 348 2837 415; x_wconf 83' lang='lat' dir='ltr'><strong>universis,</strong></span> <span class='ocrx_word' id='word_1_16' title='bbox 2863 349 3010 419; x_wconf 88' lang='lat' dir='ltr'><strong>justa</strong></span> <span class='ocrx_word' id='word_1_17' title='bbox 3061 351 3116 405; x_wconf 90' lang='lat' dir='ltr'><strong>in</strong></span> <span class='ocrx_word' id='word_1_18' title='bbox 3174 364 3272 408; x_wconf 88' lang='lat' dir='ltr'><strong>eos</strong></span> <span class='ocrx_word' id='word_1_19' title='bbox 3317 351 3444 407; x_wconf 87' lang='lat' dir='ltr'><strong>data</strong></span> <span class='ocrx_word' id='word_1_20' title='bbox 3492 351 3789 421; x_wconf 70' lang='lat' dir='ltr'><strong>sententia,</strong></span> 
     </span>
    </p>
   </div>
   <div class='ocr_carea' id='block_1_5' title="bbox 429 430 2066 501">
    <p class='ocr_par' dir='ltr' id='par_1_5' title="bbox 429 430 2066 501">
     <span class='ocr_line' id='line_1_5' title="bbox 429 430 2066 501; baseline 0.001 -17"><span class='ocrx_word' id='word_1_21' title='bbox 429 430 663 485; x_wconf 92' lang='lat' dir='ltr'><strong>consilio</strong></span> <span class='ocrx_word' id='word_1_22' title='bbox 712 431 1132 498; x_wconf 88' lang='lat' dir='ltr'><strong>communicato,</strong></span> <span class='ocrx_word' id='word_1_23' title='bbox 1185 431 1421 501; x_wconf 78' lang='lat' dir='ltr'><strong>qualiter</strong></span> <span class='ocrx_word' id='word_1_24' title='bbox 1470 431 1729 488; x_wconf 83' lang='lat' dir='ltr'><strong>Heinrico</strong></span> <span class='ocrx_word' id='word_1_25' title='bbox 1777 432 2066 488; x_wconf 87' lang='lat' dir='ltr'><strong>Saxoniam</strong></span> 
     </span>
    </p>
   </div>
   <div class='ocr_carea' id='block_1_6' title="bbox 430 519 2068 590">
    <p class='ocr_par' dir='ltr' id='par_1_6' title="bbox 430 519 2068 590">
     <span class='ocr_line' id='line_1_6' title="bbox 430 519 2068 590; baseline 0.001 -17"><span class='ocrx_word' id='word_1_26' title='bbox 430 533 581 574; x_wconf 91' lang='lat' dir='ltr'><strong>suam</strong></span> <span class='ocrx_word' id='word_1_27' title='bbox 617 519 875 575; x_wconf 85' lang='lat' dir='ltr'><strong>invadere</strong></span> <span class='ocrx_word' id='word_1_28' title='bbox 912 522 1023 589; x_wconf 90' lang='lat' dir='ltr'><strong>jam</strong></span> <span class='ocrx_word' id='word_1_29' title='bbox 1063 524 1283 590; x_wconf 87' lang='lat' dir='ltr'><strong>jamque</strong></span> <span class='ocrx_word' id='word_1_30' title='bbox 1331 521 1677 589; x_wconf 90' lang='lat' dir='ltr'><strong>attemptanti</strong></span> <span class='ocrx_word' id='word_1_31' title='bbox 1724 521 1932 590; x_wconf 87' lang='lat' dir='ltr'><strong>absque</strong></span> <span class='ocrx_word' id='word_1_32' title='bbox 1982 519 2068 575; x_wconf 88' lang='lat' dir='ltr'><strong>sui</strong></span> 
     </span>
    </p>
   </div>
   <div class='ocr_carea' id='block_1_7' title="bbox 434 607 2070 679">
    <p class='ocr_par' dir='ltr' id='par_1_7' title="bbox 434 607 2070 679">
     <span class='ocr_line' id='line_1_7' title="bbox 434 607 2070 679; baseline 0.001 -17"><span class='ocrx_word' id='word_1_33' title='bbox 434 607 765 664; x_wconf 87' lang='lat' dir='ltr'><strong>detrimento</strong></span> <span class='ocrx_word' id='word_1_34' title='bbox 822 610 1078 665; x_wconf 83' lang='lat' dir='ltr'><strong>resistere</strong></span> <span class='ocrx_word' id='word_1_35' title='bbox 1126 616 1330 678; x_wconf 88' lang='lat' dir='ltr'><strong>posset,</strong></span> <span class='ocrx_word' id='word_1_36' title='bbox 1382 609 1653 665; x_wconf 89' lang='lat' dir='ltr'><strong>sollicitus</strong></span> <span class='ocrx_word' id='word_1_37' title='bbox 1704 610 1837 664; x_wconf 88' lang='lat' dir='ltr'><strong>satis</strong></span> <span class='ocrx_word' id='word_1_38' title='bbox 1888 623 2070 679; x_wconf 88' lang='lat' dir='ltr'><strong>perra-</strong></span> 
     </span>
    </p>
   </div>
   <div class='ocr_carea' id='block_1_8' title="bbox 435 696 2070 768">
    <p class='ocr_par' dir='ltr' id='par_1_8' title="bbox 435 696 2070 768">
     <span class='ocr_line' id='line_1_8' title="bbox 435 696 2070 768; baseline 0.001 -18"><span class='ocrx_word' id='word_1_39' title='bbox 435 696 620 752; x_wconf 82' lang='lat' dir='ltr'><strong>ctavit.</strong></span> <span class='ocrx_word' id='word_1_40' title='bbox 665 698 765 764; x_wconf 85' lang='lat' dir='ltr'><strong>Qui</strong></span> <span class='ocrx_word' id='word_1_41' title='bbox 796 704 852 752; x_wconf 91' lang='lat' dir='ltr'><strong>et</strong></span> <span class='ocrx_word' id='word_1_42' title='bbox 899 697 1031 765; x_wconf 88' lang='lat' dir='ltr'><strong>ipsis</strong></span> <span class='ocrx_word' id='word_1_43' title='bbox 1073 697 1267 752; x_wconf 90' lang='lat' dir='ltr'><strong>diebus</strong></span> <span class='ocrx_word' id='word_1_44' title='bbox 1304 698 1630 767; x_wconf 78' lang='lat' dir='ltr'><strong>Mogontiaci</strong></span> <span class='ocrx_word' id='word_1_45' title='bbox 1663 711 1773 753; x_wconf 90' lang='lat' dir='ltr'><strong>non</strong></span> <span class='ocrx_word' id='word_1_46' title='bbox 1802 698 2070 768; x_wconf 72' lang='lat' dir='ltr'><strong>dignitate</strong></span> 
     </span>
    </p>
   </div>
   <div class='ocr_carea' id='block_1_9' title="bbox 435 784 2069 856">
    <p class='ocr_par' dir='ltr' id='par_1_9' title="bbox 435 784 2069 856">
     <span class='ocr_line' id='line_1_9' title="bbox 435 784 2069 856; baseline 0.001 -16"><span class='ocrx_word' id='word_1_47' title='bbox 435 786 584 856; x_wconf 86' lang='lat' dir='ltr'><strong>regia</strong></span> <span class='ocrx_word' id='word_1_48' title='bbox 635 791 719 840; x_wconf 91' lang='lat' dir='ltr'><strong>set</strong></span> <span class='ocrx_word' id='word_1_49' title='bbox 767 784 1236 855; x_wconf 81' lang='lat' dir='ltr'><strong>qualitercumque</strong></span> <span class='ocrx_word' id='word_1_50' title='bbox 1293 799 1658 853; x_wconf 89' lang='lat' dir='ltr'><strong>commorans,</strong></span> <span class='ocrx_word' id='word_1_51' title='bbox 1709 793 1763 842; x_wconf 93' lang='lat' dir='ltr'><strong>et</strong></span> <span class='ocrx_word' id='word_1_52' title='bbox 1820 787 2069 841; x_wconf 85' lang='lat' dir='ltr'><strong>militiam</strong></span> 
     </span>
    </p>
   </div>
   <div class='ocr_carea' id='block_1_10' title="bbox 434 876 2067 947">
    <p class='ocr_par' dir='ltr' id='par_1_10' title="bbox 434 876 2067 947">
     <span class='ocr_line' id='line_1_10' title="bbox 434 876 2067 947; baseline 0.001 -15"><span class='ocrx_word' id='word_1_53' title='bbox 434 876 497 907; x_wconf 65' lang='lat' dir='ltr'><strong>m</strong></span> <span class='ocrx_word' id='word_1_54' title='bbox 535 890 645 932; x_wconf 92' lang='lat' dir='ltr'><strong>non</strong></span> <span class='ocrx_word' id='word_1_55' title='bbox 693 891 910 944; x_wconf 88' lang='lat' dir='ltr'><strong>parvam</strong></span> <span class='ocrx_word' id='word_1_56' title='bbox 941 877 1007 932; x_wconf 91' lang='lat' dir='ltr'><strong>de</strong></span> <span class='ocrx_word' id='word_1_57' title='bbox 1036 877 1350 947; x_wconf 88' lang='lat' dir='ltr'><strong>Burgundia</strong></span> <span class='ocrx_word' id='word_1_58' title='bbox 1373 919 1387 943; x_wconf 95' lang='lat'><strong>,</strong></span> <span class='ocrx_word' id='word_1_59' title='bbox 1433 877 1681 944; x_wconf 85' lang='lat' dir='ltr'><strong>Francia,</strong></span> <span class='ocrx_word' id='word_1_60' title='bbox 1721 879 2067 945; x_wconf 87' lang='lat' dir='ltr'><strong>Alemanuia,</strong></span> 
     </span>
    </p>
   </div>
   <div class='ocr_carea' id='block_1_11' title="bbox 434 966 2072 1035">
    <p class='ocr_par' dir='ltr' id='par_1_11' title="bbox 434 966 2072 1035">
     <span class='ocr_line' id='line_1_11' title="bbox 434 966 2072 1035; baseline 0.001 -14"><span class='ocrx_word' id='word_1_61' title='bbox 434 967 677 1035; x_wconf 88' lang='lat' dir='ltr'><strong>Bajoaria</strong></span> <span class='ocrx_word' id='word_1_62' title='bbox 703 1009 717 1031; x_wconf 92' lang='lat'><strong>,</strong></span> <span class='ocrx_word' id='word_1_63' title='bbox 759 966 976 1020; x_wconf 91' lang='lat' dir='ltr'><strong>Boemia</strong></span> <span class='ocrx_word' id='word_1_64' title='bbox 1014 973 1069 1021; x_wconf 91' lang='lat' dir='ltr'><strong>et</strong></span> <span class='ocrx_word' id='word_1_65' title='bbox 1099 966 1481 1035; x_wconf 85' lang='lat' dir='ltr'><strong>undecumque</strong></span> <span class='ocrx_word' id='word_1_66' title='bbox 1522 968 1868 1024; x_wconf 87' lang='lat' dir='ltr'><strong>collectitans</strong></span> <span class='ocrx_word' id='word_1_67' title='bbox 1891 1010 1905 1033; x_wconf 90' lang='lat'><strong>,</strong></span> <span class='ocrx_word' id='word_1_68' title='bbox 1947 981 2072 1024; x_wconf 83' lang='lat' dir='ltr'><strong>mox</strong></span> 
     </span>
    </p>
   </div>
   <div class='ocr_carea' id='block_1_12' title="bbox 434 1053 2072 1125">
    <p class='ocr_par' dir='ltr' id='par_1_12' title="bbox 434 1053 2072 1125">
     <span class='ocr_line' id='line_1_12' title="bbox 434 1053 2072 1125; baseline 0.001 -15"><span class='ocrx_word' id='word_1_69' title='bbox 434 1060 560 1123; x_wconf 84' lang='lat' dir='ltr'><strong>post</strong></span> <span class='ocrx_word' id='word_1_70' title='bbox 598 1062 814 1109; x_wconf 89' lang='lat' dir='ltr'><strong>octavas</strong></span> <span class='ocrx_word' id='word_1_71' title='bbox 844 1053 1192 1124; x_wconf 10' lang='lat' dir='ltr'><strong>th‘e0phaniae</strong></span> <span class='ocrx_word' id='word_1_72' title='bbox 1237 1055 1292 1109; x_wconf 90' lang='lat' dir='ltr'><strong>in</strong></span> <span class='ocrx_word' id='word_1_73' title='bbox 1341 1056 1627 1111; x_wconf 86' lang='lat' dir='ltr'><strong>Saxoniam</strong></span> <span class='ocrx_word' id='word_1_74' title='bbox 1666 1056 2072 1125; x_wconf 85' lang='lat' dir='ltr'><strong>expeditionem</strong></span> 
     </span>
    </p>
   </div>
   <div class='ocr_carea' id='block_1_13' title="bbox 438 1144 2072 1213">
    <p class='ocr_par' dir='ltr' id='par_1_13' title="bbox 438 1144 2072 1213">
     <span class='ocr_line' id='line_1_13' title="bbox 438 1144 2072 1213; baseline 0.002 -15"><span class='ocrx_word' id='word_1_75' title='bbox 438 1144 623 1200; x_wconf 90' lang='lat' dir='ltr'><strong>hostili</strong></span> <span class='ocrx_word' id='word_1_76' title='bbox 680 1144 887 1213; x_wconf 86' lang='lat' dir='ltr'><strong>impetu</strong></span> <span class='ocrx_word' id='word_1_77' title='bbox 941 1144 1242 1200; x_wconf 89' lang='lat' dir='ltr'><strong>acerrimus</strong></span> <span class='ocrx_word' id='word_1_78' title='bbox 1297 1159 1618 1213; x_wconf 84' lang='lat' dir='ltr'><strong>promovere</strong></span> <span class='ocrx_word' id='word_1_79' title='bbox 1670 1160 1779 1203; x_wconf 92' lang='lat' dir='ltr'><strong>non</strong></span> <span class='ocrx_word' id='word_1_80' title='bbox 1820 1148 2072 1202; x_wconf 87' lang='lat' dir='ltr'><strong>cessavit.</strong></span> 
     </span>
    </p>
   </div>
   <div class='ocr_carea' id='block_1_14' title="bbox 438 1232 2076 1307">
    <p class='ocr_par' dir='ltr' id='par_1_14' title="bbox 438 1232 2076 1307">
     <span class='ocr_line' id='line_1_14' title="bbox 438 1232 2076 1307; baseline 0.002 -19"><span class='ocrx_word' id='word_1_81' title='bbox 438 1233 533 1288; x_wconf 89' lang='lat' dir='ltr'><strong>Cui</strong></span> <span class='ocrx_word' id='word_1_82' title='bbox 574 1247 667 1288; x_wconf 86' lang='lat' dir='ltr'><strong>rex</strong></span> <span class='ocrx_word' id='word_1_83' title='bbox 706 1232 1030 1299; x_wconf 83' lang='lat' dir='ltr'><strong>Roudolfus,</strong></span> <span class='ocrx_word' id='word_1_84' title='bbox 1072 1234 1305 1289; x_wconf 89' lang='lat' dir='ltr'><strong>collecto</strong></span> <span class='ocrx_word' id='word_1_85' title='bbox 1345 1241 1400 1289; x_wconf 90' lang='lat' dir='ltr'><strong>et</strong></span> <span class='ocrx_word' id='word_1_86' title='bbox 1437 1236 1555 1304; x_wconf 88' lang='lat' dir='ltr'><strong>ipse</strong></span> <span class='ocrx_word' id='word_1_87' title='bbox 1594 1236 1905 1307; x_wconf 65' lang='lat' dir='ltr'><strong>praegrandi</strong></span> <span class='ocrx_word' id='word_1_88' title='bbox 1939 1252 2076 1293; x_wconf 92' lang='lat' dir='ltr'><strong>suo-</strong></span> 
     </span>
    </p>
   </div>
   <div class='ocr_carea' id='block_1_15' title="bbox 444 1323 2075 1396">
    <p class='ocr_par' dir='ltr' id='par_1_15' title="bbox 444 1323 2075 1396">
     <span class='ocr_line' id='line_1_15' title="bbox 444 1323 2075 1396; baseline 0.003 -19"><span class='ocrx_word' id='word_1_89' title='bbox 444 1336 561 1378; x_wconf 89' lang='lat' dir='ltr'><strong>rum</strong></span> <span class='ocrx_word' id='word_1_90' title='bbox 619 1323 848 1377; x_wconf 90' lang='lat' dir='ltr'><strong>militum</strong></span> <span class='ocrx_word' id='word_1_91' title='bbox 889 1324 1173 1391; x_wconf 81' lang='lat' dir='ltr'><strong>exercitu,</strong></span> <span class='ocrx_word' id='word_1_92' title='bbox 1233 1338 1522 1379; x_wconf 88' lang='lat' dir='ltr'><strong>occursare</strong></span> <span class='ocrx_word' id='word_1_93' title='bbox 1565 1326 1843 1382; x_wconf 88' lang='lat' dir='ltr'><strong>animosus</strong></span> <span class='ocrx_word' id='word_1_94' title='bbox 1898 1327 2075 1396; x_wconf 89' lang='lat' dir='ltr'><strong>pluri-</strong></span> 
     </span>
    </p>
   </div>
   <div class='ocr_carea' id='block_1_16' title="bbox 443 1412 2077 1483">
    <p class='ocr_par' dir='ltr' id='par_1_16' title="bbox 443 1412 2077 1483">
     <span class='ocr_line' id='line_1_16' title="bbox 443 1412 2077 1483; baseline 0.002 -16"><span class='ocrx_word' id='word_1_95' title='bbox 443 1426 609 1478; x_wconf 88' lang='lat' dir='ltr'><strong>mum,</strong></span> <span class='ocrx_word' id='word_1_96' title='bbox 652 1412 857 1481; x_wconf 89' lang='lat' dir='ltr'><strong>Deique</strong></span> <span class='ocrx_word' id='word_1_97' title='bbox 891 1412 1367 1468; x_wconf 60' lang='lat' dir='ltr'><strong>misericordiae“</strong></span> <span class='ocrx_word' id='word_1_98' title='bbox 1406 1415 1632 1483; x_wconf 87' lang='lat' dir='ltr'><strong>ejusque</strong></span> <span class='ocrx_word' id='word_1_99' title='bbox 1655 1415 1884 1483; x_wconf 72' lang='lat' dir='ltr'><strong>justitize</strong></span> <span class='ocrx_word' id='word_1_100' title='bbox 1932 1416 2077 1470; x_wconf 81' lang='lat' dir='ltr'><strong>ﬁdu-</strong></span> 
     </span>
    </p>
   </div>
   <div class='ocr_carea' id='block_1_17' title="bbox 443 1502 2081 1574">
    <p class='ocr_par' dir='ltr' id='par_1_17' title="bbox 443 1502 2081 1574">
     <span class='ocr_line' id='line_1_17' title="bbox 443 1502 2081 1574; baseline 0.002 -17"><span class='ocrx_word' id='word_1_101' title='bbox 443 1503 526 1557; x_wconf 87' lang='lat' dir='ltr'><strong>cia</strong></span> <span class='ocrx_word' id='word_1_102' title='bbox 563 1515 909 1571; x_wconf 89' lang='lat' dir='ltr'><strong>summopere</strong></span> <span class='ocrx_word' id='word_1_103' title='bbox 946 1502 1335 1557; x_wconf 87' lang='lat' dir='ltr'><strong>corroboratus</strong></span> <span class='ocrx_word' id='word_1_104' title='bbox 1364 1502 1508 1559; x_wconf 89' lang='lat' dir='ltr'><strong>bello</strong></span> <span class='ocrx_word' id='word_1_105' title='bbox 1537 1505 1800 1574; x_wconf 80' lang='lat' dir='ltr'><strong>congredi</strong></span> <span class='ocrx_word' id='word_1_106' title='bbox 1823 1511 2081 1560; x_wconf 89' lang='lat' dir='ltr'><strong>constan-</strong></span> 
     </span>
    </p>
   </div>
   <div class='ocr_carea' id='block_1_18' title="bbox 2150 434 3792 505">
    <p class='ocr_par' dir='ltr' id='par_1_18' title="bbox 2150 434 3792 505">
     <span class='ocr_line' id='line_1_18' title="bbox 2150 434 3792 505; baseline 0.004 -16"><span class='ocrx_word' id='word_1_107' title='bbox 2150 434 2474 505; x_wconf 89' lang='lat' dir='ltr'><strong>dampnatos</strong></span> <span class='ocrx_word' id='word_1_108' title='bbox 2541 443 2597 492; x_wconf 91' lang='lat' dir='ltr'><strong>et</strong></span> <span class='ocrx_word' id='word_1_109' title='bbox 2654 451 3042 494; x_wconf 89' lang='lat' dir='ltr'><strong>excommunes</strong></span> <span class='ocrx_word' id='word_1_110' title='bbox 3104 439 3467 496; x_wconf 89' lang='lat' dir='ltr'><strong>anathematis</strong></span> <span class='ocrx_word' id='word_1_111' title='bbox 3530 440 3792 496; x_wconf 84' lang='lat' dir='ltr'><strong>strictura</strong></span> 
     </span>
    </p>
   </div>
   <div class='ocr_carea' id='block_1_19' title="bbox 2151 525 3794 599">
    <p class='ocr_par' dir='ltr' id='par_1_19' title="bbox 2151 525 3794 599">
     <span class='ocr_line' id='line_1_19' title="bbox 2151 525 3794 599; baseline 0.004 -21"><span class='ocrx_word' id='word_1_112' title='bbox 2151 525 2524 581; x_wconf 86' lang='lat' dir='ltr'><strong>convinxerat.</strong></span> <span class='ocrx_word' id='word_1_113' title='bbox 2581 526 2736 593; x_wconf 85' lang='lat' dir='ltr'><strong>Quod</strong></span> <span class='ocrx_word' id='word_1_114' title='bbox 2789 528 2944 597; x_wconf 81' lang='lat' dir='ltr'><strong>juxta</strong></span> <span class='ocrx_word' id='word_1_115' title='bbox 2998 526 3221 583; x_wconf 92' lang='lat' dir='ltr'><strong>solitum</strong></span> <span class='ocrx_word' id='word_1_116' title='bbox 3267 528 3402 597; x_wconf 89' lang='lat' dir='ltr'><strong>ipsi,</strong></span> <span class='ocrx_word' id='word_1_117' title='bbox 3470 529 3567 584; x_wconf 88' lang='lat' dir='ltr'><strong>Dei</strong></span> <span class='ocrx_word' id='word_1_118' title='bbox 3621 528 3794 599; x_wconf 87' lang='lat' dir='ltr'><strong>justi-</strong></span> 
     </span>
    </p>
   </div>
   <div class='ocr_carea' id='block_1_20' title="bbox 2150 614 3795 686">
    <p class='ocr_par' dir='ltr' id='par_1_20' title="bbox 2150 614 3795 686">
     <span class='ocr_line' id='line_1_20' title="bbox 2150 614 3795 686; baseline 0.004 -19"><span class='ocrx_word' id='word_1_119' title='bbox 2150 614 2243 668; x_wconf 70' lang='lat' dir='ltr'><strong>tiaa</strong></span> <span class='ocrx_word' id='word_1_120' title='bbox 2312 615 2775 671; x_wconf 90' lang='lat' dir='ltr'><strong>contumacissimi</strong></span> <span class='ocrx_word' id='word_1_121' title='bbox 2841 622 3290 686; x_wconf 82' lang='lat' dir='ltr'><strong>contemptores,</strong></span> <span class='ocrx_word' id='word_1_122' title='bbox 3368 617 3560 673; x_wconf 90' lang='lat' dir='ltr'><strong>nichili</strong></span> <span class='ocrx_word' id='word_1_123' title='bbox 3637 615 3795 674; x_wconf 87' lang='lat' dir='ltr'><strong>facti-</strong></span> 
     </span>
    </p>
   </div>
   <div class='ocr_carea' id='block_1_21' title="bbox 2150 704 3792 777">
    <p class='ocr_par' dir='ltr' id='par_1_21' title="bbox 2150 704 3792 777">
     <span class='ocr_line' id='line_1_21' title="bbox 2150 704 3792 777; baseline 0.003 -20"><span class='ocrx_word' id='word_1_124' title='bbox 2150 708 2350 770; x_wconf 89' lang='lat' dir='ltr'><strong>tantes,</strong></span> <span class='ocrx_word' id='word_1_125' title='bbox 2407 704 2678 759; x_wconf 83' lang='lat' dir='ltr'><strong>Saxonum</strong></span> <span class='ocrx_word' id='word_1_126' title='bbox 2746 705 2943 760; x_wconf 89' lang='lat' dir='ltr'><strong>castris</strong></span> <span class='ocrx_word' id='word_1_127' title='bbox 2998 704 3129 761; x_wconf 89' lang='lat' dir='ltr'><strong>belli</strong></span> <span class='ocrx_word' id='word_1_128' title='bbox 3190 705 3468 775; x_wconf 60' lang='lat' dir='ltr'><strong>caedisque</strong></span> <span class='ocrx_word' id='word_1_129' title='bbox 3526 720 3792 777; x_wconf 87' lang='lat' dir='ltr'><strong>perquam</strong></span> 
     </span>
    </p>
   </div>
   <div class='ocr_carea' id='block_1_22' title="bbox 2152 792 3798 865">
    <p class='ocr_par' dir='ltr' id='par_1_22' title="bbox 2152 792 3798 865">
     <span class='ocr_line' id='line_1_22' title="bbox 2152 792 3798 865; baseline 0.003 -21"><span class='ocrx_word' id='word_1_130' title='bbox 2152 797 2356 846; x_wconf 86' lang='lat' dir='ltr'><strong>temere</strong></span> <span class='ocrx_word' id='word_1_131' title='bbox 2420 792 2693 860; x_wconf 87' lang='lat' dir='ltr'><strong>spirantes</strong></span> <span class='ocrx_word' id='word_1_132' title='bbox 2769 792 2902 847; x_wconf 85' lang='lat' dir='ltr'><strong>satis</strong></span> <span class='ocrx_word' id='word_1_133' title='bbox 2965 794 3500 862; x_wconf 85' lang='lat' dir='ltr'><strong>approximaverant.</strong></span> <span class='ocrx_word' id='word_1_134' title='bbox 3569 794 3798 865; x_wconf 89' lang='lat' dir='ltr'><strong>Hiemps</strong></span> 
     </span>
    </p>
   </div>
   <div class='ocr_carea' id='block_1_23' title="bbox 2152 880 3796 951">
    <p class='ocr_par' dir='ltr' id='par_1_23' title="bbox 2152 880 3796 951">
     <span class='ocr_line' id='line_1_23' title="bbox 2152 880 3796 951; baseline 0.002 -17"><span class='ocrx_word' id='word_1_135' title='bbox 2152 886 2352 945; x_wconf 91' lang='lat' dir='ltr'><strong>autem,</strong></span> <span class='ocrx_word' id='word_1_136' title='bbox 2385 894 2508 949; x_wconf 76' lang='lat' dir='ltr'><strong>qua:</strong></span> <span class='ocrx_word' id='word_1_137' title='bbox 2543 880 2706 937; x_wconf 88' lang='lat' dir='ltr'><strong>solito</strong></span> <span class='ocrx_word' id='word_1_138' title='bbox 2745 883 2993 951; x_wconf 87' lang='lat' dir='ltr'><strong>asperior</strong></span> <span class='ocrx_word' id='word_1_139' title='bbox 3031 889 3161 938; x_wconf 90' lang='lat' dir='ltr'><strong>tunc</strong></span> <span class='ocrx_word' id='word_1_140' title='bbox 3210 883 3578 950; x_wconf 84' lang='lat' dir='ltr'><strong>inhorruerat,</strong></span> <span class='ocrx_word' id='word_1_141' title='bbox 3619 884 3796 938; x_wconf 89' lang='lat' dir='ltr'><strong>utris-</strong></span> 
     </span>
    </p>
   </div>
   <div class='ocr_carea' id='block_1_24' title="bbox 2153 968 3798 1041">
    <p class='ocr_par' dir='ltr' id='par_1_24' title="bbox 2153 968 3798 1041">
     <span class='ocr_line' id='line_1_24' title="bbox 2153 968 3798 1041; baseline 0.004 -20"><span class='ocrx_word' id='word_1_142' title='bbox 2153 982 2259 1036; x_wconf 90' lang='lat' dir='ltr'><strong>que</strong></span> <span class='ocrx_word' id='word_1_143' title='bbox 2318 968 2563 1036; x_wconf 89' lang='lat' dir='ltr'><strong>partibus</strong></span> <span class='ocrx_word' id='word_1_144' title='bbox 2614 969 2681 1023; x_wconf 91' lang='lat' dir='ltr'><strong>ad</strong></span> <span class='ocrx_word' id='word_1_145' title='bbox 2729 969 2940 1025; x_wconf 87' lang='lat' dir='ltr'><strong>instans</strong></span> <span class='ocrx_word' id='word_1_146' title='bbox 2984 971 3265 1041; x_wconf 83' lang='lat' dir='ltr'><strong>negotium</strong></span> <span class='ocrx_word' id='word_1_147' title='bbox 3322 985 3431 1027; x_wconf 91' lang='lat' dir='ltr'><strong>non</strong></span> <span class='ocrx_word' id='word_1_148' title='bbox 3477 985 3645 1041; x_wconf 86' lang='lat' dir='ltr'><strong>parvo</strong></span> <span class='ocrx_word' id='word_1_149' title='bbox 3693 972 3798 1027; x_wconf 91' lang='lat' dir='ltr'><strong>im-</strong></span> 
     </span>
    </p>
   </div>
   <div class='ocr_carea' id='block_1_25' title="bbox 2154 1055 3797 1128">
    <p class='ocr_par' dir='ltr' id='par_1_25' title="bbox 2154 1055 3797 1128">
     <span class='ocr_line' id='line_1_25' title="bbox 2154 1055 3797 1128; baseline 0.002 -17"><span class='ocrx_word' id='word_1_150' title='bbox 2154 1056 2468 1125; x_wconf 91' lang='lat' dir='ltr'><strong>pedimento</strong></span> <span class='ocrx_word' id='word_1_151' title='bbox 2523 1055 2719 1113; x_wconf 88' lang='lat' dir='ltr'><strong>fuerat.</strong></span> <span class='ocrx_word' id='word_1_152' title='bbox 2770 1060 2887 1114; x_wconf 82' lang='lat' dir='ltr'><strong>Rex</strong></span> <span class='ocrx_word' id='word_1_153' title='bbox 2932 1058 3170 1128; x_wconf 83' lang='lat' dir='ltr'><strong>denique</strong></span> <span class='ocrx_word' id='word_1_154' title='bbox 3229 1058 3534 1116; x_wconf 86' lang='lat' dir='ltr'><strong>Roudolfus</strong></span> <span class='ocrx_word' id='word_1_155' title='bbox 3578 1060 3797 1117; x_wconf 87' lang='lat' dir='ltr'><strong>hostem</strong></span> 
     </span>
    </p>
   </div>
   <div class='ocr_carea' id='block_1_26' title="bbox 2154 1145 3800 1227">
    <p class='ocr_par' dir='ltr' id='par_1_26' title="bbox 2154 1145 3800 1227">
     <span class='ocr_line' id='line_1_26' title="bbox 2154 1145 3800 1227; baseline 0.004 -28"><span class='ocrx_word' id='word_1_156' title='bbox 2154 1145 2347 1200; x_wconf 90' lang='lat' dir='ltr'><strong>adesse</strong></span> <span class='ocrx_word' id='word_1_157' title='bbox 2380 1148 2745 1215; x_wconf 88' lang='lat' dir='ltr'><strong>comperiens,</strong></span> <span class='ocrx_word' id='word_1_158' title='bbox 2777 1161 2841 1203; x_wconf 92' lang='lat' dir='ltr'><strong>ac</strong></span> <span class='ocrx_word' id='word_1_159' title='bbox 2878 1162 2938 1203; x_wconf 90' lang='lat' dir='ltr'><strong>se</strong></span> <span class='ocrx_word' id='word_1_160' title='bbox 2976 1163 3099 1203; x_wconf 92' lang='lat' dir='ltr'><strong>cum</strong></span> <span class='ocrx_word' id='word_1_161' title='bbox 3138 1148 3253 1205; x_wconf 92' lang='lat' dir='ltr'><strong>suis</strong></span> <span class='ocrx_word' id='word_1_162' title='bbox 3284 1149 3614 1227; x_wconf 84' lang='lat' dir='ltr'><strong>cohortibus</strong></span> <span class='ocrx_word' id='word_1_163' title='bbox 3643 1150 3716 1205; x_wconf 91' lang='lat' dir='ltr'><strong>ad</strong></span> <span class='ocrx_word' id='word_1_164' title='bbox 3734 1149 3800 1180; x_wconf 80' lang='grc'><strong>³⁸³</strong></span> 
     </span>
    </p>
   </div>
   <div class='ocr_carea' id='block_1_27' title="bbox 2156 1234 3804 1295">
    <p class='ocr_par' dir='ltr' id='par_1_27' title="bbox 2156 1234 3804 1295">
     <span class='ocr_line' id='line_1_27' title="bbox 2156 1234 3804 1295; baseline 0.003 -6"><span class='ocrx_word' id='word_1_165' title='bbox 2156 1234 2359 1290; x_wconf 90' lang='lat' dir='ltr'><strong>bellum</strong></span> <span class='ocrx_word' id='word_1_166' title='bbox 2418 1235 2823 1293; x_wconf 85' lang='lat' dir='ltr'><strong>ordinatissime</strong></span> <span class='ocrx_word' id='word_1_167' title='bbox 2871 1238 3004 1293; x_wconf 89' lang='lat' dir='ltr'><strong>satis</strong></span> <span class='ocrx_word' id='word_1_168' title='bbox 3058 1238 3342 1294; x_wconf 90' lang='lat' dir='ltr'><strong>instructis</strong></span> <span class='ocrx_word' id='word_1_169' title='bbox 3398 1238 3577 1295; x_wconf 89' lang='lat' dir='ltr'><strong>bellax</strong></span> <span class='ocrx_word' id='word_1_170' title='bbox 3633 1239 3804 1294; x_wconf 87' lang='lat' dir='ltr'><strong>nimis</strong></span> 
     </span>
    </p>
   </div>
   <div class='ocr_carea' id='block_1_28' title="bbox 2158 1323 3805 1398">
    <p class='ocr_par' dir='ltr' id='par_1_28' title="bbox 2158 1323 3805 1398">
     <span class='ocr_line' id='line_1_28' title="bbox 2158 1323 3805 1398; baseline 0.002 -20"><span class='ocrx_word' id='word_1_171' title='bbox 2158 1331 2213 1378; x_wconf 89' lang='lat' dir='ltr'><strong>et</strong></span> <span class='ocrx_word' id='word_1_172' title='bbox 2266 1323 2576 1380; x_wconf 90' lang='lat' dir='ltr'><strong>horrendus</strong></span> <span class='ocrx_word' id='word_1_173' title='bbox 2636 1338 2984 1394; x_wconf 89' lang='lat' dir='ltr'><strong>promovens,</strong></span> <span class='ocrx_word' id='word_1_174' title='bbox 3042 1328 3098 1382; x_wconf 92' lang='lat' dir='ltr'><strong>in</strong></span> <span class='ocrx_word' id='word_1_175' title='bbox 3147 1329 3259 1383; x_wconf 91' lang='lat' dir='ltr'><strong>Deo</strong></span> <span class='ocrx_word' id='word_1_176' title='bbox 3316 1329 3542 1398; x_wconf 90' lang='lat' dir='ltr'><strong>ejusque</strong></span> <span class='ocrx_word' id='word_1_177' title='bbox 3585 1328 3805 1397; x_wconf 88' lang='lat' dir='ltr'><strong>justitia</strong></span> 
     </span>
    </p>
   </div>
   <div class='ocr_carea' id='block_1_29' title="bbox 2160 1416 3802 1483">
    <p class='ocr_par' dir='ltr' id='par_1_29' title="bbox 2160 1416 3802 1483">
     <span class='ocr_line' id='line_1_29' title="bbox 2160 1416 3802 1483; baseline 0.004 -16"><span class='ocrx_word' id='word_1_178' title='bbox 2160 1427 2489 1483; x_wconf 80' lang='lat' dir='ltr'><strong>magnOpere</strong></span> <span class='ocrx_word' id='word_1_179' title='bbox 2555 1419 2806 1483; x_wconf 88' lang='lat' dir='ltr'><strong>speratus</strong></span> <span class='ocrx_word' id='word_1_180' title='bbox 2870 1422 2926 1470; x_wconf 90' lang='lat' dir='ltr'><strong>et</strong></span> <span class='ocrx_word' id='word_1_181' title='bbox 2990 1416 3383 1474; x_wconf 90' lang='lat' dir='ltr'><strong>corroboratus</strong></span> <span class='ocrx_word' id='word_1_182' title='bbox 3414 1459 3428 1483; x_wconf 91' lang='lat'><strong>,</strong></span> <span class='ocrx_word' id='word_1_183' title='bbox 3483 1418 3676 1473; x_wconf 89' lang='lat' dir='ltr'><strong>hostes</strong></span> <span class='ocrx_word' id='word_1_184' title='bbox 3738 1431 3802 1473; x_wconf 88' lang='lat' dir='ltr'><strong>se</strong></span> 
     </span>
    </p>
   </div>
   <div class='ocr_carea' id='block_1_30' title="bbox 2158 1503 3802 1576">
    <p class='ocr_par' dir='ltr' id='par_1_30' title="bbox 2158 1503 3802 1576">
     <span class='ocr_line' id='line_1_30' title="bbox 2158 1503 3802 1576; baseline 0.003 -19"><span class='ocrx_word' id='word_1_185' title='bbox 2158 1504 2330 1573; x_wconf 81' lang='lat' dir='ltr'><strong>gratis</strong></span> <span class='ocrx_word' id='word_1_186' title='bbox 2375 1503 2706 1572; x_wconf 79' lang='lat' dir='ltr'><strong>impotentes</strong></span> <span class='ocrx_word' id='word_1_187' title='bbox 2766 1504 3114 1574; x_wconf 60' lang='lat' dir='ltr'><strong>praestolatus</strong></span> <span class='ocrx_word' id='word_1_188' title='bbox 3168 1511 3272 1560; x_wconf 87' lang='lat' dir='ltr'><strong>est.</strong></span> <span class='ocrx_word' id='word_1_189' title='bbox 3329 1507 3462 1562; x_wconf 89' lang='lat' dir='ltr'><strong>Nam</strong></span> <span class='ocrx_word' id='word_1_190' title='bbox 3516 1506 3639 1576; x_wconf 89' lang='lat' dir='ltr'><strong>ipse</strong></span> <span class='ocrx_word' id='word_1_191' title='bbox 3688 1519 3802 1562; x_wconf 85' lang='lat' dir='ltr'><strong>non</strong></span> 
     </span>
    </p>
   </div>
   <div class='ocr_carea' id='block_1_31' title="bbox 432 1591 3806 1664">
    <p class='ocr_par' dir='ltr' id='par_1_31' title="bbox 432 1591 3806 1664">
     <span class='ocr_line' id='line_1_31' title="bbox 432 1591 3806 1664; baseline 0.001 -17"><span class='ocrx_word' id='word_1_192' title='bbox 432 1592 643 1647; x_wconf 90' lang='lat' dir='ltr'><strong>tissime</strong></span> <span class='ocrx_word' id='word_1_193' title='bbox 684 1591 1014 1657; x_wconf 85' lang='lat' dir='ltr'><strong>destinavit;</strong></span> <span class='ocrx_word' id='word_1_194' title='bbox 1048 1604 1220 1660; x_wconf 90' lang='lat' dir='ltr'><strong>eaque</strong></span> <span class='ocrx_word' id='word_1_195' title='bbox 1267 1592 1576 1647; x_wconf 90' lang='lat' dir='ltr'><strong>intentione</strong></span> <span class='ocrx_word' id='word_1_196' title='bbox 1625 1593 1731 1662; x_wconf 92' lang='lat' dir='ltr'><strong>ipsi</strong></span> <span class='ocrx_word' id='word_1_197' title='bbox 1778 1594 1990 1649; x_wconf 88' lang='lat' dir='ltr'><strong>obviam</strong></span> <span class='ocrx_word' id='word_1_198' title='bbox 2015 1595 2079 1625; x_wconf 80' lang='grc'>³¹⁶</span> <span class='ocrx_word' id='word_1_199' title='bbox 2161 1596 2325 1660; x_wconf 89' lang='lat' dir='ltr'><strong>caput</strong></span> <span class='ocrx_word' id='word_1_200' title='bbox 2363 1597 2419 1647; x_wconf 92' lang='lat' dir='ltr'><strong>et</strong></span> <span class='ocrx_word' id='word_1_201' title='bbox 2463 1592 2717 1661; x_wconf 91' lang='lat' dir='ltr'><strong>inceptor</strong></span> <span class='ocrx_word' id='word_1_202' title='bbox 2771 1598 2937 1648; x_wconf 69' lang='lat' dir='ltr'><strong>tantae</strong></span> <span class='ocrx_word' id='word_1_203' title='bbox 2984 1595 3411 1664; x_wconf 77' lang='lat' dir='ltr'><strong>congressionis,</strong></span> <span class='ocrx_word' id='word_1_204' title='bbox 3467 1602 3555 1650; x_wconf 91' lang='lat' dir='ltr'><strong>set</strong></span> <span class='ocrx_word' id='word_1_205' title='bbox 3599 1596 3806 1652; x_wconf 89' lang='lat' dir='ltr'><strong>suimet</strong></span> 
     </span>
    </p>
   </div>
   <div class='ocr_carea' id='block_1_32' title="bbox 432 1667 3803 1750">
    <p class='ocr_par' dir='ltr' id='par_1_32' title="bbox 432 1667 3803 1750">
     <span class='ocr_line' id='line_1_32' title="bbox 432 1667 3803 1750; baseline -0 -13"><span class='ocrx_word' id='word_1_206' title='bbox 432 1695 555 1737; x_wconf 90' lang='lat' dir='ltr'><strong>sese</strong></span> <span class='ocrx_word' id='word_1_207' title='bbox 594 1678 859 1734; x_wconf 90' lang='lat' dir='ltr'><strong>bellicoso</strong></span> <span class='ocrx_word' id='word_1_208' title='bbox 891 1684 1102 1734; x_wconf 88' lang='lat' dir='ltr'><strong>terrore</strong></span> <span class='ocrx_word' id='word_1_209' title='bbox 1135 1679 1395 1734; x_wconf 89' lang='lat' dir='ltr'><strong>audacter</strong></span> <span class='ocrx_word' id='word_1_210' title='bbox 1434 1694 1779 1749; x_wconf 86' lang='lat' dir='ltr'><strong>promovens,</strong></span> <span class='ocrx_word' id='word_1_211' title='bbox 1812 1682 1899 1737; x_wconf 87' lang='lat' dir='ltr'><strong>vix</strong></span> <span class='ocrx_word' id='word_1_212' title='bbox 1927 1667 2492 1750; x_wconf 82' lang='lat' dir='ltr'><strong>illiusBsuorumque</strong></span> <span class='ocrx_word' id='word_1_213' title='bbox 2544 1679 2804 1737; x_wconf 90' lang='lat' dir='ltr'><strong>defensor</strong></span> <span class='ocrx_word' id='word_1_214' title='bbox 2858 1689 2914 1737; x_wconf 91' lang='lat' dir='ltr'><strong>et</strong></span> <span class='ocrx_word' id='word_1_215' title='bbox 2950 1682 3234 1749; x_wconf 88' lang='lat' dir='ltr'><strong>liberator,</strong></span> <span class='ocrx_word' id='word_1_216' title='bbox 3276 1688 3331 1738; x_wconf 91' lang='lat' dir='ltr'><strong>et</strong></span> <span class='ocrx_word' id='word_1_217' title='bbox 3366 1683 3473 1739; x_wconf 91' lang='lat' dir='ltr'><strong>hoc</strong></span> <span class='ocrx_word' id='word_1_218' title='bbox 3488 1682 3554 1713; x_wconf 64' lang='grc'><strong>³⁸⁸</strong></span> <span class='ocrx_word' id='word_1_219' title='bbox 3589 1695 3803 1737; x_wconf 84' lang='lat' dir='ltr'><strong>summa</strong></span> 
     </span>
    </p>
   </div>
   <div class='ocr_carea' id='block_1_33' title="bbox 432 1767 3805 1839">
    <p class='ocr_par' dir='ltr' id='par_1_33' title="bbox 432 1767 3805 1839">
     <span class='ocr_line' id='line_1_33' title="bbox 432 1767 3805 1839; baseline -0 -14"><span class='ocrx_word' id='word_1_220' title='bbox 432 1782 787 1839; x_wconf 79' lang='lat' dir='ltr'><strong>congressum</strong></span> <span class='ocrx_word' id='word_1_221' title='bbox 846 1767 1191 1836; x_wconf 66' lang='lat' dir='ltr'><strong>prmstolatus</strong></span> <span class='ocrx_word' id='word_1_222' title='bbox 1246 1774 1348 1823; x_wconf 90' lang='lat' dir='ltr'><strong>est.</strong></span> <span class='ocrx_word' id='word_1_223' title='bbox 1403 1770 1644 1838; x_wconf 88' lang='lat' dir='ltr'><strong>Namque</strong></span> <span class='ocrx_word' id='word_1_224' title='bbox 1702 1776 1809 1825; x_wconf 88' lang='lat' dir='ltr'><strong>tam</strong></span> <span class='ocrx_word' id='word_1_225' title='bbox 1866 1771 2078 1827; x_wconf 89' lang='lat' dir='ltr'><strong>validus</strong></span> <span class='ocrx_word' id='word_1_226' title='bbox 2158 1769 2486 1824; x_wconf 89' lang='lat' dir='ltr'><strong>necessitate</strong></span> <span class='ocrx_word' id='word_1_227' title='bbox 2533 1776 2831 1836; x_wconf 89' lang='lat' dir='ltr'><strong>coartatus,</strong></span> <span class='ocrx_word' id='word_1_228' title='bbox 2886 1776 2942 1826; x_wconf 90' lang='lat' dir='ltr'><strong>et</strong></span> <span class='ocrx_word' id='word_1_229' title='bbox 2981 1785 3101 1827; x_wconf 90' lang='lat' dir='ltr'><strong>esse</strong></span> <span class='ocrx_word' id='word_1_230' title='bbox 3151 1778 3208 1826; x_wconf 90' lang='lat' dir='ltr'><strong>et</strong></span> <span class='ocrx_word' id='word_1_231' title='bbox 3254 1771 3384 1837; x_wconf 86' lang='lat' dir='ltr'><strong>dici,</strong></span> <span class='ocrx_word' id='word_1_232' title='bbox 3438 1785 3548 1827; x_wconf 91' lang='lat' dir='ltr'><strong>non</strong></span> <span class='ocrx_word' id='word_1_233' title='bbox 3588 1770 3805 1826; x_wconf 87' lang='lat' dir='ltr'><strong>minimi</strong></span> 
     </span>
    </p>
   </div>
   <div class='ocr_carea' id='block_1_34' title="bbox 431 1857 3806 1928">
    <p class='ocr_par' dir='ltr' id='par_1_34' title="bbox 431 1857 3806 1928">
     <span class='ocr_line' id='line_1_34' title="bbox 431 1857 3806 1928; baseline 0 -15"><span class='ocrx_word' id='word_1_234' title='bbox 431 1858 531 1913; x_wconf 85' lang='lat' dir='ltr'><strong>zeli</strong></span> <span class='ocrx_word' id='word_1_235' title='bbox 562 1858 659 1912; x_wconf 89' lang='lat' dir='ltr'><strong>Dei</strong></span> <span class='ocrx_word' id='word_1_236' title='bbox 697 1857 862 1912; x_wconf 87' lang='lat' dir='ltr'><strong>ardor</strong></span> <span class='ocrx_word' id='word_1_237' title='bbox 892 1857 1043 1911; x_wconf 92' lang='lat' dir='ltr'><strong>illum</strong></span> <span class='ocrx_word' id='word_1_238' title='bbox 1082 1858 1462 1923; x_wconf 90' lang='lat' dir='ltr'><strong>succenderat,</strong></span> <span class='ocrx_word' id='word_1_239' title='bbox 1494 1865 1551 1914; x_wconf 93' lang='lat' dir='ltr'><strong>ut</strong></span> <span class='ocrx_word' id='word_1_240' title='bbox 1584 1861 1629 1915; x_wconf 89' lang='lat' dir='ltr'><strong>si</strong></span> <span class='ocrx_word' id='word_1_241' title='bbox 1661 1860 1927 1917; x_wconf 62' lang='lat' dir='ltr'><strong>ecclesiae</strong></span> <span class='ocrx_word' id='word_1_242' title='bbox 1956 1875 2077 1916; x_wconf 91' lang='lat' dir='ltr'><strong>san-</strong></span> <span class='ocrx_word' id='word_1_243' title='bbox 2158 1857 2397 1913; x_wconf 89' lang='lat' dir='ltr'><strong>nominis</strong></span> <span class='ocrx_word' id='word_1_244' title='bbox 2435 1863 2490 1913; x_wconf 91' lang='lat' dir='ltr'><strong>et</strong></span> <span class='ocrx_word' id='word_1_245' title='bbox 2518 1857 2710 1928; x_wconf 67' lang='lat' dir='ltr'><strong>gloria:</strong></span> <span class='ocrx_word' id='word_1_246' title='bbox 2756 1860 3112 1928; x_wconf 89' lang='lat' dir='ltr'><strong>computavit.</strong></span> <span class='ocrx_word' id='word_1_247' title='bbox 3155 1860 3445 1916; x_wconf 85' lang='lat' dir='ltr'><strong>Heiuricus</strong></span> <span class='ocrx_word' id='word_1_248' title='bbox 3488 1872 3620 1915; x_wconf 84' lang='lat' dir='ltr'><strong>vero</strong></span> <span class='ocrx_word' id='word_1_249' title='bbox 3678 1873 3806 1914; x_wconf 86' lang='lat' dir='ltr'><strong>cum</strong></span> 
     </span>
    </p>
   </div>
   <div class='ocr_carea' id='block_1_35' title="bbox 431 1945 3807 2018">
    <p class='ocr_par' dir='ltr' id='par_1_35' title="bbox 431 1945 3807 2018">
     <span class='ocr_line' id='line_1_35' title="bbox 431 1945 3807 2018; baseline 0.001 -17"><span class='ocrx_word' id='word_1_250' title='bbox 431 1952 534 2002; x_wconf 66' lang='lat' dir='ltr'><strong>etas</strong></span> <span class='ocrx_word' id='word_1_251' title='bbox 573 1953 772 2001; x_wconf 88' lang='lat' dir='ltr'><strong>statum</strong></span> <span class='ocrx_word' id='word_1_252' title='bbox 820 1961 1087 2016; x_wconf 90' lang='lat' dir='ltr'><strong>suumque</strong></span> <span class='ocrx_word' id='word_1_253' title='bbox 1129 1949 1221 2015; x_wconf 90' lang='lat' dir='ltr'><strong>jus</strong></span> <span class='ocrx_word' id='word_1_254' title='bbox 1267 1947 1590 2017; x_wconf 84' lang='lat' dir='ltr'><strong>lcgittimum</strong></span> <span class='ocrx_word' id='word_1_255' title='bbox 1632 1964 1731 2018; x_wconf 92' lang='lat' dir='ltr'><strong>per</strong></span> <span class='ocrx_word' id='word_1_256' title='bbox 1777 1951 1880 2005; x_wconf 85' lang='lat' dir='ltr'><strong>hoc</strong></span> <span class='ocrx_word' id='word_1_257' title='bbox 1911 1965 2078 2005; x_wconf 90' lang='lat' dir='ltr'><strong>recu—</strong></span> <span class='ocrx_word' id='word_1_258' title='bbox 2158 1947 2273 2002; x_wconf 89' lang='lat' dir='ltr'><strong>suis</strong></span> <span class='ocrx_word' id='word_1_259' title='bbox 2321 1945 2632 2017; x_wconf 86' lang='lat' dir='ltr'><strong>legionibus</strong></span> <span class='ocrx_word' id='word_1_260' title='bbox 2678 1947 2788 2002; x_wconf 89' lang='lat' dir='ltr'><strong>ritu</strong></span> <span class='ocrx_word' id='word_1_261' title='bbox 2846 1947 3164 2004; x_wconf 89' lang='lat' dir='ltr'><strong>bellantium</strong></span> <span class='ocrx_word' id='word_1_262' title='bbox 3204 1949 3527 2005; x_wconf 86' lang='lat' dir='ltr'><strong>terribiliter</strong></span> <span class='ocrx_word' id='word_1_263' title='bbox 3572 1949 3807 2005; x_wconf 88' lang='lat' dir='ltr'><strong>multum</strong></span> 
     </span>
    </p>
   </div>
   <div class='ocr_carea' id='block_1_36' title="bbox 429 2035 3808 2109">
    <p class='ocr_par' dir='ltr' id='par_1_36' title="bbox 429 2035 3808 2109">
     <span class='ocr_line' id='line_1_36' title="bbox 429 2035 3808 2109; baseline 0 -19"><span class='ocrx_word' id='word_1_264' title='bbox 429 2050 622 2105; x_wconf 90' lang='lat' dir='ltr'><strong>perare</strong></span> <span class='ocrx_word' id='word_1_265' title='bbox 680 2041 887 2104; x_wconf 89' lang='lat' dir='ltr'><strong>posset,</strong></span> <span class='ocrx_word' id='word_1_266' title='bbox 947 2050 1004 2090; x_wconf 88' lang='lat' dir='ltr'><strong>se</strong></span> <span class='ocrx_word' id='word_1_267' title='bbox 1058 2036 1113 2090; x_wconf 92' lang='lat' dir='ltr'><strong>in</strong></span> <span class='ocrx_word' id='word_1_268' title='bbox 1161 2050 1322 2092; x_wconf 92' lang='lat' dir='ltr'><strong>omne</strong></span> <span class='ocrx_word' id='word_1_269' title='bbox 1370 2038 1674 2106; x_wconf 87' lang='lat' dir='ltr'><strong>periculum</strong></span> <span class='ocrx_word' id='word_1_270' title='bbox 1713 2046 1768 2094; x_wconf 90' lang='lat' dir='ltr'><strong>et</strong></span> <span class='ocrx_word' id='word_1_271' title='bbox 1807 2041 1860 2094; x_wconf 91' lang='lat' dir='ltr'><strong>in</strong></span> <span class='ocrx_word' id='word_1_272' title='bbox 1903 2040 2072 2109; x_wconf 90' lang='lat' dir='ltr'><strong>ipsam</strong></span> <span class='ocrx_word' id='word_1_273' title='bbox 2158 2035 2583 2105; x_wconf 68' lang='lat' dir='ltr'><strong>praeordinatus,</strong></span> <span class='ocrx_word' id='word_1_274' title='bbox 2645 2037 2855 2106; x_wconf 89' lang='lat' dir='ltr'><strong>impetu</strong></span> <span class='ocrx_word' id='word_1_275' title='bbox 2920 2037 3190 2093; x_wconf 90' lang='lat' dir='ltr'><strong>acerrimo</strong></span> <span class='ocrx_word' id='word_1_276' title='bbox 3261 2038 3367 2107; x_wconf 90' lang='lat' dir='ltr'><strong>ipsi</strong></span> <span class='ocrx_word' id='word_1_277' title='bbox 3442 2036 3808 2108; x_wconf 85' lang='lat' dir='ltr'><strong>congreditur</strong></span> 
     </span>
    </p>
   </div>
   <div class='ocr_carea' id='block_1_37' title="bbox 430 2123 3812 2194">
    <p class='ocr_par' dir='ltr' id='par_1_37' title="bbox 430 2123 3812 2194">
     <span class='ocr_line' id='line_1_37' title="bbox 430 2123 3812 2194; baseline 0 -15"><span class='ocrx_word' id='word_1_278' title='bbox 430 2130 659 2180; x_wconf 90' lang='lat' dir='ltr'><strong>mortem</strong></span> <span class='ocrx_word' id='word_1_279' title='bbox 737 2124 867 2179; x_wconf 89' lang='lat' dir='ltr'><strong>dare</strong></span> <span class='ocrx_word' id='word_1_280' title='bbox 938 2138 1281 2194; x_wconf 88' lang='lat' dir='ltr'><strong>nequaquam</strong></span> <span class='ocrx_word' id='word_1_281' title='bbox 1339 2125 1719 2182; x_wconf 88' lang='lat' dir='ltr'><strong>detrectasset.</strong></span> <span class='ocrx_word' id='word_1_282' title='bbox 1784 2127 2076 2183; x_wconf 89' lang='lat' dir='ltr'><strong>Heiuricus</strong></span> <span class='ocrx_word' id='word_1_283' title='bbox 2158 2124 2354 2193; x_wconf 90' lang='lat' dir='ltr'><strong>partim</strong></span> <span class='ocrx_word' id='word_1_284' title='bbox 2402 2138 2469 2179; x_wconf 87' lang='lat' dir='ltr'><strong>ex</strong></span> <span class='ocrx_word' id='word_1_285' title='bbox 2513 2123 2766 2189; x_wconf 90' lang='lat' dir='ltr'><strong>adverso,</strong></span> <span class='ocrx_word' id='word_1_286' title='bbox 2819 2124 3015 2194; x_wconf 89' lang='lat' dir='ltr'><strong>partim</strong></span> <span class='ocrx_word' id='word_1_287' title='bbox 3066 2139 3165 2194; x_wconf 91' lang='lat' dir='ltr'><strong>per</strong></span> <span class='ocrx_word' id='word_1_288' title='bbox 3198 2125 3425 2181; x_wconf 88' lang='lat' dir='ltr'><strong>insidias</strong></span> <span class='ocrx_word' id='word_1_289' title='bbox 3472 2131 3527 2181; x_wconf 90' lang='lat' dir='ltr'><strong>et</strong></span> <span class='ocrx_word' id='word_1_290' title='bbox 3565 2138 3812 2181; x_wconf 88' lang='lat' dir='ltr'><strong>succen-</strong></span> 
     </span>
    </p>
   </div>
   <div class='ocr_carea' id='block_1_38' title="bbox 426 2212 3814 2285">
    <p class='ocr_par' dir='ltr' id='par_1_38' title="bbox 426 2212 3814 2285">
     <span class='ocr_line' id='line_1_38' title="bbox 426 2212 3814 2285; baseline 0.001 -18"><span class='ocrx_word' id='word_1_291' title='bbox 426 2227 555 2269; x_wconf 88' lang='lat' dir='ltr'><strong>vero</strong></span> <span class='ocrx_word' id='word_1_292' title='bbox 586 2213 789 2268; x_wconf 90' lang='lat' dir='ltr'><strong>milites</strong></span> <span class='ocrx_word' id='word_1_293' title='bbox 818 2225 947 2267; x_wconf 90' lang='lat' dir='ltr'><strong>suos</strong></span> <span class='ocrx_word' id='word_1_294' title='bbox 993 2212 1155 2268; x_wconf 92' lang='lat' dir='ltr'><strong>solita</strong></span> <span class='ocrx_word' id='word_1_295' title='bbox 1203 2212 1477 2269; x_wconf 89' lang='lat' dir='ltr'><strong>infatuans</strong></span> <span class='ocrx_word' id='word_1_296' title='bbox 1507 2228 1621 2270; x_wconf 71' lang='lat' dir='ltr'><strong>suae</strong></span> <span class='ocrx_word' id='word_1_297' title='bbox 1651 2215 1983 2272; x_wconf 90' lang='lat' dir='ltr'><strong>callididatis</strong></span> <span class='ocrx_word' id='word_1_298' title='bbox 2020 2225 2077 2275; x_wconf 93' lang='lat' dir='ltr'><strong>et</strong></span> <span class='ocrx_word' id='word_1_299' title='bbox 2157 2213 2326 2269; x_wconf 85' lang='lat' dir='ltr'><strong>tarios</strong></span> <span class='ocrx_word' id='word_1_300' title='bbox 2373 2227 2441 2268; x_wconf 86' lang='lat' dir='ltr'><strong>ex</strong></span> <span class='ocrx_word' id='word_1_301' title='bbox 2495 2212 2793 2282; x_wconf 85' lang='lat' dir='ltr'><strong>improviso</strong></span> <span class='ocrx_word' id='word_1_302' title='bbox 2840 2218 2954 2269; x_wconf 90' lang='lat' dir='ltr'><strong>tota</strong></span> <span class='ocrx_word' id='word_1_303' title='bbox 2999 2219 3115 2269; x_wconf 88' lang='lat' dir='ltr'><strong>arte</strong></span> <span class='ocrx_word' id='word_1_304' title='bbox 3159 2214 3265 2270; x_wconf 90' lang='lat' dir='ltr'><strong>sibi</strong></span> <span class='ocrx_word' id='word_1_305' title='bbox 3308 2215 3642 2271; x_wconf 89' lang='lat' dir='ltr'><strong>rebellantes</strong></span> <span class='ocrx_word' id='word_1_306' title='bbox 3679 2228 3814 2285; x_wconf 88' lang='lat' dir='ltr'><strong>sup-</strong></span> 
     </span>
    </p>
   </div>
   <div class='ocr_carea' id='block_1_39' title="bbox 426 2300 3812 2373">
    <p class='ocr_par' dir='ltr' id='par_1_39' title="bbox 426 2300 3812 2373">
     <span class='ocr_line' id='line_1_39' title="bbox 426 2300 3812 2373; baseline 0.002 -16"><span class='ocrx_word' id='word_1_307' title='bbox 426 2300 681 2357; x_wconf 85' lang='lat' dir='ltr'><strong>falsitatis</strong></span> <span class='ocrx_word' id='word_1_308' title='bbox 716 2301 1012 2365; x_wconf 83' lang='lat' dir='ltr'><strong>vecordia,</strong></span> <span class='ocrx_word' id='word_1_309' title='bbox 1073 2302 1324 2370; x_wconf 83' lang='lat' dir='ltr'><strong>promisit</strong></span> <span class='ocrx_word' id='word_1_310' title='bbox 1380 2303 1587 2373; x_wconf 86' lang='lat' dir='ltr'><strong>absque</strong></span> <span class='ocrx_word' id='word_1_311' title='bbox 1625 2304 1772 2360; x_wconf 91' lang='lat' dir='ltr'><strong>bello</strong></span> <span class='ocrx_word' id='word_1_312' title='bbox 1822 2313 1877 2361; x_wconf 90' lang='lat' dir='ltr'><strong>et</strong></span> <span class='ocrx_word' id='word_1_313' title='bbox 1924 2309 2074 2363; x_wconf 89' lang='lat' dir='ltr'><strong>omni</strong></span> <span class='ocrx_word' id='word_1_314' title='bbox 2158 2301 2394 2372; x_wconf 84' lang='lat' dir='ltr'><strong>primere</strong></span> <span class='ocrx_word' id='word_1_315' title='bbox 2440 2307 2496 2356; x_wconf 82' lang='lat' dir='ltr'><strong>et</strong></span> <span class='ocrx_word' id='word_1_316' title='bbox 2550 2302 3022 2371; x_wconf 82' lang='lat' dir='ltr'><strong>qualitercumque</strong></span> <span class='ocrx_word' id='word_1_317' title='bbox 3070 2302 3365 2373; x_wconf 79' lang='lat' dir='ltr'><strong>subjugare</strong></span> <span class='ocrx_word' id='word_1_318' title='bbox 3411 2309 3560 2359; x_wconf 82' lang='lat' dir='ltr'><strong>totus</strong></span> <span class='ocrx_word' id='word_1_319' title='bbox 3605 2303 3812 2359; x_wconf 82' lang='lat' dir='ltr'><strong>Indus-</strong></span> 
     </span>
    </p>
   </div>
   <div class='ocr_carea' id='block_1_40' title="bbox 429 2388 3813 2461">
    <p class='ocr_par' dir='ltr' id='par_1_40' title="bbox 429 2388 3813 2461">
     <span class='ocr_line' id='line_1_40' title="bbox 429 2388 3813 2461; baseline 0 -15"><span class='ocrx_word' id='word_1_320' title='bbox 429 2388 789 2460; x_wconf 89' lang='lat' dir='ltr'><strong>repugnantia</strong></span> <span class='ocrx_word' id='word_1_321' title='bbox 819 2388 1027 2455; x_wconf 85' lang='lat' dir='ltr'><strong>hostili,</strong></span> <span class='ocrx_word' id='word_1_322' title='bbox 1060 2403 1143 2455; x_wconf 88' lang='lat' dir='ltr'><strong>ac,</strong></span> <span class='ocrx_word' id='word_1_323' title='bbox 1186 2395 1248 2444; x_wconf 91' lang='lat' dir='ltr'><strong>ut</strong></span> <span class='ocrx_word' id='word_1_324' title='bbox 1275 2389 1448 2456; x_wconf 90' lang='lat' dir='ltr'><strong>aiunt,</strong></span> <span class='ocrx_word' id='word_1_325' title='bbox 1468 2391 1830 2461; x_wconf 90' lang='lat' dir='ltr'><strong>jurejurando</strong></span> <span class='ocrx_word' id='word_1_326' title='bbox 1868 2394 2078 2450; x_wconf 83' lang='lat' dir='ltr'><strong>confir-</strong></span> <span class='ocrx_word' id='word_1_327' title='bbox 2158 2391 2315 2446; x_wconf 89' lang='lat' dir='ltr'><strong>trius.</strong></span> <span class='ocrx_word' id='word_1_328' title='bbox 2367 2389 2473 2445; x_wconf 90' lang='lat' dir='ltr'><strong>Sed</strong></span> <span class='ocrx_word' id='word_1_329' title='bbox 2530 2403 2657 2445; x_wconf 89' lang='lat' dir='ltr'><strong>mox</strong></span> <span class='ocrx_word' id='word_1_330' title='bbox 2711 2389 2767 2444; x_wconf 91' lang='lat' dir='ltr'><strong>in</strong></span> <span class='ocrx_word' id='word_1_331' title='bbox 2822 2391 2996 2459; x_wconf 90' lang='lat' dir='ltr'><strong>prima</strong></span> <span class='ocrx_word' id='word_1_332' title='bbox 3051 2390 3293 2446; x_wconf 89' lang='lat' dir='ltr'><strong>coitione</strong></span> <span class='ocrx_word' id='word_1_333' title='bbox 3352 2388 3663 2447; x_wconf 82' lang='lat' dir='ltr'><strong>Roudolfus</strong></span> <span class='ocrx_word' id='word_1_334' title='bbox 3712 2405 3813 2447; x_wconf 85' lang='lat' dir='ltr'><strong>rex</strong></span> 
     </span>
    </p>
   </div>
   <div class='ocr_carea' id='block_1_41' title="bbox 432 2477 3814 2552">
    <p class='ocr_par' dir='ltr' id='par_1_41' title="bbox 432 2477 3814 2552">
     <span class='ocr_line' id='line_1_41' title="bbox 432 2477 3814 2552; baseline -0.001 -16"><span class='ocrx_word' id='word_1_335' title='bbox 432 2479 597 2536; x_wconf 90' lang='lat' dir='ltr'><strong>mavit</strong></span> <span class='ocrx_word' id='word_1_336' title='bbox 653 2478 782 2544; x_wconf 91' lang='lat' dir='ltr'><strong>illis,</strong></span> <span class='ocrx_word' id='word_1_337' title='bbox 822 2477 1071 2533; x_wconf 75' lang='lat' dir='ltr'><strong>Saxoniae</strong></span> <span class='ocrx_word' id='word_1_338' title='bbox 1129 2492 1356 2548; x_wconf 83' lang='lat' dir='ltr'><strong>regnum</strong></span> <span class='ocrx_word' id='word_1_339' title='bbox 1414 2479 1519 2533; x_wconf 89' lang='lat' dir='ltr'><strong>sibi</strong></span> <span class='ocrx_word' id='word_1_340' title='bbox 1570 2486 1756 2549; x_wconf 89' lang='lat' dir='ltr'><strong>patere</strong></span> <span class='ocrx_word' id='word_1_341' title='bbox 1791 2524 1804 2547; x_wconf 95' lang='lat'><strong>,</strong></span> <span class='ocrx_word' id='word_1_342' title='bbox 1864 2489 1919 2537; x_wconf 89' lang='lat' dir='ltr'><strong>et</strong></span> <span class='ocrx_word' id='word_1_343' title='bbox 1978 2499 2078 2552; x_wconf 87' lang='lat' dir='ltr'><strong>per</strong></span> <span class='ocrx_word' id='word_1_344' title='bbox 2158 2493 2281 2534; x_wconf 91' lang='lat' dir='ltr'><strong>cum</strong></span> <span class='ocrx_word' id='word_1_345' title='bbox 2320 2484 2472 2534; x_wconf 91' lang='lat' dir='ltr'><strong>tanto</strong></span> <span class='ocrx_word' id='word_1_346' title='bbox 2503 2478 2711 2547; x_wconf 89' lang='lat' dir='ltr'><strong>impetu</strong></span> <span class='ocrx_word' id='word_1_347' title='bbox 2741 2485 2954 2535; x_wconf 89' lang='lat' dir='ltr'><strong>terrore</strong></span> <span class='ocrx_word' id='word_1_348' title='bbox 3002 2485 3058 2534; x_wconf 89' lang='lat' dir='ltr'><strong>et</strong></span> <span class='ocrx_word' id='word_1_349' title='bbox 3103 2479 3328 2535; x_wconf 87' lang='lat' dir='ltr'><strong>incursu</strong></span> <span class='ocrx_word' id='word_1_350' title='bbox 3367 2479 3814 2550; x_wconf 85' lang='lat' dir='ltr'><strong>pugnacissimus</strong></span> 
     </span>
    </p>
   </div>
   <div class='ocr_carea' id='block_1_42' title="bbox 433 2567 3808 2638">
    <p class='ocr_par' dir='ltr' id='par_1_42' title="bbox 433 2567 3808 2638">
     <span class='ocr_line' id='line_1_42' title="bbox 433 2567 3808 2638; baseline 0.001 -16"><span class='ocrx_word' id='word_1_351' title='bbox 433 2572 705 2626; x_wconf 83' lang='lat' dir='ltr'><strong>Saxonum</strong></span> <span class='ocrx_word' id='word_1_352' title='bbox 735 2568 971 2636; x_wconf 90' lang='lat' dir='ltr'><strong>majores</strong></span> <span class='ocrx_word' id='word_1_353' title='bbox 1004 2610 1017 2633; x_wconf 92' lang='lat'><strong>,</strong></span> <span class='ocrx_word' id='word_1_354' title='bbox 1071 2567 1275 2636; x_wconf 89' lang='lat' dir='ltr'><strong>quippe</strong></span> <span class='ocrx_word' id='word_1_355' title='bbox 1331 2581 1472 2638; x_wconf 91' lang='lat' dir='ltr'><strong>quos</strong></span> <span class='ocrx_word' id='word_1_356' title='bbox 1522 2582 1713 2626; x_wconf 89' lang='lat' dir='ltr'><strong>omnes</strong></span> <span class='ocrx_word' id='word_1_357' title='bbox 1762 2570 1931 2627; x_wconf 83' lang='lat' dir='ltr'><strong>ferme</strong></span> <span class='ocrx_word' id='word_1_358' title='bbox 1969 2575 2074 2629; x_wconf 78' lang='lat' dir='ltr'><strong>sibi</strong></span> <span class='ocrx_word' id='word_1_359' title='bbox 2158 2568 2293 2637; x_wconf 89' lang='lat' dir='ltr'><strong>ipsis</strong></span> <span class='ocrx_word' id='word_1_360' title='bbox 2326 2567 2597 2624; x_wconf 89' lang='lat' dir='ltr'><strong>violenter</strong></span> <span class='ocrx_word' id='word_1_361' title='bbox 2624 2567 2845 2633; x_wconf 90' lang='lat' dir='ltr'><strong>institit,</strong></span> <span class='ocrx_word' id='word_1_362' title='bbox 2899 2571 2959 2622; x_wconf 92' lang='lat' dir='ltr'><strong>ut</strong></span> <span class='ocrx_word' id='word_1_363' title='bbox 2996 2567 3214 2623; x_wconf 88' lang='lat' dir='ltr'><strong>virtutis</strong></span> <span class='ocrx_word' id='word_1_364' title='bbox 3259 2568 3407 2623; x_wconf 90' lang='lat' dir='ltr'><strong>illius</strong></span> <span class='ocrx_word' id='word_1_365' title='bbox 3434 2568 3808 2624; x_wconf 83' lang='lat' dir='ltr'><strong>constantiam</strong></span> 
     </span>
    </p>
   </div>
   <div class='ocr_carea' id='block_1_43' title="bbox 414 2653 2113 2727">
    <p class='ocr_par' dir='ltr' id='par_1_43' title="bbox 414 2654 2075 2727">
     <span class='ocr_line' id='line_1_43' title="bbox 414 2654 2075 2727; baseline 0.002 -12"><span class='ocrx_word' id='word_1_366' title='bbox 414 2659 719 2727; x_wconf 73' lang='lat' dir='ltr'><strong>‘adjuratos</strong></span> <span class='ocrx_word' id='word_1_367' title='bbox 764 2664 819 2711; x_wconf 90' lang='lat' dir='ltr'><strong>et</strong></span> <span class='ocrx_word' id='word_1_368' title='bbox 856 2654 1266 2712; x_wconf 77' lang='lat' dir='ltr'><strong>conftederatos</strong></span> <span class='ocrx_word' id='word_1_369' title='bbox 1313 2657 1604 2724; x_wconf 89' lang='lat' dir='ltr'><strong>habuerit,</strong></span> <span class='ocrx_word' id='word_1_370' title='bbox 1658 2659 1869 2715; x_wconf 87' lang='lat' dir='ltr'><strong>hostem</strong></span> <span class='ocrx_word' id='word_1_371' title='bbox 1918 2676 2075 2718; x_wconf 91' lang='lat' dir='ltr'><strong>suum</strong></span> 
     </span>
    </p>
   </div>
   <div class='ocr_carea' id='block_1_44' title="bbox 2163 2653 3815 2727">
    <p class='ocr_par' dir='ltr' id='par_1_44' title="bbox 2163 2653 3815 2727">
     <span class='ocr_line' id='line_1_44' title="bbox 2163 2653 3815 2727; baseline 0 -15"><span class='ocrx_word' id='word_1_372' title='bbox 2163 2657 2382 2712; x_wconf 90' lang='lat' dir='ltr'><strong>omnino</strong></span> <span class='ocrx_word' id='word_1_373' title='bbox 2430 2656 2703 2711; x_wconf 89' lang='lat' dir='ltr'><strong>sustinere</strong></span> <span class='ocrx_word' id='word_1_374' title='bbox 2751 2668 2862 2710; x_wconf 90' lang='lat' dir='ltr'><strong>non</strong></span> <span class='ocrx_word' id='word_1_375' title='bbox 2910 2653 3266 2723; x_wconf 85' lang='lat' dir='ltr'><strong>sufficerent;</strong></span> <span class='ocrx_word' id='word_1_376' title='bbox 3318 2656 3453 2725; x_wconf 86' lang='lat' dir='ltr'><strong>quin</strong></span> <span class='ocrx_word' id='word_1_377' title='bbox 3491 2656 3679 2727; x_wconf 85' lang='lat' dir='ltr'><strong>potius</strong></span> <span class='ocrx_word' id='word_1_378' title='bbox 3716 2663 3815 2712; x_wconf 85' lang='lat' dir='ltr'><strong>aut</strong></span> 
     </span>
    </p>
   </div>
   <div class='ocr_carea' id='block_1_45' title="bbox 435 2743 3816 2820">
    <p class='ocr_par' dir='ltr' id='par_1_45' title="bbox 435 2743 3816 2820">
     <span class='ocr_line' id='line_1_45' title="bbox 435 2743 3816 2820; baseline -0.001 -16"><span class='ocrx_word' id='word_1_379' title='bbox 435 2745 766 2804; x_wconf 81' lang='lat' dir='ltr'><strong>Roudolfum</strong></span> <span class='ocrx_word' id='word_1_380' title='bbox 796 2760 918 2801; x_wconf 90' lang='lat' dir='ltr'><strong>cum</strong></span> <span class='ocrx_word' id='word_1_381' title='bbox 950 2746 1066 2801; x_wconf 89' lang='lat' dir='ltr'><strong>suis</strong></span> <span class='ocrx_word' id='word_1_382' title='bbox 1093 2751 1281 2816; x_wconf 90' lang='lat' dir='ltr'><strong>optata</strong></span> <span class='ocrx_word' id='word_1_383' title='bbox 1327 2745 1588 2803; x_wconf 83' lang='lat' dir='ltr'><strong>facilitate</strong></span> <span class='ocrx_word' id='word_1_384' title='bbox 1626 2748 1732 2804; x_wconf 90' lang='lat' dir='ltr'><strong>sibi</strong></span> <span class='ocrx_word' id='word_1_385' title='bbox 1762 2758 1979 2820; x_wconf 90' lang='lat' dir='ltr'><strong>captum</strong></span> <span class='ocrx_word' id='word_1_386' title='bbox 2020 2752 2075 2808; x_wconf 86' lang='lat' dir='ltr'><strong>in</strong></span> <span class='ocrx_word' id='word_1_387' title='bbox 2159 2744 2434 2802; x_wconf 86' lang='lat' dir='ltr'><strong>interfecti</strong></span> <span class='ocrx_word' id='word_1_388' title='bbox 2475 2744 2590 2800; x_wconf 92' lang='lat' dir='ltr'><strong>illic</strong></span> <span class='ocrx_word' id='word_1_389' title='bbox 2630 2743 3031 2811; x_wconf 88' lang='lat' dir='ltr'><strong>occubuerunt,</strong></span> <span class='ocrx_word' id='word_1_390' title='bbox 3063 2750 3157 2800; x_wconf 91' lang='lat' dir='ltr'><strong>aut</strong></span> <span class='ocrx_word' id='word_1_391' title='bbox 3194 2758 3426 2801; x_wconf 84' lang='lat' dir='ltr'><strong>enerves</strong></span> <span class='ocrx_word' id='word_1_392' title='bbox 3463 2752 3520 2800; x_wconf 90' lang='lat' dir='ltr'><strong>et</strong></span> <span class='ocrx_word' id='word_1_393' title='bbox 3557 2744 3816 2801; x_wconf 89' lang='lat' dir='ltr'><strong>imbelles</strong></span> 
     </span>
    </p>
   </div>
   <div class='ocr_carea' id='block_1_46' title="bbox 437 2833 3811 2910">
    <p class='ocr_par' dir='ltr' id='par_1_46' title="bbox 437 2833 3811 2910">
     <span class='ocr_line' id='line_1_46' title="bbox 437 2833 3811 2910; baseline -0.001 -18"><span class='ocrx_word' id='word_1_394' title='bbox 437 2851 630 2892; x_wconf 89' lang='lat' dir='ltr'><strong>manus</strong></span> <span class='ocrx_word' id='word_1_395' title='bbox 674 2850 800 2891; x_wconf 88' lang='lat' dir='ltr'><strong>suas</strong></span> <span class='ocrx_word' id='word_1_396' title='bbox 838 2835 1161 2890; x_wconf 88' lang='lat' dir='ltr'><strong>tradendum</strong></span> <span class='ocrx_word' id='word_1_397' title='bbox 1200 2834 1339 2901; x_wconf 88' lang='lat' dir='ltr'><strong>fore,</strong></span> <span class='ocrx_word' id='word_1_398' title='bbox 1372 2843 1428 2891; x_wconf 88' lang='lat' dir='ltr'><strong>et</strong></span> <span class='ocrx_word' id='word_1_399' title='bbox 1455 2836 1665 2893; x_wconf 89' lang='lat' dir='ltr'><strong>idcirco</strong></span> <span class='ocrx_word' id='word_1_400' title='bbox 1700 2838 1785 2893; x_wconf 88' lang='lat' dir='ltr'><strong>eis</strong></span> <span class='ocrx_word' id='word_1_401' title='bbox 1814 2839 1949 2894; x_wconf 91' lang='lat' dir='ltr'><strong>nihil</strong></span> <span class='ocrx_word' id='word_1_402' title='bbox 1983 2855 2078 2910; x_wconf 87' lang='lat' dir='ltr'><strong>pe-</strong></span> <span class='ocrx_word' id='word_1_403' title='bbox 2156 2834 2283 2905; x_wconf 89' lang='lat' dir='ltr'><strong>fuga</strong></span> <span class='ocrx_word' id='word_1_404' title='bbox 2346 2849 2406 2889; x_wconf 92' lang='lat' dir='ltr'><strong>se</strong></span> <span class='ocrx_word' id='word_1_405' title='bbox 2464 2834 2533 2888; x_wconf 92' lang='lat' dir='ltr'><strong>ab</strong></span> <span class='ocrx_word' id='word_1_406' title='bbox 2576 2847 2643 2890; x_wconf 93' lang='lat' dir='ltr'><strong>eo</strong></span> <span class='ocrx_word' id='word_1_407' title='bbox 2709 2833 2955 2902; x_wconf 90' lang='lat' dir='ltr'><strong>quamvis</strong></span> <span class='ocrx_word' id='word_1_408' title='bbox 3009 2833 3323 2889; x_wconf 90' lang='lat' dir='ltr'><strong>turbulenta</strong></span> <span class='ocrx_word' id='word_1_409' title='bbox 3390 2834 3704 2891; x_wconf 89' lang='lat' dir='ltr'><strong>liberarunt</strong></span> <span class='ocrx_word' id='word_1_410' title='bbox 3721 2833 3811 2888; x_wconf 80' lang='grc'><strong>³³³.</strong></span> 
     </span>
    </p>
   </div>
   <div class='ocr_carea' id='block_1_47' title="bbox 438 2922 3816 2996">
    <p class='ocr_par' dir='ltr' id='par_1_47' title="bbox 438 2922 3816 2996">
     <span class='ocr_line' id='line_1_47' title="bbox 438 2922 3816 2996; baseline -0 -15"><span class='ocrx_word' id='word_1_411' title='bbox 438 2925 599 2982; x_wconf 90' lang='lat' dir='ltr'><strong>riculi</strong></span> <span class='ocrx_word' id='word_1_412' title='bbox 629 2931 723 2980; x_wconf 90' lang='lat' dir='ltr'><strong>aut</strong></span> <span class='ocrx_word' id='word_1_413' title='bbox 752 2922 1090 2980; x_wconf 85' lang='lat' dir='ltr'><strong>difﬁcultatis</strong></span> <span class='ocrx_word' id='word_1_414' title='bbox 1128 2924 1387 2990; x_wconf 84' lang='lat' dir='ltr'><strong>obstare;</strong></span> <span class='ocrx_word' id='word_1_415' title='bbox 1428 2925 1562 2994; x_wconf 88' lang='lat' dir='ltr'><strong>quin</strong></span> <span class='ocrx_word' id='word_1_416' title='bbox 1597 2925 1799 2993; x_wconf 90' lang='lat' dir='ltr'><strong>potius,</strong></span> <span class='ocrx_word' id='word_1_417' title='bbox 1834 2940 1933 2994; x_wconf 90' lang='lat' dir='ltr'><strong>pro</strong></span> <span class='ocrx_word' id='word_1_418' title='bbox 1963 2940 2074 2996; x_wconf 93' lang='lat' dir='ltr'><strong>quo</strong></span> <span class='ocrx_word' id='word_1_419' title='bbox 2105 2991 2136 2996; x_wconf 75' lang='lat'>_</span> <span class='ocrx_word' id='word_1_420' title='bbox 2162 2924 2291 2981; x_wconf 88' lang='lat' dir='ltr'><strong>Post</strong></span> <span class='ocrx_word' id='word_1_421' title='bbox 2329 2937 2528 2980; x_wconf 88' lang='lat' dir='ltr'><strong>nonam</strong></span> <span class='ocrx_word' id='word_1_422' title='bbox 2567 2937 2697 2994; x_wconf 87' lang='lat' dir='ltr'><strong>ergo</strong></span> <span class='ocrx_word' id='word_1_423' title='bbox 2737 2922 2867 2978; x_wconf 90' lang='lat' dir='ltr'><strong>belli</strong></span> <span class='ocrx_word' id='word_1_424' title='bbox 2906 2923 3241 2980; x_wconf 81' lang='lat' dir='ltr'><strong>conflictatio</strong></span> <span class='ocrx_word' id='word_1_425' title='bbox 3278 2938 3494 2991; x_wconf 87' lang='lat' dir='ltr'><strong>exorsa,</strong></span> <span class='ocrx_word' id='word_1_426' title='bbox 3533 2925 3602 2981; x_wconf 90' lang='lat' dir='ltr'><strong>ad</strong></span> <span class='ocrx_word' id='word_1_427' title='bbox 3634 2938 3816 2994; x_wconf 85' lang='lat' dir='ltr'><strong>usque</strong></span> 
     </span>
    </p>
   </div>
   <div class='ocr_carea' id='block_1_48' title="bbox 438 2991 3814 3084">
    <p class='ocr_par' dir='ltr' id='par_1_48' title="bbox 438 2991 3814 3084">
     <span class='ocr_line' id='line_1_48' title="bbox 438 2991 3814 3084; baseline 0.001 -15"><span class='ocrx_word' id='word_1_428' title='bbox 438 3020 523 3070; x_wconf 90' lang='lat' dir='ltr'><strong>tot</strong></span> <span class='ocrx_word' id='word_1_429' title='bbox 569 3014 817 3070; x_wconf 89' lang='lat' dir='ltr'><strong>laborum</strong></span> <span class='ocrx_word' id='word_1_430' title='bbox 876 3013 1286 3083; x_wconf 89' lang='lat' dir='ltr'><strong>insumpserint,</strong></span> <span class='ocrx_word' id='word_1_431' title='bbox 1353 2991 1463 3068; x_wconf 79' lang='lat' dir='ltr'><strong>sibi</strong></span> <span class='ocrx_word' id='word_1_432' title='bbox 1515 2991 1698 3071; x_wconf 80' lang='lat' dir='ltr'><strong>secum</strong></span> <span class='ocrx_word' id='word_1_433' title='bbox 1759 2991 1848 3070; x_wconf 25' lang='lat' dir='ltr'><strong>dei</strong></span> <span class='ocrx_word' id='word_1_434' title='bbox 1876 2991 2140 3072; x_wconf 70' lang='lat' dir='ltr'><strong>caeteroC</strong></span> <span class='ocrx_word' id='word_1_435' title='bbox 2167 3021 2388 3071; x_wconf 88' lang='lat' dir='ltr'><strong>noctem</strong></span> <span class='ocrx_word' id='word_1_436' title='bbox 2452 2991 2823 3069; x_wconf 79' lang='lat' dir='ltr'><strong>diversissime</strong></span> <span class='ocrx_word' id='word_1_437' title='bbox 2895 3012 3232 3082; x_wconf 88' lang='lat' dir='ltr'><strong>perduravlt,</strong></span> <span class='ocrx_word' id='word_1_438' title='bbox 3292 3020 3346 3069; x_wconf 90' lang='lat' dir='ltr'><strong>et</strong></span> <span class='ocrx_word' id='word_1_439' title='bbox 3403 3014 3551 3084; x_wconf 91' lang='lat' dir='ltr'><strong>quod</strong></span> <span class='ocrx_word' id='word_1_440' title='bbox 3617 2991 3814 3071; x_wconf 77' lang='lat' dir='ltr'><strong>divino</strong></span> 
     </span>
    </p>
   </div>
   <div class='ocr_carea' id='block_1_49' title="bbox 442 3101 3814 3173">
    <p class='ocr_par' dir='ltr' id='par_1_49' title="bbox 442 3101 3814 3173">
     <span class='ocr_line' id='line_1_49' title="bbox 442 3101 3814 3173; baseline 0.001 -16"><span class='ocrx_word' id='word_1_441' title='bbox 442 3102 649 3158; x_wconf 88' lang='lat' dir='ltr'><strong>tamdiu</strong></span> <span class='ocrx_word' id='word_1_442' title='bbox 687 3101 949 3170; x_wconf 89' lang='lat' dir='ltr'><strong>adoptato</strong></span> <span class='ocrx_word' id='word_1_443' title='bbox 981 3101 1137 3156; x_wconf 90' lang='lat' dir='ltr'><strong>libitu</strong></span> <span class='ocrx_word' id='word_1_444' title='bbox 1159 3114 1497 3172; x_wconf 88' lang='lat' dir='ltr'><strong>conregnare</strong></span> <span class='ocrx_word' id='word_1_445' title='bbox 1528 3110 1730 3172; x_wconf 63' lang='lat' dir='ltr'><strong>praesto</strong></span> <span class='ocrx_word' id='word_1_446' title='bbox 1762 3105 2082 3173; x_wconf 89' lang='lat' dir='ltr'><strong>propediem</strong></span> <span class='ocrx_word' id='word_1_447' title='bbox 2167 3103 2414 3160; x_wconf 88' lang='lat' dir='ltr'><strong>creditur</strong></span> <span class='ocrx_word' id='word_1_448' title='bbox 2460 3108 2641 3157; x_wconf 92' lang='lat' dir='ltr'><strong>actum</strong></span> <span class='ocrx_word' id='word_1_449' title='bbox 2664 3101 2727 3132; x_wconf 68' lang='grc'><strong>⁸³⁸</strong></span> <span class='ocrx_word' id='word_1_450' title='bbox 2760 3101 2994 3170; x_wconf 88' lang='lat' dir='ltr'><strong>judicio,</strong></span> <span class='ocrx_word' id='word_1_451' title='bbox 3042 3102 3098 3156; x_wconf 91' lang='lat' dir='ltr'><strong>in</strong></span> <span class='ocrx_word' id='word_1_452' title='bbox 3155 3102 3275 3171; x_wconf 91' lang='lat' dir='ltr'><strong>ipso</strong></span> <span class='ocrx_word' id='word_1_453' title='bbox 3333 3116 3529 3173; x_wconf 71' lang='lat' dir='ltr'><strong>pugnae</strong></span> <span class='ocrx_word' id='word_1_454' title='bbox 3578 3103 3814 3159; x_wconf 81' lang='lat' dir='ltr'><strong>exordio</strong></span> 
     </span>
    </p>
   </div>
   <div class='ocr_carea' id='block_1_50' title="bbox 446 3188 3817 3261">
    <p class='ocr_par' dir='ltr' id='par_1_50' title="bbox 446 3188 3817 3261">
     <span class='ocr_line' id='line_1_50' title="bbox 446 3188 3817 3261; baseline 0.001 -15"><span class='ocrx_word' id='word_1_455' title='bbox 446 3197 674 3246; x_wconf 88' lang='lat' dir='ltr'><strong>restare.</strong></span> <span class='ocrx_word' id='word_1_456' title='bbox 715 3190 804 3246; x_wconf 89' lang='lat' dir='ltr'><strong>Sic</strong></span> <span class='ocrx_word' id='word_1_457' title='bbox 851 3203 1084 3258; x_wconf 90' lang='lat' dir='ltr'><strong>namque</strong></span> <span class='ocrx_word' id='word_1_458' title='bbox 1114 3188 1413 3245; x_wconf 89' lang='lat' dir='ltr'><strong>seductiles</strong></span> <span class='ocrx_word' id='word_1_459' title='bbox 1447 3191 1665 3260; x_wconf 92' lang='lat' dir='ltr'><strong>sibique</strong></span> <span class='ocrx_word' id='word_1_460' title='bbox 1695 3192 1917 3247; x_wconf 89' lang='lat' dir='ltr'><strong>nimium</strong></span> <span class='ocrx_word' id='word_1_461' title='bbox 1958 3207 2087 3248; x_wconf 87' lang='lat' dir='ltr'><strong>cre-</strong></span> <span class='ocrx_word' id='word_1_462' title='bbox 2166 3192 2348 3249; x_wconf 89' lang='lat' dir='ltr'><strong>statim</strong></span> <span class='ocrx_word' id='word_1_463' title='bbox 2394 3196 2578 3261; x_wconf 90' lang='lat' dir='ltr'><strong>partes</strong></span> <span class='ocrx_word' id='word_1_464' title='bbox 2625 3198 2884 3260; x_wconf 89' lang='lat' dir='ltr'><strong>utrasque</strong></span> <span class='ocrx_word' id='word_1_465' title='bbox 2932 3191 3096 3246; x_wconf 91' lang='lat' dir='ltr'><strong>turbo</strong></span> <span class='ocrx_word' id='word_1_466' title='bbox 3146 3191 3349 3246; x_wconf 89' lang='lat' dir='ltr'><strong>nivium</strong></span> <span class='ocrx_word' id='word_1_467' title='bbox 3380 3191 3443 3223; x_wconf 75' lang='grc'>³³⁷</span> <span class='ocrx_word' id='word_1_468' title='bbox 3491 3194 3817 3249; x_wconf 87' lang='lat' dir='ltr'><strong>ventosissi-</strong></span> 
     </span>
    </p>
   </div>
   <div class='ocr_carea' id='block_1_51' title="bbox 446 3278 3815 3349">
    <p class='ocr_par' dir='ltr' id='par_1_51' title="bbox 446 3278 3815 3349">
     <span class='ocr_line' id='line_1_51' title="bbox 446 3278 3815 3349; baseline 0.001 -13"><span class='ocrx_word' id='word_1_469' title='bbox 446 3279 607 3336; x_wconf 89' lang='lat' dir='ltr'><strong>dulos</strong></span> <span class='ocrx_word' id='word_1_470' title='bbox 642 3278 836 3345; x_wconf 89' lang='lat' dir='ltr'><strong>factos,</strong></span> <span class='ocrx_word' id='word_1_471' title='bbox 869 3279 924 3333; x_wconf 90' lang='lat' dir='ltr'><strong>in</strong></span> <span class='ocrx_word' id='word_1_472' title='bbox 964 3279 1136 3348; x_wconf 88' lang='lat' dir='ltr'><strong>ipsam</strong></span> <span class='ocrx_word' id='word_1_473' title='bbox 1179 3286 1408 3335; x_wconf 88' lang='lat' dir='ltr'><strong>mortem</strong></span> <span class='ocrx_word' id='word_1_474' title='bbox 1440 3281 1834 3349; x_wconf 89' lang='lat' dir='ltr'><strong>periclitandos</strong></span> <span class='ocrx_word' id='word_1_475' title='bbox 1870 3282 2086 3337; x_wconf 89' lang='lat' dir='ltr'><strong>cavilla-</strong></span> <span class='ocrx_word' id='word_1_476' title='bbox 2170 3296 2288 3337; x_wconf 91' lang='lat' dir='ltr'><strong>mus</strong></span> <span class='ocrx_word' id='word_1_477' title='bbox 2334 3287 2445 3336; x_wconf 89' lang='lat' dir='ltr'><strong>tam</strong></span> <span class='ocrx_word' id='word_1_478' title='bbox 2493 3279 2820 3336; x_wconf 88' lang='lat' dir='ltr'><strong>mirabiliter</strong></span> <span class='ocrx_word' id='word_1_479' title='bbox 2867 3279 3269 3348; x_wconf 89' lang='lat' dir='ltr'><strong>obtenebravit,</strong></span> <span class='ocrx_word' id='word_1_480' title='bbox 3321 3286 3382 3336; x_wconf 91' lang='lat' dir='ltr'><strong>ut</strong></span> <span class='ocrx_word' id='word_1_481' title='bbox 3425 3279 3597 3337; x_wconf 88' lang='lat' dir='ltr'><strong>ferme</strong></span> <span class='ocrx_word' id='word_1_482' title='bbox 3648 3295 3815 3339; x_wconf 88' lang='lat' dir='ltr'><strong>nemo</strong></span> 
     </span>
    </p>
   </div>
   <div class='ocr_carea' id='block_1_52' title="bbox 448 3367 3818 3439">
    <p class='ocr_par' dir='ltr' id='par_1_52' title="bbox 448 3367 3818 3439">
     <span class='ocr_line' id='line_1_52' title="bbox 448 3367 3818 3439; baseline 0.001 -15"><span class='ocrx_word' id='word_1_483' title='bbox 448 3370 587 3425; x_wconf 91' lang='lat' dir='ltr'><strong>torie</strong></span> <span class='ocrx_word' id='word_1_484' title='bbox 625 3369 759 3423; x_wconf 89' lang='lat' dir='ltr'><strong>satis</strong></span> <span class='ocrx_word' id='word_1_485' title='bbox 812 3368 1193 3437; x_wconf 66' lang='lat' dir='ltr'><strong>praacipitavit.</strong></span> <span class='ocrx_word' id='word_1_486' title='bbox 1253 3369 1454 3438; x_wconf 85' lang='lat' dir='ltr'><strong>Regem</strong></span> <span class='ocrx_word' id='word_1_487' title='bbox 1503 3370 1707 3439; x_wconf 92' lang='lat' dir='ltr'><strong>quippe</strong></span> <span class='ocrx_word' id='word_1_488' title='bbox 1755 3371 2085 3427; x_wconf 81' lang='lat' dir='ltr'><strong>Roudolfum</strong></span> <span class='ocrx_word' id='word_1_489' title='bbox 2167 3384 2298 3426; x_wconf 92' lang='lat' dir='ltr'><strong>suos</strong></span> <span class='ocrx_word' id='word_1_490' title='bbox 2336 3367 2739 3424; x_wconf 90' lang='lat' dir='ltr'><strong>commilitones</strong></span> <span class='ocrx_word' id='word_1_491' title='bbox 2768 3380 3105 3439; x_wconf 86' lang='lat' dir='ltr'><strong>cognoscere</strong></span> <span class='ocrx_word' id='word_1_492' title='bbox 3142 3368 3429 3437; x_wconf 90' lang='lat' dir='ltr'><strong>quivisset,</strong></span> <span class='ocrx_word' id='word_1_493' title='bbox 3469 3368 3651 3425; x_wconf 88' lang='lat' dir='ltr'><strong>donec</strong></span> <span class='ocrx_word' id='word_1_494' title='bbox 3706 3385 3818 3427; x_wconf 85' lang='lat' dir='ltr'><strong>nox</strong></span> 
     </span>
    </p>
   </div>
   <div class='ocr_carea' id='block_1_53' title="bbox 446 3454 3819 3529">
    <p class='ocr_par' dir='ltr' id='par_1_53' title="bbox 446 3454 3819 3529">
     <span class='ocr_line' id='line_1_53' title="bbox 446 3454 3819 3529; baseline 0 -14"><span class='ocrx_word' id='word_1_495' title='bbox 446 3474 568 3515; x_wconf 88' lang='lat' dir='ltr'><strong>cum</strong></span> <span class='ocrx_word' id='word_1_496' title='bbox 601 3458 910 3529; x_wconf 70' lang='lat' dir='ltr'><strong>praegrandi</strong></span> <span class='ocrx_word' id='word_1_497' title='bbox 960 3454 1235 3526; x_wconf 69' lang='lat' dir='ltr'><strong>exereﬂus</strong></span> <span class='ocrx_word' id='word_1_498' title='bbox 1289 3458 1373 3512; x_wconf 90' lang='lat' dir='ltr'><strong>sui</strong></span> <span class='ocrx_word' id='word_1_499' title='bbox 1425 3458 1660 3528; x_wconf 88' lang='lat' dir='ltr'><strong>collegio</strong></span> <span class='ocrx_word' id='word_1_500' title='bbox 1699 3464 1754 3514; x_wconf 90' lang='lat' dir='ltr'><strong>et</strong></span> <span class='ocrx_word' id='word_1_501' title='bbox 1793 3461 1849 3515; x_wconf 91' lang='lat' dir='ltr'><strong>in</strong></span> <span class='ocrx_word' id='word_1_502' title='bbox 1883 3460 2085 3515; x_wconf 91' lang='lat' dir='ltr'><strong>bellum</strong></span> <span class='ocrx_word' id='word_1_503' title='bbox 2168 3459 2486 3523; x_wconf 90' lang='lat' dir='ltr'><strong>adveniens,</strong></span> <span class='ocrx_word' id='word_1_504' title='bbox 2527 3456 2826 3528; x_wconf 84' lang='lat' dir='ltr'><strong>fugitantes</strong></span> <span class='ocrx_word' id='word_1_505' title='bbox 2872 3465 2929 3513; x_wconf 90' lang='lat' dir='ltr'><strong>et</strong></span> <span class='ocrx_word' id='word_1_506' title='bbox 2976 3465 3373 3528; x_wconf 89' lang='lat' dir='ltr'><strong>persequentes</strong></span> <span class='ocrx_word' id='word_1_507' title='bbox 3410 3458 3467 3514; x_wconf 91' lang='lat' dir='ltr'><strong>in</strong></span> <span class='ocrx_word' id='word_1_508' title='bbox 3526 3458 3636 3515; x_wconf 90' lang='lat' dir='ltr'><strong>hoc</strong></span> <span class='ocrx_word' id='word_1_509' title='bbox 3675 3462 3819 3516; x_wconf 87' lang='lat' dir='ltr'><strong>arti-</strong></span> 
     </span>
    </p>
   </div>
   <div class='ocr_carea' id='block_1_54' title="bbox 446 3546 3815 3618">
    <p class='ocr_par' dir='ltr' id='par_1_54' title="bbox 446 3546 3815 3618">
     <span class='ocr_line' id='line_1_54' title="bbox 446 3546 3815 3618; baseline 0.001 -15"><span class='ocrx_word' id='word_1_510' title='bbox 446 3548 609 3603; x_wconf 90' lang='lat' dir='ltr'><strong>nimis</strong></span> <span class='ocrx_word' id='word_1_511' title='bbox 649 3547 1055 3617; x_wconf 89' lang='lat' dir='ltr'><strong>promptissimo</strong></span> <span class='ocrx_word' id='word_1_512' title='bbox 1094 3561 1162 3602; x_wconf 85' lang='lat' dir='ltr'><strong>ex</strong></span> <span class='ocrx_word' id='word_1_513' title='bbox 1190 3547 1486 3616; x_wconf 90' lang='lat' dir='ltr'><strong>improviso</strong></span> <span class='ocrx_word' id='word_1_514' title='bbox 1525 3546 1695 3603; x_wconf 89' lang='lat' dir='ltr'><strong>ferme</strong></span> <span class='ocrx_word' id='word_1_515' title='bbox 1724 3548 2084 3606; x_wconf 79' lang='lat' dir='ltr'><strong>offenderant.</strong></span> <span class='ocrx_word' id='word_1_516' title='bbox 2169 3549 2295 3604; x_wconf 91' lang='lat' dir='ltr'><strong>culo</strong></span> <span class='ocrx_word' id='word_1_517' title='bbox 2344 3547 2731 3618; x_wconf 86' lang='lat' dir='ltr'><strong>belligerantes</strong></span> <span class='ocrx_word' id='word_1_518' title='bbox 2772 3546 3086 3602; x_wconf 90' lang='lat' dir='ltr'><strong>diremisset</strong></span> <span class='ocrx_word' id='word_1_519' title='bbox 3120 3546 3204 3601; x_wconf 78' lang='grc'><strong>⁸⁸⁸.</strong></span> <span class='ocrx_word' id='word_1_520' title='bbox 3257 3547 3492 3617; x_wconf 88' lang='lat' dir='ltr'><strong>Bajoarii</strong></span> <span class='ocrx_word' id='word_1_521' title='bbox 3525 3553 3587 3603; x_wconf 67' lang='lat' dir='ltr'><strong>et</strong></span> <span class='ocrx_word' id='word_1_522' title='bbox 3615 3550 3815 3606; x_wconf 86' lang='lat' dir='ltr'><strong>Franci</strong></span> 
     </span>
    </p>
   </div>
   <div class='ocr_carea' id='block_1_55' title="bbox 444 3636 2089 3709">
    <p class='ocr_par' dir='ltr' id='par_1_55' title="bbox 444 3636 2089 3709">
     <span class='ocr_line' id='line_1_55' title="bbox 444 3636 2089 3709; baseline 0.001 -16"><span class='ocrx_word' id='word_1_523' title='bbox 444 3639 591 3705; x_wconf 87' lang='lat' dir='ltr'><strong>Quos</strong></span> <span class='ocrx_word' id='word_1_524' title='bbox 638 3637 765 3693; x_wconf 87' lang='lat' dir='ltr'><strong>dum</strong></span> <span class='ocrx_word' id='word_1_525' title='bbox 817 3637 935 3706; x_wconf 90' lang='lat' dir='ltr'><strong>ipse</strong></span> <span class='ocrx_word' id='word_1_526' title='bbox 982 3636 1087 3693; x_wconf 91' lang='lat' dir='ltr'><strong>sibi</strong></span> <span class='ocrx_word' id='word_1_527' title='bbox 1141 3642 1249 3691; x_wconf 91' lang='lat' dir='ltr'><strong>tam</strong></span> <span class='ocrx_word' id='word_1_528' title='bbox 1299 3637 1580 3706; x_wconf 91' lang='lat' dir='ltr'><strong>proximos</strong></span> <span class='ocrx_word' id='word_1_529' title='bbox 1632 3640 1933 3708; x_wconf 90' lang='lat' dir='ltr'><strong>arrepsisse</strong></span> <span class='ocrx_word' id='word_1_530' title='bbox 1991 3654 2089 3709; x_wconf 89' lang='lat' dir='ltr'><strong>per</strong></span> 
     </span>
    </p>
   </div>
   <div class='ocr_carea' id='block_1_56' title="bbox 445 3725 2089 3797">
    <p class='ocr_par' dir='ltr' id='par_1_56' title="bbox 445 3725 2089 3797">
     <span class='ocr_line' id='line_1_56' title="bbox 445 3725 2089 3797; baseline 0.001 -14"><span class='ocrx_word' id='word_1_531' title='bbox 445 3727 823 3797; x_wconf 88' lang='lat' dir='ltr'><strong>exploratores</strong></span> <span class='ocrx_word' id='word_1_532' title='bbox 878 3741 1009 3781; x_wconf 92' lang='lat' dir='ltr'><strong>suos</strong></span> <span class='ocrx_word' id='word_1_533' title='bbox 1066 3725 1463 3795; x_wconf 88' lang='lat' dir='ltr'><strong>comperisset,</strong></span> <span class='ocrx_word' id='word_1_534' title='bbox 1505 3726 1661 3795; x_wconf 92' lang='lat' dir='ltr'><strong>quasi</strong></span> <span class='ocrx_word' id='word_1_535' title='bbox 1690 3727 1910 3783; x_wconf 92' lang='lat' dir='ltr'><strong>illorum</strong></span> <span class='ocrx_word' id='word_1_536' title='bbox 1940 3734 2089 3785; x_wconf 92' lang='lat' dir='ltr'><strong>metu</strong></span> 
     </span>
    </p>
   </div>
   <div class='ocr_carea' id='block_1_57' title="bbox 447 3814 2088 3887">
    <p class='ocr_par' dir='ltr' id='par_1_57' title="bbox 447 3814 2088 3887">
     <span class='ocr_line' id='line_1_57' title="bbox 447 3814 2088 3887; baseline 0.002 -17"><span class='ocrx_word' id='word_1_537' title='bbox 447 3816 628 3887; x_wconf 85' lang='lat' dir='ltr'><strong>fugam</strong></span> <span class='ocrx_word' id='word_1_538' title='bbox 676 3816 978 3881; x_wconf 88' lang='lat' dir='ltr'><strong>simulans,</strong></span> <span class='ocrx_word' id='word_1_539' title='bbox 1038 3815 1217 3870; x_wconf 88' lang='lat' dir='ltr'><strong>locum</strong></span> <span class='ocrx_word' id='word_1_540' title='bbox 1276 3814 1355 3869; x_wconf 89' lang='lat' dir='ltr'><strong>eis</strong></span> <span class='ocrx_word' id='word_1_541' title='bbox 1404 3815 1694 3870; x_wconf 87' lang='lat' dir='ltr'><strong>invadendi</strong></span> <span class='ocrx_word' id='word_1_542' title='bbox 1753 3818 2088 3885; x_wconf 87' lang='lat' dir='ltr'><strong>provinciam</strong></span> 
     </span>
    </p>
   </div>
   <div class='ocr_carea' id='block_1_58' title="bbox 450 3902 2089 3972">
    <p class='ocr_par' dir='ltr' id='par_1_58' title="bbox 450 3902 2089 3972">
     <span class='ocr_line' id='line_1_58' title="bbox 450 3902 2089 3972; baseline 0.002 -14"><span class='ocrx_word' id='word_1_543' title='bbox 450 3918 573 3959; x_wconf 91' lang='lat' dir='ltr'><strong>cum</strong></span> <span class='ocrx_word' id='word_1_544' title='bbox 612 3905 727 3959; x_wconf 91' lang='lat' dir='ltr'><strong>suis</strong></span> <span class='ocrx_word' id='word_1_545' title='bbox 754 3903 1110 3972; x_wconf 85' lang='lat' dir='ltr'><strong>retrogradus</strong></span> <span class='ocrx_word' id='word_1_546' title='bbox 1152 3902 1445 3958; x_wconf 84' lang='lat' dir='ltr'><strong>artificiose</strong></span> <span class='ocrx_word' id='word_1_547' title='bbox 1493 3903 1740 3959; x_wconf 88' lang='lat' dir='ltr'><strong>dederat.</strong></span> <span class='ocrx_word' id='word_1_548' title='bbox 1784 3907 1859 3959; x_wconf 90' lang='lat' dir='ltr'><strong>Ea</strong></span> <span class='ocrx_word' id='word_1_549' title='bbox 1910 3912 2089 3963; x_wconf 88' lang='lat' dir='ltr'><strong>tamen</strong></span> 
     </span>
    </p>
   </div>
   <div class='ocr_carea' id='block_1_59' title="bbox 451 3988 2091 4058">
    <p class='ocr_par' dir='ltr' id='par_1_59' title="bbox 451 3988 2091 4058">
     <span class='ocr_line' id='line_1_59' title="bbox 451 3988 2091 4058; baseline 0.002 -10"><span class='ocrx_word' id='word_1_550' title='bbox 451 3993 759 4048; x_wconf 89' lang='lat' dir='ltr'><strong>intentione</strong></span> <span class='ocrx_word' id='word_1_551' title='bbox 789 3988 1156 4058; x_wconf 88' lang='lat' dir='ltr'><strong>simulaverat,</strong></span> <span class='ocrx_word' id='word_1_552' title='bbox 1188 4005 1258 4047; x_wconf 90' lang='lat' dir='ltr'><strong>ne</strong></span> <span class='ocrx_word' id='word_1_553' title='bbox 1304 3992 1351 4046; x_wconf 93' lang='lat' dir='ltr'><strong>si</strong></span> <span class='ocrx_word' id='word_1_554' title='bbox 1391 3993 1445 4046; x_wconf 91' lang='lat' dir='ltr'><strong>in</strong></span> <span class='ocrx_word' id='word_1_555' title='bbox 1499 3992 1819 4049; x_wconf 89' lang='lat' dir='ltr'><strong>alterutrum</strong></span> <span class='ocrx_word' id='word_1_556' title='bbox 1864 3994 2007 4051; x_wconf 93' lang='lat' dir='ltr'><strong>bello</strong></span> <span class='ocrx_word' id='word_1_557' title='bbox 2029 3997 2091 4028; x_wconf 84' lang='grc'><strong>³¹⁷</strong></span> 
     </span>
    </p>
   </div>
   <div class='ocr_carea' id='block_1_60' title="bbox 2171 3633 3816 3707">
    <p class='ocr_par' dir='ltr' id='par_1_60' title="bbox 2171 3633 3816 3707">
     <span class='ocr_line' id='line_1_60' title="bbox 2171 3633 3816 3707; baseline 0 -13"><span class='ocrx_word' id='word_1_558' title='bbox 2171 3651 2293 3694; x_wconf 91' lang='lat' dir='ltr'><strong>cum</strong></span> <span class='ocrx_word' id='word_1_559' title='bbox 2349 3650 2477 3707; x_wconf 90' lang='lat' dir='ltr'><strong>rege</strong></span> <span class='ocrx_word' id='word_1_560' title='bbox 2529 3649 2629 3692; x_wconf 90' lang='lat' dir='ltr'><strong>suo</strong></span> <span class='ocrx_word' id='word_1_561' title='bbox 2674 3633 2980 3706; x_wconf 68' lang='lat' dir='ltr'><strong>praafugere</strong></span> <span class='ocrx_word' id='word_1_562' title='bbox 3039 3635 3345 3704; x_wconf 85' lang='lat' dir='ltr'><strong>proximum</strong></span> <span class='ocrx_word' id='word_1_563' title='bbox 3388 3633 3452 3666; x_wconf 76' lang='grc'>³³⁸</span> <span class='ocrx_word' id='word_1_564' title='bbox 3496 3649 3558 3690; x_wconf 89' lang='lat' dir='ltr'><strong>se</strong></span> <span class='ocrx_word' id='word_1_565' title='bbox 3614 3650 3647 3691; x_wconf 90' lang='lat' dir='ltr'><strong>a</strong></span> <span class='ocrx_word' id='word_1_566' title='bbox 3706 3644 3816 3694; x_wconf 86' lang='lat' dir='ltr'><strong>tam</strong></span> 
     </span>
    </p>
   </div>
   <div class='ocr_carea' id='block_1_61' title="bbox 2170 3723 3817 3796">
    <p class='ocr_par' dir='ltr' id='par_1_61' title="bbox 2170 3723 3817 3796">
     <span class='ocr_line' id='line_1_61' title="bbox 2170 3723 3817 3796; baseline 0.001 -15"><span class='ocrx_word' id='word_1_567' title='bbox 2170 3733 2351 3796; x_wconf 84' lang='lat' dir='ltr'><strong>strage</strong></span> <span class='ocrx_word' id='word_1_568' title='bbox 2406 3725 2700 3791; x_wconf 89' lang='lat' dir='ltr'><strong>dirissima,</strong></span> <span class='ocrx_word' id='word_1_569' title='bbox 2766 3723 3092 3794; x_wconf 72' lang='lat' dir='ltr'><strong>praeceleres</strong></span> <span class='ocrx_word' id='word_1_570' title='bbox 3150 3737 3214 3779; x_wconf 90' lang='lat' dir='ltr'><strong>ac</strong></span> <span class='ocrx_word' id='word_1_571' title='bbox 3270 3736 3382 3780; x_wconf 89' lang='lat' dir='ltr'><strong>non</strong></span> <span class='ocrx_word' id='word_1_572' title='bbox 3446 3725 3817 3782; x_wconf 57' lang='lat' dir='ltr'><strong>minimum”</strong></span> 
     </span>
    </p>
   </div>
   <div class='ocr_carea' id='block_1_62' title="bbox 2172 3812 3815 3885">
    <p class='ocr_par' dir='ltr' id='par_1_62' title="bbox 2172 3812 3815 3885">
     <span class='ocr_line' id='line_1_62' title="bbox 2172 3812 3815 3885; baseline 0.001 -15"><span class='ocrx_word' id='word_1_573' title='bbox 2172 3815 2472 3885; x_wconf 90' lang='lat' dir='ltr'><strong>perterriti,</strong></span> <span class='ocrx_word' id='word_1_574' title='bbox 2505 3814 2780 3870; x_wconf 90' lang='lat' dir='ltr'><strong>enerviter</strong></span> <span class='ocrx_word' id='word_1_575' title='bbox 2807 3812 3217 3883; x_wconf 67' lang='lat' dir='ltr'><strong>praeripiebant.</strong></span> <span class='ocrx_word' id='word_1_576' title='bbox 3250 3813 3325 3868; x_wconf 89' lang='lat' dir='ltr'><strong>De</strong></span> <span class='ocrx_word' id='word_1_577' title='bbox 3363 3812 3578 3870; x_wconf 89' lang='lat' dir='ltr'><strong>Boemis</strong></span> <span class='ocrx_word' id='word_1_578' title='bbox 3607 3820 3815 3885; x_wconf 84' lang='lat' dir='ltr'><strong>autem,</strong></span> 
     </span>
    </p>
   </div>
   <div class='ocr_carea' id='block_1_63' title="bbox 2173 3900 3817 3974">
    <p class='ocr_par' dir='ltr' id='par_1_63' title="bbox 2173 3900 3817 3974">
     <span class='ocr_line' id='line_1_63' title="bbox 2173 3900 3817 3974; baseline 0.001 -15"><span class='ocrx_word' id='word_1_579' title='bbox 2173 3904 2267 3974; x_wconf 90' lang='lat' dir='ltr'><strong>qui</strong></span> <span class='ocrx_word' id='word_1_580' title='bbox 2312 3904 2369 3958; x_wconf 94' lang='lat' dir='ltr'><strong>in</strong></span> <span class='ocrx_word' id='word_1_581' title='bbox 2409 3902 2524 3959; x_wconf 90' lang='lat' dir='ltr'><strong>suis</strong></span> <span class='ocrx_word' id='word_1_582' title='bbox 2554 3902 2740 3957; x_wconf 89' lang='lat' dir='ltr'><strong>multis</strong></span> <span class='ocrx_word' id='word_1_583' title='bbox 2778 3901 2999 3956; x_wconf 89' lang='lat' dir='ltr'><strong>milibus</strong></span> <span class='ocrx_word' id='word_1_584' title='bbox 3036 3900 3398 3969; x_wconf 84' lang='lat' dir='ltr'><strong>confidentes,</strong></span> <span class='ocrx_word' id='word_1_585' title='bbox 3437 3902 3617 3958; x_wconf 90' lang='lat' dir='ltr'><strong>eidem</strong></span> <span class='ocrx_word' id='word_1_586' title='bbox 3670 3905 3817 3961; x_wconf 90' lang='lat' dir='ltr'><strong>bello</strong></span> 
     </span>
    </p>
   </div>
   <div class='ocr_carea' id='block_1_64' title="bbox 2172 3990 3823 4062">
    <p class='ocr_par' dir='ltr' id='par_1_64' title="bbox 2172 3990 3823 4062">
     <span class='ocr_line' id='line_1_64' title="bbox 2172 3990 3823 4062; baseline 0.001 -12"><span class='ocrx_word' id='word_1_587' title='bbox 2172 3993 2471 4051; x_wconf 89' lang='lat' dir='ltr'><strong>avidissimi</strong></span> <span class='ocrx_word' id='word_1_588' title='bbox 2508 4006 2567 4047; x_wconf 92' lang='lat' dir='ltr'><strong>se</strong></span> <span class='ocrx_word' id='word_1_589' title='bbox 2615 3990 2933 4059; x_wconf 88' lang='lat' dir='ltr'><strong>intulerant,</strong></span> <span class='ocrx_word' id='word_1_590' title='bbox 2991 3994 3181 4061; x_wconf 88' lang='lat' dir='ltr'><strong>utpote</strong></span> <span class='ocrx_word' id='word_1_591' title='bbox 3229 3993 3324 4062; x_wconf 90' lang='lat' dir='ltr'><strong>qui</strong></span> <span class='ocrx_word' id='word_1_592' title='bbox 3383 4005 3483 4062; x_wconf 91' lang='lat' dir='ltr'><strong>pro</strong></span> <span class='ocrx_word' id='word_1_593' title='bbox 3536 3996 3823 4051; x_wconf 85' lang='lat' dir='ltr'><strong>servitutis</strong></span> 
     </span>
    </p>
   </div>
   <div class='ocr_carea' id='block_1_65' title="bbox 455 4080 3820 4153">
    <p class='ocr_par' dir='ltr' id='par_1_65' title="bbox 455 4080 3820 4153">
     <span class='ocr_line' id='line_1_65' title="bbox 455 4080 3820 4153; baseline 0.001 -15"><span class='ocrx_word' id='word_1_594' title='bbox 455 4088 888 4153; x_wconf 86' lang='lat' dir='ltr'><strong>consurgerent,</strong></span> <span class='ocrx_word' id='word_1_595' title='bbox 942 4081 1047 4150; x_wconf 90' lang='lat' dir='ltr'><strong>ipsi</strong></span> <span class='ocrx_word' id='word_1_596' title='bbox 1096 4095 1125 4135; x_wconf 91' lang='lat' dir='ltr'><strong>a</strong></span> <span class='ocrx_word' id='word_1_597' title='bbox 1173 4095 1232 4136; x_wconf 92' lang='lat' dir='ltr'><strong>se</strong></span> <span class='ocrx_word' id='word_1_598' title='bbox 1282 4089 1646 4151; x_wconf 89' lang='lat' dir='ltr'><strong>persequente</strong></span> <span class='ocrx_word' id='word_1_599' title='bbox 1703 4089 1855 4139; x_wconf 92' lang='lat' dir='ltr'><strong>tanto</strong></span> <span class='ocrx_word' id='word_1_600' title='bbox 1914 4086 2094 4142; x_wconf 89' lang='lat' dir='ltr'><strong>minus</strong></span> <span class='ocrx_word' id='word_1_601' title='bbox 2174 4098 2289 4139; x_wconf 64' lang='lat' dir='ltr'><strong>suae</strong></span> <span class='ocrx_word' id='word_1_602' title='bbox 2356 4080 2801 4137; x_wconf 87' lang='lat' dir='ltr'><strong>remuneratione</strong></span> <span class='ocrx_word' id='word_1_603' title='bbox 2852 4080 2961 4136; x_wconf 91' lang='lat' dir='ltr'><strong>hoc</strong></span> <span class='ocrx_word' id='word_1_604' title='bbox 3013 4080 3211 4147; x_wconf 85' lang='lat' dir='ltr'><strong>solum,</strong></span> <span class='ocrx_word' id='word_1_605' title='bbox 3272 4088 3333 4137; x_wconf 91' lang='lat' dir='ltr'><strong>ut</strong></span> <span class='ocrx_word' id='word_1_606' title='bbox 3382 4096 3495 4151; x_wconf 68' lang='lat' dir='ltr'><strong>pra:</strong></span> <span class='ocrx_word' id='word_1_607' title='bbox 3558 4084 3820 4140; x_wconf 80' lang='lat' dir='ltr'><strong>omnibus</strong></span> 
     </span>
    </p>
   </div>
   <div class='ocr_carea' id='block_1_66' title="bbox 456 4170 2092 4241">
    <p class='ocr_par' dir='ltr' id='par_1_66' title="bbox 456 4170 2092 4241">
     <span class='ocr_line' id='line_1_66' title="bbox 456 4170 2092 4241; baseline 0.001 -12"><span class='ocrx_word' id='word_1_608' title='bbox 456 4186 607 4229; x_wconf 91' lang='lat' dir='ltr'><strong>more</strong></span> <span class='ocrx_word' id='word_1_609' title='bbox 646 4186 746 4228; x_wconf 94' lang='lat' dir='ltr'><strong>suo</strong></span> <span class='ocrx_word' id='word_1_610' title='bbox 776 4170 1153 4241; x_wconf 78' lang='lat' dir='ltr'><strong>diﬁugissent,</strong></span> <span class='ocrx_word' id='word_1_611' title='bbox 1186 4176 1390 4240; x_wconf 89' lang='lat' dir='ltr'><strong>quanto</strong></span> <span class='ocrx_word' id='word_1_612' title='bbox 1419 4170 1559 4226; x_wconf 88' lang='lat' dir='ltr'><strong>infra</strong></span> <span class='ocrx_word' id='word_1_613' title='bbox 1590 4172 1780 4240; x_wconf 52' lang='lat' dir='ltr'><strong>patriar</strong></span> <span class='ocrx_word' id='word_1_614' title='bbox 1810 4172 1959 4229; x_wconf 91' lang='lat' dir='ltr'><strong>illius</strong></span> <span class='ocrx_word' id='word_1_615' title='bbox 1988 4180 2092 4231; x_wconf 90' lang='lat' dir='ltr'><strong>ter-</strong></span> 
     </span>
    </p>
   </div>
   <div class='ocr_carea' id='block_1_67' title="bbox 2176 4169 3820 4243">
    <p class='ocr_par' dir='ltr' id='par_1_67' title="bbox 2176 4169 3820 4243">
     <span class='ocr_line' id='line_1_67' title="bbox 2176 4169 3820 4243; baseline 0.001 -15"><span class='ocrx_word' id='word_1_616' title='bbox 2176 4173 2337 4243; x_wconf 90' lang='lat' dir='ltr'><strong>primi</strong></span> <span class='ocrx_word' id='word_1_617' title='bbox 2366 4170 2672 4226; x_wconf 88' lang='lat' dir='ltr'><strong>Saxonibus</strong></span> <span class='ocrx_word' id='word_1_618' title='bbox 2715 4169 2977 4240; x_wconf 86' lang='lat' dir='ltr'><strong>congredi</strong></span> <span class='ocrx_word' id='word_1_619' title='bbox 3016 4170 3362 4238; x_wconf 89' lang='lat' dir='ltr'><strong>meruissent,</strong></span> <span class='ocrx_word' id='word_1_620' title='bbox 3405 4173 3820 4243; x_wconf 85' lang='lat' dir='ltr'><strong>percupierant,</strong></span> 
     </span>
    </p>
   </div>
   <div class='ocr_carea' id='block_1_68' title="bbox 452 4257 3820 4333">
    <p class='ocr_par' dir='ltr' id='par_1_68' title="bbox 452 4257 3820 4333">
     <span class='ocr_line' id='line_1_68' title="bbox 452 4257 3820 4333; baseline 0 -15"><span class='ocrx_word' id='word_1_621' title='bbox 452 4262 631 4319; x_wconf 90' lang='lat' dir='ltr'><strong>minos</strong></span> <span class='ocrx_word' id='word_1_622' title='bbox 675 4275 706 4316; x_wconf 90' lang='lat' dir='ltr'><strong>a</strong></span> <span class='ocrx_word' id='word_1_623' title='bbox 753 4258 1132 4329; x_wconf 89' lang='lat' dir='ltr'><strong>compatriotis</strong></span> <span class='ocrx_word' id='word_1_624' title='bbox 1181 4259 1436 4315; x_wconf 92' lang='lat' dir='ltr'><strong>omnibus</strong></span> <span class='ocrx_word' id='word_1_625' title='bbox 1492 4259 1734 4329; x_wconf 93' lang='lat' dir='ltr'><strong>undique</strong></span> <span class='ocrx_word' id='word_1_626' title='bbox 1790 4260 1980 4331; x_wconf 90' lang='lat' dir='ltr'><strong>impeti</strong></span> <span class='ocrx_word' id='word_1_627' title='bbox 2035 4259 2457 4333; x_wconf 57' lang='lat' dir='ltr'><strong>etnpraecipua</strong></span> <span class='ocrx_word' id='word_1_628' title='bbox 2504 4266 2716 4330; x_wconf 89' lang='lat' dir='ltr'><strong>strages</strong></span> <span class='ocrx_word' id='word_1_629' title='bbox 2758 4273 2823 4315; x_wconf 90' lang='lat' dir='ltr'><strong>ac</strong></span> <span class='ocrx_word' id='word_1_630' title='bbox 2868 4258 3027 4333; x_wconf 86' lang='lat' dir='ltr'><strong>ruina</strong></span> <span class='ocrx_word' id='word_1_631' title='bbox 3073 4259 3190 4314; x_wconf 90' lang='lat' dir='ltr'><strong>illic</strong></span> <span class='ocrx_word' id='word_1_632' title='bbox 3234 4257 3376 4315; x_wconf 89' lang='lat' dir='ltr'><strong>facta</strong></span> <span class='ocrx_word' id='word_1_633' title='bbox 3422 4265 3527 4315; x_wconf 92' lang='lat' dir='ltr'><strong>est.</strong></span> <span class='ocrx_word' id='word_1_634' title='bbox 3577 4262 3820 4327; x_wconf 87' lang='lat' dir='ltr'><strong>Quorum</strong></span> 
     </span>
    </p>
   </div>
   <div class='ocr_carea' id='block_1_69' title="bbox 449 4346 1741 4418">
    <p class='ocr_par' dir='ltr' id='par_1_69' title="bbox 449 4346 1741 4418">
     <span class='ocr_line' id='line_1_69' title="bbox 449 4346 1741 4418; baseline -0.002 -10"><span class='ocrx_word' id='word_1_635' title='bbox 449 4350 779 4408; x_wconf 88' lang='lat' dir='ltr'><strong>circumdari</strong></span> <span class='ocrx_word' id='word_1_636' title='bbox 816 4351 928 4405; x_wconf 92' lang='lat' dir='ltr'><strong>Deo</strong></span> <span class='ocrx_word' id='word_1_637' title='bbox 960 4349 1292 4418; x_wconf 87' lang='lat' dir='ltr'><strong>propitiante</strong></span> <span class='ocrx_word' id='word_1_638' title='bbox 1314 4346 1377 4380; x_wconf 82' lang='grc'><strong>⁸¹⁸</strong></span> <span class='ocrx_word' id='word_1_639' title='bbox 1416 4349 1741 4418; x_wconf 87' lang='lat' dir='ltr'><strong>potuissent.</strong></span> 
     </span>
    </p>
   </div>
   <div class='ocr_carea' id='block_1_70' title="bbox 521 4439 2090 4511">
    <p class='ocr_par' dir='ltr' id='par_1_70' title="bbox 521 4439 2090 4511">
     <span class='ocr_line' id='line_1_70' title="bbox 521 4439 2090 4511; baseline 0.001 -15"><span class='ocrx_word' id='word_1_640' title='bbox 521 4441 605 4496; x_wconf 91' lang='lat' dir='ltr'><strong>llli</strong></span> <span class='ocrx_word' id='word_1_641' title='bbox 644 4453 775 4496; x_wconf 89' lang='lat' dir='ltr'><strong>vero</strong></span> <span class='ocrx_word' id='word_1_642' title='bbox 804 4439 983 4510; x_wconf 89' lang='lat' dir='ltr'><strong>fugam</strong></span> <span class='ocrx_word' id='word_1_643' title='bbox 1014 4440 1286 4494; x_wconf 84' lang='lat' dir='ltr'><strong>Saxonum</strong></span> <span class='ocrx_word' id='word_1_644' title='bbox 1326 4452 1504 4493; x_wconf 87' lang='lat' dir='ltr'><strong>veram</strong></span> <span class='ocrx_word' id='word_1_645' title='bbox 1546 4444 1601 4494; x_wconf 90' lang='lat' dir='ltr'><strong>et</strong></span> <span class='ocrx_word' id='word_1_646' title='bbox 1639 4452 1749 4495; x_wconf 89' lang='lat' dir='ltr'><strong>non</strong></span> <span class='ocrx_word' id='word_1_647' title='bbox 1797 4440 2090 4511; x_wconf 89' lang='lat' dir='ltr'><strong>dispensa-</strong></span> 
     </span>
    </p>
   </div>
   <div class='ocr_carea' id='block_1_71' title="bbox 452 4527 2087 4598">
    <p class='ocr_par' dir='ltr' id='par_1_71' title="bbox 452 4527 2087 4598">
     <span class='ocr_line' id='line_1_71' title="bbox 452 4527 2087 4598; baseline 0 -12"><span class='ocrx_word' id='word_1_648' title='bbox 452 4531 649 4586; x_wconf 91' lang='lat' dir='ltr'><strong>toriam</strong></span> <span class='ocrx_word' id='word_1_649' title='bbox 712 4529 1080 4593; x_wconf 89' lang='lat' dir='ltr'><strong>arbitrantes,</strong></span> <span class='ocrx_word' id='word_1_650' title='bbox 1133 4527 1394 4582; x_wconf 90' lang='lat' dir='ltr'><strong>audacter</strong></span> <span class='ocrx_word' id='word_1_651' title='bbox 1450 4527 1575 4583; x_wconf 92' lang='lat' dir='ltr'><strong>illos</strong></span> <span class='ocrx_word' id='word_1_652' title='bbox 1630 4528 1986 4598; x_wconf 89' lang='lat' dir='ltr'><strong>insequentes</strong></span> <span class='ocrx_word' id='word_1_653' title='bbox 2005 4530 2087 4598; x_wconf 81' lang='grc'>⁸¹⁹,</span> 
     </span>
    </p>
   </div>
   <div class='ocr_carea' id='block_1_72' title="bbox 454 4616 2089 4692">
    <p class='ocr_par' dir='ltr' id='par_1_72' title="bbox 454 4616 2089 4692">
     <span class='ocr_line' id='line_1_72' title="bbox 454 4616 2089 4692; baseline -0.001 -16"><span class='ocrx_word' id='word_1_654' title='bbox 454 4619 658 4692; x_wconf 68' lang='lat' dir='ltr'><strong>praedis</strong></span> <span class='ocrx_word' id='word_1_655' title='bbox 686 4626 741 4674; x_wconf 90' lang='lat' dir='ltr'><strong>et</strong></span> <span class='ocrx_word' id='word_1_656' title='bbox 771 4616 1043 4675; x_wconf 86' lang='lat' dir='ltr'><strong>incendiis</strong></span> <span class='ocrx_word' id='word_1_657' title='bbox 1066 4659 1081 4683; x_wconf 91' lang='lat'><strong>,</strong></span> <span class='ocrx_word' id='word_1_658' title='bbox 1112 4622 1197 4671; x_wconf 90' lang='lat' dir='ltr'><strong>set</strong></span> <span class='ocrx_word' id='word_1_659' title='bbox 1226 4630 1339 4685; x_wconf 65' lang='lat' dir='ltr'><strong>prw</strong></span> <span class='ocrx_word' id='word_1_660' title='bbox 1361 4617 1578 4673; x_wconf 65' lang='lat' dir='ltr'><strong>caeteris</strong></span> <span class='ocrx_word' id='word_1_661' title='bbox 1607 4617 1717 4673; x_wconf 82' lang='lat' dir='ltr'><strong>dux</strong></span> <span class='ocrx_word' id='word_1_662' title='bbox 1744 4620 2089 4689; x_wconf 90' lang='lat' dir='ltr'><strong>Boemianus,</strong></span> 
     </span>
    </p>
   </div>
   <div class='ocr_carea' id='block_1_73' title="bbox 453 4706 2091 4777">
    <p class='ocr_par' dir='ltr' id='par_1_73' title="bbox 453 4706 2091 4777">
     <span class='ocr_line' id='line_1_73' title="bbox 453 4706 2091 4777; baseline 0.001 -12"><span class='ocrx_word' id='word_1_663' title='bbox 453 4710 757 4765; x_wconf 84' lang='lat' dir='ltr'><strong>insisistere</strong></span> <span class='ocrx_word' id='word_1_664' title='bbox 805 4708 1004 4777; x_wconf 90' lang='lat' dir='ltr'><strong>passim</strong></span> <span class='ocrx_word' id='word_1_665' title='bbox 1059 4713 1521 4776; x_wconf 65' lang='lat' dir='ltr'><strong>praesumpserant</strong></span> <span class='ocrx_word' id='word_1_666' title='bbox 1540 4706 1622 4761; x_wconf 79' lang='grc'><strong>³²⁰.</strong></span> <span class='ocrx_word' id='word_1_667' title='bbox 1672 4707 1827 4763; x_wconf 91' lang='lat' dir='ltr'><strong>Unde</strong></span> <span class='ocrx_word' id='word_1_668' title='bbox 1858 4709 2091 4766; x_wconf 89' lang='lat' dir='ltr'><strong>consilio</strong></span> 
     </span>
    </p>
   </div>
   <div class='ocr_carea' id='block_1_74' title="bbox 456 4795 2089 4868">
    <p class='ocr_par' dir='ltr' id='par_1_74' title="bbox 456 4795 2089 4868">
     <span class='ocr_line' id='line_1_74' title="bbox 456 4795 2089 4868; baseline 0 -15"><span class='ocrx_word' id='word_1_669' title='bbox 456 4798 513 4853; x_wconf 88' lang='lat' dir='ltr'><strong>in</strong></span> <span class='ocrx_word' id='word_1_670' title='bbox 560 4797 615 4852; x_wconf 89' lang='lat' dir='ltr'><strong>id</strong></span> <span class='ocrx_word' id='word_1_671' title='bbox 655 4799 832 4868; x_wconf 89' lang='lat' dir='ltr'><strong>ipsum</strong></span> <span class='ocrx_word' id='word_1_672' title='bbox 873 4810 995 4852; x_wconf 89' lang='lat' dir='ltr'><strong>cum</strong></span> <span class='ocrx_word' id='word_1_673' title='bbox 1024 4795 1310 4852; x_wconf 83' lang='lat' dir='ltr'><strong>Juvavensi</strong></span> <span class='ocrx_word' id='word_1_674' title='bbox 1346 4796 1672 4865; x_wconf 73' lang='lat' dir='ltr'><strong>czeterisque</strong></span> <span class='ocrx_word' id='word_1_675' title='bbox 1701 4797 1913 4853; x_wconf 89' lang='lat' dir='ltr'><strong>scilicet</strong></span> <span class='ocrx_word' id='word_1_676' title='bbox 1932 4798 1990 4829; x_wconf 78' lang='grc'><strong>³³⁸</strong></span> <span class='ocrx_word' id='word_1_677' title='bbox 2023 4799 2089 4853; x_wconf 90' lang='lat' dir='ltr'><strong>ad</strong></span> 
     </span>
    </p>
   </div>
   <div class='ocr_carea' id='block_1_75' title="bbox 452 4884 2095 4958">
    <p class='ocr_par' dir='ltr' id='par_1_75' title="bbox 452 4884 2095 4958">
     <span class='ocr_line' id='line_1_75' title="bbox 452 4884 2095 4958; baseline 0.001 -16"><span class='ocrx_word' id='word_1_678' title='bbox 452 4887 562 4943; x_wconf 90' lang='lat' dir='ltr'><strong>hoc</strong></span> <span class='ocrx_word' id='word_1_679' title='bbox 589 4887 694 4943; x_wconf 89' lang='lat' dir='ltr'><strong>sibi</strong></span> <span class='ocrx_word' id='word_1_680' title='bbox 722 4885 1145 4957; x_wconf 85' lang='lat' dir='ltr'><strong>suffragantibus</strong></span> <span class='ocrx_word' id='word_1_681' title='bbox 1180 4884 1527 4954; x_wconf 88' lang='lat' dir='ltr'><strong>coepiscopis</strong></span> <span class='ocrx_word' id='word_1_682' title='bbox 1573 4884 1775 4942; x_wconf 92' lang='lat' dir='ltr'><strong>collato</strong></span> <span class='ocrx_word' id='word_1_683' title='bbox 1799 4928 1813 4953; x_wconf 96' lang='lat'><strong>,</strong></span> <span class='ocrx_word' id='word_1_684' title='bbox 1872 4888 2095 4958; x_wconf 82' lang='lat' dir='ltr'><strong>Mogon-</strong></span> 
     </span>
    </p>
   </div>
   <div class='ocr_carea' id='block_1_76' title="bbox 2108 4311 2158 4369">
    <p class='ocr_par' dir='ltr' id='par_1_76' title="bbox 2108 4311 2158 4369">
     <span class='ocr_line' id='line_1_76' title="bbox 2108 4311 2158 4369; baseline 0 0"><span class='ocrx_word' id='word_1_685' title='bbox 2108 4311 2158 4369; x_wconf 95' lang='lat' dir='ltr'><strong>D</strong></span> 
     </span>
    </p>
   </div>
   <div class='ocr_carea' id='block_1_77' title="bbox 2179 4346 3817 4421">
    <p class='ocr_par' dir='ltr' id='par_1_77' title="bbox 2179 4346 3817 4421">
     <span class='ocr_line' id='line_1_77' title="bbox 2179 4346 3817 4421; baseline 0.002 -17"><span class='ocrx_word' id='word_1_686' title='bbox 2179 4362 2443 4404; x_wconf 90' lang='lat' dir='ltr'><strong>summam</strong></span> <span class='ocrx_word' id='word_1_687' title='bbox 2509 4347 2626 4405; x_wconf 87' lang='lat' dir='ltr'><strong>fore</strong></span> <span class='ocrx_word' id='word_1_688' title='bbox 2674 4347 3044 4404; x_wconf 90' lang='lat' dir='ltr'><strong>determinant</strong></span> <span class='ocrx_word' id='word_1_689' title='bbox 3078 4346 3260 4414; x_wconf 74' lang='lat'><strong>3255,</strong></span> <span class='ocrx_word' id='word_1_690' title='bbox 3312 4354 3516 4418; x_wconf 52' lang='lat' dir='ltr'><strong>praeter</strong></span> <span class='ocrx_word' id='word_1_691' title='bbox 3570 4349 3678 4406; x_wconf 93' lang='lat' dir='ltr'><strong>hos</strong></span> <span class='ocrx_word' id='word_1_692' title='bbox 3723 4350 3817 4421; x_wconf 85' lang='lat' dir='ltr'><strong>qui</strong></span> 
     </span>
    </p>
   </div>
   <div class='ocr_carea' id='block_1_78' title="bbox 2172 4436 3819 4514">
    <p class='ocr_par' dir='ltr' id='par_1_78' title="bbox 2172 4436 3819 4514">
     <span class='ocr_line' id='line_1_78' title="bbox 2172 4436 3819 4514; baseline 0.001 -21"><span class='ocrx_word' id='word_1_693' title='bbox 2172 4438 2287 4494; x_wconf 89' lang='lat' dir='ltr'><strong>illic</strong></span> <span class='ocrx_word' id='word_1_694' title='bbox 2338 4437 2626 4507; x_wconf 88' lang='lat' dir='ltr'><strong>perplures</strong></span> <span class='ocrx_word' id='word_1_695' title='bbox 2662 4437 2978 4514; x_wconf 83' lang='lat' dir='ltr'><strong>ceciderant</strong></span> <span class='ocrx_word' id='word_1_696' title='bbox 3022 4436 3092 4492; x_wconf 89' lang='lat' dir='ltr'><strong>de</strong></span> <span class='ocrx_word' id='word_1_697' title='bbox 3139 4437 3531 4504; x_wconf 88' lang='lat' dir='ltr'><strong>Theutonicis,</strong></span> <span class='ocrx_word' id='word_1_698' title='bbox 3576 4438 3695 4495; x_wconf 90' lang='lat' dir='ltr'><strong>sive</strong></span> <span class='ocrx_word' id='word_1_699' title='bbox 3724 4439 3819 4509; x_wconf 85' lang='lat' dir='ltr'><strong>qui</strong></span> 
     </span>
    </p>
   </div>
   <div class='ocr_carea' id='block_1_79' title="bbox 2174 4525 3818 4597">
    <p class='ocr_par' dir='ltr' id='par_1_79' title="bbox 2174 4525 3818 4597">
     <span class='ocr_line' id='line_1_79' title="bbox 2174 4525 3818 4597; baseline 0.001 -15"><span class='ocrx_word' id='word_1_700' title='bbox 2174 4527 2243 4582; x_wconf 87' lang='lat' dir='ltr'><strong>de</strong></span> <span class='ocrx_word' id='word_1_701' title='bbox 2291 4526 2540 4597; x_wconf 90' lang='lat' dir='ltr'><strong>utrisque</strong></span> <span class='ocrx_word' id='word_1_702' title='bbox 2571 4527 2715 4596; x_wconf 89' lang='lat' dir='ltr'><strong>capti</strong></span> <span class='ocrx_word' id='word_1_703' title='bbox 2746 4530 2893 4592; x_wconf 89' lang='lat' dir='ltr'><strong>sunt,</strong></span> <span class='ocrx_word' id='word_1_704' title='bbox 2925 4525 2993 4581; x_wconf 91' lang='lat' dir='ltr'><strong>ad</strong></span> <span class='ocrx_word' id='word_1_705' title='bbox 3022 4526 3243 4595; x_wconf 90' lang='lat' dir='ltr'><strong>plenum</strong></span> <span class='ocrx_word' id='word_1_706' title='bbox 3274 4533 3330 4582; x_wconf 90' lang='lat' dir='ltr'><strong>et</strong></span> <span class='ocrx_word' id='word_1_707' title='bbox 3366 4526 3432 4582; x_wconf 91' lang='lat' dir='ltr'><strong>ad</strong></span> <span class='ocrx_word' id='word_1_708' title='bbox 3464 4534 3677 4583; x_wconf 89' lang='lat' dir='ltr'><strong>certum</strong></span> <span class='ocrx_word' id='word_1_709' title='bbox 3708 4541 3818 4584; x_wconf 89' lang='lat' dir='ltr'><strong>non</strong></span> 
     </span>
    </p>
   </div>
   <div class='ocr_carea' id='block_1_80' title="bbox 2175 4613 3816 4685">
    <p class='ocr_par' dir='ltr' id='par_1_80' title="bbox 2175 4613 3816 4685">
     <span class='ocr_line' id='line_1_80' title="bbox 2175 4613 3816 4685; baseline -0.001 -13"><span class='ocrx_word' id='word_1_710' title='bbox 2175 4621 2259 4672; x_wconf 91' lang='lat' dir='ltr'><strong>est</strong></span> <span class='ocrx_word' id='word_1_711' title='bbox 2302 4615 2761 4685; x_wconf 90' lang='lat' dir='ltr'><strong>comprehensum</strong></span> <span class='ocrx_word' id='word_1_712' title='bbox 2810 4619 2947 4684; x_wconf 88' lang='lat' dir='ltr'><strong>quot</strong></span> <span class='ocrx_word' id='word_1_713' title='bbox 2992 4613 3215 4670; x_wconf 88' lang='lat' dir='ltr'><strong>fuerint.</strong></span> <span class='ocrx_word' id='word_1_714' title='bbox 3264 4615 3341 4671; x_wconf 91' lang='lat' dir='ltr'><strong>De</strong></span> <span class='ocrx_word' id='word_1_715' title='bbox 3389 4616 3582 4672; x_wconf 87' lang='lat' dir='ltr'><strong>militia</strong></span> <span class='ocrx_word' id='word_1_716' title='bbox 3610 4624 3816 4681; x_wconf 87' lang='lat' dir='ltr'><strong>autem.</strong></span> 
     </span>
    </p>
   </div>
   <div class='ocr_carea' id='block_1_81' title="bbox 2176 4701 3817 4773">
    <p class='ocr_par' dir='ltr' id='par_1_81' title="bbox 2176 4701 3817 4773">
     <span class='ocr_line' id='line_1_81' title="bbox 2176 4701 3817 4773; baseline 0.001 -14"><span class='ocrx_word' id='word_1_717' title='bbox 2176 4703 2428 4761; x_wconf 82' lang='lat' dir='ltr'><strong>Roudolii</strong></span> <span class='ocrx_word' id='word_1_718' title='bbox 2470 4703 2616 4773; x_wconf 89' lang='lat' dir='ltr'><strong>regis</strong></span> <span class='ocrx_word' id='word_1_719' title='bbox 2647 4701 2738 4769; x_wconf 90' lang='lat'><strong>38,</strong></span> <span class='ocrx_word' id='word_1_720' title='bbox 2763 4703 2813 4758; x_wconf 91' lang='lat' dir='ltr'><strong>ei</strong></span> <span class='ocrx_word' id='word_1_721' title='bbox 2844 4702 2901 4757; x_wconf 92' lang='lat' dir='ltr'><strong>bi</strong></span> <span class='ocrx_word' id='word_1_722' title='bbox 2922 4715 3114 4759; x_wconf 88' lang='lat' dir='ltr'><strong>omnes</strong></span> <span class='ocrx_word' id='word_1_723' title='bbox 3140 4709 3345 4772; x_wconf 68' lang='lat' dir='ltr'><strong>praeter</strong></span> <span class='ocrx_word' id='word_1_724' title='bbox 3373 4702 3513 4759; x_wconf 94' lang='lat' dir='ltr'><strong>duos</strong></span> <span class='ocrx_word' id='word_1_725' title='bbox 3542 4703 3612 4760; x_wconf 89' lang='lat' dir='ltr'><strong>de</strong></span> <span class='ocrx_word' id='word_1_726' title='bbox 3643 4706 3817 4760; x_wconf 86' lang='lat' dir='ltr'><strong>miuo-</strong></span> 
     </span>
    </p>
   </div>
   <div class='ocr_carea' id='block_1_82' title="bbox 2175 4790 3821 4859">
    <p class='ocr_par' dir='ltr' id='par_1_82' title="bbox 2175 4790 3821 4859">
     <span class='ocr_line' id='line_1_82' title="bbox 2175 4790 3821 4859; baseline 0.002 -12"><span class='ocrx_word' id='word_1_727' title='bbox 2175 4794 2347 4859; x_wconf 91' lang='lat' dir='ltr'><strong>ribus,</strong></span> <span class='ocrx_word' id='word_1_728' title='bbox 2408 4806 2519 4849; x_wconf 91' lang='lat' dir='ltr'><strong>non</strong></span> <span class='ocrx_word' id='word_1_729' title='bbox 2571 4791 2640 4847; x_wconf 90' lang='lat' dir='ltr'><strong>de</strong></span> <span class='ocrx_word' id='word_1_730' title='bbox 2689 4790 3018 4848; x_wconf 89' lang='lat' dir='ltr'><strong>militaribus</strong></span> <span class='ocrx_word' id='word_1_731' title='bbox 3064 4790 3337 4858; x_wconf 90' lang='lat' dir='ltr'><strong>ensiferis,</strong></span> <span class='ocrx_word' id='word_1_732' title='bbox 3380 4791 3649 4850; x_wconf 88' lang='lat' dir='ltr'><strong>cecidisse</strong></span> <span class='ocrx_word' id='word_1_733' title='bbox 3679 4792 3821 4850; x_wconf 87' lang='lat' dir='ltr'><strong>refe-</strong></span> 
     </span>
    </p>
   </div>
   <div class='ocr_carea' id='block_1_83' title="bbox 2175 4879 3819 4952">
    <p class='ocr_par' dir='ltr' id='par_1_83' title="bbox 2175 4879 3819 4952">
     <span class='ocr_line' id='line_1_83' title="bbox 2175 4879 3819 4952; baseline 0.001 -14"><span class='ocrx_word' id='word_1_734' title='bbox 2175 4888 2396 4938; x_wconf 89' lang='lat' dir='ltr'><strong>runtur.</strong></span> <span class='ocrx_word' id='word_1_735' title='bbox 2456 4883 2696 4950; x_wconf 85' lang='lat' dir='ltr'><strong>Quorum</strong></span> <span class='ocrx_word' id='word_1_736' title='bbox 2747 4893 2889 4936; x_wconf 90' lang='lat' dir='ltr'><strong>unus</strong></span> <span class='ocrx_word' id='word_1_737' title='bbox 2933 4879 3308 4952; x_wconf 84' lang='lat' dir='ltr'><strong>Meginfridus,</strong></span> <span class='ocrx_word' id='word_1_738' title='bbox 3353 4894 3540 4937; x_wconf 89' lang='lat' dir='ltr'><strong>comes</strong></span> <span class='ocrx_word' id='word_1_739' title='bbox 3595 4883 3819 4952; x_wconf 88' lang='lat' dir='ltr'><strong>quidam</strong></span> 
     </span>
    </p>
   </div>
   <div class='ocr_carea' id='block_1_84' title="bbox 454 4969 3821 5046">
    <p class='ocr_par' dir='ltr' id='par_1_84' title="bbox 454 4969 3821 5046">
     <span class='ocr_line' id='line_1_84' title="bbox 454 4969 3821 5046; baseline -0.001 -13"><span class='ocrx_word' id='word_1_740' title='bbox 454 4977 605 5033; x_wconf 91' lang='lat' dir='ltr'><strong>tinus</strong></span> <span class='ocrx_word' id='word_1_741' title='bbox 640 4976 1128 5046; x_wconf 88' lang='lat' dir='ltr'><strong>archiepiscopus,</strong></span> <span class='ocrx_word' id='word_1_742' title='bbox 1181 4976 1338 5044; x_wconf 91' lang='lat' dir='ltr'><strong>cujus</strong></span> <span class='ocrx_word' id='word_1_743' title='bbox 1374 4988 1440 5030; x_wconf 91' lang='lat' dir='ltr'><strong>eo</strong></span> <span class='ocrx_word' id='word_1_744' title='bbox 1480 4973 1727 5045; x_wconf 89' lang='lat' dir='ltr'><strong>locorum</strong></span> <span class='ocrx_word' id='word_1_745' title='bbox 1766 4988 1855 5031; x_wconf 88' lang='lat' dir='ltr'><strong>res</strong></span> <span class='ocrx_word' id='word_1_746' title='bbox 1893 4976 2095 5031; x_wconf 73' lang='lat' dir='ltr'><strong>teccle-</strong></span> <span class='ocrx_word' id='word_1_747' title='bbox 2179 4970 2752 5042; x_wconf 89' lang='lat' dir='ltr'><strong>Parthenopolitanus,</strong></span> <span class='ocrx_word' id='word_1_748' title='bbox 2784 4983 2932 5026; x_wconf 90' lang='lat' dir='ltr'><strong>arma</strong></span> <span class='ocrx_word' id='word_1_749' title='bbox 2977 4971 3090 5040; x_wconf 91' lang='lat' dir='ltr'><strong>jam</strong></span> <span class='ocrx_word' id='word_1_750' title='bbox 3127 4969 3222 5026; x_wconf 93' lang='lat' dir='ltr'><strong>diu</strong></span> <span class='ocrx_word' id='word_1_751' title='bbox 3279 4982 3380 5041; x_wconf 90' lang='lat' dir='ltr'><strong>pro</strong></span> <span class='ocrx_word' id='word_1_752' title='bbox 3417 4971 3530 5026; x_wconf 91' lang='lat' dir='ltr'><strong>Deo</strong></span> <span class='ocrx_word' id='word_1_753' title='bbox 3568 4970 3821 5042; x_wconf 87' lang='lat' dir='ltr'><strong>deposita</strong></span> 
     </span>
    </p>
   </div>
   <div class='ocr_carea' id='block_1_85' title="bbox 459 5059 3819 5145">
    <p class='ocr_par' dir='ltr' id='par_1_85' title="bbox 459 5059 3819 5145">
     <span class='ocr_line' id='line_1_85' title="bbox 459 5059 3819 5145; baseline -0.001 -25"><span class='ocrx_word' id='word_1_754' title='bbox 459 5066 709 5145; x_wconf 78' lang='lat' dir='ltr'><strong>siasticas</strong></span> <span class='ocrx_word' id='word_1_755' title='bbox 760 5064 1094 5120; x_wconf 90' lang='lat' dir='ltr'><strong>devastando</strong></span> <span class='ocrx_word' id='word_1_756' title='bbox 1133 5062 1590 5133; x_wconf 67' lang='lat' dir='ltr'><strong>pervaserant‘&quot;,</strong></span> <span class='ocrx_word' id='word_1_757' title='bbox 1642 5064 1955 5119; x_wconf 87' lang='lat' dir='ltr'><strong>Heinricum</strong></span> <span class='ocrx_word' id='word_1_758' title='bbox 2004 5078 2097 5119; x_wconf 84' lang='lat' dir='ltr'><strong>sa-</strong></span> <span class='ocrx_word' id='word_1_759' title='bbox 2180 5062 2252 5117; x_wconf 93' lang='lat' dir='ltr'><strong>ob</strong></span> <span class='ocrx_word' id='word_1_760' title='bbox 2282 5067 2474 5132; x_wconf 88' lang='lat' dir='ltr'><strong>turpes</strong></span> <span class='ocrx_word' id='word_1_761' title='bbox 2502 5060 2865 5131; x_wconf 89' lang='lat' dir='ltr'><strong>quorumdam</strong></span> <span class='ocrx_word' id='word_1_762' title='bbox 2905 5059 3240 5131; x_wconf 58' lang='lat' dir='ltr'><strong>praediorum</strong></span> <span class='ocrx_word' id='word_1_763' title='bbox 3287 5065 3531 5131; x_wconf 62' lang='lat' dir='ltr'><strong>quaestus</strong></span> <span class='ocrx_word' id='word_1_764' title='bbox 3569 5068 3819 5132; x_wconf 86' lang='lat' dir='ltr'><strong>apostata</strong></span> 
     </span>
    </p>
   </div>
   <div class='ocr_carea' id='block_1_86' title="bbox 457 5149 3818 5228">
    <p class='ocr_par' dir='ltr' id='par_1_86' title="bbox 457 5149 3818 5228">
     <span class='ocr_line' id='line_1_86' title="bbox 457 5149 3818 5228; baseline -0.001 -16"><span class='ocrx_word' id='word_1_765' title='bbox 457 5156 721 5228; x_wconf 75' lang='lat' dir='ltr'><strong>crilegum</strong></span> <span class='ocrx_word' id='word_1_766' title='bbox 759 5155 923 5223; x_wconf 87' lang='lat' dir='ltr'><strong>hujus</strong></span> <span class='ocrx_word' id='word_1_767' title='bbox 960 5152 1334 5224; x_wconf 88' lang='lat' dir='ltr'><strong>dissipationis</strong></span> <span class='ocrx_word' id='word_1_768' title='bbox 1373 5153 1797 5210; x_wconf 89' lang='lat' dir='ltr'><strong>armiductorem</strong></span> <span class='ocrx_word' id='word_1_769' title='bbox 1828 5167 1952 5209; x_wconf 90' lang='lat' dir='ltr'><strong>cum</strong></span> <span class='ocrx_word' id='word_1_770' title='bbox 1980 5153 2111 5217; x_wconf 20' lang='lat' dir='ltr'><strong>suis,</strong></span> <span class='ocrx_word' id='word_1_771' title='bbox 2181 5156 2530 5219; x_wconf 89' lang='lat' dir='ltr'><strong>resumserat,</strong></span> <span class='ocrx_word' id='word_1_772' title='bbox 2581 5150 2725 5206; x_wconf 88' lang='lat' dir='ltr'><strong>unde</strong></span> <span class='ocrx_word' id='word_1_773' title='bbox 2764 5155 2821 5207; x_wconf 91' lang='lat' dir='ltr'><strong>et</strong></span> <span class='ocrx_word' id='word_1_774' title='bbox 2870 5149 2962 5206; x_wconf 89' lang='lat' dir='ltr'><strong>Dei</strong></span> <span class='ocrx_word' id='word_1_775' title='bbox 3004 5150 3138 5220; x_wconf 89' lang='lat' dir='ltr'><strong>justi</strong></span> <span class='ocrx_word' id='word_1_776' title='bbox 3163 5149 3371 5221; x_wconf 89' lang='lat' dir='ltr'><strong>judicis</strong></span> <span class='ocrx_word' id='word_1_777' title='bbox 3416 5149 3597 5208; x_wconf 86' lang='lat' dir='ltr'><strong>ultore</strong></span> <span class='ocrx_word' id='word_1_778' title='bbox 3632 5152 3818 5223; x_wconf 84' lang='lat' dir='ltr'><strong>gladio</strong></span> 
     </span>
    </p>
   </div>
   <div class='ocr_carea' id='block_1_87' title="bbox 1794 5276 2462 5336">
    <p class='ocr_par' dir='ltr' id='par_1_87' title="bbox 1794 5276 2462 5336">
     <span class='ocr_line' id='line_1_87' title="bbox 1794 5276 2462 5336; baseline -0.004 -1"><span class='ocrx_word' id='word_1_779' title='bbox 1794 5279 2019 5335; x_wconf 69' lang='lat' dir='ltr'><strong>VARIE</strong></span> <span class='ocrx_word' id='word_1_780' title='bbox 2075 5276 2462 5336; x_wconf 86' lang='lat' dir='ltr'><strong>LECTIONES.</strong></span> 
     </span>
    </p>
   </div>
   <div class='ocr_carea' id='block_1_88' title="bbox 464 5464 3513 5592">
    <p class='ocr_par' dir='ltr' id='par_1_88' title="bbox 464 5464 3513 5592">
     <span class='ocr_line' id='line_1_88' title="bbox 464 5464 3513 5522; baseline -0.002 -14"><span class='ocrx_word' id='word_1_781' title='bbox 602 5464 1030 5522; x_wconf 71' lang='lat' dir='ltr'><strong>raesumpserunt</strong></span> <span class='ocrx_word' id='word_1_782' title='bbox 1080 5464 1143 5507; x_wconf 90' lang='lat' dir='ltr'><strong>U.</strong></span> <span class='ocrx_word' id='word_1_783' title='bbox 1286 5465 1402 5507; x_wconf 84' lang='lat' dir='ltr'><strong>suis</strong></span> <span class='ocrx_word' id='word_1_784' title='bbox 1432 5464 1498 5518; x_wconf 88' lang='grc' dir='ltr'><strong>υ,</strong></span> <span class='ocrx_word' id='word_1_785' title='bbox 1676 5464 2033 5520; x_wconf 82' lang='lat' dir='ltr'><strong>pervaserunt</strong></span> <span class='ocrx_word' id='word_1_786' title='bbox 2074 5464 2138 5505; x_wconf 87' lang='grc' dir='ltr'><strong>υ.</strong></span> <span class='ocrx_word' id='word_1_787' title='bbox 2314 5464 2382 5503; x_wconf 89' lang='lat' dir='ltr'><strong>an</strong></span> <span class='ocrx_word' id='word_1_788' title='bbox 2426 5464 2466 5502; x_wconf 90' lang='grc' dir='ltr'><em>υ</em></span> <span class='ocrx_word' id='word_1_789' title='bbox 2646 5464 2810 5503; x_wconf 88' lang='lat' dir='ltr'><strong>nomo</strong></span> <span class='ocrx_word' id='word_1_790' title='bbox 2853 5464 2918 5502; x_wconf 91' lang='grc' dir='ltr'><strong>υ.</strong></span> <span class='ocrx_word' id='word_1_791' title='bbox 2993 5464 3057 5477; x_wconf 75' lang='grc' dir='ltr'><strong>υ-</strong></span> <span class='ocrx_word' id='word_1_792' title='bbox 3095 5464 3392 5503; x_wconf 83' lang='lat' dir='ltr'><strong>unerarent</strong></span> <span class='ocrx_word' id='word_1_793' title='bbox 3437 5464 3513 5503; x_wconf 67' lang='grc' dir='ltr'><strong>Γ.</strong></span> 
     </span>
     <span class='ocr_line' id='line_1_89' title="bbox 464 5468 3178 5592; baseline -0.003 -12"><span class='ocrx_word' id='word_1_794' title='bbox 464 5540 514 5580; x_wconf 91' lang='lat' dir='ltr'><strong>c.</strong></span> <span class='ocrx_word' id='word_1_795' title='bbox 564 5468 614 5579; x_wconf 53' lang='grc' dir='ltr'><em>ἵ]</em></span> <span class='ocrx_word' id='word_1_796' title='bbox 683 5521 745 5553; x_wconf 83' lang='grc'><strong>³²⁷</strong></span> <span class='ocrx_word' id='word_1_797' title='bbox 783 5522 1007 5579; x_wconf 91' lang='lat' dir='ltr'><strong>nimium</strong></span> <span class='ocrx_word' id='word_1_798' title='bbox 1051 5523 1114 5577; x_wconf 92' lang='lat' dir='ltr'><strong>U.</strong></span> <span class='ocrx_word' id='word_1_799' title='bbox 1193 5521 1256 5554; x_wconf 74' lang='grc'><strong>³³⁸</strong></span> <span class='ocrx_word' id='word_1_800' title='bbox 1293 5523 1591 5580; x_wconf 89' lang='lat' dir='ltr'><strong>dirimisset</strong></span> <span class='ocrx_word' id='word_1_801' title='bbox 1634 5520 1710 5578; x_wconf 86' lang='lat'><strong>1*.</strong></span> <span class='ocrx_word' id='word_1_802' title='bbox 1786 5521 1849 5554; x_wconf 70' lang='lat'><strong>&quot;9</strong></span> <span class='ocrx_word' id='word_1_803' title='bbox 1888 5520 2191 5592; x_wconf 67' lang='lat' dir='ltr'><strong>praefugare</strong></span> <span class='ocrx_word' id='word_1_804' title='bbox 2235 5518 2293 5573; x_wconf 60' lang='grc' dir='ltr'><strong>ια</strong></span> <span class='ocrx_word' id='word_1_805' title='bbox 2331 5517 2562 5590; x_wconf 89' lang='lat' dir='ltr'><strong>primum</strong></span> <span class='ocrx_word' id='word_1_806' title='bbox 2606 5519 2670 5574; x_wconf 82' lang='grc' dir='ltr'><strong>ΙΙ.</strong></span> <span class='ocrx_word' id='word_1_807' title='bbox 2747 5517 2812 5551; x_wconf 84' lang='grc'><em>³³⁸</em></span> <span class='ocrx_word' id='word_1_808' title='bbox 2850 5514 3071 5575; x_wconf 88' lang='lat' dir='ltr'><strong>minime</strong></span> <span class='ocrx_word' id='word_1_809' title='bbox 3114 5518 3178 5573; x_wconf 90' lang='lat' dir='ltr'><strong>U.</strong></span> 
     </span>
    </p>
   </div>
  </div>
