4014 6176
250 271 335 325 441

1511 281 1834 337 ANNALES.
1874 310 1946 322 —-
1983 282 2092 336 AN.
2139 279 2292 336 1080.

3470 282 3581 340 442

249 395 346 450 illic
367 393 655 485 confossus
699 398 955 466 perierat.
1007 402 1225 472 Fugatis
1252 417 1381 458 vero
1410 410 1465 459 et
1502 405 1551 459 vi
1592 406 1851 461 bellicosa
1873 407 2130 485 A'bertus
2170 407 2310 476 (217)
2349 405 2727 470 confmderati,
2770 413 2894 476 post
2931 413 3183 464 eventum
3222 410 3352 466 belli
3391 412 3574 468 fronte

249 484 426 554 passim
475 485 528 537 in
578 484 792 540 diversa
841 487 1091 544 hostibus
1130 491 1481 560 propulsatis,
1531 495 1750 563 quidam
1792 510 1858 551 ex

248 580 383 643 parte
411 573 660 628 Rondolﬁ
701 577 846 646 regis
873 579 1185 644 stationem,
1219 581 1310 636 ubi
1341 583 1599 638 custodes
1637 590 1860 653 tyrones

245 667 291 715 et
333 661 548 716 scutarii
588 662 806 719 hostilis
852 668 1143 733 exercitus,
1176 672 1496 737 saumarios,
1529 672 1773 727 vehicula
1804 681 1859 729 et

243 749 469 804 sarcinas
515 751 844 808 cibariorum
903 764 1174 812 sumtuum
1231 760 1674 816 vestimentorum
1735 776 1859 816 om-

244 839 483 908 niumque
513 839 570 870 ⁸³¹
629 843 1176 910 supellectuariorum
1238 863 1459 904 suorum
1518 865 1548 905 a
1607 866 1856 921 pugnan-

241 927 374 981 tibus
419 930 614 984 remoti
664 932 934 1002 ﬁnemque
987 935 1117 990 belli
1167 939 1549 1005 praestolantes
1595 941 1856 996 observa-

239 1015 375 1080 bant,
445 1030 553 1072 non
622 1033 810 1088 parum
875 1022 1084 1078 alacres
1149 1026 1391 1095 undique
1457 1029 1860 1084 circumdantes

237 1103 554 1171 invaserant,
601 1117 881 1176 ceperant,
932 1117 986 1165 et
1034 1113 1215 1166 omnia
1263 1129 1447 1169 secum
1493 1117 1573 1170 sic
1624 1117 1860 1173 letaliter

233 1192 470 1260 spoliatis
517 1193 768 1250 hostibus
797 1197 851 1251 in
883 1206 1060 1253 castra
1089 1214 1186 1254 sua
1233 1203 1572 1271 gratulanter
1609 1205 1857 1260 abduxe-

233 1289 360 1335 rant.

296 1372 430 1441 Ergo
485 1373 774 1429 Heinricus
821 1391 942 1431 cum
991 1393 1103 1434 suae
1152 1381 1456 1450 tyrannidis
1495 1383 1860 1453 complicibus

228 1459 300 1513 sic
335 1459 773 1517 adversariorum
821 1479 1044 1520 suorum
1095 1470 1467 1536 persecutoria
1516 1472 1856 1538 inmanitate,

229 1545 372 1602 famis
438 1549 821 1606 internecione
855 1595 869 1618 ,
936 1553 1155 1624 frigoris
1227 1559 1522 1627 asperitate
1557 1603 1570 1625 ,
1640 1569 1859 1631 tamque

228 1634 356 1704 fugae
403 1636 765 1695 dedecorosaa
799 1648 854 1696 et
892 1643 1141 1700 infausta:
1181 1648 1314 1701 satis
1351 1662 1626 1717 superque
1667 1652 1862 1719 proﬁi-

1939 496 2072 550 satis
2101 502 2309 565 aperta,
2341 495 2665 565 quibusdam
2705 495 3028 550 firmissimis
3065 497 3306 552 castellis
3345 500 3575 555 militum

1940 598 2163 638 suorum
2229 585 2492 639 subsidiis
2555 585 2852 654 derepente
2914 586 3240 654 occupatis,
3301 587 3415 656 regi
3474 601 3576 643 suo

1943 673 2274 741 pervicaces,
2307 680 2572 742 apostata:
2620 673 2976 728 rebellabant.
3010 675 3157 740 Quos
3195 673 3434 743 denique
3462 676 3575 730 Deo

1940 759 2153 816 favente
2184 775 2375 816 omnes
2413 763 2468 816 in
2518 761 2572 816 id
2623 762 2798 831 ipsum
2845 777 2996 817 suam
3044 763 3111 817 ad
3153 762 3490 818 deditionem
3520 764 3576 818 in

1941 850 2089 904 brevi
2139 852 2339 920 coegit,
2381 857 2436 905 et
2481 850 2586 906 hoc
2634 865 2742 907 non
2789 851 2996 921 absque
3052 851 3269 907 illorum
3327 852 3579 922 dampnis

1941 939 2136 1008 hisque
2185 954 2292 995 non
2343 940 2600 995 minimis.
2651 943 2861 1010 Quippe
2919 942 3120 997 milites
3177 943 3393 999 illorum
3443 944 3580 1012 ipsis

1941 1027 2274 1092 distrahens,
2315 1028 2532 1097 sibique
2581 1029 2861 1098 adjuratos
2889 1029 2954 1061 ³³⁸
2999 1045 3121 1085 cum
3161 1031 3321 1086 bonis
3359 1031 3580 1086 illorum

1941 1117 2235 1185 recipiens,
2306 1117 2509 1184 praedia
2586 1117 2850 1172 beneﬁcia
2915 1119 3292 1189 marchiasque
3357 1119 3629 1175 illorum.

1941 1205 2063 1259 aliis
2093 1219 2154 1259 ea
2185 1204 2696 1274 percupientissime
2735 1207 3050 1274 petentibus
3078 1215 3134 1263 et
3165 1207 3580 1277 acceptantibus

1943 1294 2200 1365 largiens,
2249 1294 2400 1362 ipsos
2447 1293 2516 1348 de
2573 1293 2697 1349 loco
2745 1295 2813 1348 ad
2863 1295 3041 1350 locum
3091 1299 3240 1368 regia
3293 1299 3576 1367 majestate

1943 1383 2136 1454 fugans
2174 1391 2227 1437 et
2266 1396 2604 1452 persequens
2641 1389 2696 1437 et
2742 1383 3072 1439 omnimodis
3115 1386 3435 1454 subjiciens,
3471 1395 3578 1440 tam

1943 1471 2234 1527 multifaria
2283 1485 2379 1527 eos
2431 1472 2728 1526 coarctavit
2785 1479 2838 1526 et
2895 1473 3198 1528 humiliavit
3253 1474 3576 1540 acerbitate,

1943 1560 2301 1630 quoadusque
2358 1574 2415 1614 re
2474 1559 2590 1629 ipsa
2647 1559 2857 1628 experti
2914 1567 3074 1627 sunt,
3133 1575 3294 1631 quam
3352 1562 3578 1617 stultum

1943 1657 2106 1718 atque
2173 1648 2685 1718 dampnosissimum
2742 1649 2834 1714 sit,
2879 1649 2992 1719 regi
3059 1663 3123 1704 ac
3187 1651 3412 1705 domino
3477 1664 3578 1705 suo

225 1731 371 1794 gatus
435 1729 880 1795 exacerbatione,
949 1733 1066 1801 ipse
1132 1735 1218 1789 vix
1281 1737 1632 1806 Ratisponam
1707 1730 2452 1807 suamBquomodolibet'”
2489 1736 2659 1807 gratis
2694 1751 2758 1790 ac
2796 1735 3171 1792 fraudulenter
3209 1737 3576 1793 reralcitrare.

226 1814 692 1886 qualitercumque
733 1821 1048 1876 revisitavit.
1083 1823 1278 1879 Cteteri
1318 1832 1496 1882 autem
1540 1841 1646 1883 non
1679 1830 1858 1885 minus

226 1902 580 1970 miserabiles,
615 1914 823 1977 turpes,
870 1923 934 1965 ac
982 1917 1063 1966 tot
1111 1913 1347 1969 miseriis
1393 1916 1497 1984 ipsi
1540 1931 1648 1971 non
1681 1918 1855 1988 impa-

225 1992 352 2046 riter
415 1997 892 2064 contabescentes,
964 2003 1192 2070 patriam
1259 2018 1412 2059 suam
1479 2008 1856 2077 unusquisque

224 2094 324 2135 non
391 2084 696 2153 glorianter
753 2088 977 2144 multum
1043 2093 1434 2161 repetiverunt.
1505 2096 1619 2150 Rex
1675 2104 1856 2152 autem

222 2169 542 2239 Roudolfus,
584 2176 894 2232 recollectis
941 2179 1321 2251 undecumque
1361 2183 1591 2238 militum
1633 2199 1856 2241 suorum

217 2261 414 2328 copiis,
452 2261 628 2318 locum
678 2265 807 2320 belli
838 2267 905 2321 ad
945 2283 1118 2338 usque
1150 2271 1380 2326 mediam
1432 2280 1647 2328 noctem
1677 2275 1856 2330 victo-

217 2346 396 2403 riosus
445 2354 753 2420 occupavit.
804 2357 897 2409 Set
933 2358 1059 2425 quia
1099 2365 1207 2412 tam
1247 2361 1475 2416 maxima
1513 2362 1594 2416 vis
1629 2363 1854 2433 algoris,

213 2449 312 2490 nec
362 2452 478 2492 non
528 2441 595 2494 ad
645 2441 750 2496 hoc
800 2457 994 2513 pugnae
1041 2448 1281 2502 recentis
1328 2451 1592 2518 praecipui
1641 2451 1858 2508 labores

208 2533 410 2580 omnes
464 2528 518 2580 in
567 2528 620 2582 id
671 2529 1199 2598 ipsum’confectos,
1247 2536 1593 2608 defatigatos,
1635 2554 1698 2594 ac
1739 2542 1856 2609 ple-

206 2627 421 2682 rosque
470 2615 685 2672 illorum
733 2619 1048 2676 vulneratos
1096 2623 1442 2680 multifariam
1489 2630 1857 2686 exacerbave-

1940 1827 2028 1881 Sic
2059 1833 2184 1896 post
2214 1825 2535 1894 praedictum
2576 1825 2724 1894 quod
2767 1839 2888 1880 cum
2921 1826 3179 1881 Heinrico
3215 1826 3385 1896 gessit
3415 1826 3581 1880 maxi-

1940 1929 2085 1969 mum
2142 1915 2368 1979 bellum,
2423 1915 2598 1969 victor
2647 1914 2923 1984 gloriosus
2981 1915 3200 1969 rediens
3255 1914 3577 1980 Goslariam,

1941 2003 2142 2059 dehinc
2181 2003 2266 2058 his
2295 2017 2404 2058 non
2454 2017 2643 2072 parum
2692 2002 2998 2058 minoribus
3049 2003 3296 2072 adusque
3344 2003 3580 2072 quadra-

1939 2094 2199 2164 gesimam
2245 2093 2518 2148 sollicitus
2566 2093 2907 2148 laboraverat
2945 2093 3009 2124 ³³⁶
3057 2100 3138 2148 tot
3184 2093 3471 2148 rebellium
3524 2096 3582 2148 et

1940 2181 2342 2237 adversantium
2364 2181 2426 2212 ³³⁷
2464 2181 2569 2235 sibi
2619 2180 2900 2236 bellicosis
2948 2180 3205 2245 motibus,
3257 2180 3435 2235 donec
3483 2193 3582 2235 eos

1939 2273 2044 2327 sibi
2093 2272 2353 2326 subactos
2370 2268 2434 2300 ⁸³⁸
2480 2268 2976 2338 dedititiosque'”,
3020 2275 3182 2338 prout
3233 2275 3578 2337 oportuerat,

1942 2361 2274 2431 perdomuit.

2014 2450 2304 2505 Heinricus
2331 2448 2591 2518 denique,
2623 2461 2745 2502 cum
2787 2460 2966 2516 neque
3014 2445 3162 2502 bello
3209 2458 3390 2514 neque
3437 2443 3582 2499 clan-

1941 2537 2156 2592 destina
2184 2538 2286 2592 hac
2315 2550 2476 2606 quam
2507 2550 2628 2591 cum
2677 2537 2948 2591 Saxonum
2995 2534 3316 2604 primatibus
3355 2532 3585 2604 gerebat

1943 2626 2322 2694 conjuratione
2355 2625 2423 2679 ad
2457 2625 2668 2680 libitum
2699 2639 2856 2680 suum
2889 2624 3200 2694 proﬁceret,
3233 2622 3366 2691 quin
3398 2621 3582 2691 potius

209 2710 373 2766 rant;
450 2703 631 2760 locum
689 2721 811 2762 cum
871 2709 956 2764 bis
1012 2711 1106 2780 qui
1173 2712 1446 2769 interfecti
1503 2717 1615 2770 sive
1680 2717 1861 2774 adhuc
1944 2720 2084 2768 teste
2130 2727 2228 2768 sua
2275 2713 2612 2768 conscientia
2655 2713 2885 2782 justitim
2935 2713 3029 2767 Dei
3081 2712 3255 2780 palam
3303 2718 3584 2766 contuma-

209 2790 524 2848 semineces
562 2793 675 2849 illic
721 2797 1067 2863 procubuere
1110 2799 1450 2866 deserentes,
1484 2803 1539 2858 in
1571 2806 1860 2872 quamdam
1943 2817 2062 2858 cem
2095 2807 2150 2857 et
2179 2801 2629 2866 inobcedientem,
2661 2808 2716 2856 et
2741 2802 2813 2856 ob
2851 2802 2906 2856 id
2945 2803 3055 2869 jam
3103 2799 3406 2869 apostolica
3443 2812 3581 2853 cen-

209 2879 358 2946 juxta
391 2881 598 2945 villam,
633 2883 724 2937 ubi
765 2883 1020 2954 frigorosi
1052 2887 1365 2944 caleﬁerent
1394 2904 1456 2944 ac
1487 2893 1857 2961 quiescerent,
1943 2905 2069 2945 sura
2116 2889 2642 2944 excommunicatum
2693 2901 2814 2942 cum
2863 2888 2998 2952 suis,
3028 2901 3089 2942 se
3137 2900 3443 2957 repugnare
3472 2899 3584 2941 non

212 2967 275 3022 ad
324 2969 520 3024 horam
553 2971 917 3038 divertebant,
952 2981 1008 3029 et
1045 2989 1170 3030 mox
1208 2983 1334 3032 ante
1381 2977 1556 3034 lucem
1598 2980 1727 3036 illuc
1767 2997 1862 3037 re-
1945 2978 2242 3048 ignoraret,
2287 2977 2550 3031 simulans
2579 2975 2798 3030 tandem
2827 2975 2899 3030 ob
2939 2982 3020 3030 tot
3047 2982 3106 3030 et
3154 2981 3332 3029 tantas
3377 2981 3582 3029 sancta;

215 3062 511 3123 vertentes,
547 3074 609 3114 ac
652 3075 750 3130 per
791 3067 961 3118 totum
1001 3063 1143 3118 diem
1189 3079 1395 3121 summe
1435 3067 1854 3138 triumphantes,
1881 3052 2210 3122 C{ecclesiae
2250 3065 2499 3120 miserias
2527 3071 2582 3120 et
2629 3063 3022 3129 desolationes,
3054 3077 3191 3132 quas
3210 3062 3274 3094 “°
3310 3062 3427 3131 ipse
3457 3075 3580 3117 cum

213 3145 557 3212 gratulanter
583 3149 697 3204 illic
730 3150 1178 3207 incrastinabant.

280 3235 510 3305 Magnus
567 3252 694 3292 vero
749 3239 860 3293 dux
917 3255 980 3295 ac
1037 3247 1264 3309 patruus
1319 3244 1438 3311 ejus
1495 3243 1858 3300 Herimannus

215 3334 414 3390 comes,
449 3326 550 3394 qui
592 3327 646 3380 in
687 3329 1022 3396 praecedenti
1064 3330 1208 3385 bello
1252 3332 1521 3386 Saxonico
1561 3340 1755 3402 captus
1792 3349 1857 3390 ac

218 3411 470 3468 lleinrico
513 3415 770 3478 traditus,
806 3417 915 3484 jam
957 3417 1024 3471 ab
1066 3417 1161 3473 illo
1197 3432 1296 3487 pro
1338 3419 1463 3474 ﬁdei
1503 3421 1857 3477 condictione

216 3504 265 3552 et
309 3502 687 3569 promissione
735 3518 895 3572 quam
953 3507 1070 3573 ipse
1119 3520 1183 3560 ac
1239 3506 1350 3560 dux
1405 3508 1705 3576 praedictus
1751 3509 1856 3564 sibi

211 3588 566 3658 juraverant,
636 3593 910 3648 relaxatus
965 3609 1028 3649 ac
1086 3596 1348 3650 liberatus
1405 3604 1525 3662 est,
1585 3597 1745 3652 ﬁdem
1803 3605 1859 3650 et

216 3679 466 3736 auxilium
533 3695 697 3752 quam
753 3683 857 3752 ipsi
887 3682 950 3714 ³³²
1008 3686 1118 3752 jam
1177 3692 1337 3740 antea
1395 3685 1509 3754 regi
1585 3684 1858 3740 Roudolfo

213 3767 574 3838 jurejurando
621 3778 813 3826 contra
861 3786 1053 3828 omnes
1099 3773 1203 3827 sibi
1252 3774 1604 3828 adversantes
1649 3772 1860 3828 conﬁr-

217 3868 492 3915 maverunt
526 3859 614 3924 ³³³,
666 3861 860 3930 perﬁdi
919 3861 1209 3930 plurimum
1260 3861 1642 3933 infringentes,
1693 3864 1860 3920 colle-

216 3948 312 4001 ctis
347 3951 617 4004 omnibus
654 3964 796 4018 quos
834 3957 1107 4020 poterant,
1139 3951 1343 4007 addere
1382 3966 1441 4008 se
1481 3951 1859 4009 fraudulenter

215 4043 330 4091 ante
362 4039 653 4109 inceptum
695 4040 895 4095 bellum
935 4041 1205 4109 praedicto
1246 4047 1478 4110 tyranno
1519 4048 1858 4110 pertempta-

217 4123 377 4191 bant;
430 4135 520 4182 set
555 4141 585 4181 a
616 4129 940 4196 quibusdam
979 4130 1250 4184 Saxonum
1286 4130 1609 4198 primatibus
1636 4129 1856 4186 illorum

1941 3156 2058 3210 suis
2094 3156 2144 3210 ei
2193 3155 2474 3218 intulerat,
2524 3152 2673 3208 sedis
2719 3151 3040 3221 apostolica:
3090 3156 3312 3217 metum,
3354 3152 3580 3206 Romam

1941 3259 2007 3299 ex
2054 3243 2449 3313 antiepiscopis
2502 3241 2618 3296 suis
2664 3242 3009 3296 Bremensem
3059 3245 3114 3294 et
3168 3239 3581 3309 Babinbergen-

1939 3347 2076 3396 sem,
2107 3339 2191 3387 set
2234 3345 2344 3387 non
2393 3332 2512 3385 sine
2560 3342 2778 3398 magno,
2812 3335 2870 3383 ut
2915 3329 3090 3393 aiunt,
3122 3329 3242 3382 auri
3280 3335 3336 3383 et
3368 3328 3580 3398 argenti

1941 3423 2208 3492 pondere,
2241 3434 2351 3490 quo
2399 3421 2677 3474 Romanos
2705 3430 3060 3484 corrumpere
3099 3415 3166 3469 ad
3214 3429 3372 3469 suum
3397 3421 3581 3469 votum

1943 3514 2392 3580 pertemptarent,
2440 3507 2718 3560 direxerat
2755 3503 2838 3556 ³³⁸.
2898 3503 3212 3557 Paduanum
3251 3501 3313 3532 “’
3361 3515 3582 3570 quoque

1943 3598 2282 3667 episcopum,
2323 3595 2416 3663 qui
2447 3593 2511 3624 Ν
2559 3589 2895 3661 praecedenti
2949 3595 3138 3644 aestate
3187 3590 3398 3659 legatus
3442 3603 3584 3658 apo-

1942 3685 2171 3740 stolicus
2200 3684 2256 3738 in
2305 3687 2520 3737 nostras
2569 3685 2753 3749 partes
2799 3677 3104 3732 destinatus
3134 3682 3236 3743 est,
3270 3675 3462 3731 eadem
3500 3677 3584 3731 iu-

1944 3774 2188 3829 teutione
2256 3783 2379 3826 cum
2445 3766 2774 3838 quibusdam
2839 3765 2962 3820 aliis
3033 3764 3149 3820 suis
3221 3763 3582 3820 familiaribus

1944 3861 2209 3933 peccunia
2273 3857 2654 3928 copiosissima
2728 3861 2982 3910 onustum
3051 3860 3105 3908 et
3171 3852 3580 3909 sulfarcinatum

1942 3951 2073 4006 illuc
2119 3949 2531 4012 transmiserat;
2581 3945 2676 4015 qui
2717 3945 2828 4013 jam
2857 3943 2925 3998 ab
2955 3943 3076 4012 ipso
3105 3942 3423 3998 muneribus
3467 3955 3578 4000 non

1942 4040 2222 4095 minimum
2283 4040 2576 4105 corruptus
2631 4040 2715 4088 set
2771 4040 2826 4088 et
2870 4031 2934 4062 '“
2988 4032 3057 4087 ad
3115 4031 3576 4101 corrumpendum

1940 4128 2079 4184 alios
2120 4129 2386 4192 intentus,
2420 4127 2474 4180 in
2509 4123 2629 4193 ipso
2663 4123 2860 4177 itinere
2889 4137 2920 4176 a
2957 4121 3197 4192 quodam
3235 4135 3336 4178 suo
3376 4122 3577 4177 comite

218 4216 491 4280 perﬁdiam
539 4217 956 4287 explorantibus
993 4232 1120 4274 mox
1157 4219 1362 4288 repulsi
1392 4233 1456 4274 ac
1486 4218 1738 4289 refugati,
1771 4219 1858 4275 vix
1939 4231 2007 4272 ex
2054 4214 2323 4271 industria
2371 4213 2558 4269 lancea
2621 4210 2949 4281 perforatus,
3001 4209 3069 4264 ad
3127 4209 3339 4265 inferna
3391 4223 3578 4264 corru-

217 4301 424 4361 domum
457 4308 533 4362 ab
569 4308 650 4361 eis
677 4307 810 4362 salvi
849 4321 907 4362 se
940 4307 1338 4376 proripiebant.
1388 4307 1587 4363 Eadem
1628 4308 1903 4376 claude-,7
1943 4306 2223 4375 ptissitnus
2252 4316 2412 4373 quam
2445 4307 2672 4370 repente
2701 4301 2796 4354 Dei
2823 4297 3033 4366 judicio
3065 4297 3440 4366 praecipitatus
3470 4302 3575 4350 est.

217 4393 347 4449 stina
406 4396 663 4466 perﬁdia:
709 4374 1109 4465 conjuratione
1136 4397 1241 4466 ipsi
1281 4411 1403 4452 cum
1441 4398 1556 4452 suis
1603 4374 2251 4452 omnibusDThesaurus
2300 4398 2503 4457 autem,
2553 4394 2780 4458 propter
2826 4399 2987 4455 quem
3031 4427 3043 4439 .
3080 4426 3093 4438 .
3133 4426 3144 4438 .
3181 4423 3194 4437 .
3231 4427 3244 4438 .
3284 4425 3296 4438 .
3340 4381 3574 4452 Reliqua:

217 4485 613 4541 marchionissa
659 4485 846 4550 Adala,
896 4499 1174 4554 generque
1221 4499 1354 4540 suus
1391 4487 1634 4541 marchio
1682 4488 1863 4557 Egge-
1940 4482 2264 4538 exciderunt.

1567 4619 1787 4674 VARle
1847 4619 2120 4674 LECTION
2131 4617 2224 4671 ES.

281 4716 334 4744 ³³⁸
377 4719 630 4775 omnium
676 4718 739 4770 U.
817 4715 879 4746 ³³²
920 4716 1034 4784 ipse
1079 4718 1142 4771 U.
1220 4715 1283 4746 ³⁸³
1323 4716 1740 4772 conﬁrmaverat
1783 4718 1847 4772 U.
1924 4715 1993 4746 '”
2029 4710 2406 4784 adjuratisl".

218 4782 273 4813 ³³⁷
311 4787 756 4845 adversariorum
810 4789 874 4843 U.
940 4781 1035 4817 ‘3‘
1072 4787 1351 4857 subjectos
1403 4790 1468 4842 U.
1563 4786 1626 4818 "’
1663 4781 2189 4857 dediditiosque'U.
2281 4782 2344 4815 “°
2383 4795 2524 4852 quos
2567 4781 2642 4834 1*.

218 4870 334 4914 num
382 4861 459 4913 1*.
543 4858 610 4889 ⁸⁵³
647 4872 757 4928 quo
801 4858 877 4913 1*.
955 4857 1020 4889 ³⁸⁵
1056 4859 1196 4913 deest
1241 4857 1318 4913 1*.

3075 4701 3140 4734 ³³⁸
3177 4701 3453 4757 laboraret
3497 4699 3571 4754 1*.

2483 4708 2546 4739 ³³³
2585 4706 2886 4778 quamlibet
2924 4705 2997 4757 1'.
3075 4705 3140 4734 ³³⁸
3177 4705 3453 4757 laboraret
3497 4705 3571 4754 1'.

2483 4795 2524 4826 is
2567 4781 2641 4826 ιν-
2736 4778 2794 4808 ³⁵¹
2837 4776 3051 4826 dixerat
3096 4774 3171 4826 ι’.
3267 4771 3329 4803 ³³⁸
3369 4770 3577 4826 Badua-

2736 4778 2794 4808 W
2837 4776 3051 4832 dixerat
3096 4774 3171 4828 1*.

283 5037 439 5108 (217)
485 5036 741 5093 Saxonite
779 5036 1043 5092 marchio.
1391 5015 1402 5023 ’
1791 4965 2005 5020 Νοτιε-
