4014 6176
426 294 3769 330 ω

1793 491 1935 532 ANNO
1977 491 2168 533 DOMINI
2210 492 2408 533 MLXXIX

1599 683 2598 854 JOANNES

1397 1007 1931 1120 FISGAMN
1939 1007 2102 1121 EN
2115 1007 2294 1120 SIS
2406 1007 2806 1121 ABBAS

1558 1387 2003 1472 NOTITIA
2078 1385 2665 1474 HISTORICA

1253 1612 1469 1683 (Gallia
1527 1614 1827 1672 Christiana
1878 1629 2005 1670 nov.
2059 1615 2214 1670 edit.
2275 1622 2409 1670 tom.
2465 1616 2553 1683 X1,
2609 1630 2730 1686 pag.
2792 1614 2963 1685 207.)

1913 1772 2309 1785 ——-——-——

496 1923 734 1978 Joannes
780 1925 821 1988 1,
873 1926 926 1979 in
977 1926 1226 1994 partibus
1275 1929 1546 1982 Ravennae
1586 1934 1740 1981 ortus
1790 1941 1856 1982 ex
1914 1934 2066 1996 patre
2088 1928 2324 1988 Atebat.
2359 1928 2489 1996 Ejus
2518 1932 2765 1996 tempore
2813 1925 3089 1982 Paschalis
3135 1928 3178 1981 11
3225 1924 3568 1981 Guillelmum
3617 1925 3796 1980 archi-

429 2009 692 2075 Roberto,
754 2013 820 2066 ab
879 2013 1122 2069 exilitate
1180 2015 1434 2084 corporis
1491 2015 1831 2070 Joannelinus
1889 2016 2070 2070 dictus
2155 2016 2474 2085 episcopum
2523 2016 3016 2087 Rothomagensem
3049 2015 3127 2069 uti
3168 2013 3334 2084 pallio
3365 2014 3667 2083 prohibuit,
3701 2016 3793 2083 qui

429 2100 956 2170 cognominatusque
1032 2101 1218 2173 d’AIye
1292 2104 1346 2156 in
1421 2103 1680 2174 Catalogo
1757 2105 2066 2170 Labbeano,
2153 2106 2454 2160 monachos
2507 2105 2921 2160 Fiscamnenses
2976 2103 3478 2169 anathematizarat,
3529 2117 3597 2157 eo
3645 2104 3792 2172 quod

427 2187 572 2255 apud
621 2191 874 2244 Sanctum
925 2190 1221 2259 Benignum
1269 2191 1652 2247 Divionensem
1700 2191 1900 2247 litteris
1939 2207 2072 2248 eru-

428 2275 576 2331 ditus
612 2292 675 2331 ac
715 2279 1025 2334 medicinali
1067 2287 1204 2345 arte,
1239 2295 1401 2350 quam
1442 2296 1508 2336 ex
1546 2281 1817 2336 Guillelmi
1857 2282 2070 2336 abbatis

429 2364 682 2420 mandato
733 2366 1022 2433 didicerat,
1075 2371 1192 2436 ejus
1240 2370 1293 2423 in
1345 2369 1536 2438 primis
1583 2370 1864 2425 studiosus
1901 2371 2071 2425 evasit

429 2451 689 2518 imitator,
722 2455 814 2523 qui
848 2455 1124 2510 dilectum‘
1147 2457 1249 2511 sibi
1296 2458 1599 2524 substituit,
1631 2472 1774 2512 anno
1819 2458 1972 2523 1028,
2008 2459 2070 2512 li-

429 2545 517 2593 cet
547 2554 669 2594 eum
709 2542 840 2597 alibi
882 2544 1053 2614 magis
1091 2551 1336 2614 optasset
1381 2546 1681 2615 praeficere.
1723 2549 1928 2602 Novum
1969 2548 2070 2602 ab-

428 2627 607 2682 batem
642 2630 916 2686 Robertus
962 2631 1072 2686 dux
1101 2640 1162 2687 ut
1209 2635 1608 2689 Fiscamnensis
1656 2636 1973 2691 monasterii
2012 2636 2069 2690 li-

428 2717 626 2772 bertati
677 2727 913 2785 caveret,
955 2722 1131 2777 noluit
1178 2731 1237 2778 ut
1282 2725 1732 2794 archiepiscopus
1778 2726 2074 2781 Rothoma-

426 2807 612 2876 gensis
631 2809 933 2876 ordinaret,
950 2812 1045 2866 sed
1067 2813 1355 2868 accersivit
1376 2815 1658 2884 IIugonem
1679 2815 2068 2870 Abrincensem

2153 2194 2505 2249 interdictum
2547 2194 2614 2248 ab
2665 2193 2784 2263 ipso
2835 2194 2998 2247 latum
3050 2194 3105 2246 iu
3137 2192 3401 2247 ecclesias
3443 2192 3795 2247 Normannia:

2153 2297 2263 2338 non
2320 2290 2690 2338 servaverant.
2749 2281 2882 2337 Vide
2939 2278 3202 2350 epistolas
3263 2279 3559 2346 Paschalis,
3620 2282 3794 2335 sancti

2152 2372 2412 2436 Anselmi,
2456 2379 2511 2427 et
2561 2372 2740 2428 lvonis
2785 2371 3158 2427 Carnotensis.
3215 2371 3455 2424 Joannes
3508 2369 3800 2440 legationis

2154 2475 2378 2516 munere
2420 2460 2638 2516 functus
2675 2461 2730 2515 in
2772 2460 2945 2526 Italia,
2979 2459 3201 2514 rediens
3239 2459 3294 2512 iu
3333 2459 3616 2512 Franciam
3650 2471 3795 2513 anno

2153 2550 2376 2605 circiter
2407 2549 2559 2616 1050,
2592 2551 2696 2604 vim
2732 2564 2922 2620 passus
2951 2554 3035 2603 est
3071 2548 3140 2602 ab
3170 2547 3320 2602 Italis
3349 2561 3416 2602 ex
3445 2546 3576 2601 odio
3615 2547 3796 2616 gentis

2153 2641 2589 2694 Normaunorum
2639 2637 2733 2706 qui
2784 2637 3030 2706 Apuliam
3079 2637 3410 2691 invaserant.
3459 2638 3573 2702 Qua
3622 2636 3693 2690 de
3737 2649 3793 2690 re

2155 2733 2490 2796 conquestus
2523 2731 2604 2781 est
2635 2724 2869 2794 epistola
2899 2724 2966 2779 ad
3000 2726 3234 2779 Leonem
3275 2725 3361 2778 IX.
3404 2727 3694 2792 Assumpto
3723 2721 3788 2776 ad

2154 2815 2501 2884 metropolim
2551 2813 2966 2884 Lugdunensem
3015 2811 3330 2877 Halinardo,
3374 2811 3442 2865 ad
3492 2810 3787 2881 regendum

429 2895 768 2966 episcopum,
802 2914 830 2953 a
879 2914 990 2970 quo
1029 2902 1292 2956 Joannem
1325 2902 1593 2958 Fiscamni
1623 2904 1874 2959 abbatem
1905 2905 2071 2959 bene-

429 2982 538 3037 dici
589 2999 652 3038 ac
697 2989 902 3041 sacrari
950 2987 1100 3042 fecit.
1151 2989 1355 3044 Eodem
1406 2991 1604 3045 abbate
1667 2990 1894 3046 ordines
1959 3005 2068 3047 non
2154 3007 2298 3048 anno
2351 2991 2504 3046 1056.
2559 2991 2866 3047 Detectioni
2914 2989 3166 3060 corporis
3214 2990 3269 3044 S.
3311 2988 3555 3058 Dionysii
3603 2989 3661 3042 in
3701 2987 3792 3042 ab-

430 3072 599 3125 semel
641 3074 708 3127 ab
743 3074 866 3129 aliis
914 3076 1192 3145 episcopis
1238 3077 1423 3132 collati
1469 3084 1616 3144 sunt,
1649 3079 2070 3149 archiepiscopo
2157 3083 2300 3137 batia
2348 3081 2675 3152 cognomine
2724 3080 2896 3136 astitit
2942 3095 2975 3132 v
3016 3079 3144 3134 ldus
3172 3077 3319 3133 Junii
3355 3076 3508 3133 1053.
3550 3079 3792 3133 Exeunte

432 3173 774 3229 nequaquam
817 3163 1166 3231 reclamante,
1199 3165 1327 3220 huic
1366 3167 1542 3222 eidem
1581 3169 1849 3239 Rogerius
1888 3183 2072 3224 comes
2157 3184 2300 3226 anno
2354 3170 2488 3223 1054
2530 3168 2900 3225 transfretavit
2946 3169 3001 3222 in
3048 3167 3316 3238 Angliam,
3357 3173 3418 3222 ut
3468 3167 3636 3222 rebus
3686 3181 3796 3222 mo-

432 3248 500 3301 de
540 3250 730 3306 Castro
778 3253 832 3306 S.
885 3252 1035 3307 Pauli
1084 3254 1497 3311 instaurandum
1548 3258 1822 3312 commisit
1868 3258 2382 3329 Blagia—Buasterii
2429 3259 2512 3314 sui
2554 3259 2608 3312 in
2640 3258 2734 3313 illo
2765 3271 2935 3328 regno
2975 3257 3172 3326 positis
3210 3255 3550 3326 provideret,
3581 3255 3797 3325 sibique

433 3351 598 3392 cense
647 3341 1036 3396 monasterium
1085 3356 1176 3397 an.
1217 3343 1369 3408 1032,
1411 3346 1498 3400 cui
1540 3360 1705 3401 unum
1746 3361 1775 3401 e
1816 3349 1930 3402 suis
1969 3349 2072 3402 ab—
2155 3348 2466 3402 Eduardum
2516 3361 2698 3417 regem
2750 3346 3048 3415 propitium
3099 3343 3375 3410 redderet,
3408 3359 3436 3398 a
3467 3358 3579 3412 quo
3619 3344 3798 3414 reipsa

430 3425 610 3480 hatem
643 3427 908 3497 praefecit.
945 3432 1102 3500 zEgre
1133 3432 1374 3501 quidem,
1405 3437 1679 3490 concessit
1707 3442 1888 3492 tamen
1915 3439 2074 3492 Joan-
2156 3436 2439 3492 nonnullis
2485 3435 2768 3491 beneﬁciis
2817 3434 3178 3503 ampliﬁcatus
3228 3441 3328 3488 est.
3379 3435 3537 3487 Anno
3577 3433 3800 3488 circiter

431 3529 530 3571 nes
561 3519 951 3573 monasterium
983 3519 1220 3575 Villarde
1252 3535 1281 3575 a
1312 3523 1588 3579 Richardo
1631 3526 1675 3578 II
1724 3526 2073 3581 Fiscamnen-
2163 3525 2297 3578 1058
2320 3525 2673 3592 Letzelinum,
2698 3524 3018 3592 episcopum
3046 3522 3428 3587 Parisiensem,
3460 3521 3529 3576 ab
3563 3523 3800 3578 Henrico

429 3604 582 3659 sibus
611 3605 740 3660 olim
771 3606 1054 3674 donatum,
1088 3609 1330 3665 Roberto
1361 3610 1487 3665 duci
1528 3611 1705 3667 locum
1747 3613 1802 3668 in
1833 3615 2072 3682 priorem
2157 3629 2288 3684 rege
2336 3616 2666 3669 Francorum
2711 3613 2778 3667 ad
2825 3611 3152 3666 Willelmum
3193 3609 3387 3665 ducem
3427 3611 3797 3676 Normannite,

429 3699 627 3749 statum
688 3695 979 3751 restituere
1041 3697 1266 3765 volenti,
1325 3701 1418 3769 qui
1478 3701 1532 3754 in
1591 3703 2072 3759 commutationem
2159 3709 2388 3773 propter
2417 3716 2605 3772 pacem
2638 3703 2783 3756 inter
2813 3714 2910 3756 eos
2938 3699 3372 3768 componendam
3405 3698 3677 3754 directum
3719 3712 3800 3754 ro-

430 3780 585 3836 dedit
631 3785 1019 3839 monasterium
1069 3788 1252 3841 Sancti
1302 3788 1520 3842 Taurini
1571 3803 1659 3844 an.
1717 3789 1869 3856 1035,
1923 3793 2075 3861 ejus-
2158 3793 2303 3863 gavit
2341 3799 2396 3846 ut
2440 3793 2494 3846 in
2526 3792 2614 3847 die
2656 3789 3097 3846 Resurrectionis
3144 3789 3360 3842 missam
3401 3787 3713 3844 celebraret
3749 3789 3800 3843 in

432 3869 666 3939 demque
714 3873 1040 3941 subscripsit
1087 3875 1286 3930 litteris
1336 3890 1435 3944 pro
1487 3879 1886 3934 restauratione
1945 3895 2077 3949 par-
2161 3881 2394 3937 ecclesia
2426 3881 2818 3936 Fiscamnensi.
2851 3878 3004 3946 Quod
3037 3884 3091 3932 et
3121 3876 3251 3932 fecit
3290 3877 3604 3946 episcopus,
3638 3883 3803 3946 atque

433 3956 691 4012 thenonis
719 3959 954 4014 Villaris.
995 3961 1330 4032 Subscripsit
1360 3964 1552 4020 eodem
1593 3980 1738 4022 anno
1768 3966 2076 4023 fundationi
2161 3971 2306 4025 inter
2350 3984 2505 4024 sacra
2549 3969 2833 4024 missarum
2883 3965 3148 4022 solemnia
3206 3965 3470 4034 quosdam
3503 3979 3570 4018 ex
3615 3978 3804 4020 mona-

433 4046 749 4100 monasterii
807 4048 1164 4104 Concbensis.
1222 4052 1377 4106 Circa
1436 4053 1488 4108 id
1549 4060 1764 4125 tempus
1819 4057 2079 4112 convenit
2161 4060 2282 4115 chis
2302 4060 2653 4130 presbyteros
2673 4057 2965 4113 ordinavit.
2989 4055 3450 4119 AstititJoannes,
3474 4067 3620 4108 anno
3651 4054 3803 4120 1066,

435 4147 556 4188 cum
588 4135 874 4200 Rainaldo,
910 4138 1149 4192 Ileinrici
1183 4141 1328 4210 regis
1352 4144 1673 4210 camerario,
1709 4143 1776 4198 de
1808 4150 2079 4213 potestate
2163 4147 2499 4203 dedicationi
2560 4146 2918 4216 parthenouis
2974 4143 3354 4200 Cadoniensis.
3411 4142 3804 4212 Jerosolymam

435 4223 657 4278 Villaris
694 4223 749 4278 in
790 4239 928 4296 pago
967 4227 1381 4286 Silvanectensi.
1415 4235 1571 4286 Anno
1611 4232 1741 4285 1047
1772 4233 2079 4290 Willelmus
2165 4235 2464 4305 profectus,
2498 4237 2683 4306 ibique
2715 4236 2809 4291 diu
2839 4235 3098 4290 detentus
3142 4233 3195 4287 in
3228 4246 3472 4298 carcere,
3505 4239 3700 4300 postea
3739 4231 3804 4287 ad

435 4311 541 4367 dux
600 4315 796 4369 Joanni
855 4317 1095 4372 restituit
1152 4324 1350 4373 terram
1410 4320 1659 4375 Rainaldi
1718 4321 2078 4390 vicecomitis,
2165 4325 2555 4380 monasterium
2605 4324 2835 4380 rediisse
2874 4324 3074 4394 legitur
3103 4323 3159 4376 in
3197 4321 3456 4392 Catalogo
3489 4321 3803 4387 Labbeano,

433 4416 593 4472 quam
623 4408 779 4472 pater
807 4406 926 4473 ejus
955 4407 1263 4463 Richardus
1288 4410 1370 4464 eis
1398 4417 1773 4477 concesserat,
1807 4417 1861 4466 et
1891 4419 2082 4480 postea
2168 4414 2280 4480 ubi,
2337 4415 2562 4470 biennio
2621 4419 2783 4484 post,
2843 4413 3057 4468 dierum
3115 4410 3310 4480 plenus
3366 4424 3430 4464 ac
3487 4411 3811 4466 meritorum

430 4492 671 4547 Joannes
725 4494 895 4548 abbas
951 4495 1208 4551 Gozelino
1261 4498 1544 4554 Heddonis
1601 4499 1712 4554 tilio
1760 4501 1816 4555 in
1871 4501 2077 4557 beneﬁ-
2171 4503 2308 4558 obiit
2341 4517 2483 4559 anno
2533 4502 2688 4569 1078,
2721 4517 2818 4556 vui
2868 4500 3138 4556 Kalendas
3183 4499 3382 4564 Martii,
3416 4498 3470 4553 id
3521 4503 3607 4553 est
3654 4498 3807 4565 1079,

433 4581 578 4635 cium
626 4581 874 4648 dederat,
907 4584 1000 4652 qui
1041 4598 1157 4639 eam
1206 4586 1320 4640 suis
1376 4587 1690 4642 hominibus
1746 4579 2410 4661 tradiderat.Csepultus
2457 4593 2512 4647 in
2570 4590 2772 4646 sacello
2821 4592 2874 4645 S.
2924 4589 3149 4644 Joannis
3197 4588 3475 4656 Baptisttn.
3535 4588 3806 4653 Quasdam

431 4669 727 4739 Aliquanto
776 4678 901 4741 post
943 4673 1222 4741 querelam
1271 4673 1460 4730 habuit
1513 4690 1635 4731 cum
1689 4678 1933 4744 Warino,
1975 4679 2080 4734 ab-
2161 4681 2334 4750 ipsius
2391 4679 2652 4750 epistolas
2709 4678 2907 4748 legesis
2968 4676 3109 4745 apud
3179 4675 3550 4730 Mabillonium
3604 4675 3800 4730 Annal.

434 4756 559 4812 bate
616 4760 799 4814 Sancti
837 4761 1044 4816 Arnulﬂ
1103 4763 1380 4830 Metensis,
1423 4765 1714 4821 occasione
1772 4767 2074 4832 Benedicti,
2161 4769 2362 4825 Bened.
2399 4777 2530 4824 tom.
2575 4771 2660 4833 1V,
2702 4782 2826 4838 pag.
2865 4765 2991 4834 381,
3033 4764 3140 4818 506
3169 4769 3224 4820 et
3259 4763 3384 4829 521,
3418 4768 3550 4817 tom.
3587 4765 3647 4830 V,
3682 4778 3805 4834 pag.

437 4849 687 4903 monachi
745 4849 874 4905 olim
933 4852 1350 4919 Fiscamnensis,
1403 4855 1499 4910 sed
1558 4855 1626 4909 ad
1679 4857 1734 4911 S.
1789 4856 2076 4912 Arnulfum
2159 4857 2266 4921 23;
2309 4858 2552 4913 Analect.
2586 4864 2718 4912 tom.
2750 4857 2793 4922 1,
2837 4869 2959 4925 pag.
3001 4851 3100 4906 160
3137 4859 3193 4908 et
3230 4851 3555 4908 Martenium
3595 4855 3732 4908 tom.
3767 4853 3810 4917 l.

436 4935 705 5004 translati,
737 4951 900 5006 quem
947 4941 1192 4996 Joannes
1229 4942 1398 4998 abbas
1435 4943 1656 4998 acribus
1693 4945 1875 5000 verbis
1922 4959 2078 5016 repe-
2161 4946 2452 5012 Aneedot.,
2485 4945 2592 5001 col.
2627 4943 2733 4998 205
2762 4949 2818 4998 et
2847 4956 3002 5012 seqq.

2153 2904 2544 2973 Benignianum
2586 2901 2973 2958 monasterium
3013 2901 3223 2956 accitus
3261 2913 3405 2954 anno
3442 2898 3596 2964 1052,
3629 2897 3792 2954 cessit
