4014 6176
784 288 1057 346 JOANNIS
1091 289 1572 347 nscaums
1591 260 1754 346 ΑΒΕ.
1797 287 2121 346 umws
2154 288 2445 347 mnam.
2486 318 2557 332 —
2594 289 2969 346 marum.

1117 574 1833 775 JOANNIS
1920 574 2639 703 ABBATIS

1592 800 2192 919 LIBELLUS

1060 1012 1148 1073 DE
1183 1011 1579 1071 SCRIPTURIS
1737 1010 1975 1069 VERBIS
2011 1011 2285 1087 PATRUM
2323 1006 2707 1071 COLLECTUS

1180 1159 1357 1233 (Apud
1387 1163 1613 1221 Manum.
1644 1159 1885 1223 Analecl.
1926 1173 2052 1217 nov.
2085 1160 2245 1231 edit.,
2277 1175 2402 1237 pag.
2441 1158 2582 1231 120.)

1689 1306 2084 1332 ι--ι-α--η

277 1409 457 1465 Exstat
484 1408 708 1465 libellus
734 1422 973 1480 sequens
1002 1410 1056 1467 in
1093 1380 1310 1469 vetusto
1340 1411 1533 1469 codice
1553 1412 1906 1472 MettensisA
1990 1411 2154 1483 Atqui
2203 1412 2322 1468 hac
2371 1411 2685 1469 nullatenus
2726 1413 3065 1468 conveniunt
3112 1410 3379 1476 Mathildi,
3428 1410 3572 1464 Hen-

212 1497 519 1552 monasterii
557 1496 740 1553 Sancti
787 1498 1015 1565 Arnum,
1054 1511 1216 1570 quem
1265 1499 1531 1565 codicem,
1567 1506 1842 1556 annuente

214 1584 270 1641 Β.
308 1586 364 1641 Ρ.
417 1585 607 1654 priore
637 1587 757 1656 ejus
795 1587 923 1653 loci,
955 1586 1088 1643 mihi
1127 1590 1429 1644 transmisit
1459 1588 1695 1646 domnus
1724 1588 1842 1644 Pla-

212 1672 356 1729 cidus
402 1673 779 1731 Beuvillonius
820 1676 931 1745 jam
978 1688 1091 1732 non
1140 1676 1307 1733 semel
1356 1691 1386 1732 a
1423 1691 1509 1733 me
1568 1678 1839 1733 laudatus.

212 1760 329 1819 Ideo
382 1776 516 1820 vero
575 1763 846 1833 prolixum
903 1764 1011 1821 hoc
1058 1766 1337 1836 specimen
1395 1766 1616 1822 exibere
1668 1766 1842 1822 visum

208 1856 301 1918 est,
332 1852 483 1922 quod
530 1852 799 1908 interesse
830 1858 1016 1923 putem
1046 1853 1366 1924 reipublica
1395 1855 1742 1922 Christiana,
1782 1859 1845 1910 ut

212 1939 488 2007 praemissa
545 1940 809 2010 opuscula
845 1947 1101 1998 accurate
1132 1942 1519 1999 discutiantur.
1565 1946 1731 2012 Quam
1764 1943 1836 1999 ob

214 2036 315 2078 rem
348 2031 591 2095 quatuor
637 2031 730 2082 aut
777 2029 1021 2099 quinque
1049 2042 1140 2085 res
1168 2029 1258 2084 hic
1279 2030 1654 2087 examinanda
1690 2036 1839 2098 sunt,

203 2113 408 2169 scilicet
460 2115 673 2171 codicis
718 2116 1001 2174 Mettensis
1030 2122 1163 2174 atas
1198 2132 1295 2174 seu
1324 2121 1666 2190 antiquitas;
1726 2125 1840 2176 tum

202 2201 588 2271 imperatricis,
622 2206 710 2261 cui
747 2205 902 2276 prior
945 2206 1165 2263 libellus
1211 2214 1560 2278 nuncupatus
1606 2215 1710 2276 est,
1744 2222 1845 2265 no-

199 2303 349 2359 men;
384 2292 521 2347 dein
542 2295 785 2349 auctoris
814 2296 943 2349 item
981 2308 1181 2352 nomen
1203 2311 1267 2352 ac
1296 2296 1565 2368 dignitas;
1598 2297 1667 2353 ad
1696 2297 1840 2366 hac,

196 2379 464 2448 opuscula
498 2379 614 2450 ipsa
655 2381 711 2436 in
753 2382 946 2438 codice
985 2390 1243 2439 contenta
1277 2405 1289 2439 :
1323 2399 1446 2455 qua
1477 2385 1692 2441 demum
1720 2400 1842 2442 cum

190 2464 334 2523 libro
380 2467 803 2524 Meditationum
851 2466 953 2525 Sub
1001 2473 1221 2528 nomine
1278 2473 1564 2543 Augustini
1624 2474 1844 2544 vulgato

188 2556 575 2624 comparanda
622 2564 786 2626 sunt;
848 2567 1128 2628 postremo
1175 2575 1297 2617 cum
1341 2562 1557 2617 Alcuini
1623 2562 1846 2619 Confes-

184 2645 347 2700 sione
378 2643 752 2701 Chifiletiana.

1927 1501 2026 1557 rici
2081 1500 2241 1572 primi
2280 1502 2458 1569 uxori,
2519 1507 2633 1557 tum
2692 1502 2820 1572 quia
2869 1501 3139 1557 Henricus
3184 1501 3289 1555 iste
3337 1497 3571 1555 solemni

1926 1603 2077 1645 more
2119 1589 2419 1661 imperator
2465 1595 2761 1646 coronatus
2808 1603 2917 1645 non
2967 1596 3070 1654 est,
3123 1595 3237 1643 tum
3289 1586 3417 1657 quia
3463 1587 3572 1640 Ma-

1927 1679 2120 1735 thildis
2169 1687 2293 1749 post
2346 1680 2598 1750 conjugis
2648 1679 2857 1735 obitum
2896 1677 3168 1747 reliquum
3214 1677 3339 1731 vita
3378 1674 3434 1728 in
3480 1674 3573 1728 Sa-

1925 1768 2088 1823 xonia
2127 1768 2328 1839 exegit.
2375 1770 2565 1838 Neque
2595 1767 2928 1824 conveniunt
2955 1765 3278 1837 Cunegundi
3329 1763 3570 1818 Henrico

1925 1856 2170 1913 secundo
2193 1863 2378 1927 nupta
2404 1877 2418 1924 ;
2447 1857 2651 1927 quippe
2673 1870 2797 1927 qua
2827 1857 2883 1911 in
2912 1856 3172 1925 conjugio
3200 1851 3570 1923 virginitatem

1924 1960 2171 2002 servasse
2219 1953 2573 2013 memoratur,
2624 1952 2681 2002 et
2727 1953 2852 2016 post
2902 1943 3334 2000 anniversarium
3382 1940 3563 1995 mariti

1926 2037 2136 2093 obitum
2177 2035 2233 2091 in
2278 2035 2631 2107 Confugiensi
2662 2036 2995 2091 monasterio
3028 2047 3202 2103 usque
3231 2033 3300 2089 ad
3335 2035 3567 2087 mortem

1927 2124 2165 2181 delituit.
2228 2127 2390 2181 Certe
2454 2125 2575 2181 hac
2642 2125 2823 2180 omnia
2891 2125 2946 2178 in
3014 2136 3176 2178 unam
3252 2120 3574 2190 conspirant

1925 2217 2190 2285 Agnetem
2244 2216 2560 2284 Augustam,
2620 2227 2744 2282 qua
2803 2212 3062 2267 Willelmi
3120 2210 3340 2267 comitis
3394 2208 3573 2263 Picta-

1927 2301 2108 2357 vensis
2170 2300 2300 2368 filia,
2357 2301 2597 2365 Henrico
2637 2302 2705 2356 III
2754 2300 3073 2370 imperatori
3123 2299 3351 2368 nupsit;
3394 2307 3572 2368 eoque

1927 2396 2145 2447 mortuo
2196 2390 2364 2461 (quod
2397 2404 2542 2445 anno
2595 2388 2732 2443 1056
2762 2390 3012 2460 contigit)
3043 2394 3215 2445 totam
3244 2386 3451 2442 Italiam
3483 2384 3575 2439 de-

1926 2479 2166 2535 votionis
2219 2493 2382 2534 causa
2435 2477 2808 2549 perlustravit,
2866 2478 3097 2533 maxime
3149 2474 3571 2532 Fructuariense

1929 2568 2344 2634 monasterium,
2403 2575 2569 2638 atque
2627 2567 2766 2623 adeo
2804 2567 3118 2632 Casinense,
3179 2564 3274 2621 ubi
3330 2577 3432 2633 per
3476 2576 3573 2618 sex

1931 2668 2147 2711 menses
2176 2655 2454 2712 demorata
2498 2664 2603 2722 est,
2655 2655 2915 2726 pretiosis
2943 2653 3188 2711 donariis
3236 2661 3427 2708 sancto
3473 2652 3570 2710 Bec

256 2735 300 2789 I.
336 2733 537 2789 Codex
585 2736 868 2791 Mettensis
913 2737 1205 2807 oblongus,
1239 2739 1461 2809 optima
1500 2747 1669 2807 nota,
1727 2740 2154 2804 sineBnedicto
2206 2743 2424 2799 oblatis.
2475 2744 2674 2799 Eadem
2729 2758 2860 2799 vero
2890 2743 3086 2814 elogia,
3138 2756 3261 2812 qua
3308 2742 3362 2795 in
3413 2754 3572 2810 supe-

195 2822 366 2879 dubio
398 2824 675 2892 scriptum
718 2830 802 2880 est
830 2825 932 2880 sub
970 2825 1130 2882 ﬁnem
1162 2827 1352 2883 saculi
1382 2843 1458 2893 x1,
1482 2828 1537 2883 id
1569 2835 1652 2884 est
1691 2829 1854 2885 circi-

200 2918 282 2966 ter
302 2924 518 2967 annum
553 2910 710 2979 1080,
753 2917 813 2968 ut
843 2915 1039 2983 probat
1070 2915 1188 2985 ipsa
1217 2917 1507 2986 scriptura
1537 2916 1711 2974 forma
1741 2932 1854 2975 mo-

201 3001 415 3072 dusque
458 3001 743 3059 scribendi
773 3002 853 3058 illi
881 3018 997 3060 avo
1028 3005 1383 3062 conveniens.
1426 3008 1637 3077 Quippe
1676 3009 1854 3064 mino-

200 3102 289 3146 res
318 3091 529 3147 littera
568 3106 599 3147 r
626 3091 900 3164 oblonga,
948 3094 1147 3150 littera
1196 3098 1238 3150 A
1274 3096 1511 3165 majores
1538 3096 1744 3166 absque
1783 3096 1854 3152 Ii-

201 3179 358 3234 neola
400 3187 740 3245 transversa,
799 3182 1015 3251 aliaque
1077 3182 1132 3237 id
1187 3196 1362 3254 genus
1417 3184 1474 3239 in
1531 3197 1597 3240 eo
1655 3184 1850 3241 codice

203 3269 507 3338 complura,
544 3283 669 3338 qua
699 3267 913 3325 facilius
959 3276 1043 3325 est
1090 3285 1287 3342 capere
1317 3272 1494 3328 oculis
1540 3288 1701 3343 quam
1729 3288 1852 3330 ver-

204 3355 282 3412 bis
311 3358 657 3428 exprimere,
690 3363 815 3428 post
846 3359 1105 3414 saculum
1154 3375 1207 3415 x1
1247 3361 1325 3420 in,
1352 3376 1452 3416 usu
1506 3376 1627 3418 esse
1676 3363 1853 3418 desie—
1886 3416 1892 3425 κ

206 3452 343 3503 runt.
400 3448 487 3504 Ad
517 3448 643 3504 hac
691 3447 885 3504 modus
921 3449 1202 3505 scribendi
1253 3450 1345 3520 qui
1378 3450 1434 3505 in
1466 3451 1659 3507 eodem
1709 3452 1852 3508 libro

202 3544 487 3605 servatur,
592 3537 703 3593 illis
791 3538 1132 3608 temporibus
1213 3540 1458 3610 apprime
1532 3541 1851 3610 respondet.

202 3626 460 3699 Exemplo
503 3627 626 3682 sint
678 3627 884 3698 syllaba
935 3630 985 3682 et
1032 3641 1142 3684 uno
1173 3634 1433 3684 contextu
1473 3629 1528 3683 in
1565 3629 1858 3685 vocabulo-

204 3728 313 3771 rum
371 3715 792 3788 compositione
849 3716 1055 3771 inserta
1098 3735 1110 3771 :
1171 3715 1433 3786 intellego,
1493 3717 1728 3787 neglego,
1776 3718 1857 3772 in-

201 3818 399 3860 mensus
424 3848 439 3871 ,
496 3804 842 3876 inperfectus,
884 3803 979 3859 ubi
1033 3805 1240 3874 posteri
1296 3805 1546 3861 scribunt
1600 3804 1855 3874 intelligo,

202 3892 424 3964 neglige,
486 3894 796 3959 immensus,
854 3893 1208 3964 imperfectus.
1266 3894 1549 3950 Postremo
1578 3895 1635 3950 in
1667 3908 1734 3951 eo
1766 3909 1858 3951 co-

204 3981 319 4038 dice
366 3982 646 4053 primaria
703 3995 864 4037 manu
903 3981 1181 4052 descripta
1239 3982 1438 4053 legitur
1495 3984 1680 4040 Oratio
1732 3982 1857 4038 Wil-

1935 2832 2070 2888 riori
2115 2831 2441 2888 Prafatione
2494 2833 2598 2902 ipsi
2648 2832 2985 2899 tribuuntur,
3043 2834 3434 2887 commemorat
3480 2830 3575 2883 Pe-

1934 2928 2054 2975 trus
2082 2920 2322 2975 Damiani
2370 2921 2427 2975 in
2475 2920 2707 2991 epistola
2740 2920 2924 2990 Agncti
2952 2922 3201 2988 Augusta
3259 2915 3581 2988 imperatrici

1935 3009 2145 3065 directa
2178 3051 2192 3073 ,
2260 3023 2292 3063 a
2339 3009 2574 3065 Baronio
2632 3008 2802 3065 relata
2858 3009 2927 3064 ad
2993 3022 3194 3064 annum
3266 3005 3420 3074 1062,
3472 3018 3580 3075 qua

1932 3097 2129 3168 Agneti
2186 3096 2241 3152 in
2273 3097 2427 3153 Italia
2466 3104 2578 3153 tum
2632 3097 2853 3168 degenti
2910 3096 3170 3151 salutaria
3208 3094 3416 3151 monita
3446 3107 3581 3163 pra-

1933 3185 2128 3240 scribit
2156 3172 2369 3241 Petrus.
2410 3186 2663 3256 Ejusdem
2703 3186 2925 3253 hortatu
2965 3189 3146 3257 Agnes
3174 3198 3241 3239 ex
3268 3182 3576 3247 Germania,

1934 3289 2045 3345 quo
2094 3289 2193 3345 per
2249 3274 2461 3345 aliquot
2531 3275 2992 3347 peregrinationis
3056 3287 3231 3329 annos
3294 3276 3582 3341 receperat

1932 3379 2075 3429 sese,
2109 3378 2324 3419 reversa
2353 3370 2437 3419 est
2457 3363 2703 3429 Romam,
2728 3364 2822 3418 ubi
2851 3376 3165 3432 supremum
3194 3363 3320 3417 vita
3345 3359 3580 3415 absolvit

1934 3453 2079 3509 diem
2102 3465 2246 3507 anno
2282 3451 2437 3517 1077,
2478 3466 2589 3521 quo
2627 3464 2772 3505 anno
2812 3450 3078 3504 Baronius
3097 3450 3216 3517 ejus
3238 3446 3577 3516 epitaphium

1936 3540 2124 3596 refert.
2166 3541 2352 3594 Exstat
2380 3539 2437 3593 in
2480 3538 2837 3593 Bibliotheca
2866 3536 3181 3592 Sebusiana
3235 3536 3482 3590 centuria
3513 3550 3576 3599 ιι,

1938 3642 2061 3698 cap.
2114 3628 2207 3694 77,
2265 3627 2508 3697 ejusdem
2546 3625 2911 3694 imperatricis
2958 3625 3154 3679 eximia
3210 3622 3463 3693 epistola,
3494 3621 3582 3676 Al-

1936 3718 2119 3782 berto,
2177 3727 2287 3770 non
2352 3714 2605 3780 Andrea,
2649 3713 3055 3769 Fructuariensi
3112 3711 3296 3766 abbati
3344 3710 3574 3776 directa,

1939 3806 2095 3874 cujus
2149 3802 2509 3875 fragmentum
2568 3803 2695 3858 huic
2742 3802 2867 3858 loco
2916 3800 3244 3857 illustrando
3301 3799 3577 3856 adducere

1936 3909 2047 3951 non
2088 3895 2195 3949 erit
2227 3894 2483 3949 otiosum.
2546 3911 2575 3943 «
2624 3893 2687 3948 A.
2739 3891 3057 3961 imperatrix
3103 3896 3159 3946 et
3196 3888 3476 3960 peccatrix
3511 3891 3574 3944 A.

1940 3983 2087 4039 Patri
2118 3983 2265 4040 bono
2295 3989 2351 4037 et
2386 3979 2649 4037 fratribus
2677 3981 2731 4036 in
2771 3980 3093 4038 Fructuario
3132 3980 3479 4051 congregatis
3522 3978 3578 4033 in

202 4067 339 4126 lelmi
387 4071 643 4137 abbatis,
694 4070 749 4125 in
798 4068 938 4125 festo
969 4070 1145 4126 sancti
1174 4071 1463 4142 Augustini
1490 4078 1617 4128 ante
1640 4058 2158 4128 missaanomine
2206 4071 2442 4137 Domini,
2499 4071 2816 4127 servitutem
2854 4070 3091 4137 ancilla,
3142 4072 3299 4139 cujus
3337 4068 3483 4126 oculi
3521 4068 3575 4123 in

201 4158 454 4228 dicenda,
493 4173 670 4231 quam
708 4157 935 4215 inferius
990 4157 1224 4215 referam
1271 4165 1396 4230 post
1438 4161 1699 4232 epistolas
1727 4160 1860 4216 Wil-

202 4247 342 4305 lelmi
373 4248 613 4306 abbatis
641 4248 941 4314 Mettensis,
986 4248 1075 4303 cui
1106 4247 1248 4304 hanc
1279 4250 1583 4306 orationem
1615 4251 1858 4306 tribuen—

204 4336 320 4393 dam
367 4349 541 4410 puto.
589 4337 846 4394 Florebat
890 4351 1021 4393 vero
1068 4337 1374 4394 Willelmus
1404 4338 1506 4394 iste
1536 4339 1858 4408 pontificatu

202 4425 447 4501 Gregorii
503 4429 625 4494 VII,
667 4442 776 4499 quo
835 4434 1083 4497 tempore
1110 4427 1337 4483 Joannis
1383 4428 1560 4483 codex
1606 4434 1860 4484 exaratus

200 4516 439 4585 videtur,
515 4519 772 4587 exceptis
836 4515 1118 4572 nonnullis
1163 4530 1287 4587 qua
1342 4516 1637 4572 recentiori
1697 4529 1859 4571 manu

202 4604 411 4675 adjecta
450 4611 615 4663 sunt.

270 4696 334 4749 ll.
399 4700 665 4764 Quatuor
726 4694 947 4750 indiciis
1003 4694 1323 4764 designatur
1368 4695 1709 4764 lmperatrix,
1772 4693 1862 4750 cui

203 4768 354 4850 prior
405 4782 645 4840 libellus
692 4783 989 4852 inscriptus
1020 4789 1123 4848 est,
1173 4782 1426 4837 nimirum
1478 4783 1622 4852 quod
1672 4782 1864 4839 relicta

202 4868 364 4929 fuerit
415 4872 750 4929 reverenda
806 4871 1083 4928 memoria
1134 4872 1348 4928 Domini
1404 4873 1639 4927 Heinrici
1677 4872 1864 4928 claris-

202 4961 320 5016 simi
351 4962 746 5033 sapientisque
785 4961 1131 5032 imperatoris
1181 4981 1193 5015 :
1222 4977 1250 5014 α
1283 4960 1431 5031 quod
1463 4967 1589 5031 post
1627 4962 1856 5031 primam

203 5050 422 5107 amissa
472 5049 814 5121 virginitatis
842 5049 1095 5119 palmam,
1155 5049 1415 5105 secundis
1461 5050 1670 5120 nuptiis
1726 5064 1862 5106 nun-

204 5138 338 5196 tium
388 5138 680 5196 remiserit
713 5158 725 5192 :
767 5139 915 5211 quod
951 5138 1167 5194 actibus
1191 5138 1589 5194 misericordia
1631 5138 1821 5195 dedita
1845 5182 1860 5207 ,

201 5216 381 5287 viduis
408 5272 425 5296 ,
511 5227 779 5300 orphanis
850 5226 1081 5298 aliisque
1120 5227 1495 5298 indigentibus
1576 5227 1864 5285 facultates

201 5331 326 5375 suas
381 5316 761 5389 dispensarit;
801 5315 948 5387 quod
996 5319 1167 5371 totam
1226 5314 1340 5371 fere
1399 5318 1703 5391 peragrarit
1757 5320 1862 5374 lta-

1936 4160 2189 4217 manibus
2245 4159 2483 4215 domina
2525 4173 2639 4215 sua
2685 4165 2834 4214 sunt.
2873 4159 3222 4215 Conscientia
3254 4172 3373 4213 mea
3407 4163 3580 4212 terret

1938 4265 2023 4306 me
2049 4251 2207 4320 pejus
2225 4248 2375 4305 omni
2399 4248 2545 4303 larva
2566 4249 2825 4317 omnique
2848 4246 3103 4318 imagine.
3138 4247 3268 4302 ideo
3295 4244 3446 4315 fugio
3481 4259 3580 4313 per

1938 4345 2251 4395 sanctorum
2284 4336 2424 4402 loca,
2457 4348 2713 4405 quarens
2758 4334 3043 4389 latibulum
3099 4347 3129 4386 a
3180 4332 3318 4387 facie
3366 4331 3580 4386 timoris

1939 4428 2122 4498 hujus,
2165 4440 2267 4481 nec
2304 4425 2585 4480 minimum
2632 4421 2966 4479 desiderium
3026 4426 3110 4475 est
3148 4419 3280 4473 mihi
3320 4416 3577 4473 veniendi

1939 4516 2005 4572 ad
2058 4529 2171 4581 vos,
2221 4514 2290 4570 de
2337 4513 2537 4582 quibus
2588 4510 2829 4581 comperi
2875 4509 3002 4580 quia
3039 4513 3217 4564 vestra
3251 4503 3577 4562 intercessio

1939 4611 2091 4660 certa
2138 4601 2286 4657 salus
2320 4607 2403 4656 est
2445 4620 2457 4655 :
2508 4600 2605 4655 sed
2658 4605 2863 4656 nostra
2914 4595 3284 4668 profectiones
3321 4595 3377 4650 in
3416 4605 3578 4648 manu

1941 4693 2037 4748 Dei
2066 4698 2213 4759 sunt,
2265 4698 2320 4746 et
2355 4702 2466 4745 non
2515 4690 2569 4744 in
2618 4696 2805 4745 nostra
2842 4687 3142 4744 voluntate.
3184 4684 3406 4741 Interim
3446 4694 3576 4737 vero

1942 4786 2124 4838 mente
2152 4774 2324 4836 adoro
2349 4778 2417 4835 ad
2450 4777 2619 4849 pedes
2636 4782 2868 4845 vestros,
2896 4796 2923 4825 »
2955 4781 3061 4831 etc.

2013 4868 2237 4941 Agnetis
2265 4868 2412 4923 varia
2438 4868 2495 4923 in
2517 4866 2723 4922 Italiam
2754 4867 2954 4921 itinera
2975 4863 3264 4935 distinguit
3284 4862 3578 4919 Baronius:

1946 4960 2199 5030 primum,
2233 4963 2358 5028 post
2384 4963 2699 5026 susceptum
2731 4955 2953 5025 quidem
2991 4953 3191 5021 velum,
3235 4966 3381 5009 anno
3426 4950 3581 5018 1062,

1945 5048 2032 5104 cui
2100 5046 2284 5104 itineri
2359 5045 2472 5102 fere
2549 5045 2846 5100 triennium
2928 5044 3266 5114 insumpsit;
3353 5041 3585 5097 alterum

1944 5149 2088 5193 anno
2153 5135 2307 5203 1066,
2361 5135 2449 5192 cui
2506 5148 2603 5189 sex
2639 5145 2852 5199 annos;
2921 5133 3143 5188 tertium
3201 5144 3345 5187 anno
3409 5128 3582 5199 1073;

1943 5232 2197 5296 quartum
2224 5223 2462 5294 denique
2494 5235 2637 5278 anno
2675 5219 2828 5277 1075.
2854 5222 3043 5290 Itaque
3064 5219 3308 5276 Libellus
3336 5232 3581 5290 precum,

1946 5315 2040 5386 qui
2088 5313 2192 5385 ipsi
2250 5318 2377 5383 post
2412 5311 2656 5368 Italicam
2696 5310 3216 5381 peregrinationem,
3251 5321 3587 5380 regressum-

200 5404 371 5474 liam;
407 5405 773 5463 devotissime
827 5405 1055 5461 visitans
1100 5407 1415 5461 sanctorum
1471 5405 1753 5479 reliquias,
1804 5394 1925 5465 etC
1947 5417 2055 5476 que
2093 5403 2149 5458 in
2185 5400 2476 5458 Galliarum
2532 5406 2736 5472 partes,
2796 5403 3144 5470 nuncupatus
3180 5402 3284 5464 est,
3326 5397 3586 5455 conditus

197 5496 277 5552 eis
305 5495 567 5552 offerens
595 5495 835 5565 pretiosa
864 5492 1113 5559 donaria,
1168 5492 1338 5564 idque
1367 5492 1545 5564 ipsum
1570 5495 1628 5553 in
1666 5495 1859 5554 Gallia-

198 5600 317 5644 rum
350 5589 556 5658 partes
589 5597 836 5655 regressa
866 5581 1207 5655 prastiterit.

1938 5493 2044 5551 fuit
2106 5504 2174 5548 eo
2230 5491 2495 5560 temporis
2557 5487 2846 5545 intervallo
2904 5488 3057 5559 quod
3117 5487 3186 5545 ab
3240 5500 3385 5569 anno
3446 5485 3584 5542 1066

1939 5582 2009 5639 ab
2043 5577 2181 5635 1075
2208 5575 2436 5635 efﬂuxit.
