4014 6176
479 276 586 331 447

1608 278 1882 335 JOANNIS
1921 276 2395 335 FISCAMNENSIS
2431 275 2705 333 ABBATIS

3689 283 3776 337 448
3795 336 3801 340 .

548 402 638 457 Ill.
691 402 765 457 Ex
817 401 906 458 his
953 402 1312 473 intelligimus
1366 406 1583 472 tempus
1620 417 1730 472 quo
1769 403 1903 458 vixit
1960 402 2445 461 istiusAimitator
2499 400 2798 456 studiosus.
2846 397 2946 467 Qui
3001 399 3071 454 ab
3109 397 3346 455 exilitate
3397 401 3684 460 Joannelius
3714 407 3781 461 di-

476 488 649 546 libelli
687 491 946 560 scriptor,
990 491 1058 546 de
1080 492 1236 560 cujus
1255 491 1475 546 nomine
1505 497 1667 561 atque
1708 491 1973 562 dignitate
2005 498 2122 546 ter-

479 579 557 633 tio
597 578 722 635 loco
770 579 1039 649 agendum
1099 584 1200 633 est.
1244 581 1544 649 Utrumque
1584 580 1638 635 in
1680 581 1786 636 ﬁne
1835 579 2118 649 praefatio-

480 668 587 734 nis,
629 681 753 736 quae
795 667 953 723 titulo
1013 673 1183 733 caret,
1245 669 1500 736 exprimit
1540 668 1625 723 his
1661 669 1888 725 verbis:
1946 690 1970 716 (ι
2005 671 2118 738 Ego

477 758 717 812 Joannes
772 755 996 812 ultimus
1053 770 1331 812 servorum
1388 757 1612 824 Christi,
1664 765 1719 812 et
1765 759 1861 827 qui
1907 772 2118 813 mecum

480 851 609 902 sunt
645 843 862 910 fratres,
907 845 1302 900 beatitudinem
1343 852 1489 900 tuam
1536 846 1852 901 salutamus.
1907 864 1934 896 ››
1977 847 2118 916 Ergo

479 935 570 990 hic
615 935 853 989 Joannes
897 934 1066 988 abbas
1104 941 1240 1000 erat,
1274 934 1330 988 id
1374 935 1523 1003 quod
1564 934 1768 989 clarius
1796 934 2033 1003 explicat
2062 935 2117 988 in

478 1025 774 1094 gratiarum
832 1023 1142 1078 actionibus
1192 1037 1328 1092 quas
1383 1025 1495 1078 Deo
1543 1022 1710 1078 refert
1767 1037 1866 1091 pro
1907 1023 2120 1078 beneﬁ—

480 1113 582 1168 ciis
619 1112 880 1182 acceptis,
939 1111 1032 1166 ubi
1073 1117 1194 1166 orat
1244 1110 1347 1167 hoc
1394 1111 1601 1167 modo:
1661 1127 1691 1165 (ι
1740 1113 1853 1181 Ego
1895 1111 2118 1166 ultimus

479 1215 759 1256 servorum
820 1207 1060 1266 tuorum,
1104 1215 1212 1256 non
1269 1201 1537 1256 inmemor
1579 1200 1971 1256 beneﬁciorum
2011 1200 2118 1254 mi-

475 1290 769 1346 serationis
825 1295 952 1355 luat,
1023 1305 1146 1359 quae
1194 1289 1323 1344 mihi
1375 1289 1649 1358 peccatori
1707 1290 1904 1344 collata
1969 1295 2116 1355 sunt,

476 1378 679 1449 gratias
735 1378 836 1433 tibi
876 1392 1000 1448 ago,
1050 1385 1158 1433 etc.
1209 1380 1285 1432 Tu
1336 1380 1527 1433 Pastor
1574 1386 1874 1447 pastorum,
1924 1384 1979 1433 et
2034 1393 2121 1432 re-

478 1474 600 1522 ctor
628 1467 892 1533 omnium,
927 1467 1140 1522 Christe
1181 1469 1344 1533 Deus,
1386 1468 1478 1536 qui
1525 1467 1691 1522 nullis
1720 1467 1857 1521 meis
1887 1466 2117 1532 meritis,

479 1555 575 1611 sed
628 1555 746 1611 sola
794 1555 1112 1625 dignatione
1160 1555 1555 1610 misericordiae
1587 1563 1692 1610 tuae
1743 1555 1949 1610 vocasti
1991 1569 2118 1624 par-

477 1645 697 1699 vitatem
729 1658 902 1699 meam
929 1645 996 1699 ad
1036 1645 1143 1699 hoc
1175 1644 1446 1713 pastorale
1477 1643 1737 1710 ofﬁcium,
1771 1651 2116 1700 etc...........

2203 490 2466 544 minutivo
2525 490 2744 544 nomine
2789 496 2872 543 est
2927 488 3144 542 dictus:
3194 487 3290 543 sed
3345 488 3659 558 humilitatis,
3713 510 3781 548 sa-

2204 578 2446 647 pientiae,
2507 577 2858 632 discretionis
2905 582 2960 631 et
3015 582 3331 631 caeterarum
3369 577 3609 635 virtutum
3659 588 3781 637 tanta

2203 666 2257 720 in
2299 680 2364 721 eo
2405 665 2619 721 refulsit
2659 665 2851 736 gratia,
2887 671 2945 719 ut
2975 663 3118 718 sicut
3147 670 3362 719 sanctus
3408 664 3564 721 refert
3604 670 3780 739 Grego-

2202 755 2317 810 rius
2346 755 2400 808 in
2459 754 2601 809 libro
2649 753 2994 824 Dialogorum
3033 753 3102 808 de
3139 754 3450 808 Constantio
3483 756 3781 826 presbytero,

2202 843 2276 898 ita
2315 844 2371 897 in
2413 843 2518 898 hoc
2577 844 2772 897 mirum
2824 846 2970 897 esset
3017 841 3374 907 intuentibus,
3405 843 3459 896 in
3496 849 3593 897 tam
3647 859 3784 912 parvo

2202 945 2435 1001 corpore
2484 932 2673 1002 gratiae
2720 931 2815 985 Dei
2855 936 3003 985 tanta
3051 929 3194 985 dona
3225 931 3534 986 exuberare.
3562 933 3656 987 Sed
3683 935 3788 1002 quia

2201 1021 2380 1075 adhuc
2438 1020 2657 1075 domum
2705 1019 2916 1074 habitat
2973 1018 3196 1085 luteam,
3246 1018 3443 1074 sufﬁcit
3486 1020 3584 1075 hoc
3612 1025 3787 1076 tantum

2201 1107 2426 1163 dixisse.
2463 1128 2488 1156 ν

2272 1199 2547 1252 Hactenus
2597 1197 2834 1252 Joannes
2880 1195 3343 1266 Chronographus
3400 1195 3466 1251 de
3517 1196 3694 1264 aequali
3741 1211 3792 1252 ac

2203 1287 2530 1355 cognomine
2577 1299 2677 1340 suo
2721 1287 2950 1351 Joanne,
2992 1285 3087 1353 qui
3145 1285 3396 1353 primum,
3438 1289 3495 1338 ut
3531 1284 3652 1350 dixi,
3699 1299 3796 1339 mo-

2203 1375 2411 1429 nachus
2441 1375 2495 1428 in
2527 1374 2783 1430 coenobio
2815 1373 3170 1442 Benigniano,
3214 1381 3326 1426 tum
3378 1373 3630 1427 Fiscamni
3665 1373 3792 1440 prior

2201 1477 2231 1517 a
2262 1463 2537 1518 Willelmo
2568 1463 2764 1517 abbate
2804 1462 3164 1526 constitutus;
3207 1461 3337 1515 dein
3376 1461 3563 1516 eodem
3598 1461 3792 1515 cedente

2203 1552 2371 1606 abbas
2418 1564 2562 1606 anno
2597 1550 2752 1616 1028,
2787 1557 2911 1619 post
2947 1563 3092 1604 anno
3130 1548 3266 1602 1052
3295 1549 3350 1602 in
3398 1549 3571 1603 locum
3615 1549 3795 1603 demor-

2206 1640 2282 1694 tui
2315 1639 2595 1694 llalinardi
2643 1638 2902 1694 suffectus
2940 1639 2994 1692 in
3052 1637 3271 1692 abbatia
3327 1651 3449 1706 quae
3504 1636 3687 1691 dicitur
3717 1637 3797 1690 Er-

479 1731 742 1786 Parvulus
780 1733 986 1801 quippe
1033 1747 1152 1787 sum
1191 1739 1247 1787 et
1293 1732 1497 1787 nullius
1544 1733 1760 1787 virtutis
1797 1732 2180 1796 homuncio,'B
2203 1726 2457 1792 brestein;
2511 1726 2838 1794 tandemque
2892 1724 3002 1780 vita
3060 1725 3299 1780 decessit
3345 1737 3487 1778 anno
3539 1719 3678 1787 1078,
3720 1721 3794 1790 qui

478 1821 614 1875 nihil
647 1821 858 1876 habens
907 1822 960 1875 in
1002 1836 1087 1876 me
1117 1822 1265 1891 quod
1306 1822 1486 1890 expeti
1517 1822 1734 1886 debeat,
1768 1829 1823 1876 et
1853 1821 2001 1890 quod
2034 1809 2130 1875 di?

477 1922 644 1978 gnum
684 1909 756 1963 sit
795 1910 930 1964 tanti
977 1909 1166 1964 ofﬁcii.
1220 1910 1430 1966 Idcirco
1471 1910 1770 1979 desperans
1825 1911 1892 1965 de
1942 1910 2118 1978 parvi-

477 2001 589 2052 tate
621 2012 759 2063 mea,
784 2011 893 2054 non
926 2000 1141 2067 respiro
1181 1999 1285 2053 nisi
1317 2000 1372 2053 in
1402 1999 1517 2053 sola
1543 1999 1919 2054 misericordia
1951 2007 2060 2052 tua.
2088 2016 2115 2048 »

477 2087 542 2140 Et
572 2085 748 2141 infra:
797 2104 824 2137 «
875 2088 948 2141 Da
989 2087 1121 2142 mihi
1154 2087 1399 2142 cmlestia
1429 2093 1485 2142 et
1514 2095 1729 2141 terrena
1774 2087 2019 2142 subsidia
2048 2085 2117 2140 ad

479 2187 695 2230 omnem
743 2174 1147 2242 sufﬁcientiam,
1189 2182 1250 2231 ut
1277 2177 1504 2230 habeam
1538 2176 1681 2230 unde
1716 2190 1934 2246 gregem
1967 2183 2118 2231 tuum

479 2264 681 2333 possim
745 2277 968 2332 pascere
1044 2272 1099 2319 et
1163 2270 1493 2330 sustentare,
1562 2271 1668 2319 tam
1733 2264 2116 2334 spiritualiter,

478 2365 640 2420 quam
688 2351 1075 2421 corporaliter,
1126 2359 1289 2422 atque
1335 2353 1620 2408 venientes
1659 2354 1714 2408 in
1749 2361 1843 2408 tuo
1896 2353 2117 2408 nomine

478 2440 759 2508 suscipere
815 2440 1024 2509 absque
1074 2441 1183 2495 ulla
1232 2441 1616 2506 haesitatione;
1671 2442 1789 2497 loca
1830 2441 2118 2497 commissa

477 2527 758 2593 ordinare,
809 2533 865 2583 et
921 2542 1231 2598 praparare
1280 2530 1348 2584 ad
1379 2530 1620 2599 quietem
1660 2537 1716 2585 et
1752 2530 1980 2586 salutem
2012 2530 2119 2584 fra-

473 2620 639 2680 trum,
679 2615 823 2670 sicut
875 2615 1036 2671 decet
1082 2623 1138 2671 et
1193 2624 1432 2685 oportet.
1480 2639 1504 2666 η
1555 2619 1714 2673 Certe
1773 2617 1891 2674 haec
1939 2617 2117 2673 oratio

475 2702 718 2771 ejusdem
751 2703 969 2760 videtur
997 2719 1118 2760 esse
1153 2706 1398 2762 auctoris
1435 2720 1499 2762 ac
1530 2706 1771 2762 Libellus
1800 2720 2044 2776 precum.

547 2793 625 2846 Ex
656 2792 743 2847 his
791 2793 1070 2864 colligitur
1104 2796 1368 2851 Joannem
1409 2796 1602 2851 Libelli
1641 2796 1984 2852 conditorem
2023 2797 2120 2852 ab-

477 2879 618 2934 batis
665 2880 930 2951 dignitate
998 2883 1288 2952 praeditum
1346 2882 1534 2950 fuisse,
1594 2885 1683 2940 cui
1750 2897 1860 2940 non
1928 2898 2116 2952 unum,

476 2967 572 3022 sed
615 2969 770 3036 plura
809 2972 1140 3025 monasteria
1170 2972 1444 3026 commissa
1472 2973 1602 3027 sint.
1644 2975 1711 3026 At
1739 2973 1864 3042 quis
1897 2972 2116 3027 tandem

2201 1829 2378 1870 annus
2407 1816 2474 1870 ab
2506 1815 2660 1870 obitu
2698 1814 2924 1884 Agnetis
2959 1817 3217 1884 Augustae
3259 1814 3536 1881 proximus
3571 1819 3665 1866 est.
3693 1811 3795 1864 llmc

2202 1909 2456 1958 constant
2516 1917 2582 1957 ex
2643 1902 2859 1958 duobus
2907 1901 3204 1967 chronicis,
3263 1899 3573 1955 Divionensi
3625 1898 3799 1952 scilicet

2202 1993 2385 2046 Sancti
2442 1992 2690 2062 Benigni,
2758 1997 2813 2046 et
2861 1991 3251 2055 Fiscamnensi,
3303 1990 3471 2044 editis
3525 1989 3576 2043 in
3625 1985 3795 2041 Biblio-

2202 2081 2378 2136 thecae
2418 2080 2721 2134 Labbeanae
2752 2085 2900 2135 tomo
2940 2080 3137 2148 primo,
3181 2079 3273 2133 ubi
3317 2079 3480 2134 etiam
3510 2079 3561 2132 in
3590 2075 3798 2142 catalogo

2201 2170 2457 2225 abbatum
2518 2170 2980 2232 Fiscamnensium
3028 2171 3288 2234 Joannes,
3355 2166 3524 2222 d’Alie
3566 2162 3800 2235 cognomi-

2203 2265 2381 2325 natus,
2426 2258 2857 2328 Hierosolymam
2900 2257 3196 2327 profectus,
3238 2257 3432 2326 ibique
3471 2256 3561 2310 diu
3589 2254 3802 2308 detentus

2202 2349 2257 2402 in
2297 2362 2539 2414 carcere,
2573 2347 2920 2417 postmodum
2963 2347 3029 2401 ad
3080 2345 3477 2402 monasterium
3507 2343 3713 2399 rediisse
3737 2339 3802 2394 di-

2203 2439 2364 2492 citur.
2419 2439 2514 2491 Hae
2554 2438 2888 2503 conjectura:
2925 2450 3059 2490 mete
3109 2435 3178 2490 de
3230 2435 3440 2504 prioris
3495 2431 3652 2488 libelli
3695 2427 3804 2484 scri-

2203 2532 2382 2594 ptore,
2419 2526 2576 2594 cujus
2613 2523 2717 2579 alia
2766 2523 3030 2593 opuscula
3060 2537 3206 2578 nunc
3245 2523 3576 2593 investigare
3615 2529 3801 2574 necesse

2203 2622 2304 2669 est.

2272 2705 2359 2758 ιν.
2408 2705 2647 2759 Joannes
2694 2702 2748 2756 in
2797 2715 2896 2756 sua
2954 2700 3275 2770 praefatione
3343 2701 3412 2756 de
3469 2705 3687 2769 quatuor
3729 2701 3802 2748 aut

2203 2793 2444 2862 quinque
2511 2791 2792 2861 opusculis
2829 2791 2945 2845 suis
3007 2792 3351 2846 mentionem
3407 2789 3552 2844 facit.
3608 2786 3802 2841 Primum

2202 2888 2286 2936 est
2313 2883 2387 2935 De
2416 2881 2762 2935 institutione
2791 2880 2969 2934 viduae
2994 2901 3007 2945 ;
3040 2879 3093 2933 2.
3127 2881 3201 2934 De
3231 2879 3348 2934 vita
3374 2885 3429 2934 et
3461 2877 3689 2932 moribus
3713 2873 3803 2926 vir-

2203 2970 2386 3039 ginum
2414 2989 2428 3035 ;
2461 2969 2514 3022 3.
2555 2971 2631 3024 De
2671 2968 3136 3038 eleemosynarum
3187 2968 3636 3036 dispensatione;
3672 2961 3717 3014 4.
3746 2961 3803 3013 De

476 3053 570 3108 ille
626 3055 810 3121 fuerit,
875 3058 1098 3125 cujusve
1151 3059 1468 3114 monasterii
1525 3060 1715 3126 abbas,
1767 3060 1878 3128 jam
1921 3055 2116 3129 'inqui-
2138 3074 2179 3131 ο
2205 3058 2387 3113 divina
2417 3057 2911 3126 contemplatione;
2945 3057 2999 3110 5.
3034 3064 3088 3111 et
3117 3058 3191 3111 De
3221 3070 3468 3126 superna
3490 3049 3802 3109 Hierusalem.

477 3142 729 3198 rendum.

547 3232 694 3286 Duos
747 3232 968 3288 invenio
1023 3235 1262 3290 Joannes
1318 3235 1544 3292 abbates
1598 3249 1665 3292 eo
1721 3243 1969 3306 tempore
2009 3237 2119 3292 cla-

477 3318 741 3385 rissimos,
784 3327 839 3376 et
886 3322 1105 3391 quidem
1160 3323 1324 3380 Italos
1369 3325 1578 3391 ambos,
1629 3339 1824 3396 nempe
1853 3327 2117 3382 Joannem

473 3408 860 3474 Gualbertum,
928 3411 1364 3468 Vailumbrosani
1432 3414 1645 3468 ordinis
1701 3415 2114 3481 institutorem,

475 3498 632 3566 cujus
687 3497 834 3552 nulla
891 3501 1097 3569 scripta
1153 3502 1392 3568 invenio,
1452 3509 1508 3558 et
1561 3505 1824 3558 Joannem
1864 3505 2114 3558 abbatem

474 3586 933 3652 Fiscamnensem,
994 3589 1080 3644 cui
1143 3591 1328 3659 potius
1374 3605 1535 3660 quam
1575 3591 1732 3646 alteri
1772 3592 2116 3660 praecitatum

474 3675 738 3731 Libellum
779 3677 1129 3733 tribuendum
1195 3679 1468 3744 existimo,
1528 3680 1614 3734 his
1669 3679 1940 3735 adductus
1987 3693 2120 3735 con-

468 3764 720 3833 jecturis.
780 3766 961 3821 Primo
1010 3767 1285 3836 siquidem
1323 3775 1517 3824 auctor
1570 3784 1630 3824 se
1691 3768 1990 3824 identidem
2029 3769 2118 3823 ho-

473 3854 812 3920 muncionem,
849 3855 1228 3922 homunculum,
1269 3871 1489 3926 parvum
1529 3856 1875 3928 pusillumque
1930 3857 2066 3912 dicit
2099 3877 2110 3911 :

472 3941 711 3996 Joannes
776 3955 905 3997 vero
955 3943 1123 3998 abbas
1163 3945 1562 4000 Fiscamnensis
1618 3954 1826 4002 statura
1886 3946 2116 4016 pusillus

475 4034 612 4096 erat,
678 4030 746 4084 ab
814 4031 1054 4087 exilitate
1102 4034 1354 4102 corporis
1399 4035 1738 4090 Joannelinus
1785 4035 2112 4105 appellatus.

473 4117 701 4184 Deinde,
727 4132 836 4174 non
876 4121 992 4184 uni,
1023 4120 1121 4175 sed
1155 4121 1404 4190 pluribus
1443 4123 1792 4179 monasteriis
1823 4122 2117 4192 praefectus

473 4211 611 4273 erat,
669 4206 883 4262 scilicet
943 4208 1313 4265 Fiscamnensi
1370 4211 1602 4282 aliisque
1661 4212 1946 4267 Fiscamno
1986 4211 2116 4265 sub-

465 4295 650 4364 jectis,
709 4296 983 4366 simulque
1031 4299 1267 4354 abbatiae
1324 4314 1447 4370 qua:
1506 4301 1561 4355 in
1619 4301 1742 4356 loco
1809 4300 2116 4356 Erbrestein

2202 3147 2325 3200 Tria
2365 3146 2549 3214 priora
2587 3145 2788 3200 desunt
2838 3145 2893 3199 in
2943 3144 3134 3199 codice
3173 3145 3456 3211 Mettensi,
3497 3144 3550 3198 in
3591 3152 3690 3210 quo
3723 3134 3805 3190 alia

2201 3229 2575 3302 reperiuntur,
2630 3247 2754 3302 quae
2799 3247 2868 3288 an
2897 3233 3091 3288 Joanni
3139 3233 3442 3289 tribuenda
3487 3232 3612 3295 sint,
3665 3223 3805 3293 dispi-

2200 3321 2452 3376 ciendum
2483 3329 2586 3376 est.

2269 3412 2399 3476 Quae
2447 3411 2500 3464 in
2543 3409 2792 3464 Mettensi
2847 3408 3040 3465 codice
3088 3408 3467 3478 reperiuntur,
3526 3407 3625 3462 alia
3676 3413 3805 3457 manu

2200 3499 2394 3566 prima,
2435 3499 2538 3553 alia
2584 3499 2824 3554 secunda
2873 3498 3148 3566 descripta
3204 3506 3361 3552 sunt.
3414 3496 3586 3552 Prima
3622 3490 3806 3563 quidem

2199 3586 2419 3643 libellus
2450 3588 2602 3657 prior
2645 3588 2872 3642 Joannis
2918 3602 2982 3642 ac
3022 3587 3306 3655 posterior
3344 3601 3466 3642 cum
3507 3579 3808 3640 orationibus

2199 3677 2664 3746 subsequentibus
2692 3691 2866 3746 usque
2908 3675 2973 3730 ad
3007 3675 3396 3731 duodecimam
3429 3688 3572 3744 quae,
3610 3671 3736 3726 sicut
3765 3669 3808 3720 et

2199 3773 2514 3835 sequentes,
2547 3765 2869 3820 secundaria
2909 3778 3071 3819 manu
3110 3773 3337 3820 exarata
3378 3772 3481 3820 est.

2269 3856 2399 3921 Quae
2441 3854 2602 3924 primi
2649 3854 2867 3923 generis
2896 3861 3043 3919 sunt,
3088 3854 3271 3909 omnia
3340 3855 3416 3925 (si
3456 3847 3703 3907 'Willelmi
3735 3843 3811 3899 ab-

2200 3943 2342 3997 batis
2381 3942 2706 4008 orationem,
2739 3957 2864 4011 quae
2903 3943 3144 3997 auctoris
3177 3943 3260 3998 sui
3307 3957 3508 3999 nomen
3541 3936 3742 4009 praefert
3767 3933 3808 3985 in

2200 4031 2414 4096 codice,
2474 4029 2741 4100 excipias)
2783 4032 3047 4086 Joannem
3095 4036 3404 4088 auctorem
3456 4031 3649 4085 habere
3702 4018 3808 4077 mihi

2199 4119 2474 4183 videntur,
2542 4127 2771 4173 caeteras
2834 4132 2964 4175 vero
3031 4121 3315 4174 orationes
3381 4117 3618 4176 secunda
3679 4121 3811 4166 manu

2199 4208 2434 4276 scriptas
2481 4214 2670 4262 sancto
2718 4207 2974 4262 Anselmo
3023 4207 3223 4262 tribuo.
3259 4209 3324 4262 In
3371 4208 3458 4262 his
3506 4197 3812 4261 orationibus

2201 4303 2315 4351 tres
2378 4297 2731 4351 inveniuntur
2795 4297 2861 4351 ad
2919 4304 3159 4352 sanctam
3229 4297 3478 4362 Mariam,
3539 4307 3668 4363 quas
3717 4298 3814 4342 esse

470 4383 620 4439 dicto
671 4383 796 4439 sita.
835 4385 915 4441 Ad
946 4386 1066 4442 haec
1104 4389 1342 4444 Henrico
1382 4390 1451 4444 llI
1498 4389 1547 4444 is
1593 4395 1855 4458 acceptus
1892 4387 2013 4454 fuit,
2054 4392 2334 4456 utDputo
2383 4400 2476 4441 eas
2513 4386 2580 4441 de
2630 4385 2830 4455 quibus
2859 4388 3190 4442 mentionem
3239 4385 3376 4442 facit
3406 4384 3685 4441 Anselmus
3718 4377 3813 4443 ipse

466 4479 789 4544 argumento
829 4481 913 4530 est
971 4475 1300 4545 praefectura
1349 4477 1745 4544 Erbrestensis,
1779 4491 1941 4547 quam
1981 4490 2112 4532 con-

465 4561 698 4617 cedente
738 4563 978 4620 Henrico
1027 4565 1084 4619 in
1113 4566 1307 4621 Suevia
1356 4566 1616 4622 obtinuit.
1649 4567 1789 4622 Hinc
1827 4566 1917 4621 illa
1957 4565 2110 4620 fami-

469 4650 724 4706 liaritatis
753 4653 973 4709 occasio
1022 4668 1144 4709 cum
1173 4657 1403 4725 Agnete,
1455 4670 1579 4724 quae
1632 4655 1703 4711 ob
1747 4668 1864 4710 eam
1897 4667 2112 4709 causam

469 4741 887 4797 Fructuariense
955 4744 1342 4798 monasterium
1379 4786 1394 4810 ,
1470 4749 1660 4813 utpote
1735 4757 1767 4798 a
1826 4741 2112 4798 Guillelmo

472 4826 785 4883 Divionensi
851 4829 1070 4896 abbate,
1127 4831 1354 4886 Joannis
1411 4831 1745 4896 institutore,
1805 4829 2110 4895 conditum,

471 4915 778 4973 excoluisse
827 4918 1061 4975 videtur.
1104 4920 1276 4977 Porro
1330 4927 1548 4990 quantae
1588 4919 1858 4976 doctrinae
1904 4933 1968 4974 ac
2006 4919 2114 4972 vir-

473 5004 605 5060 tutis
633 5003 820 5072 fuerit,
862 5011 1095 5064 testatur
1120 5010 1360 5065 Joannes
1397 5008 1850 5080 chronograpbus
1874 5006 2115 5062 Divinio-

472 5095 658 5151 nensis
697 5095 957 5163 coenobii,
992 5097 1086 5153 ubi
1124 5098 1424 5154 monachus
1451 5097 1628 5153 fuerat
1645 5099 1885 5153 Joannes
1922 5097 2110 5162 abbas,

472 5183 541 5238 de
571 5196 638 5239 eo
689 5189 804 5240 tum
833 5185 1130 5256 superstite
1186 5201 1354 5258 agens
1390 5187 1447 5243 in
1476 5187 1623 5243 hunc
1651 5185 1908 5243 modum:
1945 5203 1974 5236 «
2015 5185 2115 5240 Hic

474 5271 629 5328 Italia
656 5274 904 5342 partibus
932 5276 1206 5332 Ravennae
1241 5280 1418 5345 ortus,
1466 5275 1668 5332 litteris
1715 5273 1986 5341 eruditus,
2049 5288 2114 5328 ac

473 5359 787 5417 medicinali
815 5370 932 5420 arte
972 5378 1070 5434 per
1107 5365 1282 5435 ipsius
1318 5364 1496 5421 Patris
1528 5364 1832 5434 jussionem
1861 5363 2112 5428 edoctus,

470 5448 746 5520 religiosa:
801 5453 1236 5511 conversationis
1281 5457 1422 5526 ejus,
1472 5455 1741 5511 doctrinae
1792 5466 2012 5525 quoque
2051 5466 2115 5508 ac

471 5538 712 5597 omnium
769 5542 1029 5622 virtutum
1085 5543 1259 5613 ipsius
1329 5557 1444 5614 pra
1490 5543 1705 5601 cunctis
1761 5541 1884 5598 aliis
1937 5539 2116 5596 extitit

2199 4477 2252 4531 in
2287 4477 2383 4530 lib.
2436 4490 2480 4542 I,
2519 4475 2752 4546 epistola
2791 4477 2880 4542 20,
2930 4477 2996 4532 ad
3037 4475 3391 4532 Condulfum.
3434 4474 3734 4532 Orationem
3764 4462 3814 4516 17

2197 4565 2550 4634 incipientem
2583 4564 2649 4618 ab
2689 4563 2775 4618 his
2830 4565 3031 4632 verbis,
3072 4567 3249 4620 Terret
3299 4581 3382 4619 me
3429 4565 3534 4618 vita
3566 4574 3690 4621 mea,
3727 4565 3817 4609 m6-

2198 4661 2374 4709 morat
2414 4653 2715 4721 tribuitque
2770 4653 3025 4709 Anselmo
3073 4653 3367 4709 Durandus
3396 4653 3568 4708 abbas
3615 4650 3666 4704 in
3696 4644 3816 4712 ejus-

2198 4741 2319 4796 dem
2361 4741 2486 4797 libri
2544 4741 2778 4810 epistola
2808 4741 2897 4794 61.
2947 4745 3027 4796 An
3075 4756 3204 4798 vero
3245 4743 3430 4798 oratio
3480 4740 3549 4795 ad
3595 4738 3812 4792 sanctum

2195 4831 2460 4886 Joannem
2527 4829 2912 4900 evangelistam
2987 4830 3165 4885 eidem
3220 4829 3486 4886 Anselmo
3554 4816 3818 4882 tribuenda

2197 4918 2288 4984 sit,
2339 4917 2564 4973 dubium
2597 4932 2681 4973 me
2714 4917 2952 4974 reddunt
2989 4919 3108 4975 haec
3146 4919 3311 4974 verba
3349 4940 3361 4972 :
3419 4937 3448 4969 «
3490 4917 3545 4972 Si
3592 4905 3818 4983 agnoscis

2198 5021 2396 5063 nomen
2426 5012 2598 5075 tuum,
2645 5020 2780 5078 rogo
2825 5013 2878 5062 te
2910 5022 3008 5076 per
3037 5009 3210 5078 ipsam
3249 5007 3630 5069 dilectionem,
3674 5008 3820 5068 agno-

2197 5109 2343 5151 scam
2382 5096 2437 5150 in
2477 5100 2626 5150 tanta
2681 5095 3008 5152 necessitate
3056 5095 3319 5152 auxilium
3371 5103 3547 5152 tuum.
3586 5094 3819 5147 Joannes,

2195 5186 2453 5250 Joannes,
2491 5203 2516 5233 ι)
2558 5190 2664 5238 etc.
2696 5185 2775 5240 Ex
2813 5184 3012 5255 quibus
3067 5186 3250 5240 verbis
3294 5185 3536 5254 aliisque
3595 5171 3823 5236 consimi-

2198 5273 2341 5328 libus
2369 5273 2685 5341 conjectura
2725 5280 2809 5330 est
2837 5272 3050 5330 auctori
3079 5287 3274 5330 nomen
3316 5271 3491 5328 fuisse
3520 5266 3727 5327 Joanni.

2267 5360 2346 5416 Ad
2393 5362 2658 5416 Joannem
2706 5363 2982 5432 pertinere
3025 5363 3300 5428 videntur,
3344 5369 3409 5417 ut
3439 5360 3576 5426 dixi,
3608 5368 3711 5414 non
3749 5362 3823 5406 so-

2199 5451 2306 5506 lum
2371 5449 2590 5506 libellus
2647 5453 2820 5522 prior,
2885 5453 2973 5508 cui
3037 5453 3264 5509 Joannis
3329 5449 3582 5507 auctoris
3645 5451 3821 5502 nomen

2198 5538 2492 5609 ascriptum
2551 5546 2654 5608 est,
2711 5541 2807 5597 sed
2865 5541 3025 5598 etiam
3085 5541 3301 5598 libellus
3364 5537 3662 5610 posterior,
3727 5539 3824 5587 tum
