4014 6176
254 316 346 370 449

1319 317 1637 373 LIBELLUS
1677 317 1967 373 PRECUM.
2009 345 2079 361 -ο-
2118 319 2486 378 ΡΒΑΞΡΑΤΙΟ.

3479 330 3586 385 450

237 442 378 494 etiam
400 437 797 506 subsequentes
822 441 1106 496 orationes
1138 455 1314 512 usque
1345 440 1413 496 ad
1449 441 1974 508 duodecimam,Aa
2025 445 2262 511 posteris
2309 447 2568 516 ascripta.
2622 445 2807 513 Neque
2854 457 2984 500 vero
3043 447 3298 503 Anselmo
3360 453 3584 525 indigna

244 535 452 596 excepta
483 527 732 582 oratione
766 527 1020 583 Willelmi
1056 529 1288 584 abbatis.

302 617 362 671 Et
399 615 613 685 quidem
664 616 882 671 libellus
927 620 1202 686 posterior
1231 621 1308 674 De
1337 618 1513 672 divina
1542 618 1863 690 contempta-

236 707 391 772 tione,
437 705 817 760 indubitanter
861 709 1058 762 Joanni
1110 709 1318 762 auctori
1371 708 1698 763 tribuendus
1754 715 1856 772 est,

238 795 284 849 in
323 794 470 862 cujus
515 792 693 848 fronte
742 793 834 848 hic
883 795 1074 850 titulus
1123 797 1322 865 legitur
1369 797 1422 850 in
1472 797 1663 852 codice
1713 811 1856 850 ms.:

235 886 356 950 Lege
398 887 443 936 et
488 883 639 937 istam
679 881 838 937 aliam
885 884 1190 949 oralionem,
1239 901 1352 954 qua:
1406 883 1562 939 simili
1609 886 1758 940 modo
1799 886 1862 939 de

237 972 395 1026 divina
431 972 862 1040 contemplatione
909 973 1050 1028 edita
1101 981 1196 1028 est.
1239 977 1377 1029 Nam
1411 975 1569 1030 multa
1599 975 1862 1045 reperiun-

233 1066 308 1115 tur
358 1063 408 1115 in
461 1061 564 1115 ista
622 1076 736 1132 qua:
790 1062 844 1116 in
898 1061 992 1117 illa
1047 1064 1314 1134 superiore
1369 1079 1473 1118 non
1519 1070 1656 1118 sunt.
1711 1063 1856 1118 idem

233 1150 421 1219 quippe
478 1150 752 1205 tractandi
818 1151 1034 1216 modus,
1100 1152 1360 1220 idemque
1427 1152 1565 1207 ordo
1627 1153 1681 1206 in
1751 1154 1857 1210 hoc

230 1239 507 1306 posteriori
567 1239 754 1294 libello
818 1246 1066 1295 servatur
1111 1255 1176 1296 ac
1228 1242 1282 1295 in
1335 1241 1525 1310 priori.
1577 1243 1859 1298 Posterior

227 1327 377 1391 enim,
435 1327 513 1381 uti
559 1334 613 1382 et
665 1329 834 1396 prior,
893 1329 1156 1384 dividitur
1203 1331 1257 1384 in
1311 1337 1422 1385 tres
1474 1340 1676 1399 partes,
1711 1347 1854 1401 qua-

226 1429 332 1469 rum
372 1416 545 1484 prima
595 1423 677 1470 est
724 1417 792 1470 de
842 1417 1130 1471 Divinitate
1161 1432 1224 1472 ac
1265 1419 1552 1484 Trinitate,
1585 1420 1755 1475 altera
1788 1422 1856 1476 de

222 1503 408 1557 Christi
441 1505 656 1558 Domini
687 1503 1044 1569 humanitate,
1079 1507 1240 1560 tertia
1269 1521 1394 1575 pars
1433 1515 1516 1562 est
1555 1508 1623 1562 de
1654 1510 1855 1564 Christi

223 1605 411 1647 amore.
467 1594 529 1646 In
579 1593 665 1647 his
708 1595 964 1648 omnibus
1010 1595 1077 1648 ad
1135 1595 1380 1664 singulas
1428 1603 1612 1666 partes
1664 1599 1718 1651 in
1780 1599 1852 1652 ti-

222 1680 325 1734 tulo
373 1681 754 1749 praescribitur
799 1682 1000 1751 aliquis
1049 1683 1308 1752 psalmus,
1344 1686 1422 1739 uti
1465 1686 1519 1739 in
1561 1687 1734 1754 priori
1778 1687 1852 1740 li-

1945 544 2033 585 res
2081 533 2320 600 putanda
2373 540 2494 598 est,
2546 541 2604 589 ut
2651 533 2876 588 Joannis
2930 533 3235 588 orationem
3283 540 3584 598 auctiorem

1942 619 2154 674 fecerit.
2208 623 2324 676 Non
2369 623 2512 677 enim
2561 637 2677 677 eam
2722 622 2825 675 sibi
2867 630 3156 692 propterea
3182 622 3498 695 vindicavit,
3531 641 3588 685 et

1943 707 2212 774 ejusmodi
2263 711 2607 765 orationibus
2649 710 2990 764 manualibus
3019 718 3074 766 et
3101 713 3440 780 quotidianis
3471 718 3588 772 cui-

1905 797 1912 804 ‘
1941 808 2048 862 que
2089 803 2343 864 tanquam
2375 799 2491 852 suis
2530 799 2609 852 uti
2659 799 2806 863 licet,
2842 799 2954 853 sive
2984 799 3259 866 addendo,
3306 802 3418 857 sive
3447 803 3584 858 sub-

1944 882 2212 938 trahendo
2260 886 2408 953 quod
2458 885 2624 940 fuerit
2662 894 3050 955 opportunum.
3093 888 3320 943 Accedit
3349 892 3497 960 quod
3530 892 3586 947 in

1943 985 2004 1025 ea
2052 974 2302 1028 oratione
2354 974 2614 1044 pleraque
2663 976 2768 1030 alia
2816 975 3075 1030 differunt
3121 991 3151 1030 a
3201 979 3392 1034 codice
3429 981 3590 1036 Joan-

1942 1060 2046 1124 nis,
2098 1075 2165 1114 ex
2212 1061 2414 1130 quibus
2461 1062 2571 1117 duo
2631 1069 2839 1117 tantum
2881 1072 3072 1119 notare
3115 1066 3287 1134 juvat.
3347 1068 3586 1124 Primum

1940 1150 2007 1204 ad
2040 1149 2131 1204 illa
2161 1149 2345 1215 verba,
2381 1151 2473 1204 ubi
2507 1151 2707 1220 legitur
2735 1153 2791 1206 in
2835 1152 3000 1207 editis
3042 1173 3053 1207 :
3111 1175 3136 1202 «
3187 1156 3386 1212 Mundo
3418 1158 3586 1214 corde

1941 1239 2143 1293 valeam
2176 1239 2274 1293 tibi
2305 1237 2522 1293 offerre.
2560 1259 2586 1289 »
2617 1241 2843 1294 Joannis
2873 1242 3048 1295 codex
3078 1243 3243 1297 habet
3269 1264 3280 1297 :
3321 1266 3345 1292 α
3387 1247 3586 1302 Mundo

1939 1327 2109 1382 corde
2161 1327 2410 1396 quotidie
2457 1327 2662 1382 valeam
2715 1328 2815 1382 tibi
2863 1329 3081 1384 offerre.
3137 1351 3163 1379 ››
3213 1332 3456 1388 Alterum
3505 1341 3589 1390 est

1937 1416 2040 1470 sub
2080 1416 2238 1470 tinem
2271 1415 2559 1480 orationis,
2592 1431 2716 1485 quae
2761 1417 2867 1470 hoc
2913 1417 3076 1473 modo
3124 1419 3330 1476 desinit
3377 1423 3432 1477 in
3473 1423 3590 1478 edi-

1939 1505 2044 1559 tis:
2084 1526 2108 1553 ‹‹
2141 1505 2220 1559 Ad
2255 1519 2478 1575 regnum
2511 1511 2660 1560 tuum
2696 1507 3029 1574 perveniam,
3055 1507 3147 1562 ubi
3180 1523 3289 1564 non
3313 1510 3366 1565 in
3393 1519 3590 1582 myste-

1938 1593 2056 1659 riis,
2093 1594 2235 1647 sicut
2284 1595 2337 1648 in
2390 1594 2493 1648 hoc
2538 1602 2783 1662 tempore
2839 1595 3038 1662 agitur,
3076 1597 3172 1650 sed
3221 1596 3359 1652 facie
3397 1600 3464 1653 ad
3512 1599 3591 1655 fa-

1938 1683 2074 1737 ciem
2124 1691 2176 1737 te
2221 1683 2546 1747 videbimus,
2589 1697 2711 1737 cum
2761 1682 3056 1738 tradideris
3104 1699 3331 1753 regnum
3383 1689 3494 1742 Deo
3534 1696 3589 1743 et

224 1768 392 1834 bello;
445 1783 571 1838 qua:
611 1771 792 1825 omnia
840 1771 1092 1826 eumdem
1145 1779 1384 1842 arguunt
1432 1780 1735 1828 auctorem.
1790 1775 1844 1828 ld
1869 1772 2270 1836 BPatri,etc.»
2294 1773 2382 1826 Sic
2399 1786 2526 1826 vero
2547 1771 2690 1840 apud
2711 1773 3003 1826 Joannem:
3032 1773 3161 1826 «Ad
3185 1787 3412 1844 regnum
3431 1779 3584 1830 tuum

220 1857 412 1912 diserte
462 1857 750 1914 confirmat
799 1860 1122 1928 posterioris
1171 1859 1332 1929 hujus
1380 1860 1504 1915 libri
1545 1861 1714 1917 editio
1758 1865 1852 1918 Pa-

221 1947 354 2000 risiis
391 1961 539 2002 anno
584 1946 738 2012 1539,
772 1949 914 2018 apud
949 1951 1310 2004 Vascosanum
1359 1951 1644 2016 adornata,
1686 1959 1850 2021 atque

217 2035 264 2088 in
303 2041 416 2090 tres
467 2043 677 2106 partes,
728 2037 870 2092 sicut
919 2038 973 2092 in
1023 2037 1216 2094 codice
1265 2040 1538 2106 Mettensi,
1589 2040 1850 2096 distincta

213 2124 306 2177 sub
354 2125 463 2180 hoc
515 2125 672 2181 titulo
712 2145 724 2180 :
777 2127 1041 2196 Confessio
1089 2125 1378 2195 theologica
1417 2128 1580 2183 tribus
1616 2130 1852 2198 partibus

211 2211 469 2269 absoluta.
530 2215 696 2284 Cujus
744 2213 1110 2270 confessionis
1157 2224 1436 2271 auctorem
1485 2219 1846 2284 Vascosanus,

207 2307 293 2355 aut
323 2301 471 2356 alius
500 2303 790 2372 quispiam,
825 2317 892 2357 ex
921 2303 1314 2372 marginalibus
1344 2305 1672 2374 quibusdam
1703 2307 1851 2362 velut

202 2388 548 2459 fugientibus
602 2393 805 2445 veteris
861 2392 944 2444 sui
1002 2392 1328 2461 exemplaris
1383 2393 1850 2449 adnotatiunculis

199 2476 577 2546 deprehendit
615 2477 781 2532 fuisse
809 2478 1016 2532 dictum
1043 2481 1330 2545 Joannem,
1362 2483 1511 2549 quod
1543 2482 1612 2536 de
1640 2484 1849 2538 Joanne

192 2565 471 2619 Cassiano
500 2579 784 2634 perperam
816 2567 1210 2634 interpretatus
1238 2575 1342 2621 est.

272 2654 332 2706 In
391 2655 648 2708 oratione
696 2654 935 2708 secunda
987 2655 1060 2708 De
1106 2655 1245 2709 vitiis
1291 2661 1338 2709 et
1387 2656 1679 2722 virtutibus,
1728 2673 1851 2726 quae

199 2741 391 2797 libello
436 2743 733 2810 posteriori
775 2743 1063 2812 subjuncta
1104 2751 1206 2810 est,
1239 2752 1434 2800 auctor
1467 2760 1496 2799 a
1528 2748 1638 2800 Deo
1669 2754 1853 2815 postu-

200 2830 271 2885 lat
309 2832 520 2886 mentis
569 2833 880 2900 puritatem,
924 2833 1001 2886 uti
1047 2834 1152 2887 sibi
1201 2835 1453 2902 corporis
1483 2835 1850 2904 integritatem

202 2929 557 2978 concesserat
612 2921 678 2976 ab
734 2925 846 2993 ipso
900 2923 1192 2993 pubertatis
1247 2931 1491 2996 tempore.
1556 2927 1672 2980 Huc
1728 2939 1850 2980 sen-

204 3012 398 3065 tentias
431 3011 695 3080 quasdam
746 3009 914 3066 refert
962 3026 1028 3067 ex
1074 3014 1324 3068 oratione
1355 3021 1526 3080 sexta,
1569 3029 1692 3084 qua:
1722 3022 1846 3069 ante

1939 1860 2270 1930 perveniam,
2322 1861 2414 1915 ubi
2467 1860 2606 1916 facie
2654 1860 2720 1914 ad
2771 1859 2964 1915 faciem
3015 1867 3068 1915 te
3118 1861 3445 1918 videbimus.
3493 1865 3584 1918 ln-

1935 1950 2094 2003 terim
2126 1949 2230 2004 hoc
2260 1949 2528 2018 agendum
2553 1991 2568 2016 ,
2615 1949 2720 2004 hoc
2751 1955 2901 2004 certe
2933 1948 3397 2019 frequentandum
3429 1965 3586 2007 com-

1937 2037 2205 2092 mendasti
2256 2039 2518 2092 Ecclesiae
2543 2081 2557 2102 ,
2608 2051 2897 2106 quousque
2927 2038 3115 2093 venias
3144 2039 3200 2094 iu
3232 2039 3338 2095 ﬁne
3369 2041 3580 2107 saeculi,

1936 2126 2157 2193 quando
2205 2127 2311 2181 erit
2359 2133 2672 2182 sanctorum
2719 2127 2958 2195 requies,
3011 2140 3118 2182 non
3168 2127 3348 2184 adhuc
3397 2130 3453 2184 in
3500 2144 3585 2184 sa-

1935 2222 2236 2280 cramento,
2298 2230 2409 2284 quo
2468 2217 2524 2270 in
2585 2223 2833 2284 tempore
2893 2215 3284 2271 consociantur
3342 2217 3585 2273 membra

1935 2308 2048 2366 tua,
2099 2304 2340 2372 quandiu
2390 2304 2600 2358 bibitur
2646 2304 2793 2372 quod
2843 2303 2913 2358 de
2956 2303 3129 2359 latere
3170 2310 3264 2360 tuo
3306 2307 3581 2362 manavit:

1934 2392 2033 2446 sed
2075 2395 2186 2461 jam
2236 2395 2290 2448 in
2341 2394 2460 2462 ipsa
2512 2390 2853 2462 perfectione
2901 2391 3096 2447 salutis
3141 2398 3403 2459 aeternae,
3463 2409 3585 2448 cum

1935 2480 2230 2535 tradideris
2286 2495 2511 2550 regnum
2561 2483 2671 2536 Deo
2721 2487 2776 2535 et
2828 2482 2994 2545 Patri,
3046 2481 3101 2535 in
3153 2481 3246 2536 illa
3297 2482 3587 2550 perspicua

1936 2571 2400 2638 contemplatione
2456 2571 2531 2625 tui
2579 2570 3044 2625 incommutabilis
3085 2571 3371 2637 veritatis,
3421 2571 3588 2626 nullis

1937 2657 2212 2724 mysteriis
2276 2671 2552 2726 egeamus.
2621 2659 2770 2711 Tunc
2831 2657 2975 2712 enim
3029 2671 3113 2712 me
3172 2657 3240 2712 de
3309 2663 3361 2712 te
3427 2660 3588 2712 satia-

1937 2744 2043 2810 bis,
2078 2764 2106 2795 »
2147 2753 2252 2800 etc.
2285 2748 2554 2800 Caeterum
2587 2760 2696 2800 non
2727 2745 2888 2800 facile
2921 2747 2974 2800 in
3004 2747 3245 2801 animum
3278 2747 3584 2801 induxerim

1934 2835 2196 2888 Joannem
2226 2877 2239 2899 ,
2308 2835 2400 2902 qui
2452 2849 2518 2888 ex
2567 2833 2808 2902 antiquis
2856 2835 3108 2888 Patribus
3143 2876 3157 2899 ,
3225 2835 3454 2888 maxime
3521 2849 3588 2889 ex

1933 2923 2258 2991 Augustino,
2299 2923 2506 2991 scripta
2536 2937 2632 2976 sua
2683 2921 2915 2987 derivat,
2967 2922 3265 2992 quidquam
3313 2922 3585 2978 delibasse

1935 3025 2001 3065 ex
2032 3011 2308 3076 Anselmo,
2343 3013 2438 3079 qui
2485 3013 2694 3065 Joanne
2743 3023 2874 3065 sene
2919 3012 3138 3079 juvenis
3183 3017 3320 3066 erat.
3372 3012 3585 3082 Quippe

204 3099 416 3154 missam
469 3099 706 3154 dicenda
755 3100 1152 3168 praescribitur,
1189 3109 1242 3156 et
1291 3102 1344 3156 in
1377 3093 2219 3172 consequentibusCAnselmus
2266 3112 2534 3154 annorum
2567 3113 2712 3152 xxvu
2745 3097 2922 3153 factus
2951 3104 3034 3153 est
3082 3099 3242 3154 Becci
3280 3101 3583 3156 monachus

201 3201 313 3242 sese
343 3188 678 3244 monachum
710 3188 914 3257 prodit.

265 3279 457 3332 Oratio
513 3279 676 3332 tertia
725 3276 921 3346 incipit
967 3277 1034 3331 ab
1085 3277 1172 3332 his
1199 3278 1381 3333 verbis
1423 3299 1434 3333 :
1486 3278 1658 3334 Multa
1688 3280 1848 3348 igitur

199 3371 307 3420 sunt
354 3364 849 3436 contemplationum
899 3380 1108 3434 genera,
1161 3373 1291 3432 etc.,
1343 3367 1544 3436 quibus
1590 3368 1848 3423 consimi-

202 3453 266 3508 lia
311 3455 582 3525 leguntur
617 3456 676 3509 in
707 3455 920 3510 Alcuini
960 3455 1306 3511 confessione
1345 3455 1710 3518 Chiftletiana,
1744 3458 1846 3512 sub

201 3542 350 3600 finem
402 3544 588 3615 partis
634 3545 844 3613 prima},
896 3551 950 3598 et
1005 3545 1149 3614 apud
1198 3545 1548 3610 Anselmum;
1609 3553 1663 3599 at
1722 3552 1848 3614 post

201 3639 303 3686 tres
339 3641 435 3688 aut
479 3639 725 3702 quatuor
760 3647 951 3687 versus
998 3633 1146 3688 nulla
1197 3640 1280 3687 est
1329 3647 1451 3688 cum
1491 3633 1613 3687 istis
1650 3640 1846 3688 aucto-

197 3720 339 3776 ribus
377 3722 793 3777 convenientia.

257 3810 443 3866 Oratio
495 3816 654 3864 sexta
701 3817 828 3864 ante
876 3809 1093 3864 missam
1145 3808 1416 3874 dicenda,
1479 3810 1635 3878 cujus
1693 3823 1850 3864 exor-

196 3894 376 3967 dium,
446 3900 665 3954 Summe
719 3899 1004 3961 sacerdos,
1073 3898 1279 3954 nullum
1346 3899 1588 3954 auctoris
1646 3912 1844 3954 nomen

200 3988 409 4052 praefert
455 3989 526 4043 in
567 3987 759 4042 codice
803 3989 1071 4044 Mettensi.
1125 3989 1276 4043 Hanc
1305 3987 1397 4042 alii
1427 3988 1717 4043 Ambrosio
1751 3989 1846 4042 tri-

201 4072 380 4143 buunt,
435 4077 541 4132 alii
591 4075 884 4142 Anselmo;
936 4077 1068 4130 mihi
1116 4090 1247 4131 vero
1298 4077 1493 4132 Joanni
1553 4077 1845 4132 tribuenda

197 4163 423 4220 videtur.
476 4167 648 4220 Certe
696 4177 764 4218 ex
810 4177 872 4217 ea
921 4164 1221 4220 identidem
1270 4166 1572 4220 sententias
1618 4166 1844 4222 adducit

198 4249 429 4309 Joannes
469 4255 539 4308 in
577 4251 766 4306 libello
812 4252 1125 4320 posteriori,
1177 4254 1231 4307 in
1282 4254 1530 4309 oratione
1577 4255 1839 4320 secunda,

203 4341 489 4397 undecima
547 4347 599 4396 et
647 4342 701 4395 in
751 4340 907 4406 aliis;
955 4348 1009 4396 et
1056 4341 1198 4410 apud
1229 4342 1538 4396 Anselmum
1580 4343 1845 4412 prolixior

1929 3201 2074 3242 anno
2140 3187 2481 3256 1060,130st
2548 3188 2827 3242 biennium
2887 3189 3041 3257 prior
3097 3189 3412 3258 quindecim
3478 3204 3582 3245 an-

1929 3291 2067 3341 nos;
2129 3277 2298 3331 abbas
2353 3277 2482 3331 dein
2531 3290 2676 3332 anno
2744 3276 2896 3341 1077,
2949 3277 3045 3346 qui
3092 3278 3320 3332 Joannis
3366 3278 3584 3333 abbatis

1931 3366 2330 3421 Fiscamnensis
2377 3365 2587 3420 obitum
2638 3366 2944 3434 praecessit.
3007 3367 3084 3419 Ex
3133 3366 3335 3433 quibus
3384 3367 3586 3420 verisi-

1929 3457 2114 3511 milius
2169 3455 2425 3518 efficitur,
2469 3455 2781 3509 Anselmum
2831 3455 3081 3522 quaedam
3135 3469 3166 3508 a
3219 3456 3429 3508 Joanne
3478 3454 3583 3510 ho-

1932 3546 2077 3599 mine
2135 3558 2265 3598 sene
2324 3549 2626 3598 mutuatum
2685 3541 2853 3596 fuisse
2889 3583 2902 3606 ,
2969 3555 3130 3609 quam
3195 3543 3461 3596 Joannem
3517 3558 3584 3598 ex

1931 3632 2187 3688 Anselmo
2212 3631 2441 3700 juniori.
2476 3631 2541 3684 Et
2571 3629 2791 3698 quidem
2836 3628 3106 3698 Prologus
3134 3629 3322 3683 decem
3350 3630 3583 3685 Medita-

1935 3721 2144 3775 tionum
2193 3719 2337 3788 apud
2368 3717 2702 3782 Anselmum,
2737 3717 2933 3772 ordine
2974 3717 3242 3785 tantisper
3271 3717 3580 3783 immutato,

1931 3814 2193 3877 acceptus
2223 3813 2307 3862 est
2357 3821 2424 3861 ex
2469 3807 2678 3860 Joanne
2726 3805 2782 3860 in
2832 3805 3004 3860 libelli
3055 3805 3380 3874 posterioris
3429 3814 3582 3876 parte

1932 3898 2114 3961 tertia,
2166 3897 2244 3951 uti
2295 3901 2348 3951 et
2394 3901 2560 3964 caput
2609 3894 2864 3964 primum.
2896 3894 3210 3950 earumdem
3269 3895 3581 3952 Meditatio-

1930 4001 2058 4042 num
2109 4000 2176 4040 ex
2223 3992 2376 4054 parte
2427 3985 2597 4052 prima
2647 3984 2890 4052 ejusdem
2941 3983 3137 4049 libelli,
3171 3985 3386 4040 tametsi
3419 3985 3580 4042 etiam

1929 4076 1986 4130 in
2024 4075 2237 4129 Alcuiui
2285 4070 2641 4128 Confessione
2691 4071 3037 4127 Chiftletiana
3089 4073 3459 4141 reperiuntur.
3510 4078 3580 4130 At

1928 4178 2056 4220 vero
2107 4164 2350 4218 Joannes
2395 4161 2452 4215 in
2502 4160 2638 4216 locis
2694 4161 2995 4231 praecitatis
3051 4175 3117 4216 ex
3169 4161 3272 4216 hac
3329 4163 3579 4218 oratione

1926 4259 2078 4309 sexta
2127 4252 2255 4306 hinc
2285 4251 2414 4307 inde
2445 4264 2634 4305 versus
2681 4249 2982 4310 interserit,
3017 4250 3095 4303 uti
3145 4249 3288 4304 solet
3326 4265 3394 4304 ex
3443 4264 3576 4319 pro-

1930 4343 2094 4411 priis;
2123 4338 2269 4409 quod
2303 4344 2623 4408 argumento
2655 4341 2738 4391 est
2767 4349 2887 4390 eum
2921 4335 3084 4403 hujus
3110 4335 3378 4390 orationis
3406 4342 3576 4392 sextae

202 4437 276 4484 est
305 4445 364 4486 ea
401 4431 590 4488 oratio
624 4437 746 4499 post
776 4430 868 4484 illa
906 4430 1090 4495 verba,
1130 4431 1184 4484 in
1233 4434 1718 4486 commemoratione
1754 4407 1910 4488 tuaD
1932 4445 2052 4486 esse
2083 4428 2445 4485 conditorem.

196 4533 285 4587 pro
321 4521 502 4576 salute
541 4525 740 4573 nostra.
782 4521 912 4573 Nam
948 4533 1072 4588 quae
1120 4524 1426 4588 sequuntur
1467 4520 1610 4588 apud
1656 4521 1846 4576 Ansel-

202 4619 336 4664 mum
385 4616 442 4665 et
494 4610 552 4663 in
601 4608 724 4662 aliis
770 4607 934 4662 editis
981 4607 1138 4662 libris
1187 4621 1356 4676 usque
1395 4607 1462 4661 ad
1513 4607 1676 4662 haec:
1719 4611 1843 4664 Peto

199 4696 525 4754 clementiam
566 4703 707 4750 tuam
735 4738 749 4760 ,
803 4701 859 4750 ut
902 4696 1180 4750 descendat
1223 4709 1380 4766 super
1419 4710 1608 4766 panem
1655 4703 1702 4750 et
1759 4713 1846 4751 ca-

199 4783 358 4854 licem,
411 4795 552 4852 etc.,
603 4785 748 4855 apud
794 4787 1056 4841 Joannem
1105 4785 1323 4851 desunt,
1357 4784 1720 4854 videnturque
1768 4786 1846 4840 al-

198 4875 363 4930 terius
392 4889 526 4932 esse
564 4875 825 4939 auctoris,
861 4875 955 4943 qui
986 4872 1353 4944 episc0palem
1385 4872 1627 4927 fidelium
1658 4888 1842 4929 curam

200 4959 471 5019 habuerit.
528 4964 824 5032 Superiora
872 4965 1015 5017 enim
1065 4961 1328 5032 singulari
1378 4975 1628 5026 numero,
1670 4962 1749 5017 uti
1789 4969 1844 5018 et

198 5054 530 5118 posteriora,
563 5051 773 5120 profert
811 5057 1002 5106 auctor
1045 5071 1056 5105 :
1109 5051 1228 5105 haec
1256 5064 1386 5105 vero
1433 5051 1757 5107 intermedia
1785 5053 1842 5107 in

197 5138 463 5206 pluralem
497 5141 662 5196 vertit
709 5140 1096 5210 interpolator,
1147 5153 1375 5207 oramus,
1414 5154 1680 5208 rogamus,
1731 5149 1837 5197 etc.

195 5229 268 5283 Ad
318 5231 444 5287 hinc
496 5243 598 5300 pro
638 5230 870 5300 singulis
909 5229 1188 5284 hominum
1233 5230 1528 5298 generibus
1556 5230 1662 5285 sibi
1694 5245 1842 5286 com-

196 5317 392 5386 missis,
442 5333 546 5387 pro
594 5325 917 5375 cunctorum
967 5317 1387 5373 necessitatibus
1433 5327 1574 5386 orat,
1619 5324 1680 5374 ut
1717 5321 1839 5390 epi-

193 5419 411 5476 scopus.
464 5408 608 5477 Ergo
658 5407 775 5463 haec
823 5405 1000 5462 oratio
1029 5410 1307 5460 auctorem
1351 5405 1516 5461 habet
1551 5409 1836 5475 Joannem,

192 5501 281 5548 aut
327 5502 490 5551 certe
537 5496 702 5552 alium
751 5502 911 5552 aetate
959 5494 1340 5564 superiorem;
1389 5494 1837 5562 amplificatorem

189 5596 317 5641 vero
348 5583 589 5642 forsitan
619 5590 868 5642 sanctum
895 5583 1245 5652 Anselmum;
1279 5581 1350 5638 ob
1385 5581 1552 5653 idque
1582 5586 1838 5644 Anselmo

1999 4519 2185 4574 Oratio
2215 4530 2379 4581 nona,
2413 4529 2536 4584 qua:
2569 4512 2855 4582 prolixior,
2889 4509 2995 4580 piis
3043 4509 3330 4565 affectibus
3374 4509 3574 4566 referta

1929 4612 2030 4667 est,
2056 4612 2110 4660 et
2139 4603 2304 4658 multa
2337 4602 2537 4672 repetit
2565 4615 2631 4656 ex
2658 4600 2884 4656 Joannis
2914 4597 3103 4653 libello
3126 4598 3317 4667 priori,
3343 4599 3573 4654 maxime

1928 4707 2057 4747 vero
2115 4694 2232 4747 haec
2285 4691 2469 4755 verba,
2521 4689 2721 4758 quibus
2776 4703 2835 4743 se
2891 4686 3276 4742 deﬂoratorem
3335 4685 3568 4754 probat:

1930 4800 1957 4832 ‹‹
2000 4781 2152 4836 Unde
2183 4779 2315 4835 mihi
2345 4779 2498 4835 valde
2551 4777 2686 4834 libet
2733 4777 2801 4832 de
2849 4782 2903 4831 te
2952 4775 3123 4844 loqui,
3157 4774 3226 4830 de
3265 4781 3318 4829 te
3356 4773 3568 4843 audire,

1928 4870 1996 4925 de
2027 4879 2079 4924 te
2110 4869 2311 4939 legere,
2344 4868 2412 4923 de
2442 4874 2496 4922 te
2526 4867 2791 4930 scribere,
2822 4863 2890 4919 de
2923 4870 2975 4918 te
3005 4862 3257 4918 conferre
3302 4882 3314 4918 :
3363 4870 3422 4918 ut
3467 4864 3570 4918 sub

1927 4959 2143 5014 dulcem
2190 4957 2435 5013 umbram
2482 4955 2816 5012 sinceritatis
2865 4959 2972 5008 tua:
3021 4952 3323 5022 ingressus,
3354 4952 3422 5007 ab
3471 4952 3572 5007 hu-

1921 5052 2012 5120 jus
2038 5047 2226 5104 sazculi
2257 5045 2554 5102 mstibusin
2585 5045 2665 5100 tui
2696 5041 2964 5113 refrigerii
2996 5048 3428 5112 temperamento
3449 5040 3571 5096 abs-

1925 5137 2152 5195 condar.
2220 5137 2393 5204 Hujus
2453 5133 2532 5188 rei
2597 5131 2772 5202 gratia
2831 5130 3148 5186 umbrosum
3213 5135 3454 5186 montem
3515 5136 3570 5186 et

1926 5227 2262 5284 condensum
2311 5220 2609 5287 adscendo,
2641 5234 2852 5276 amoma
2901 5225 3054 5289 prata
3100 5218 3397 5288 perlustro,
3431 5219 3565 5275 viri-

1924 5318 2177 5373 dissimas
2220 5311 2628 5369 sententiarum,
2663 5309 2863 5364 herbas
2909 5308 3143 5378 legendo
3191 5322 3396 5378 carpo,
3450 5308 3564 5366 fre-

1923 5402 2238 5477 quentando
2285 5401 2522 5464 rumino,
2565 5397 2838 5454 exarando
2887 5409 3184 5467 congrego,
3227 5404 3286 5452 ut
3322 5399 3564 5455 suavita-

1922 5502 2032 5552 tem
2080 5491 2390 5548 dulcedinis
2437 5495 2492 5544 et
2549 5487 2832 5542 charitatis
2886 5493 2994 5541 tua:
3036 5499 3296 5555 reponam
3344 5488 3400 5543 in
3456 5489 3564 5544 alta

1920 5585 2052 5644 sede
2083 5581 2360 5641 memoriae
2389 5593 2546 5637 mete.
2582 5598 2609 5631 »
2640 5576 2738 5636 His
2766 5575 3072 5636 consimilia
3105 5576 3300 5636 scribit
3325 5579 3564 5638 Joannes
