4044 6180
448 326 546 380 451

1582 320 1858 376 JOANNIS
1897 319 2372 377 FISCAMNENSIS
2408 320 2683 374 ABBATIS

3708 318 3812 372 452

440 451 500 504 in
561 455 713 519 parte
762 446 1004 502 secunda
1043 446 1170 501 libri
1213 445 1414 514 prioris
1454 464 1466 500 :
1519 463 1547 493 (ί
1598 444 1756 500 Libet
1785 457 1914 500 sane
1945 443 2014 499 de
2045 444 2442 504 teAtationum
2493 442 2640 498 nulla
2683 443 3030 500 inveniuntur
3075 458 3240 513 supra
3293 443 3519 499 Joannis
3573 449 3808 506 aetatem,

445 539 616 608 loqui,
648 538 717 592 de
762 544 814 591 te
863 536 1073 601 audire,
1120 535 1188 589 de
1239 540 1292 589 te
1326 534 1592 598 scribere,
1625 533 1693 588 de
1733 540 1785 590 te
1815 532 2085 596 conferre,

443 631 512 685 de
561 635 652 683 tua
706 626 1046 682 beatitudine
1095 633 1150 680 et
1197 625 1369 693 gloria
1399 624 1602 679 cotidie
1635 624 1836 692 legere,
1867 630 1922 677 et
1951 623 2090 678 lecta

443 719 645 786 saepius
696 715 797 770 sub
847 714 1013 769 corde
1064 713 1342 768 revolvere
1386 732 1397 766 :
1451 718 1509 765 ut
1546 711 1629 765 vel
1668 713 1749 766 sic
1789 712 1990 780 possim
2021 713 2087 767 ab

443 808 604 876 hujus
653 804 899 859 mortalis
945 810 998 858 et
1041 803 1296 872 periturae
1328 802 1451 856 vitae
1483 801 1794 866 ardoribus,
1829 800 2090 869 periculis

445 904 498 951 et
545 895 841 950 sudoribus
869 894 970 947 sub
1011 899 1120 947 tua:
1149 891 1329 946 vitalis
1377 905 1525 945 aurae
1556 890 1716 944 dulce
1746 888 2088 959 refrigerium

447 985 699 1046 transire,
732 989 786 1036 ct
819 981 1090 1036 transiens
1119 980 1172 1033 in
1204 980 1325 1033 sinu
1359 985 1452 1032 tuo
1492 976 1690 1032 fessum
1741 983 1904 1044 caput
1953 977 2091 1032 dor-

448 1073 678 1127 miturus
725 1070 805 1124 vel
867 1069 1144 1138 paululum
1204 1067 1488 1121 reclinare.
1548 1068 1721 1134 Hujus
1773 1066 1850 1120 rei
1915 1067 2089 1134 gratia

443 1167 751 1216 sanctarum
791 1159 1193 1226 Scripturarum
1235 1170 1446 1210 ammna
1487 1161 1639 1224 prata
1676 1153 1976 1223 ingredior,
2011 1155 2090 1209 vi-

445 1249 744 1303 ridissimas
805 1247 1197 1301 sententiarum
1277 1243 1475 1298 herbas
1549 1241 1824 1297 exarando
1885 1256 2085 1310 carpo,

443 1337 676 1406 legendo
726 1335 976 1401 comedo,
1026 1331 1427 1402 frequentanda
1476 1331 1712 1395 rumino,
1746 1337 1909 1400 atque
1948 1344 2086 1387 con-

441 1425 718 1496 gregando
769 1424 984 1478 tandem
1041 1423 1095 1476 in
1153 1422 1260 1475 alta
1314 1421 1593 1475 memoriae
1647 1419 1778 1474 sede
1835 1432 2082 1487 repono:

443 1521 502 1568 ut
553 1514 646 1568 tali
698 1512 861 1567 modo
911 1517 1002 1566 tua
1051 1510 1342 1565 dulcedine
1385 1509 1690 1578 degustata,
1725 1508 1902 1562 minus
1930 1508 2088 1562 istius

445 1601 764 1656 miserrima:
796 1601 920 1654 vitae
965 1597 1357 1652 amaritudines
1381 1598 1632 1651 sentiam.
1681 1617 1704 1645 ιι
1765 1596 1863 1650 Ubi
1903 1596 2088 1651 videas

441 1697 720 1744 auctorem
793 1689 1060 1743 orationis
1133 1700 1293 1741 nona:
1369 1700 1434 1740 ex
1508 1684 1810 1740 imitatione
1887 1684 2087 1752 prioris

2173 533 2268 586 sed
2301 533 2481 587 omnia
2515 532 2840 600 posteriora.

2243 621 2405 676 Liber
2434 620 2843 676 Mcditationum
2876 621 3126 690 pluribus
3155 628 3370 677 constat
3409 621 3655 690 partibus
3683 634 3714 676 a
3753 637 3810 677 se

2173 710 2420 765 divulsis.
2482 711 2656 766 Prima
2713 725 2840 779 pars
2885 718 2968 766 est
3015 726 3046 766 a
3102 711 3281 779 capite
3335 709 3353 762 ι
3403 709 3471 765 ad
3527 709 3625 775 10,
3687 725 3811 779 quae

2171 799 2392 866 quidem
2442 799 2717 868 reperitur
2770 800 2913 869 apud
2963 799 3270 854 Anselmum
3299 841 3312 866 ,
3371 798 3671 867 eademque
3730 804 3814 853 est

2171 901 2293 942 cum
2337 888 2588 943 oratione
2625 888 2688 941 10
2715 888 2860 957 apud
2907 890 3167 943 Joannem
3196 931 3210 953 ,
3257 887 3536 942 nonnullis
3564 887 3812 942 versibus

2172 978 2399 1032 resectis
2430 985 2552 1046 post
2583 978 2674 1031 illa
2707 978 2890 1043 verba,
2939 979 2993 1030 in
3035 977 3246 1031 odorem
3293 982 3663 1044 unguentorum
3700 981 3814 1030 tuo-

2170 1081 2280 1120 rum
2313 1065 2551 1132 dulciter,
2585 1067 2785 1136 quibus
2814 1066 2918 1122 alia
2948 1066 3136 1121 subdit
3181 1065 3355 1121 codex
3399 1065 3645 1130 Joannis,
3687 1079 3811 1134 quae

2171 1156 2582 1210 Meditationum
2615 1156 3030 1210 consarcinator
3054 1155 3307 1223 imperite
3336 1153 3593 1209 detraxit.

2240 1245 2489 1299 Secunda
2521 1258 2646 1313 pars
2675 1243 3082 1298 Meditationum
3114 1250 3197 1298 est
3222 1258 3250 1296 a
3281 1243 3460 1312 capite
3490 1241 3552 1294 12
3583 1243 3724 1311 (nam
3751 1240 3806 1296 ll

2171 1340 2407 1401 quatuor
2451 1333 2712 1388 duntaxat
2741 1332 2989 1387 versibus
3035 1338 3313 1397 constans,
3359 1331 3811 1401 glorificationem

2170 1428 2378 1476 tantum
2425 1421 2704 1477 Trinitatis
2749 1421 3012 1489 continet)
3060 1435 3231 1488 usque
3270 1420 3338 1474 ad
3385 1434 3506 1488 cap.
3537 1417 3628 1483 33,
3663 1418 3815 1473 exhi-

2172 1512 2372 1579 betque
2429 1511 2565 1564 duas
2624 1509 2838 1578 priores
2893 1516 3076 1578 partes
3128 1515 3184 1563 et
3241 1509 3472 1578 primum
3519 1508 3808 1562 articulum

2171 1599 2349 1655 tertiae
2399 1600 2570 1668 partis
2619 1598 2822 1668 prioris
2874 1598 3068 1663 libelli,
3118 1612 3280 1667 quem
3335 1600 3573 1653 Joannes
3616 1598 3808 1667 Agneti

2170 1689 2504 1757 imperatrici
2562 1687 2914 1756 nuncupavit,
2967 1693 3198 1757 excepto
3257 1685 3458 1756 hymno
3510 1687 3587 1740 De
3641 1683 3810 1751 gloria

443 1778 614 1832 libelli
673 1778 791 1831 haec
845 1776 1009 1830 verba
1059 1789 1341 1844 usurpare,
1390 1782 1449 1828 ut
1495 1788 1554 1828 se
1602 1779 1980 1842 excerptorem
2031 1771 2149 1828 etB
2170 1776 2438 1842 Paradisi,
2489 1790 2649 1846 quem
2698 1775 3112 1836 consarcinator
3163 1783 3287 1845 post
3333 1782 3498 1844 caput
3550 1773 3620 1826 25
3672 1773 3810 1830 inse-

441 1866 826 1921 deﬂoratorem
876 1863 1072 1933 probet
1115 1884 1126 1918 :
1179 1870 1233 1917 at
1283 1876 1390 1918 non
1432 1863 1504 1917 ita
1545 1876 1664 1916 esse
1695 1862 1876 1917 verbis
1913 1861 2084 1916 libelli

442 1955 642 2025 prioris
688 1954 988 2019 addictum,
1040 1959 1098 2007 ut
1145 1965 1208 2006 ea
1256 1950 1324 2006 de
1355 1951 1522 2006 verbo
1567 1950 1813 2006 studiose
1862 1949 2083 2006 referat.

439 2043 592 2111 Quod
641 2048 962 2112 argumento
1010 2046 1127 2105 est,
1179 2038 1427 2094 eumdem
1479 2039 1763 2108 utriusque
1812 2053 1933 2094 esse
1983 2053 2085 2093 au-

440 2141 670 2199 ctorem,
705 2145 813 2187 non
844 2145 972 2186 vero
1007 2129 1329 2184 alterutrum
1360 2128 1463 2182 hac
1483 2129 1539 2183 in
1567 2135 1720 2197 parte
1743 2129 1899 2192 quasi
1921 2127 2084 2183 alieni

439 2222 624 2290 operis
661 2220 1084 2283 defloratorem;
1137 2220 1294 2287 cujus
1339 2216 1578 2272 officium
1627 2225 1710 2272 est
1757 2217 1994 2287 syllabas
2031 2223 2086 2272 et

438 2310 601 2364 verba
649 2309 880 2364 aliorum
926 2307 994 2362 ad
1047 2320 1330 2362 numerum
1377 2305 1602 2362 referre.
1658 2306 1858 2361 Eadem
1898 2306 2088 2361 obser-

438 2398 581 2453 vatio
613 2398 774 2453 etiam
805 2398 927 2452 aliis
957 2395 1301 2452 orationibus
1328 2394 1638 2449 adhibenda
1669 2401 1771 2460 est,
1805 2395 1859 2448 in
1887 2394 2086 2463 quibus

439 2487 601 2542 simili
634 2487 798 2542 modo
829 2486 1034 2541 eaedem
1065 2483 1352 2540 sententiae
1374 2483 1440 2538 ad
1463 2497 1704 2549 sensum,
1729 2498 1850 2552 qua:
1873 2483 1928 2538 in
1950 2484 2086 2539 duo-

439 2575 542 2630 bus
581 2575 783 2630 libellis
830 2580 1066 2640 exstant,
1116 2586 1224 2628 non
1274 2587 1492 2642 semper
1536 2573 1603 2627 ad
1635 2572 1800 2628 verba
1837 2572 2084 2628 studiose

441 2671 784 2734 repetuntur.

509 2754 696 2808 Oratio
740 2752 1027 2807 undecima
1075 2751 1130 2804 in
1180 2751 1373 2805 codice
1401 2751 1625 2805 Joannis
1659 2764 1758 2818 pro
1788 2751 2083 2819 gratiarum

441 2844 659 2898 actione
707 2842 775 2897 de
825 2840 1108 2896 beneficiis
1157 2839 1377 2905 divinis,
1429 2839 1700 2908 incipiens
1735 2839 1803 2893 ab
1842 2839 1927 2894 his
1957 2854 2084 2894 ver-

439 2932 542 2997 bis,
591 2932 727 3002 Spcs
772 2945 907 2994 mea,
959 2929 1158 2985 Christe
1206 2930 1363 2993 Deus,
1411 2935 1542 2993 etc.,
1593 2927 1824 2982 habetur
1861 2929 2080 2996 quidem

435 3021 579 3089 apud
633 3019 990 3082 Anselmum,
1060 3027 1250 3086 estque
1318 3016 1614 3084 alloquium
1683 3016 1762 3071 1'2.
1812 3021 1878 3070 At
1933 3025 2082 3072 certe

2169 1865 2295 1920 ruit.

2239 1953 2473 2010 Tertiam
2519 1959 2727 2022 partem
2784 1952 3195 2009 Meditationum
3243 1952 3446 2009 definio
3493 1953 3672 2022 capite
3719 1951 3807 2014 34,

2167 2041 2317 2110 quod
2343 2041 2485 2097 idem
2515 2050 2600 2097 est
2629 2056 2750 2097 cum
2781 2043 3032 2098 oratione
3059 2043 3113 2107 4,
3145 2057 3270 2112 quae
3317 2043 3372 2097 in
3418 2041 3608 2098 codice
3653 2043 3811 2097 Joan-

2170 2133 2255 2186 nis
2284 2131 2426 2186 libro
2458 2131 2752 2200 posteriori
2783 2131 3038 2200 adjuncta
3067 2138 3170 2187 est.

2237 2221 2437 2286 Quarta
2489 2233 2615 2289 pars
2659 2220 3071 2276 Meditationum
3119 2218 3504 2289 complectitur
3541 2225 3707 2288 caput
3741 2216 3810 2270 35

2170 2322 2291 2363 cum
2323 2309 2540 2364 duobus
2570 2310 3069 2378 subsequentibus;
3117 2309 3318 2378 quibus
3364 2308 3702 2377 respondent
3730 2321 3810 2362 ar-

2172 2397 2325 2453 ticuli
2373 2399 2667 2464 secundus,
2721 2399 2935 2464 tertius,
2986 2404 3212 2468 quartus
3259 2403 3314 2453 et
3360 2398 3585 2467 quintus
3633 2397 3808 2452 tertiae

2169 2487 2341 2556 partis
2395 2487 2567 2542 libelli
2617 2489 2817 2557 prioris
2861 2487 3006 2556 apud
3052 2489 3358 2553 Joannem,
3409 2486 3655 2555 exceptis
3706 2485 3809 2541 fine

2168 2576 2383 2630 articuli
2411 2577 2591 2645 quarti
2619 2577 2687 2631 ab
2719 2577 2804 2632 his
2833 2577 3034 2641 verbis,
3083 2575 3318 2632 Dormiat
3365 2575 3612 2631 menwria
3651 2588 3808 2638 nica;

2169 2671 2223 2720 et
2271 2666 2428 2721 initio
2466 2667 2768 2735 sequentis,
2801 2680 2924 2736 qua:
2955 2663 3363 2721 Meditationum
3396 2662 3810 2719 consarcinator

2167 2755 2425 2810 resecuit.

2237 2845 2433 2910 Quinta
2461 2859 2588 2914 pars
2606 2843 3016 2899 Meditationum
3049 2849 3264 2899 constat
3292 2842 3470 2912 capite
3499 2840 3589 2906 38,
3613 2847 3809 2910 estque

2167 2933 2342 2988 oratio
2373 2941 2561 2988 octava
2592 2934 2647 2988 in
2677 2933 2869 2988 codice
2897 2933 3139 2988 Joannis.

2235 3024 2396 3076 Sexta
2427 3036 2552 3090 pars
2582 3023 2830 3078 continet
2858 3023 3037 3092 capita
3066 3021 3136 3074 34
3163 3029 3219 3080 et
3257 3021 3328 3074 40
3372 3020 3807 3084 Meditationum,

430 3108 626 3163 Joanni
677 3107 862 3175 potius
911 3105 1201 3159 tribuenda
1252 3111 1338 3159 est
1383 3120 1543 3173 quam
1585 3106 1860 3160 Auselmo.
1912 3107 1970 3160 lu
2014 3097 2287 3179 evauze
2317 3111 2516 3166 desunt
2543 3111 2686 3180 apud
2707 3113 2992 3176 Joannem,
3026 3117 3227 3179 praeter
3245 3125 3434 3166 versus
3463 3123 3571 3165 non
3606 3123 3810 3177 paucos

427 3195 702 3266 siquidem
748 3199 942 3249 auctor
989 3193 1215 3263 gratiam
1257 3208 1286 3247 a
1334 3195 1444 3247 Deo
1494 3194 1733 3262 postulat
1781 3193 1895 3249 loca
1936 3211 2080 3250 com-

426 3286 609 3350 missa,
661 3283 714 3338 id
766 3291 850 3338 est
897 3282 1230 3336 monasteria
1280 3281 1506 3350 regendi
1546 3283 1683 3345 (nam
1733 3282 1904 3337 abbas
1965 3290 2080 3337 erat

429 3373 683 3442 quisquis
712 3372 803 3426 ille
835 3371 958 3438 luit,
1001 3377 1059 3425 ut
1089 3385 1156 3425 ex
1199 3370 1466 3424 orationis
1500 3371 1643 3425 serie
1674 3370 1886 3440 liquido
1917 3371 2078 3427 colli-

429 3461 624 3532 gitur).
676 3464 742 3516 At
786 3474 916 3516 vero
946 3459 1233 3514 Anselmus
1280 3473 1444 3513 unum
1495 3461 1766 3515 Becccuse
1801 3466 2079 3516 monaste-

428 3551 590 3616 rium,
621 3551 860 3606 Joannes
891 3548 1000 3604 duo
1030 3548 1431 3603 administravit
1454 3549 1642 3604 abbas.
1677 3549 1781 3604 Sed
1811 3563 1936 3604 cum
1966 3547 2078 3604 fere

430 3639 672 3710 aequales
721 3638 924 3694 fuerint
969 3641 1209 3693 Joannes
1255 3645 1310 3692 et
1359 3639 1663 3706 Anselmus,
1705 3639 1850 3694 facili
1887 3652 2077 3694 errore

432 3744 555 3798 quae
589 3728 818 3784 alterius
847 3735 1024 3795 erant,
1056 3741 1158 3786 nec
1188 3729 1432 3783 auctoris
1460 3728 1826 3798 praeferebant
1855 3743 2075 3795 nomen,

431 3817 589 3872 alteri
611 3817 847 3886 supponi
879 3823 1127 3886 potuere.

506 3907 564 3959 V.
623 3907 739 3959 Jam
798 3919 926 3960 vero
983 3907 1028 3958 si
1091 3912 1198 3959 tam
1256 3905 1494 3974 priorem
1549 3905 1776 3959 Joannis
1831 3905 2075 3961 libellum

431 4009 594 4064 quam
659 3996 945 4065 sequentia
1010 3995 1273 4064 opuscula
1339 3994 1683 4051 conferamus
1747 4011 1868 4052 cum
1934 3999 2075 4054 libro

437 4083 848 4138 Meditationum
896 4083 989 4152 qui
1057 4084 1158 4138 sub
1214 4084 1434 4138 nomine
1489 4084 1773 4152 Augustini
1830 4086 2076 4155 vulgatus

427 4178 530 4238 est,
564 4171 752 4228 eadem
778 4173 834 4227 in
869 4172 1116 4241 utrisque
1146 4173 1215 4228 de
1246 4172 1412 4227 verbo
1453 4172 1686 4242 repetita
1714 4173 2071 4243 inveniemus,

426 4263 613 4331 itaque
666 4275 850 4332 operte
908 4261 1142 4331 pretium
1193 4274 1277 4316 me
1326 4260 1591 4316 facturum
1651 4261 1872 4330 putavi,
1931 4278 2076 4319 eum-

425 4364 534 4420 que
584 4351 772 4405 harum
816 4349 1229 4405 adnotationum
1287 4347 1519 4404 fructum
1579 4349 1710 4404 mihi
1768 4353 2070 4420 proposui,

429 4445 491 4496 ut
539 4449 660 4495 uter
697 4446 891 4495 auctor
921 4440 989 4494 ab
1021 4439 1194 4494 altero
1227 4439 1345 4494 haec
1384 4445 1661 4494 mutuatus
1690 4441 1780 4506 sit,
1809 4441 2069 4508 aperiam.

428 4529 591 4598 Atqui
632 4530 688 4583 in
727 4529 868 4583 libro
907 4528 1318 4584 Meditationum
1350 4529 1744 4598 Augustiniano
1789 4528 2070 4584 manifesta

426 4626 695 4687 apparent
752 4617 1000 4688 plagiarii
1053 4624 1108 4672 et
1166 4618 1630 4672 consarcinatoris
1687 4618 1910 4674 indicia.
1970 4619 2070 4673 Ni-

425 4707 622 4762 mirum
651 4707 740 4762 hic
773 4706 912 4761 liber
943 4705 1191 4776 pluribus
1221 4713 1436 4762 constat
1488 4706 1735 4775 partibus
1777 4707 1915 4762 male
1967 4722 2067 4763 co-

423 4796 761 4851 haerentibus
797 4803 853 4851 et
897 4796 1166 4862 consutis,
1215 4809 1338 4864 quae
1387 4794 1607 4863 quidem
1645 4795 1874 4865 singula:
1924 4811 2066 4865 prie-

425 4883 588 4941 clara:
619 4891 746 4940 sunt
785 4887 940 4955 juxta
982 4900 1046 4940 ac
1093 4885 1220 4955 piae,
1264 4890 1320 4939 at
1364 4883 1523 4939 simul
1568 4883 1839 4954 colligata:
1868 4899 2069 4956 corpus

424 4972 564 5028 male
608 4978 921 5028 contextum
971 4978 1424 5042 compactumque
1475 4971 1736 5028 efﬁciunt.
1797 4975 1927 5028 Nam
1975 4974 2066 5029 di-

419 5077 574 5118 versa
623 5062 950 5118 inconcinne
989 5063 1045 5118 in
1095 5076 1259 5118 unum
1308 5069 1699 5132 congeruntur,
1752 5078 1874 5132 quae
1921 5065 2065 5134 apud

420 5152 692 5207 Joannem
713 5152 817 5207 rite
843 5153 898 5207 in
921 5157 1105 5221 partes
1133 5151 1424 5208 distributa
1455 5157 1600 5207 sunt.
1638 5154 1844 5209 Deinde
1875 5154 1930 5208 in
1952 5156 2064 5209 Me-

420 5241 781 5296 ditationlbus
827 5240 1089 5296 nonnulla
1130 5241 1576 5297 intermiscentur
1603 5243 1739 5298 citra
1770 5242 2062 5310 delectum,

421 5344 543 5386 cum
591 5330 972 5400 superioribus
1017 5345 1081 5386 ac
1119 5331 1583 5401 subsequentibus
1611 5332 1750 5387 male
1786 5333 2066 5388 conteren-

421 5421 518 5488 tia,
550 5435 672 5490 quae
714 5421 910 5476 Joanni
941 5419 1159 5490 desunt.
1194 5421 1272 5476 Ad
1321 5421 1440 5476 haec
1469 5435 1592 5490 quae
1622 5421 1883 5477 continua
1921 5422 2064 5478 serie

424 5509 567 5579 apud
598 5511 857 5566 Joannem
893 5510 1166 5582 leguntur,
1191 5510 1384 5566 mediis
1415 5511 1642 5566 resectis
1670 5511 1892 5567 obtorto
1921 5511 2066 5568 collo

422 5599 711 5670 conjungit
757 5601 1191 5657 consarcinator.
1236 5600 1481 5671 Denique
1528 5600 1859 5670 exemplaria
1903 5601 2069 5660 Medi.

2165 3200 2361 3269 capitis
2409 3200 2499 3266 40,
2550 3201 2749 3269 quibus
2805 3199 3123 3256 consimiles
3178 3199 3434 3270 leguntur
3479 3200 3534 3254 in
3581 3200 3809 3254 Joannis

2163 3289 2414 3344 oratione
2445 3289 2706 3344 secunda.

2234 3379 2477 3448 Denique
2509 3379 2740 3448 septima
2770 3393 2896 3448 pars
2935 3379 3320 3448 complectitur
3349 3382 3510 3450 caput
3538 3377 3603 3432 41
3645 3377 3810 3434 Medi-

2162 3468 2451 3534 tationum,
2494 3477 2686 3537 estque
2736 3469 2924 3523 eadem
2965 3483 3086 3524 cum
3126 3469 3406 3524 Mettensis
3444 3467 3656 3524 codicis
3687 3481 3807 3522 ora-

2164 3557 2312 3612 tione
2347 3558 2427 3623 15,
2470 3573 2594 3628 quae
2623 3556 2878 3612 Anselmo
2909 3559 2965 3612 in
2995 3557 3152 3612 libris
3177 3556 3340 3613 editis
3372 3556 3652 3614 tribuitur.

2233 3649 2308 3700 Ex
2357 3646 2459 3701 hac
2497 3647 2793 3702 collatione
2841 3645 3124 3702 manifeste
3176 3646 3466 3702 coniicitur
3519 3645 3594 3710 id,
3657 3643 3804 3714 quod

2162 3733 2426 3789 hactenus
2483 3734 2968 3790 demonstrandum
3021 3735 3262 3802 suscepi,
3311 3733 3525 3789 scilicet
3581 3732 3805 3788 Medita-

2161 3821 2368 3878 tionum
2401 3823 2752 3900 collectorem
2783 3837 2851 3878 ex
2879 3823 3044 3878 variis
3068 3824 3295 3878 Joannis
3324 3821 3606 3891 opusculis
3634 3834 3801 3877 unum

2159 3924 2363 3980 corpus
2410 3911 2822 3966 Meditationum
2875 3912 3236 3980 compegisse,
3285 3911 3532 3980 exceptis
3580 3923 3690 3966 uno
3746 3917 3802 3964 et

2159 4001 2334 4056 altero
2365 4001 2641 4070 capitulis,
2673 4016 2737 4056 ac
2768 4001 2999 4070 proinde
3026 4003 3235 4056 Joanne
3260 4014 3380 4055 esse
3413 4001 3798 4069 posteriorem.

2158 4092 2346 4160 Itaque
2394 4092 2475 4146 sic
2524 4105 2612 4146 res
2665 4091 2997 4160 processisse
3045 4089 3279 4144 videtur.
3327 4091 3566 4144 Joannes
3595 4103 3663 4144 ex
3705 4091 3802 4144 Pa-

2158 4181 2354 4245 tribus,
2387 4180 2615 4235 maxime
2645 4194 2711 4234 ex
2740 4179 3040 4248 Augustino
3078 4185 3134 4234 et
3177 4178 3407 4234 Alcuino
3431 4219 3445 4243 ,
3497 4179 3802 4234 sententias

2157 4268 2506 4337 decerpendo
2531 4309 2544 4334 ,
2596 4267 2812 4322 libellos
2851 4281 3072 4336 precum
3101 4266 3254 4323 .duos
3295 4266 3539 4336 aliasque
3595 4269 3803 4323 oratio-

2159 4373 2256 4413 nes
2285 4357 2611 4426 composuit.
2644 4358 2772 4412 Hazc
2811 4363 2870 4411 ut
2911 4355 2979 4410 ad
3011 4369 3226 4411 manum
3259 4355 3505 4421 haberet,
3536 4358 3801 4412 continua

2155 4447 2298 4501 serie
2346 4446 2484 4501 male
2523 4447 2732 4517 digesta
2782 4447 2836 4500 in
2887 4459 3050 4500 unum
3094 4445 3316 4515 collegit
3352 4445 3552 4514 aliquis
3580 4459 3801 4500 consar-

2154 4535 2387 4590 cinator.
2438 4535 2567 4601 Quia
2616 4534 2890 4598 collectio,
2925 4533 3054 4601 quia
3082 4535 3369 4604 Augustini
3416 4535 3634 4604 genium
3671 4548 3800 4589 sen-

2153 4625 2464 4693 tentiasque
2512 4623 2801 4688 referebat,
2843 4623 3147 4693 Augustino
3194 4638 3224 4678 a
3275 4624 3512 4692 posteris
3557 4624 3796 4693 ascripta

2151 4718 2254 4768 est.
2296 4713 2430 4780 Quia
2475 4713 2532 4766 in
2580 4727 2639 4768 re
2692 4713 2879 4768 nescio
2932 4726 3042 4782 quo
3079 4710 3190 4768 fato
3231 4713 3289 4768 id
3330 4713 3526 4768 Joanni
3567 4713 3794 4778 accidit,

2150 4802 2298 4872 quod
2332 4816 2398 4857 ne
2428 4801 2705 4857 accideret
2731 4799 2977 4856 studiose
3015 4807 3350 4870 praecaverat
3377 4801 3434 4856 in
3465 4800 3793 4859 Praafatione

2149 4891 2276 4946 libri
2310 4891 2528 4960 prioris,
2559 4893 2822 4960 Agnetem
2851 4893 3144 4960 Augustam
3175 4890 3500 4958 obtestatus,
3524 4891 3602 4946 uti
3633 4890 3794 4948 daret

2151 4995 2372 5050 operam
2405 4994 2472 5035 ne
2502 4980 2626 5048 quis
2671 4978 3018 5034 librariorum
3049 4977 3255 5047 scripta
3283 4993 3382 5034 sua
3408 4979 3645 5046 vitiaret,
3677 4979 3791 5036 sive

2149 5069 2357 5140 aliquid
2387 5067 2672 5130 addendo,
2703 5081 2800 5123 seu
2843 5067 3217 5123 subtrahendo
3243 5109 3259 5135 ,
3288 5075 3382 5124 aut
3409 5068 3788 5136 immutando;

2149 5174 2272 5228 quae
2319 5157 2674 5213 nihilominus
2719 5156 2902 5212 omnia
2949 5170 3146 5225 passus
3187 5163 3272 5213 est
3308 5171 3340 5213 a
3377 5157 3789 5216 Meditationum

2149 5247 2527 5317 compilatore.

2220 5340 2285 5392 At
2331 5335 2457 5405 quis
2498 5334 2718 5391 tandem
2766 5334 2857 5391 ille
2901 5335 3272 5406 compilator?
3305 5335 3465 5393 Certe
3496 5349 3607 5394 non
3631 5333 3789 5394 facile

2149 5432 2232 5482 est
2276 5423 2525 5480 definire.
2586 5425 2978 5481 Lovanensium
3027 5439 3258 5482 censura
3304 5426 3424 5482 haec
3475 5433 3559 5482 est
3607 5448 3624 5480 :
3683 5430 3789 5483 Au-

2148 5521 2260 5571 ctor
2286 5520 2382 5581 est,
2415 5513 2496 5569 vel
2540 5513 2719 5571 beatus
2746 5517 3083 5585 Auguslinus,
3115 5515 3196 5571 vel
3223 5517 3310 5587 qui
3337 5516 3448 5586 ejus
3489 5515 3650 5572 libros
3688 5532 3788 5573 non

2147 5602 2476 5674 indiligenter
2524 5601 2666 5673 legit.
2724 5602 2886 5673 Atqui
2927 5604 3040 5674 jam
3093 5605 3350 5676 superius
3395 5604 3781 5674 demonstravi,
