4014 6176
239 279 328 334 453

1307 278 1631 335 LIBELLUS
1667 275 1960 334 PRECUM.
2002 306 2072 318 -—
2112 279 2475 336 PROLOGUS.

3465 281 3572 338 454

241 407 360 460 hanc
385 401 766 460 collectionem
824 402 937 459 fere
988 404 1254 474 integram
1303 403 1591 459 conﬂatam
1639 417 1760 458 esse
1790 409 1922 466 exA
1943 404 2068 459 Cum
2093 405 2227 459 veris
2256 409 2303 460 et
2326 407 2579 476 perfectis
2605 405 2768 460 servis
2811 406 2913 460 tuis
2950 427 2968 469 ,-
3011 407 3276 463 collector
3314 413 3580 481 reposuit.

238 491 495 562 opusculis
529 493 757 548 Joannis
815 493 1052 560 abbatis,
1111 493 1206 563 qui
1244 492 1529 563 Augustini
1569 493 1858 547 sententiis

237 581 514 638 identidem
570 597 700 637 usus
771 587 873 637 est.
923 584 1041 637 Non
1099 595 1230 650 ergo
1281 581 1614 650 Augustinus
1667 581 1856 636 harum

238 671 624 726 Meditationum
678 677 891 737 auctor,
942 671 1039 726 sed
1097 670 1298 740 aliquis
1326 670 1465 724 alius
1492 671 1702 724 Joanne
1733 684 1858 738 pos-

235 760 406 815 terior.
439 760 694 814 Anselmo
733 773 851 814 eam
884 759 1076 813 tribuit
1131 758 1465 827 Theophilus
1520 758 1854 822 Rainaudus,

234 849 322 903 hac
371 848 641 903 adductus
690 849 901 903 ratione
960 847 1106 916 quod
1176 847 1442 902 nonnulla
1504 860 1569 900 ex
1617 846 1857 901 Anselmi

231 937 468 1007 genuinis
511 937 666 992 libris
721 937 1007 1004 desumpta
1052 938 1182 990 sint.
1230 938 1424 991 Verum
1488 949 1665 1003 neque
1740 935 1858 990 haec

231 1026 356 1080 ratio
401 1025 458 1080 id
500 1025 719 1092 evincit,
771 1039 948 1094 neque
998 1033 1102 1079 tam
1152 1024 1390 1078 Anselmi
1435 1037 1596 1093 quam
1634 1023 1860 1078 Joannis

227 1113 425 1168 abbatis
463 1114 686 1183 scriptis
733 1119 948 1168 constat
1003 1113 1122 1168 hmc
1171 1112 1450 1168 collectio.
1498 1114 1686 1181 Neque
1727 1126 1858 1166 sane

227 1202 542 1273 crediderim
590 1202 922 1267 Anselmum,
978 1201 1254 1256 hominem
1303 1207 1534 1265 tantum,
1582 1215 1649 1254 ex
1688 1201 1854 1254 meris

225 1299 498 1347 auctorum
530 1291 820 1360 aequalium
870 1290 1065 1360 plagiis
1103 1289 1276 1345 libros
1304 1289 1737 1353 consarcinasse,
1765 1289 1858 1357 qui

227 1394 286 1434 ex
344 1381 584 1450 propriis
633 1379 837 1450 ingenii
906 1379 990 1433 sui
1049 1377 1292 1433 fontibus
1357 1377 1580 1446 propria
1619 1377 1858 1432 condere

226 1477 372 1523 natus
400 1475 559 1535 erat;
591 1475 705 1534 aut,
738 1468 783 1522 si
833 1467 887 1522 id
921 1473 1206 1531 tentasset,
1251 1473 1357 1521 tam
1391 1465 1528 1520 male
1559 1479 1674 1520 rem
1706 1480 1861 1520 exse-

225 1565 466 1613 cuturum
543 1556 728 1612 fuisse.
796 1556 1055 1624 Quisquis
1109 1568 1239 1610 vero
1293 1555 1560 1610 collector
1616 1554 1708 1609 ille
1766 1554 1856 1619 sit,

223 1654 361 1702 certe
418 1645 722 1701 monachus
786 1643 908 1698 fuit.
960 1645 1128 1713 Cujus
1175 1644 1254 1698 rei
1313 1649 1692 1713 argumentum
1754 1651 1857 1708 est,

1940 508 2051 546 cum
2085 493 2218 548 veris
2247 497 2295 548 et
2319 494 2564 564 perfectis
2602 493 2884 561 monachis,
2936 509 3152 565 quorum
3202 499 3418 566 vestigia
3471 501 3583 558 imi-

1941 583 2046 636 tari
2068 597 2281 652 nequeo.
2314 589 2420 638 etc.

2010 671 2278 725 Caeterum
2310 671 2355 725 si
2386 672 2510 740 quis
2554 671 2651 725 has
2691 671 3068 727 Meditaliones
3106 679 3160 727 et
3198 673 3494 740 auctiores,
3526 681 3581 730 et

1941 756 2365 823 emendatiores,
2419 766 2584 828 atque
2631 759 2769 813 adeo
2818 759 3030 814 meliori
3089 760 3283 815 ordine
3339 761 3582 831 digestas

1941 844 2142 900 habere
2173 846 2424 911 voluerit,
2459 847 2709 902 consulat
2738 847 2984 903 codicem
3015 849 3354 915 Mettensem,
3385 851 3441 905 in
3469 863 3579 918 quo

1941 932 2212 987 habentur
2241 935 2504 1004 opuscula
2541 936 2768 990 Joannis
2809 936 3041 1002 abbatis,
3073 944 3132 991 ut
3162 937 3380 1006 quidem
3423 947 3576 1008 puto,

1944 1021 2359 1086 Fiscamnensis.
2411 1026 2568 1092 cujus
2615 1024 2878 1092 epistolas
2921 1031 3030 1080 tres
3060 1024 3286 1080 inferius
3325 1025 3576 1082 referam.

2014 1112 2185 1175 Nunc,
2236 1112 2491 1180 quoniam
2524 1120 2635 1166 tum
2683 1113 2738 1166 in
2779 1114 3060 1180 opusculis
3095 1116 3340 1182 Joannis,
3382 1123 3493 1171 tum
3527 1119 3580 1172 in

1942 1199 2386 1254 Meditationibus
2445 1199 2853 1269 Augustinianis
2900 1203 3251 1270 reperiuntur
3315 1205 3582 1272 permulta

1943 1303 2065 1358 qum
2105 1288 2293 1344 itidem
2333 1295 2549 1343 exstant
2586 1290 2640 1342 in
2671 1288 3030 1345 Confessione
3071 1292 3218 1358 ﬁdei,
3243 1293 3344 1348 sub
3365 1295 3580 1350 Alcuini

1943 1377 2162 1432 nomine
2202 1391 2309 1432 non
2351 1377 2424 1431 ita
2465 1377 2674 1445 pridem
2722 1377 2957 1447 vulgata,
2983 1381 3134 1447 juvat
3164 1394 3440 1450 exponere
3479 1384 3584 1440 hoc

1946 1464 2068 1520 loco
2101 1479 2224 1534 qua:
2273 1464 2376 1533 ipsi
2424 1463 2768 1519 Confessioni
2819 1465 3157 1522 illustrandae
3197 1472 3415 1540 assequi
3451 1473 3582 1528 mihi

1945 1555 2117 1609 licuit.
2153 1554 2295 1622 (Qua:
2323 1553 2406 1607 hic
2434 1553 2498 1607 de
2527 1553 2858 1623 Confessione
2887 1555 3201 1611 Alcuiniana
3231 1561 3585 1628 expositurum

1944 1658 2002 1698 se
2049 1643 2122 1697 ait
2180 1641 2536 1709 Mabillonius,
2576 1643 2646 1697 ad
2693 1641 2886 1697 calcem
2934 1645 3056 1698 torui
3112 1645 3496 1714 Analeclorum,
3532 1654 3585 1704 ut

224 1733 361 1804 quod
392 1734 449 1788 in
488 1747 613 1804 cap.
646 1733 682 1786 6
709 1732 1144 1799 Meditationum,
1196 1732 1287 1788 ubi
1329 1734 1566 1788 Joannes
1626 1731 1790 1788 habet
1839 1722 1928 1786 :B
1940 1731 2260 1804 prolixiora,
2290 1732 2506 1786 seorsim
2538 1731 2678 1786 edita
2705 1735 2868 1795 sunt.)

1083 1993 1841 2123 JOANNIS

3495 1883 3588 1895 .-

1944 1991 2705 2121 ABBATIS

1613 2204 2205 2308 PROLOGUS,

219 2350 326 2414 Ad
374 2352 857 2436 imperatricem
883 2352 1161 2418 viduam
1191 2353 1466 2417 Henrici
1505 2350 1944 2434 imperatoris,
2104 2371 2265 2436 opus
2305 2373 2578 2436 precum
2610 2353 2958 2418 variarum
2996 2372 3038 2415 a
3063 2372 3128 2416 se
3157 2353 3585 2435 compositum

1687 2461 1764 2503 eae
1793 2440 1990 2503 Patri
2027 2462 2125 2503 us.

1687 2461 1764 2503 em
1793 2440 2125 2506 Patribus.

276 2623 503 2680 Dudum
550 2625 794 2694 quidem,
836 2625 1054 2680 domina
1114 2625 1454 2694 imperatrix,
1515 2624 1613 2678 tibi
1674 2629 1862 2693 petere

203 2711 417 2781 placuit
452 2721 514 2767 ut
561 2728 628 2768 ex
665 2714 964 2782 Scripturis
1022 2713 1336 2783 colligerem
1386 2712 1695 2767 luculentos
1743 2713 1863 2766 bre-

199 2816 406 2871 vesque
437 2816 752 2868 sermones,
785 2802 841 2856 in
895 2803 1096 2871 quibus
1138 2805 1292 2872 juxta
1332 2802 1504 2872 legem
1540 2800 1752 2856 ordinis
1783 2801 1862 2855 tui

207 2890 412 2960 absque
475 2891 626 2960 gravi
677 2891 864 2945 labore
924 2891 1137 2944 discere
1188 2904 1379 2958 posses
1432 2903 1676 2944 normam
1721 2889 1860 2943 bene

211 2978 452 3033 videndi.
486 2979 674 3034 Omnis
713 2977 856 3034 enim
888 2978 1111 3048 gradus,
1154 2984 1288 3034 aetas
1317 2986 1370 3033 et
1399 2993 1562 3033 sexus
1590 2978 1657 3032 ad
1691 2976 1860 3031 infor-

1946 2630 2125 2680 tecum
2193 2627 2396 2682 habeas
2457 2627 2807 2692 documenta,
2879 2641 3002 2696 quae
3086 2634 3295 2682 rectum
3373 2625 3591 2695 plenius

1947 2714 2239 2769 ostendant
2281 2717 2405 2780 iter,
2457 2731 2554 2784 per
2600 2715 2748 2785 quod
2798 2714 2975 2770 ﬁdelis
3011 2715 3172 2770 vidua
3215 2716 3363 2783 juste
3417 2722 3471 2768 et
3502 2716 3590 2783 pie

1947 2801 2206 2857 incedere
2237 2803 2455 2857 debeat.
2508 2804 2738 2871 Insuper
2776 2811 2831 2859 et
2860 2803 3024 2856 alium
3063 2803 3251 2857 addidi
3281 2815 3589 2857 sermonem

1944 2889 2014 2943 de
2048 2893 2155 2946 vita
2195 2898 2249 2946 et
2288 2893 2533 2947 moribus
2559 2892 2848 2962 virginum,
2892 2891 2960 2946 ad
3001 2891 3353 2946 instruendas
3390 2891 3594 2946 sancti-

1945 2978 2210 3034 moniales
2248 2995 2372 3048 qua:
2420 2981 2475 3033 in
2535 2987 2629 3035 tuo
2663 2980 2996 3034 monasterio
3054 2987 3402 3049 congregatae
3440 2987 3587 3034 sunt.

210 3067 502 3122 matiouem
534 3069 658 3122 vita:
707 3081 822 3122 suae
855 3067 908 3121 in
943 3067 1116 3122 sacris
1146 3066 1344 3121 litteris
1377 3066 1654 3136 propriam
1693 3062 1917 3120 babetC
1942 3067 2007 3120 Et
2045 3067 2171 3136 quia
2212 3073 2264 3122 te
2318 3069 2532 3123 actibus
2582 3069 2975 3124 misericordia:
3014 3069 3254 3124 deditam
3320 3069 3588 3136 comperi,

209 3155 536 3223 doctrinam,
580 3163 639 3210 ut
670 3155 1045 3226 unusquisque
1096 3157 1151 3210 in
1180 3156 1466 3211 vocatione
1497 3169 1603 3224 qua
1633 3162 1858 3210 vocatus

206 3251 280 3300 est
310 3246 626 3301 rectissime
673 3245 976 3311 ambulans,
1010 3245 1294 3315 pervenire
1324 3245 1500 3299 valeat
1529 3244 1596 3298 ad
1630 3258 1852 3313 regnum

203 3333 251 3388 in
275 3349 384 3405 quo
439 3335 640 3390 multa:
669 3341 798 3390 sunt
846 3336 1174 3390 mansiones.
1207 3335 1451 3404 Denique
1485 3340 1607 3402 post
1645 3333 1854 3388 obitum

203 3425 525 3481 reverendae
572 3424 851 3480 memorize
899 3424 1108 3479 domini
1139 3423 1380 3478 lleinrici
1431 3423 1717 3477 clarissimi
1768 3435 1855 3474 sa-

202 3513 522 3585 pientisque
579 3512 950 3583 imperatoris,
997 3512 1271 3581 quondam
1316 3512 1416 3566 viri
1448 3511 1549 3575 tui,
1581 3508 1854 3564 laudabile

202 3604 553 3671 propositum
631 3602 922 3657 laboriosae
970 3602 1252 3657 viduitatis
1308 3601 1440 3656 totis
1495 3598 1738 3668 amplexa
1797 3611 1856 3651 es

207 3689 423 3746 viribus.
477 3694 552 3748 Et
599 3705 909 3761 quanquam
989 3689 1276 3752 nobilitas,
1327 3701 1462 3757 opes
1509 3692 1564 3741 et
1611 3693 1744 3740 {etas
1789 3683 1857 3738 ad

210 3783 574 3849 repetendum
639 3781 932 3836 thalamum
967 3785 1018 3834 te
1073 3779 1388 3844 invitarent,
1421 3775 1645 3832 noluisti
1678 3781 1855 3830 tamen

210 3881 299 3923 cor
327 3877 481 3926 tuum
516 3869 786 3924 inclinare
817 3868 885 3923 ad
917 3868 1080 3922 verba
1110 3867 1391 3922 hominum
1425 3879 1524 3934 pro
1555 3864 1696 3918 veris
1725 3862 1860 3918 falsa

210 3958 662 4016 contendentium
696 3979 710 4027 ;
751 3957 847 4013 sed
879 3963 1064 4012 erecta
1095 3969 1334 4022 sursum,
1367 3955 1631 4009 accinctis
1661 3942 1862 4008 lumbis

209 4049 398 4103 stetisti
450 4047 679 4104 iortiter
724 4058 892 4116 snper
923 4045 1091 4116 pedes
1121 4051 1265 4110 tuos,
1299 4051 1359 4098 ut
1389 4043 1718 4111 contemptis
1749 4041 1863 4096 ille-

209 4136 380 4192 cebris
408 4136 607 4193 carnis
663 4141 718 4190 et
775 4134 961 4190 mundi
1000 4133 1207 4189 servias
1267 4132 1484 4187 Christo
1534 4131 1763 4187 Domino
1804 4130 1861 4184 in

211 4227 477 4292 castitate,
547 4230 604 4280 et
663 4223 880 4279 caeteris
934 4223 1212 4279 nobilibus
1285 4220 1550 4278 matronis
1611 4220 1864 4290 praebeas

211 4313 425 4384 dignum
495 4313 828 4370 imitationis
904 4313 1232 4382 exemplum,
1307 4310 1565 4366 videlicet
1629 4315 1689 4363 ut
1765 4323 1864 4378 per

1940 3167 2041 3208 nec
2117 3154 2251 3208 illud
2301 3169 2522 3224 quoque
2571 3169 2655 3209 me
2705 3155 2950 3210 scribere
3009 3155 3202 3224 piguit,
3272 3155 3421 3225 quod
3480 3169 3589 3210 non

1938 3243 2330 3298 ecclesiasticis
2395 3244 2615 3298 divitias
2696 3245 2894 3299 multas
2969 3245 3405 3312 possidentibus,
3491 3245 3588 3299 sed

1936 3331 2134 3397 viduis,
2177 3331 2460 3400 orphanis,
2504 3332 2754 3399 inﬁrmis,
2820 3333 3127 3401 peregrinis
3194 3332 3413 3399 illisque
3464 3345 3586 3398 per-

1938 3422 2166 3476 maxime
2198 3422 2292 3490 qui
2333 3435 2459 3475 vere
2489 3427 2616 3474 sunt
2639 3435 2909 3488 pauperes
2937 3420 3160 3482 Christi,
3196 3417 3388 3486 procul
3420 3417 3590 3472 dubio

1938 3508 2322 3576 dispensandae
2389 3503 2517 3562 sunt
2573 3508 2960 3575 elcemosynaa.
3031 3509 3158 3560 Haec
3225 3519 3354 3559 vero
3407 3506 3592 3560 omnia

1937 3594 2166 3662 faciens,
2202 3597 2254 3651 in
2278 3597 2561 3651 laboribus
2591 3595 2726 3650 meis
2757 3601 2984 3663 propter
3014 3593 3235 3647 multam
3259 3593 3582 3647 charitatem

1942 3689 2086 3738 tuam
2119 3698 2228 3738 non
2259 3685 2406 3738 sensi
2447 3681 2711 3739 laborem.

2011 3772 2404 3837 Obmutescite,
2478 3771 2680 3827 Scillaai
2747 3783 2931 3836 canes,
3025 3783 3093 3824 en
3170 3783 3274 3840 ego
3337 3769 3592 3826 obturata

1942 3874 2074 3916 aure
2121 3861 2530 3931 obstrepentem
2589 3859 2942 3917 lacerationis
2990 3866 3184 3914 vestra:
3216 3859 3423 3914 rabiem
3457 3874 3590 3930 per-

1945 3949 2211 4005 transibo.
2255 3952 2312 4004 lu
2361 3949 2761 4006 conventiculis
2811 3949 3028 4015 vestris,
3071 3956 3129 4004 ut
3177 3947 3380 4014 ferunt,
3428 3955 3590 4005 sonat

1945 4039 2125 4095 littera
2160 4040 2278 4095 haec
2308 4040 2376 4095 de
2409 4053 2539 4094 nare
2570 4039 2783 4094 canina.
2817 4040 2948 4094 Cum
2982 4037 3292 4108 proﬁtearis
3322 4043 3376 4094 te
3406 4052 3593 4094 mona-

1944 4129 2126 4195 chum,
2161 4135 2215 4184 et
2272 4129 2589 4184 monasticae
2637 4128 2922 4198 religionis
2960 4135 3142 4183 tacere
3171 4127 3244 4182 sit
3285 4129 3588 4196 proprium,

1945 4217 2076 4286 quid
2109 4231 2240 4288 ergo
2273 4217 2371 4271 tibi
2403 4224 2457 4272 et
2488 4217 2850 4272 mulieribus?
2890 4215 3042 4270 Unde
3083 4216 3182 4269 tibi
3213 4220 3363 4269 tanta
3400 4221 3593 4270 aucto-

1947 4307 2080 4361 ritas
2128 4314 2187 4361 ut
2232 4308 2285 4361 in
2349 4306 2609 4361 cathedra
2665 4304 3048 4373 magistrorum
3105 4301 3320 4366 sedeas,
3362 4310 3416 4356 et
3446 4303 3594 4370 ipsas

214 4406 612 4460 continentiam
653 4411 799 4460 tuam
845 4402 912 4457 ad
954 4401 1182 4456 meliora
1212 4405 1543 4470 provocatae,
1585 4394 2113 4452 defunctisDetiam
2171 4395 2400 4450 feminas
2445 4395 2652 4464 absque
2693 4393 2894 4446 rubore
2952 4389 3284 4457 conscriptis
3312 4389 3594 4444 schedulis

214 4495 416 4549 maritis
444 4497 676 4550 servent
695 4492 878 4557 ﬁdem,
911 4491 1100 4560 eisque
1141 4503 1240 4559 per
1267 4487 1492 4543 cmleste
1531 4487 1861 4542 sacriﬁcium

216 4593 424 4638 necnon
453 4590 513 4638 et
550 4595 651 4651 per
687 4581 935 4636 assiduas
955 4580 1328 4647 eleemosynas
1358 4582 1546 4646 petant
1573 4590 1603 4630 a
1634 4575 1863 4631 Domino

219 4677 573 4737 peccatorum
621 4669 1018 4724 remissionem.
1061 4670 1227 4734 Quam
1274 4666 1538 4721 decorum
1589 4673 1643 4720 et
1687 4665 1865 4718 hone-

216 4765 351 4814 stum
439 4767 551 4826 est,
613 4766 672 4813 ut
737 4757 1043 4813 Christiana
1125 4756 1340 4823 mulier,
1432 4759 1554 4825 post
1639 4754 1867 4823 primam

216 4849 425 4905 amissae
475 4847 812 4918 virginitatis
870 4847 1122 4916 palmam,
1163 4847 1243 4902 sic
1302 4846 1566 4914 deinceps
1613 4851 1760 4899 caste
1815 4849 1870 4899 et

217 4936 393 4992 sobrie
463 4936 690 4992 studeat
753 4935 956 5002 vivere,
1005 4942 1276 5005 quatenus
1315 4935 1478 4989 unius
1542 4933 1643 4987 viri
1709 4945 1866 4998 uxor,

215 5026 524 5092 opitulante
555 5023 808 5089 Domino,
851 5031 904 5078 et
933 5038 1053 5079 esse
1084 5031 1138 5078 et
1161 5023 1270 5078 dici
1292 5023 1485 5077 valeat.
1519 5023 1668 5076 Hanc
1689 5027 1868 5076 autem

218 5113 373 5168 unius
411 5113 636 5184 copula:
657 5113 951 5185 gloriosam
974 5113 1251 5176 virtutem,
1276 5110 1330 5164 ni
1362 5110 1542 5177 fallor,
1575 5110 1872 5165 observan-

219 5198 336 5257 dam
387 5203 717 5273 pronuntiat
754 5201 848 5257 illa
884 5215 992 5257 una
1022 5207 1174 5255 costa
1203 5213 1326 5268 quae
1365 5199 1503 5256 tulta
1532 5204 1616 5256 est
1644 5198 1712 5254 de
1742 5211 1872 5254 cor-

222 5301 350 5356 pore
389 5292 521 5358 viri,
554 5306 622 5347 ex
645 5305 752 5361 qua
790 5290 1018 5346 formata
1048 5294 1130 5343 est
1162 5288 1372 5343 mulier.

287 5379 545 5450 Cognitis
598 5381 782 5450 itaque
842 5378 946 5448 piis
1011 5375 1302 5431 desideriis
1365 5376 1551 5431 cordis
1605 5375 1707 5440 tui,
1750 5388 1877 5430 mox

225 5477 448 5534 operam
509 5467 660 5534 dedi,
711 5474 767 5523 et
831 5465 1122 5522 nonnullas
1188 5477 1254 5518 ex
1310 5463 1591 5533 opusculis
1653 5464 1875 5518 Patrum

227 5555 541 5610 sententias
593 5556 851 5611 celeriter
897 5552 1202 5620 deﬂoravi;
1262 5557 1322 5606 ut
1376 5550 1615 5606 veridica
1672 5551 1875 5621 ubique

1945 4485 2189 4539 doceas?
2219 4483 2407 4547 Silete,
2442 4482 2625 4537 miseri
2660 4502 2671 4536 :
2709 4481 2834 4535 ideo
2890 4478 3034 4565 istud
3067 4477 3253 4533 dicitis
3292 4477 3420 4546 quia
3458 4475 3595 4532 caeci

1947 4572 2098 4637 estis,
2132 4572 2302 4626 duces
2322 4584 2615 4625 caecorum.
2639 4569 2854 4634 Redite,
2881 4566 3350 4636 praevaricatores,
3374 4565 3441 4619 ad
3473 4577 3592 4630 cor,

1949 4666 2003 4714 et
2035 4660 2124 4714 ubi
2158 4660 2392 4728 turpiter
2414 4659 2613 4728 jacetis
2650 4657 2944 4728 diligenter
2973 4653 3340 4709 considerate.
3379 4653 3594 4708 Utinam

1952 4750 2231 4805 maliciosa
2277 4763 2431 4805 mens
2492 4753 2672 4803 vestra
2715 4746 3086 4815 resipisceret,
3137 4749 3192 4798 et
3242 4743 3596 4798 honestarum

1952 4838 2236 4893 mulierum
2298 4838 2384 4907 pia
2442 4850 2610 4906 opera
2657 4834 3002 4904 aliquatenus
3065 4831 3266 4885 imitari
3325 4831 3592 4886 studeret.

1952 4928 2144 4981 Nonne
2185 4926 2381 4982 mulier
2418 4925 2538 4980 haec
2599 4924 2770 4979 totius
2823 4919 3195 4975 venerationis
3260 4918 3423 4989 digna
3489 4922 3595 4982 est,

1954 5030 2077 5084 quae
2109 5015 2314 5070 divitiis
2352 5021 2407 5068 et
2454 5011 2760 5068 honoribus
2808 5006 3050 5078 praetulit
3079 5006 3282 5062 Christi
3313 5009 3600 5062 amorem?

1954 5104 2125 5173 Igitur
2151 5117 2272 5158 cum
2302 5109 2449 5157 esset
2487 5099 2708 5156 domina
2739 5110 3053 5170 regnorum,
3094 5093 3400 5150 humiliavit
3445 5104 3504 5146 se
3543 5095 3600 5146 et

1955 5191 2095 5247 facta
2126 5198 2208 5247 est
2255 5206 2411 5247 serva
2460 5203 2780 5260 pauperum.
2822 5189 3047 5243 Taceam
3097 5183 3246 5254 quod
3277 5186 3446 5239 totam
3485 5178 3600 5237 fere

1959 5281 2269 5352 peragravit
2325 5280 2554 5346 Italiam,
2604 5276 2955 5333 devotissime
3013 5274 3238 5329 visitans
3285 5277 3599 5327 sanctorum

1959 5369 2242 5438 reliquias,
2303 5374 2358 5423 et
2423 5366 2661 5423 oﬁ‘erens
2711 5365 2792 5420 eis
2843 5363 3085 5434 pretiosa
3141 5359 3390 5424 donaria,
3432 5356 3604 5428 pluri-

1960 5471 2184 5528 masque
2242 5456 2449 5513 faciens
2501 5455 2875 5524 eleemosynas
2905 5452 2959 5508 in
2999 5449 3231 5507 urbibus
3268 5455 3323 5504 et
3359 5447 3513 5512 vicis,
3548 5451 3604 5502 et

1956 5547 2014 5604 in
2045 5547 2300 5602 omnibus
2327 5546 2466 5601 locis
2493 5544 2561 5599 ad
2601 5559 2726 5613 quae
2763 5541 3030 5599 orationis
3065 5540 3239 5611 gratia
3270 5534 3600 5608 properavit.
