4014 6176
451 312 556 366 455

1579 310 1851 368 JOANNIS
1889 305 2366 363 FISCAMNENSIS
2401 305 2676 362 ABBATIS

3668 319 3754 372 456

451 439 620 510 Igitur
658 440 786 509 quia
815 438 1128 510 epistolaris
1167 438 1414 508 angustia
1453 451 1564 493 non
1593 438 1725 492 sinit
1763 449 1847 491 me
1878 435 1932 490 in
1973 435 2276 504 ejusAnas
2304 445 2566 498 assumas,
2617 439 2673 486 et
2719 446 2932 487 sursum
2990 432 3246 500 volitans,
3286 435 3350 490 de
3379 436 3518 493 fonte
3545 454 3758 510 superna

450 527 706 584 laudibus
743 528 952 584 diutius
997 528 1295 593 immorari,
1339 526 1474 581 libet
1524 533 1578 581 et
1625 525 1731 580 hoc
1781 525 2088 595 praeterire,

450 617 600 687 quod
637 616 928 674 Galliarum
978 622 1162 686 partes
1209 630 1476 685 regressa,
1537 614 1790 669 similiter
1825 627 2093 682 pauperes

453 713 509 762 et
537 707 800 762 ecclesias
857 706 948 761 Dei
1026 705 1175 776 larga
1231 704 1514 760 consolata
1578 709 1662 758 est
1717 717 1899 768 manu,
1949 703 2094 757 sicut

452 796 715 864 scriptum
755 801 838 848 est
872 813 883 848 :
923 813 948 842 ι
980 793 1264 862 Dispersit,
1307 792 1462 847 dedit
1499 790 1852 860 pauperibus,
1880 790 2093 859 justitia

455 886 574 952 ejus
602 888 782 936 manet
813 882 867 936 in
896 881 1156 936 saeculum
1191 879 1400 935 saeculi.
1434 898 1462 930 »

528 972 723 1025 Verum
755 970 841 1024 his
898 970 1088 1038 procul
1137 968 1334 1024 amotis
1381 968 1473 1038 qui
1526 968 1582 1023 in
1623 974 1820 1023 terram
1852 966 2091 1032 sufﬂant,

455 1065 607 1115 etne
654 1073 713 1113 se
751 1058 990 1123 videant,
1054 1057 1331 1126 pulverem
1381 1057 1436 1111 in
1486 1057 1678 1112 oculos
1725 1056 1984 1120 excitant,
2027 1054 2090 1109 ad

456 1153 510 1202 te
568 1147 757 1212 redeo,
833 1146 1164 1201 venerabilis
1219 1145 1418 1200 Christi
1486 1146 1703 1212 ancilla,
1771 1151 1831 1199 ut
1913 1157 2094 1199 sermo

457 1249 610 1290 mens
637 1235 729 1304 qui
761 1241 813 1289 te
844 1235 1012 1303 coepit
1042 1235 1334 1299 instruere,
1368 1240 1623 1302 tanquam
1654 1247 1898 1302 praesens
1926 1232 2098 1287 collo-

457 1325 678 1392 quendo
718 1324 785 1378 ad
817 1331 1112 1378 extremam
1143 1323 1387 1392 suscepti
1418 1324 1604 1392 operis
1624 1336 1839 1377 manum
1870 1329 2094 1376 auctore

457 1414 567 1468 Deo
600 1414 890 1482 pertingat.
927 1412 1098 1481 igitur
1135 1411 1265 1466 licet
1293 1411 1415 1465 illas
1444 1411 1724 1480 parvitatis
1753 1425 1886 1465 mem
1918 1410 2095 1465 deﬂo-

456 1501 809 1567 ratiunculas,
869 1514 1097 1570 quarum
1158 1500 1411 1568 superius
1468 1500 1708 1564 memini,
1768 1499 1930 1554 saluti
1987 1505 2094 1554 tua:

454 1605 613 1661 posse
654 1590 906 1645 sufficere
952 1590 1209 1654 arbitrer,
1244 1597 1424 1643 tamen
1482 1589 1608 1656 quia
1656 1589 1923 1644 relatione
1955 1588 2094 1642 ami-

453 1693 641 1734 corum
664 1679 832 1732 didici
857 1684 910 1732 te
932 1677 1248 1732 desiderare
1279 1683 1334 1731 et
1365 1691 1592 1745 poscere
1615 1684 1673 1731 ut
1703 1678 1820 1746 ipse
1851 1689 2092 1746 quoque,

2175 519 2484 575 dulcedinis
2513 520 2752 586 haurias,
2793 520 2984 576 dicens
3013 535 3136 576 cum
3177 522 3439 592 Propheta
3470 545 3480 579 :
3517 548 3539 573 ιι
3568 529 3702 596 Apud
3721 539 3763 586 te

2175 615 2258 664 est
2286 608 2408 664 fons
2456 609 2601 674 vitae,
2660 615 2715 664 et
2771 609 2826 663 in
2887 609 3090 665 lumine
3139 617 3233 666 tuo
3276 611 3565 668 videbimus
3593 616 3763 672 lumen.

2173 698 2353 751 Sitivit
2399 698 2576 752 anima
2624 712 2741 752 mea
2789 697 2856 752 ad
2895 701 3062 753 Deum
3106 697 3306 754 fontem
3337 701 3524 756 vivum.
3555 704 3768 772 Domine,

2176 787 2342 842 dilexi
2373 788 2628 842 decorem
2669 787 2865 842 domus
2893 793 3002 843 tua:
3033 795 3088 842 et
3117 788 3294 844 locum
3326 790 3656 846 habitationis
3673 794 3770 862 glo-

2176 875 2272 929 riae
2311 881 2442 930 tuae.
2478 893 2505 925 »
2537 875 2800 931 Similiter
2837 884 2891 931 et
2946 877 3040 931 illa
3092 892 3215 946 qua:
3256 879 3309 932 in
3357 879 3548 934 amoris
3574 882 3771 935 Cantico

2175 963 2451 1034 leguntur,
2488 964 2578 1019 ubi
2608 965 2784 1019 anima
2815 979 2937 1033 quae
2978 965 3153 1020 solum
3186 967 3347 1020 Deum
3378 974 3533 1032 amat,
3564 966 3774 1036 loquitur

2175 1052 2392 1107 Christo
2432 1052 2635 1108 dilecto
2693 1067 2813 1119 suo,
2865 1054 3058 1109 dicens
3099 1074 3111 1108 :
3149 1075 3174 1103 α
3218 1056 3548 1125 Unguentum
3577 1056 3770 1110 effusum

2178 1154 2376 1196 nomen
2424 1149 2595 1208 tuum,
2674 1141 2800 1197 ideo
2874 1143 3297 1198 adolescentula:
3365 1143 3652 1199 dilexerunt
3707 1152 3766 1198 te.

2177 1230 2351 1285 Trahe
2388 1244 2472 1285 me
2514 1237 2637 1299 post
2676 1237 2750 1296 te,
2793 1246 3076 1287 curremus
3104 1233 3158 1286 in
3201 1233 3370 1287 odore
3415 1239 3770 1302 unguentorum

2179 1325 2417 1373 tuorum.
2458 1320 2700 1374 Dilectus
2731 1334 2882 1374 meus
2913 1321 3065 1386 mihi,
3100 1330 3154 1375 et
3184 1335 3286 1391 ego
3317 1321 3414 1387 illi,
3448 1321 3536 1390 qui
3565 1322 3773 1390 pascitur

2179 1408 2324 1462 inter
2346 1407 2477 1472 lilia,
2503 1407 2680 1463 donec
2692 1410 2898 1478 aspiret
2919 1410 3059 1475 dics,
3075 1417 3129 1465 et
3145 1417 3520 1465 removeantur
3538 1410 3734 1463 umbrze.
3750 1429 3770 1459 ι)

2251 1499 2399 1551 Inter
2436 1497 2554 1552 haec
2611 1505 2790 1552 autem
2852 1499 2992 1552 scire
3032 1504 3253 1568 oportet
3292 1498 3436 1567 quod
3475 1497 3560 1551 illa
3601 1511 3774 1551 summa

2178 1592 2235 1641 et
2299 1587 2762 1642 incommutabilis
2819 1588 3055 1642 essentia
3113 1601 3237 1656 qua:
3276 1588 3417 1642 Deus
3464 1593 3559 1650 est,
3605 1587 3654 1640 in
3693 1585 3772 1639 hac

2179 1681 2325 1731 terra
2356 1677 2704 1730 morientium
2754 1677 3076 1732 mortalibus
3104 1676 3284 1731 oculis
3313 1675 3460 1730 nullo
3489 1674 3638 1730 modo
3667 1687 3774 1728 con-

455 1781 615 1836 quem
666 1767 734 1821 de
774 1766 1238 1834 contemplatione
1294 1765 1475 1820 divina
1533 1767 1846 1835 Christique
1885 1755 2157 1832 amore,B
2179 1764 2317 1834 spici
2342 1764 2502 1829 valet,
2537 1779 2639 1819 nec
2677 1764 2973 1834 aliquando
3002 1765 3114 1820 visa
3136 1772 3219 1820 est
3248 1765 3317 1818 ab
3349 1764 3457 1819 ullo
3487 1762 3793 1821 mortalium.

455 1861 510 1909 et
547 1855 616 1909 de
673 1854 764 1909 illa
838 1868 1073 1924 superna
1135 1855 1492 1920 Hierusalem,
1563 1855 1800 1910 omnium
1855 1853 2092 1909 fidelium

456 1947 647 2008 matre,
672 1942 876 1997 editum
908 1942 1104 2008 habeo,
1137 1943 1236 1996 tibi
1256 1943 1530 1997 scribatur
1558 1942 1836 2007 Libellus;
1868 1941 2092 1997 multum

455 2031 676 2101 gaudet,
719 2030 912 2097 fateor,
955 2044 1053 2085 cor
1081 2046 1280 2097 meum,
1322 2032 1460 2086 etin
1501 2038 1554 2086 te
1592 2031 1902 2100 magniﬁcat
1931 2031 2094 2087 dato-

456 2134 569 2175 rem
626 2120 867 2175 omnium
929 2121 1196 2175 bonorum
1263 2122 1451 2175 Deum.
1512 2120 1627 2174 Nisi
1693 2121 1835 2175 enim
1875 2120 2094 2176 Christo

455 2209 594 2264 duce
625 2208 692 2263 ad
733 2209 927 2263 altiora
957 2210 1380 2274 conscenderes,
1422 2209 1705 2264 ambulans
1769 2209 1838 2264 de
1894 2211 2094 2264 virtute

455 2297 509 2351 in
541 2298 815 2363 virtutem,
848 2297 998 2352 nullo
1038 2297 1200 2353 modo
1258 2297 1468 2352 valeres
1531 2298 1660 2353 talia
1717 2303 1925 2367 petere.
1965 2299 2096 2365 Quis

454 2399 566 2441 non
614 2387 845 2441 miretur
889 2388 1124 2442 animum
1183 2393 1290 2441 tam
1360 2386 1678 2452 ferventem,
1730 2389 1823 2457 qui
1891 2387 2096 2442 rivulos

455 2474 696 2529 dulcium
755 2475 995 2531 bibendo
1035 2489 1296 2544 aquarum
1347 2489 1455 2530 non
1504 2481 1682 2530 cessat
1710 2477 1908 2531 sitire?
1955 2477 2096 2531 Satis

454 2563 690 2618 stolidus
747 2571 828 2619 est
868 2571 923 2619 et
975 2565 1136 2619 nimis
1193 2564 1519 2631 obstinatus,
1561 2566 1653 2634 qui
1713 2565 1836 2619 talis
1879 2564 2093 2620 femina?

458 2654 575 2722 pias
614 2667 806 2722 preces
833 2655 1064 2722 spernit,
1107 2661 1161 2709 et
1199 2655 1340 2708 votis
1391 2653 1708 2722 justissimis
1737 2667 1845 2709 non
1876 2655 2096 2722 acquie-

455 2743 578 2797 scit.
613 2743 753 2797 Ecce
784 2756 885 2812 ego
907 2742 1084 2797 libens
1103 2750 1266 2812 atque
1297 2757 1465 2798 ovans
1491 2757 1589 2813 pro
1619 2743 1760 2798 scire
1792 2743 1938 2812 quod
1963 2744 2094 2798 mihi

455 2830 609 2886 dedit
663 2833 825 2897 Deus,
885 2838 1107 2900 paratus
1169 2847 1308 2898 sum,
1369 2839 1541 2886 mater
1597 2833 1925 2898 veneranda,
1987 2841 2095 2888 tua}

456 2917 512 2973 in
553 2919 808 2974 omnibus
847 2919 1077 2989 obsequi
1126 2920 1412 2975 voluntati.
1471 2921 1685 2976 Utinam
1744 2921 1835 2975 ille
1894 2923 1952 2976 in
2010 2936 2096 2978 me

455 3006 728 3076 igniculus
765 3007 928 3074 foret,
987 3008 1080 3077 qui
1137 3015 1416 3078 vaporatae
1474 3010 1642 3064 menti
1679 3009 1886 3078 aliquid
1917 3011 2096 3066 incre-

457 3097 625 3150 menti
655 3096 859 3151 addere
889 3101 1074 3165 posset
1098 3103 1109 3150 !

528 3184 729 3253 Accipe
787 3183 956 3253 igitur
1011 3190 1091 3251 tu,
1154 3185 1298 3241 bona
1335 3186 1532 3250 anima,
1595 3185 1918 3255 praeclarum
1975 3201 2100 3240 san-

457 3277 560 3327 ctae
619 3272 899 3328 viduitatis
959 3273 1256 3343 exemplar,
1299 3275 1509 3344 accipe,
1569 3289 1779 3344 quaeso,
1849 3276 2098 3346 pervigili

458 3367 636 3416 mente
687 3361 821 3416 illud
870 3362 1018 3432 quod
1058 3363 1268 3432 expetis
1313 3377 1448 3419 meae
1497 3378 1596 3433 per
1632 3365 1833 3419 Christi
1870 3366 2098 3435 gratiam

456 3450 835 3507 deflorationis
881 3453 1250 3521 opusculum:
1302 3453 1356 3507 in
1398 3467 1508 3522 quo
1556 3453 1815 3509 videlicet
1853 3455 2099 3524 reperies

456 3552 650 3608 magna
679 3554 746 3594 ex
777 3546 929 3609 parte
987 3541 1230 3596 cmlestis
1266 3541 1498 3598 theoriae
1536 3542 1717 3598 dulcia
1747 3543 1931 3609 verba,
1974 3557 2098 3612 qum

455 3633 773 3684 reverenter
801 3628 1030 3700 legenda
1059 3636 1188 3685 sunt
1226 3637 1282 3686 et
1309 3645 1430 3687 cum
1463 3632 1660 3686 timore
1690 3631 1878 3687 debito
1919 3631 2096 3686 medi-

453 3718 640 3784 tanda,
673 3731 741 3773 ne
773 3716 914 3774 forte
946 3719 1014 3774 de
1073 3720 1379 3775 temeritate
1422 3720 1722 3788 judicetur,
1755 3720 1849 3790 qui
1881 3720 2100 3789 tepidus

454 3810 510 3859 et
548 3805 840 3861 indevotns
895 3808 1212 3863 accesserit.
1275 3808 1426 3864 Unde
1484 3809 1770 3864 sciendum
1827 3814 1910 3864 est
1949 3808 2096 3877 quod

453 3893 618 3961 hujus
675 3894 844 3948 libelli
914 3895 1077 3950 lectio
1144 3897 1254 3951 illis
1338 3899 1641 3966 praesertim
1700 3898 1952 3964 debetur,
2004 3899 2099 3967 qui

456 3985 667 4034 mentes
704 3994 831 4036 suas
878 3982 1190 4038 carnalibus
1221 3983 1514 4040 desideriis
1543 3992 1597 4040 et
1627 3988 1866 4042 terrenis
1896 4000 2102 4041 concu-

455 4066 743 4136 piscentiis
781 4069 1131 4126 obtenebrari
1189 4085 1300 4128 non
1357 4075 1563 4128 sinunt.
1631 4075 1859 4141 Quando
1916 4082 2098 4128 autem

455 4155 557 4209 ista
596 4155 853 4226 leguntur
881 4171 1003 4213 cum
1035 4159 1287 4230 lacrymis
1321 4167 1377 4216 et
1415 4162 1708 4217 devotione
1747 4163 1934 4227 nimia,
1969 4169 2098 4218 tunc

454 4243 604 4300 mitis
633 4244 810 4302 lector
854 4246 975 4316 ipso
1006 4248 1192 4305 cordis
1231 4249 1411 4319 palato
1451 4252 1594 4320 sapit
1625 4251 1757 4320 quid
1789 4250 2099 4306 dulcedinis

453 4334 603 4389 intus
631 4333 816 4390 lateat.
861 4337 915 4392 Si
965 4338 1038 4393 ita
1069 4346 1170 4405 est,
1206 4340 1314 4394 imo
1345 4340 1472 4409 quia
1510 4342 1584 4395 ita
1615 4347 1718 4404 est,
1751 4339 2095 4409 eloquiorum

2179 1869 2246 1909 ex
2274 1867 2384 1922 quo
2424 1854 2633 1923 primus
2691 1869 2888 1922 parens
2918 1854 2986 1909 de
3026 1854 3266 1924 paradisi
3297 1854 3596 1908 amoenitate
3623 1851 3671 1905 in
3697 1851 3774 1904 has

2178 1956 2449 1997 aerumnas
2505 1941 2764 2011 expulsus
2811 1948 2912 1998 est.
2948 1943 3087 1998 Hinc
3127 1957 3361 2012 namque
3392 1949 3470 1997 est
3500 1940 3634 2010 quod
3669 1953 3771 1994 cou-

2178 2031 2490 2100 templativa
2519 2032 2628 2086 vita
2685 2031 2775 2086 hic
2815 2031 3028 2101 incipit,
3082 2032 3178 2087 sed
3225 2031 3344 2086 illic
3383 2029 3661 2100 perﬁcitur,
3699 2027 3770 2081 ubi

2177 2121 2321 2175 Deus
2350 2119 2486 2175 facie
2534 2120 2601 2174 ad
2669 2119 2860 2175 faciem
2908 2121 3171 2176 cernitur.
3225 2122 3377 2175 Mens
3432 2118 3617 2174 etenim
3655 2116 3772 2171 mitis

2178 2216 2232 2264 et
2260 2209 2510 2278 simplex,
2542 2223 2663 2264 cum
2703 2210 2758 2263 in
2807 2210 3236 2279 speculationem
3271 2209 3554 2270 attollitur,
3593 2213 3640 2261 et
3673 2219 3772 2260 car-

2179 2298 2265 2352 nis
2293 2298 2570 2368 angustias
2618 2312 2884 2367 superans
2934 2299 3178 2354 cmlestia
3207 2299 3477 2362 rimatur;
3508 2295 3776 2351 retraheute

2177 2401 2294 2442 eam
2333 2386 2476 2442 mole
2525 2389 2706 2442 carnis
2753 2388 2819 2442 ad
2861 2388 2984 2454 ima,
3019 2387 3112 2442 diu
3160 2402 3340 2456 super
3367 2402 3424 2445 se
3453 2392 3588 2441 stare
3614 2397 3778 2452 nequa-

2178 2490 2339 2546 quam
2371 2477 2724 2546 permittitur.
2797 2476 2901 2531 Sed
2959 2477 3090 2532 licet
3145 2478 3261 2546 ipsa
3329 2475 3544 2546 superni
3596 2470 3778 2527 luminis

2178 2565 2541 2620 immensitate
2599 2565 2943 2620 reverberata
3009 2566 3265 2620 celeriter
3317 2565 3390 2620 ad
3428 2579 3484 2619 se
3513 2567 3773 2623 revocetur,

2179 2667 2371 2724 magna
2419 2661 2597 2708 tamen
2650 2653 2866 2723 prolicit
2912 2653 3113 2707 virtute
3144 2667 3210 2707 ex
3248 2667 3327 2708 eo
3365 2655 3482 2721 ipso
3511 2649 3644 2721 quod
3669 2647 3776 2702 divi-

2178 2756 2301 2797 nam
2333 2741 2678 2798 dulcedinem
2727 2743 3017 2812 praelibare
3048 2749 3229 2812 potest
3261 2763 3274 2796 :
3330 2743 3454 2812 quia
3491 2754 3606 2796 mox
3631 2749 3778 2793 amore

2180 2833 2348 2887 nimio
2379 2846 2610 2887 accensa
2661 2833 2742 2887 ire
2798 2847 2966 2901 super
3020 2845 3078 2887 se
3127 2831 3379 2898 festinat,
3438 2839 3491 2887 et
3547 2828 3778 2884 sublevata

2180 2922 2375 2987 cernit,
2418 2922 2545 2990 quia
2577 2920 2761 2975 videre
2792 2935 2902 2975 non
2934 2921 3107 2990 possit
3135 2921 3240 2975 hoc
3271 2920 3428 2989 quod
3460 2919 3692 2975 ardenter
3715 2913 3778 2968 di-

2183 3009 2338 3079 ligit;
2374 3022 2474 3063 nec
2504 3016 2682 3064 tamen
2743 3009 3001 3064 ardenter
3058 3009 3318 3080 diligeret
3351 3011 3453 3065 nisi
3484 3009 3780 3076 aliquatenus

2182 3099 2500 3168 inspiceret.
2533 3100 2670 3152 Sunt
2715 3098 2882 3167 aliqui
2913 3099 3093 3152 minus
3123 3098 3500 3167 proficientes,
3532 3097 3614 3165 qui
3643 3096 3778 3148 Deum

2182 3187 2287 3242 sibi
2317 3186 2680 3256 imaginaliter
2723 3186 2950 3257 ﬁngunt,
2985 3187 3110 3256 quia
3140 3187 3196 3240 in
3225 3187 3357 3242 hazc
3389 3183 3683 3256 temporalia
3706 3181 3779 3234 de-

2181 3275 2430 3330 formiter
2465 3277 2640 3343 sparsi
2671 3275 2816 3330 illam
2858 3275 3044 3330 miram
3077 3283 3131 3330 et
3159 3275 3676 3343 incircumscriptam
3717 3268 3779 3322 lu-

2181 3379 2298 3420 cem
2339 3364 2698 3433 contemplari
2738 3363 3184 3419 intellectualiter
3212 3365 3491 3420 nesciunt.
3531 3359 3656 3429 Quid
3689 3357 3783 3411 istis

2180 3453 2328 3509 aliud
2361 3460 2443 3508 est
2472 3453 2666 3509 oculus
2722 3453 3203 3522 contemplationis
3249 3453 3364 3507 nisi
3396 3452 3610 3522 laqueus
3636 3444 3782 3517 perdi-

2182 3542 2349 3597 tionis
2377 3541 2762 3597 ?Admoneudi
2784 3543 2987 3611 quippe
3016 3548 3144 3596 sunt
3163 3541 3302 3597 tales
3340 3551 3419 3608 ut,
3451 3541 3614 3596 solius
3629 3536 3782 3591 activae

2181 3630 2306 3686 vitae
2337 3631 2600 3685 exercitio
2630 3631 2899 3696 contenti,
2932 3629 3422 3699 contemplationis
3453 3634 3671 3684 montem
3697 3632 3783 3677 non

2184 3725 2518 3788 prmsumant
2573 3719 2893 3783 ascendere,
2953 3718 3101 3787 quia,
3163 3719 3308 3773 sicut
3370 3719 3623 3787 scriptum
3671 3717 3782 3767 est:

2181 3805 2438 3862 Animalia
2467 3806 2615 3860 homo
2653 3822 2756 3860 non
2782 3807 3005 3877 percipit
3036 3821 3098 3861 ea
3137 3821 3250 3876 qua:
3287 3815 3412 3862 sunt
3443 3805 3656 3876 Spiritus
3681 3798 3785 3856 Dei;

2183 3904 2237 3950 et
2265 3910 2451 3966 sapere
2505 3897 2783 3949 secundum
2813 3909 3041 3960 carnem,
3075 3891 3215 3949 mors'
3241 3901 3343 3951 est.
3381 3897 3645 3951 Humanus
3670 3887 3786 3944 enim

2183 3986 2396 4039 animus
2434 3984 2538 4038 nisi
2571 3985 2903 4040 exteriorum
2925 3985 3198 4039 desideria
3229 3999 3259 4038 a
3283 4000 3348 4040 se
3379 3984 3618 4054 repellat,
3648 3981 3787 4032 inter-

2181 4087 2253 4128 na
2293 4087 2401 4128 non
2435 4080 2704 4142 penetrat,
2738 4073 2866 4141 quia
2897 4079 3048 4128 tanto
3074 4072 3338 4128 subtilius
3369 4069 3650 4128 invisibilia
3685 4076 3791 4122 con-

2183 4162 2368 4231 spicit,
2403 4169 2609 4231 quanto
2662 4160 2958 4230 perfectius
2985 4161 3219 4215 visibilia
3250 4161 3574 4216 contemnit.
3611 4155 3789 4212 Idcirco

2183 4251 2429 4320 quamvis
2495 4250 2788 4305 invisibilis
2839 4257 2894 4306 et
2934 4250 3512 4320 incomprehensibilis
3548 4249 3600 4303 in
3630 4250 3789 4299 natura

2181 4355 2276 4396 sua
2307 4340 2378 4395 sit
2404 4341 2568 4405 Deus,
2602 4346 2781 4395 tamen
2813 4355 2911 4409 per
2939 4346 3174 4395 mentem
3206 4339 3463 4395 mundam
3499 4345 3553 4393 et
3579 4339 3784 4390 sanctam

451 4422 761 4479 divinorum
798 4440 995 4482 arcana
1053 4435 1107 4483 et
1161 4429 1414 4486 sublimia
1477 4431 1642 4486 verba
1706 4436 1930 4500 tangere
1988 4400 2305 4498 noanua:
2335 4428 2472 4483 solis
2501 4429 2754 4498 supernis
2793 4428 2986 4493 inhiat,
3022 4429 3109 4482 hic
3138 4429 3256 4482 sine
3295 4433 3522 4497 aspectu
3552 4422 3785 4482 cernitur,

451 4521 748 4583 praesumat
803 4517 1040 4585 superba
1115 4524 1169 4572 et
1240 4517 1524 4574 fastidiosa
1589 4533 1761 4586 mens,
1831 4533 1898 4574 ne
1955 4518 2095 4575 forte

451 4601 667 4657 labatur
695 4603 750 4657 in
782 4617 1064 4671 errorem;
1099 4607 1228 4675 quia
1267 4607 1427 4662 casis
1463 4606 1640 4662 oculis
1673 4607 1855 4663 lumen
1895 4608 2096 4664 intueri

453 4703 563 4746 non
596 4697 796 4760 potest.
840 4693 977 4749 Hinc
1024 4695 1226 4750 etenim
1271 4701 1450 4750 actum
1491 4701 1575 4750 est
1625 4701 1681 4751 ut
1719 4697 1968 4766 plerique
2001 4711 2098 4766 per

453 4779 705 4836 heresim
746 4782 802 4836 in
841 4783 1209 4840 damnationis
1246 4791 1467 4841 aeterna:
1504 4786 1818 4842 barathrum
1852 4795 2093 4854 ruerent,

453 4868 596 4924 alios
624 4884 809 4926 secum
853 4873 909 4927 in
966 4879 1197 4930 mortem
1255 4874 1554 4943 trahentes,
1595 4877 1723 4946 quia
1753 4891 1924 4932 sacrae
1954 4877 2098 4932 Scri-

455 4964 631 5028 ptura:
698 4963 976 5030 mysteria,
1044 4979 1276 5034 quorum
1343 4965 1558 5020 radices
1622 4967 1677 5021 in
1735 4967 1876 5022 cmlo
1947 4973 2094 5033 sunt,

455 5048 660 5105 nemini
710 5049 1079 5120 perfectornm
1136 5053 1226 5109 hic
1282 5059 1397 5110 tota
1454 5060 1661 5123 patent.
1721 5055 1804 5109 Illi
1834 5051 1970 5110 vero’
1992 5055 2097 5110 soli

455 5138 756 5194 secundum
811 5141 981 5195 Deum
1039 5141 1336 5210 sapientes,
1397 5143 1490 5213 qui
1551 5141 1821 5212 profunda
1890 5143 2098 5213 pollent

455 5223 784 5294 humilitate,
845 5234 1055 5285 tantum
1104 5231 1348 5300 capiunt,
1409 5239 1670 5301 quantum
1729 5232 1810 5286 eis
1864 5232 2099 5301 Spiritus

457 5320 679 5369 sanctus
706 5316 950 5373 revelare
980 5317 1255 5390 dignatur.
1291 5321 1419 5376 Haec
1449 5334 1580 5390 ergo
1609 5319 1928 5390 frequenter
1955 5319 2095 5390 lege,

460 5406 516 5456 et
544 5407 675 5457 tunc
707 5406 986 5476 praecipue
1026 5422 1146 5463 cum
1171 5416 1405 5465 mentem
1438 5415 1584 5465 tuam
1625 5409 1838 5465 cmlesti
1865 5407 2097 5463 amatam

458 5487 738 5548 desiderio
776 5495 948 5551 vides.
1011 5498 1224 5552 Justum
1272 5512 1507 5569 namque
1563 5505 1650 5555 est
1683 5503 1745 5553 ut
1768 5503 1849 5564 tn,
1881 5512 2004 5567 qua:
2043 5498 2100 5552 in

457 5578 661 5634 actuali
699 5581 837 5637 bene
877 5586 1220 5642 conversaris
1275 5588 1403 5655 vita,
1455 5587 1936 5658 contemplationis
1964 5601 2099 5656 pen-

2179 4519 2298 4572 sine
2317 4531 2456 4573 sono
2486 4517 2724 4582 auditur,
2757 4518 2875 4572 sine
2907 4522 3056 4571 motu
3085 4517 3406 4585 suspicitur,
3439 4517 3555 4571 sine
3583 4519 3785 4579 corpore

2181 4608 2441 4678 tangitur,
2477 4607 2595 4661 sine
2626 4606 2750 4661 loco
2781 4607 3067 4661 retinetur.
3098 4606 3193 4660 llis
3223 4606 3295 4660 ita
3339 4603 3640 4661 necessario
3670 4609 3786 4668 pra!-

2180 4698 2379 4763 missis,
2424 4709 2555 4766 rogo
2585 4695 2938 4750 dilectionem
2979 4703 3124 4750 tuam
3174 4701 3231 4750 ut
3269 4696 3316 4750 si
3357 4695 3629 4766 quoslibet
3662 4691 3787 4744 inve-

2180 4787 2330 4840 neris
2376 4785 2470 4854 qui
2519 4783 2786 4838 Libellum
2824 4784 2969 4838 hunc
2999 4784 3169 4839 velint
3213 4783 3439 4848 habere,
3473 4791 3682 4836 moneas
3707 4785 3786 4828 eos

2180 4882 2235 4930 et
2281 4873 2574 4943 diligenter
2629 4867 3017 4937 transcribere,
3078 4878 3133 4928 et
3181 4873 3447 4941 scriptum
3505 4869 3789 4936 frequenter

2179 4962 2446 5033 relegere,
2472 4975 2644 5030 usque
2674 4961 2814 5016 adeo
2846 4967 2902 5015 ut
2932 4961 3138 5030 aliquid
3164 4959 3410 5026 addi,vel
3443 4953 3787 5014 subtrahi,aut

2182 5052 2454 5107 immutari
2502 5064 2612 5106 non
2653 5051 2930 5120 patiantur
2977 5050 3032 5103 in
3082 5064 3169 5104 eo.
3221 5051 3335 5103 I-Ioc
3365 5054 3547 5102 autem
3585 5041 3790 5099 dicimus

2182 5146 2409 5211 propter
2435 5140 2700 5195 incuriam
2741 5139 3109 5204 librariorum,
3143 5139 3236 5208 qui
3268 5151 3376 5193 non
3407 5137 3582 5192 solum
3619 5129 3790 5185 verita-

2181 5237 2290 5285 tem
2347 5235 2725 5298 corrumpnnt,
2784 5228 2881 5284 sed
2951 5230 3112 5284 etiam
3181 5227 3462 5283 mendacia
3519 5215 3792 5279 mendaciis

2177 5321 2429 5388 jungunt.
2463 5316 2544 5371 Sit
2573 5318 2716 5372 Deus
2744 5324 2943 5384 tecum,
2969 5325 3023 5373 et
3052 5315 3325 5373 confortet
3361 5322 3416 5370 te
3446 5325 3632 5368 manus
3667 5307 3787 5376 ejus,

2184 5415 2243 5463 ut
2281 5412 2534 5475 tanquam
2592 5412 2884 5475 pennatum
2935 5412 2989 5462 et
3035 5405 3307 5462 oculatum
3363 5401 3560 5457 animal
3601 5396 3788 5453 effecta.

2185 5510 2282 5566 per
2309 5495 2429 5551 dies
2483 5495 2730 5566 singulos
2785 5496 2841 5550 in
2889 5502 3120 5564 utraque
3173 5492 3426 5564 proficias
3483 5490 3607 5552 vita,
3646 5479 3789 5578 modo

2184 5599 2302 5641 cum
2345 5585 2550 5642 Martha
2598 5585 2652 5640 in
2692 5585 2866 5641 activa
2907 5586 3152 5641 serviens
3193 5582 3407 5639 Christo
3455 5578 3511 5633 in
3559 5571 3790 5631 membris
