4014 6176
179 311 264 366 457

1488 305 1810 360 LIBELLUS
1847 306 2140 364 PRECUM.

3395 315 3500 371 458

175 436 285 500 suis,
323 429 468 486 modo
510 443 632 484 cum
673 429 837 484 Maria
895 429 951 483 in
991 428 1414 498 contemplativa
1459 427 1662 484 sedens
1699 428 1765 482 ad
1786 427 2181 499 AUnigenitus
2209 433 2412 502 quippe
2443 437 2528 488 est
2555 433 2919 502 omnipotenti
2970 435 3115 489 Patri
3163 444 3497 506 coaeternus,

173 524 313 596 pedes
338 519 563 586 Domini,
597 525 653 574 et
682 519 892 574 intente
923 519 1153 574 audiens
1172 519 1396 573 verbum
1427 532 1492 572 ex
1522 532 1619 572 ore
1651 519 1771 587 ejus

173 616 404 684 quatenus
431 608 570 662 bene
610 606 892 676 operando
932 612 988 662 et
1026 621 1160 677 pure
1206 606 1650 676 contemplando,
1701 606 1768 661 ad

169 701 290 758 illam
317 695 673 752 beatissimam
714 694 1001 764 pervenias
1029 695 1313 761 visionem,
1356 694 1447 749 ubi
1487 694 1662 764 palam
1702 695 1771 751 de

169 791 301 844 Patre
335 783 574 854 loquitur
602 783 790 838 Filius.
825 783 903 838 Ad
942 783 1083 838 hanc
1113 773 1292 839 autem
1326 797 1424 853 pro
1475 784 1677 853 pietate
1717 789 1773 839 et

168 876 378 932 bonitate
405 886 502 927 sua
551 871 856 941 perducere
896 871 1154 942 dignetur
1191 886 1380 928 servos
1435 879 1491 928 et
1545 871 1773 927 ancillas

166 979 270 1020 suas
295 965 426 1032 ipse,
469 961 562 1031 qui
603 959 890 1016 descendit
918 960 987 1014 ad
1017 961 1137 1016 haec
1168 962 1294 1028 ima,
1335 968 1396 1017 ut
1443 975 1546 1018 nos
1575 975 1771 1017 ascen-

165 1055 388 1109 deremus
431 1049 500 1104 ad
549 1048 644 1104 illa
689 1062 934 1117 summa;
976 1050 1070 1119 qui
1119 1049 1403 1105 inclinavit
1451 1065 1511 1106 se
1564 1056 1623 1105 ut
1668 1064 1772 1106 nos

161 1144 403 1213 erigeret;
435 1140 532 1210 qui
564 1139 867 1194 inﬁrmatus
905 1145 1008 1204 est,
1060 1145 1119 1194 ut
1168 1153 1270 1195 nos
1316 1138 1487 1196 fortes
1525 1139 1768 1205 faceret;

161 1232 237 1301 qui
263 1229 498 1298 suscepit
534 1229 695 1283 vitam
735 1235 997 1295 nostram,
1039 1234 1098 1283 ut
1137 1229 1298 1283 nobis
1329 1229 1559 1285 donaret
1597 1244 1771 1285 suam.

1851 519 1946 587 qui
1976 535 2097 574 cum
2129 534 2196 576 eo
2224 522 2356 577 vivit
2385 530 2438 577 et
2477 529 2668 594 regnat
2707 525 2760 578 in
2801 525 3009 579 unitate
3049 524 3286 592 Spiritus
3322 529 3498 583 sancti

1852 610 2012 675 Deus,
2048 625 2146 679 per
2175 613 2357 667 omnia
2387 613 2588 668 saecula
2617 613 2967 669 saeculorum.
3009 616 3200 669 Amen.

1922 699 2057 767 Ego,
2087 701 2345 766 Joannes,
2400 701 2622 756 ultimus
2678 717 2958 758 servorum
3015 702 3239 770 Christi,
3295 708 3351 758 et
3405 704 3499 773 qui

1852 799 2064 841 mecum
2107 796 2235 843 sunt
2289 788 2507 858 fratres,
2567 791 2960 848 beatitudinem
3000 797 3146 848 tuam
3203 792 3502 848 salutamus

1852 875 1908 930 in
1962 875 2202 943 Christo,
2264 878 2354 947 pia
2411 885 2585 934 mater
2631 895 2950 950 pauperum,
3003 887 3058 936 et
3096 881 3282 937 nobile
3330 881 3502 937 decus

1852 965 2158 1021 viduarum.
2191 966 2342 1022 Vale.

1921 1056 2219 1110 Conservet
2248 1061 2302 1110 te
2333 1055 2388 1110 in
2414 1055 2695 1112 voluntate
2744 1072 2841 1113 sua
2892 1073 3110 1129 semper
3147 1060 3500 1129 omnipotens

1854 1143 2110 1199 Trinitas.

159 1373 3503 1403 ________—.__________—_____________

1251 1505 1708 1622 INCIPIT
1785 1506 2382 1626 LIBELLUS

154 1725 231 1789 De
260 1724 599 1810 scripturis
630 1728 698 1790 et
728 1722 948 1788 verbis
998 1725 1273 1789 Patrum
1315 1724 1658 1802 collectus,
1692 1726 1776 1790 ad
1806 1746 2029 1791 eorum
2057 1729 2421 1813 praesertim
2456 1728 2800 1794 utilitatem
2833 1731 2938 1812 qui
2978 1732 3500 1814 contemplativa

1553 1819 1705 1879 sunt
1732 1821 2082 1882 amatores.

1376 1975 1533 2028 PSAL.
1566 1975 1706 2030 Deus
1733 1975 2041 2032 misereatur
2070 1981 2254 2035 nostri.

1613 2105 2013 2121 ————-——-

203 2227 420 2283 Summa
477 2227 732 2295 Trinitas,
793 2229 964 2285 virtus
992 2244 1122 2295 una,
1175 2235 1229 2285 et
1258 2230 1559 2286 indiscreta
1597 2231 1771 2300 maje-
1794 2232 1983 2289 Btura
2013 2232 2357 2296 succedunt;
2391 2234 2477 2287 cui
2519 2247 2620 2287 nec
2651 2233 2806 2302 origo
2837 2233 3072 2299 initium,
3115 2247 3216 2289 nec
3261 2240 3509 2302 tempora

146 2319 264 2381 stas,
315 2319 467 2372 Deus
511 2323 718 2383 noster,
768 2320 912 2374 Deus
949 2319 1321 2388 omnipotens,
1361 2320 1632 2376 conﬁteor
1679 2319 1781 2374 tibi

143 2417 231 2473 ego
271 2405 508 2460 ultimus
553 2420 832 2461 servorum
890 2412 1129 2472 tuorum,
1191 2413 1246 2463 et
1301 2409 1554 2479 exiguum
1608 2423 1788 2463 mem-

141 2493 286 2548 brum
318 2494 592 2549 Ecclesiae
631 2502 760 2550 tute.
793 2495 1072 2550 Confiteor
1119 2503 1173 2550 et
1219 2497 1525 2552 honoriﬁco
1587 2503 1640 2551 te
1680 2497 1784 2551 de-

138 2581 240 2638 bito
282 2581 569 2636 sacriﬁcio
600 2582 797 2648 laudis,
829 2597 932 2652 pro
979 2584 1122 2638 scire
1161 2590 1216 2639 et
1264 2598 1424 2653 posse
1466 2584 1612 2653 quod
1653 2583 1786 2638 mihi

138 2670 348 2726 tantillo
393 2670 605 2726 donare
645 2672 902 2742 dignatus
941 2687 1018 2727 es.
1070 2675 1137 2727 Et
1182 2673 1309 2742 quia
1350 2673 1534 2728 cordis
1581 2673 1786 2728 oblatio

140 2761 185 2814 in
216 2767 534 2830 conspectu
567 2768 660 2817 tuo
701 2763 998 2831 pretiosior
1027 2771 1147 2828 est;
1189 2763 1315 2818 ideo
1346 2777 1409 2818 ea
1449 2777 1570 2832 quae
1609 2763 1664 2816 in
1705 2775 1788 2816 me

141 2855 257 2904 sunt
285 2856 420 2905 vota
453 2848 790 2906 laudationis
820 2865 886 2905 ex
917 2850 1063 2907 dono
1095 2851 1490 2907 misericordiae
1521 2858 1629 2907 tute
1660 2865 1789 2906 ecce

145 2939 313 2994 libens
353 2945 527 3008 atque
567 2953 735 2995 ovans
773 2939 944 2995 oﬁ‘ero
995 2941 1093 2994 tibi
1143 2940 1211 2995 de
1261 2941 1367 2995 ﬁde
1406 2955 1515 2996 non
1563 2941 1686 2994 ﬁcta
1735 2944 1791 2994 et

146 3030 486 3084 conscientia
519 3043 674 3098 pura.
707 3029 884 3084 Credo
915 3029 1082 3099 igitur
1102 3033 1154 3084 te
1176 3035 1293 3085 toto
1315 3030 1504 3095 corde,
1527 3031 1642 3084 Rex
1663 3027 1789 3083 (εωιὶ

150 3123 198 3170 et
232 3125 418 3185 terrae,
455 3118 707 3184 Domine,
749 3123 804 3173 et
841 3131 937 3172 ore
976 3123 1029 3172 te
1059 3118 1328 3173 conﬁteor
1355 3119 1590 3184 Patrem,
1623 3124 1677 3171 et
1700 3115 1794 3170 Fi-

150 3203 290 3273 lium,
331 3213 390 3262 et
422 3206 692 3276 Spiritum
733 3213 1001 3272 sanctum,
1034 3206 1090 3261 in
1122 3207 1374 3275 personis
1402 3205 1625 3271 trinum,
1658 3205 1789 3259 etin

149 3295 447 3351 substantia
526 3310 736 3362 unum,
812 3310 998 3352 verum
1070 3297 1236 3352 Deum
1313 3296 1787 3364 omnipotentem,

148 3383 316 3451 unius,
378 3385 679 3454 simplicis,
740 3385 1105 3454 incorporeas,
1165 3383 1456 3439 invisibilis
1494 3389 1549 3438 et
1614 3383 1790 3437 incir-

149 3475 494 3545 cumscriptze
547 3481 779 3529 naturae.
820 3473 965 3527 Nihil
1014 3473 1070 3527 in
1109 3480 1163 3527 te
1202 3474 1377 3540 majus
1422 3476 1516 3526 aut
1563 3469 1792 3525 inferius

1868 2319 2292 2387 incrementum,
2324 2335 2426 2377 nec
2457 2336 2616 2376 casus
2647 2322 2805 2376 ﬁnem
2850 2321 3038 2386 dabit;
3090 2323 3186 2377 sed
3234 2329 3358 2376 ante
3397 2337 3508 2377 sae-

1867 2408 2008 2474 cula,
2045 2413 2099 2465 et
2140 2409 2193 2463 in
2223 2409 2463 2476 saeculis,
2497 2415 2553 2464 et
2584 2423 2684 2478 per
2711 2408 2914 2464 saecula
2959 2409 3017 2463 in
3057 2415 3321 2464 aeternum
3353 2409 3509 2473 vivis,

1868 2503 1922 2554 et
1952 2503 2035 2553 est
2075 2498 2173 2552 tibi
2222 2499 2482 2568 perennis
2521 2498 2639 2553 laus
2695 2503 2751 2554 et
2806 2503 3011 2553 :etcrna
3049 2497 3244 2568 gloria,
3304 2511 3512 2552 summa

1869 2592 2133 2656 potestas,
2167 2602 2230 2642 ac
2277 2587 2570 2658 singularis
2628 2588 2826 2654 honor,
2883 2595 3206 2658 perpetuum
3257 2601 3505 2657 regnum,

1870 2679 1925 2729 et
1953 2675 2071 2729 sine
2101 2675 2206 2730 ﬁne
2238 2675 2521 2745 imperium
2554 2691 2652 2746 per
2690 2675 2900 2730 inﬁnita
2931 2683 2985 2731 et
3023 2675 3293 2730 indefessa
3324 2681 3379 2730 et
3417 2676 3512 2730 im-

1870 2763 2120 2818 mortalia
2150 2764 2350 2819 saecula
2377 2765 2725 2820 szeculorum.
2767 2768 2955 2819 Amen.

1946 2854 2062 2907 Huc
2128 2867 2323 2922 usque,
2383 2854 2733 2922 omnipotens
2788 2854 2951 2918 Deus,
3012 2853 3266 2918 Trinitas,
3329 2853 3512 2908 cordis

1871 2941 1976 2995 mei
2008 2942 2291 3009 inspector
2328 2949 2384 2996 ct
2410 2947 2705 3007 scrutator,
2758 2941 3042 2998 confessus
3089 2956 3208 2996 sum
3255 2941 3509 3010 omnipo-

1871 3029 2097 3084 tentiam
2127 3031 2426 3099 majestatis
2456 3037 2586 3095 tuae,
2621 3038 2674 3086 et
2705 3033 3042 3100 majestatem
3073 3031 3506 3100 omnipotentiae.

1870 3119 2026 3174 Nunc
2064 3123 2243 3174 autem
2273 3119 2511 3188 qualiter
2540 3120 2775 3175 humano
2814 3121 3002 3189 generi
3042 3121 3098 3174 in
3139 3120 3244 3174 ﬁne
3282 3120 3512 3175 saeculo-

1872 3221 1989 3262 rum
2021 3208 2310 3263 subvenire
2341 3209 2598 3279 dignatus
2627 3223 2707 3274 es,
2738 3208 2881 3264 sicut
2911 3209 3079 3264 corde
3119 3208 3286 3264 credo
3325 3209 3392 3263 ad
3425 3210 3514 3278 ju-

1871 3296 2096 3364 stitiam,
2129 3297 2201 3352 ita
2233 3311 2328 3352 ore
2359 3312 2543 3353 coram
2574 3303 2628 3352 te
2657 3298 2927 3353 conﬁteor
2965 3297 3031 3351 ad
3075 3297 3210 3367 justi
3258 3298 3510 3352 salutem.

1870 3385 1948 3440 Tu
1973 3386 2215 3455 quidem,
2258 3388 2416 3441 Pater
2454 3389 2616 3454 Deus,
2650 3387 2803 3442 solus
2841 3401 3109 3454 nusquam
3146 3385 3348 3454 legeris
3381 3386 3516 3438 mis-

1872 3488 2001 3540 sus;
2044 3475 2111 3529 de
2142 3474 2279 3529 Filio
2309 3481 2488 3530 autem
2521 3481 2617 3529 tuo
2649 3475 2722 3528 ita
2770 3474 2964 3528 scribit
3012 3472 3343 3540 Apostolus:
3391 3474 3517 3526 Cum

149 3561 466 3628 habentem,
489 3563 593 3619 sed
634 3577 732 3632 per
770 3575 984 3617 omnem
1025 3560 1246 3616 modum
1285 3561 1404 3615 sine
1443 3549 2007 3617 deformitateCwnit
2067 3562 2332 3632 plenitudo
2400 3563 2662 3632 temporis,
2729 3558 2863 3616 misit
2929 3564 3066 3614 Deus
3104 3559 3295 3614 Filium
3345 3574 3512 3613 suum.

149 3652 483 3722 perfectum;
540 3652 661 3707 sine
701 3651 1004 3720 quantitate
1044 3663 1316 3719 magnum,
1356 3649 1475 3703 sine
1529 3647 1792 3716 qualitate

148 3739 358 3808 bonum,
429 3742 565 3798 sine
631 3747 877 3809 tempore
941 3737 1374 3806 sempiternum,
1439 3737 1559 3792 sine
1617 3740 1792 3790 morte

147 3828 316 3896 vitam,
348 3832 476 3886 sine
525 3828 843 3884 inﬁrmitate
892 3825 1110 3892 fortem,
1151 3825 1271 3881 sine
1319 3824 1606 3880 mendacio
1654 3821 1796 3877 veri-

149 3921 318 3985 tatem,
367 3921 497 3976 sine
566 3917 688 3973 loco
728 3917 934 3985 ubique
991 3921 1187 3982 totum,
1246 3914 1365 3969 sine
1421 3914 1530 3968 situ
1588 3911 1792 3980 ubique

148 4013 494 4075 praesentem,
537 4006 660 4061 sine
700 4005 1022 4060 extensione
1071 4003 1254 4059 omnia
1299 4001 1640 4072 implentem,
1673 4001 1792 4054 sine

146 4097 592 4153 contradictione
631 4094 835 4163 ubique
864 4097 1264 4158 occurrentem,
1306 4091 1424 4146 sine
1472 4094 1622 4145 motu
1669 4101 1792 4143 om-

147 4184 226 4238 nia
262 4183 783 4249 transcendentem,
815 4182 933 4237 sine
962 4186 1106 4236 statu
1147 4181 1287 4235 intra
1334 4180 1515 4235 omnia
1564 4191 1793 4234 manen-

148 4277 262 4337 tem,
321 4275 447 4331 sine
510 4271 822 4341 indigentia
862 4271 1044 4325 omnia
1083 4273 1378 4334 creantem,
1434 4268 1553 4322 sine
1606 4267 1794 4322 labore

146 4365 315 4419 omnia
373 4368 696 4435 regentem,
754 4360 872 4414 sine
929 4359 1008 4414 tui
1064 4358 1222 4413 initio
1261 4357 1516 4412 omnibus
1579 4357 1794 4411 initium

147 4451 376 4521 dantem,
438 4454 573 4510 sine
620 4450 700 4505 tui
739 4447 1116 4504 immutatione
1163 4445 1346 4501 omnia
1393 4444 1676 4499 mutabilia
1713 4445 1796 4499 fa-

145 4543 409 4610 cientem;
458 4542 523 4596 in
586 4535 960 4608 magnitudine
999 4534 1290 4598 inﬁnitum,
1341 4533 1396 4586 in
1434 4533 1632 4588 virtute
1682 4545 1799 4586 om-

147 4631 511 4700 nipotentem,
539 4629 600 4683 in
626 4625 868 4682 bonitate
897 4637 1186 4688 summum,
1220 4623 1273 4676 in
1298 4621 1565 4690 sapientia
1595 4621 1800 4676 inaesti-

147 4722 417 4785 mabilem,
449 4722 512 4776 in
559 4715 807 4773 consiliis
834 4713 1159 4778 terribilem,
1209 4712 1265 4766 in
1299 4710 1526 4780 judiciis
1567 4711 1795 4780 justum,

149 4809 195 4863 in
223 4807 672 4882 cogitationibus
709 4803 1156 4867 secretissimum,
1194 4802 1250 4856 in
1297 4800 1480 4856 verbis
1525 4814 1796 4864 veracem,

1874 3652 2007 3705 Cum
2037 3650 2241 3705 dicitur
2268 3651 2426 3714 misit,
2459 3651 2592 3704 satis
2621 3649 2864 3704 ostendit
2893 3649 3041 3717 quod
3073 3648 3128 3701 in
3178 3647 3323 3701 hunc
3362 3661 3518 3701 mun—

1876 3738 2004 3793 dum
2035 3739 2234 3793 missus
2263 3738 2503 3803 advenit,
2536 3752 2658 3793 cum
2708 3738 2776 3792 de
2825 3737 2989 3792 Maria
3040 3749 3259 3806 semper
3304 3735 3517 3805 virgine

1876 3834 2057 3892 natus,
2090 3842 2250 3882 verus
2280 3834 2335 3882 et
2373 3826 2649 3897 perfectus
2698 3827 2861 3882 homo
2909 3827 2964 3881 in
3023 3839 3186 3881 carne
3242 3824 3514 3894 apparuit.

1875 3915 1980 3972 Sed
2012 3917 2158 3985 quod
2191 3916 2260 3971 de
2289 3916 2385 3971 illo
2434 3917 2748 3986 praecipuus
2787 3916 3239 3985 evangelistarum
3289 3915 3401 3969 ait:
3456 3916 3522 3969 In

1874 4005 2067 4060 mundo
2098 4011 2232 4072 erat,
2265 4010 2314 4061 et
2334 4005 2553 4060 mundus
2569 4020 2665 4075 per
2688 4005 2854 4076 ipsum
2879 4006 3052 4075 factus
3079 4009 3154 4059 est
3175 4025 3193 4070 ,-
3225 4004 3356 4060 illuc
3386 4016 3518 4074 ergo

1876 4095 2074 4150 missus
2105 4101 2190 4150 est
2218 4109 2317 4164 per
2353 4094 2738 4161 humilitatem,
2788 4094 2882 4150 ubi
2922 4109 3142 4163 semper
3187 4092 3290 4149 fuit
3338 4098 3394 4147 et
3436 4098 3520 4148 est

1875 4199 1975 4255 per
2004 4184 2363 4239 divinitatem.
2397 4185 2565 4251 Quam
2595 4182 2852 4239 videlicet
2883 4184 3197 4239 missionem
3227 4196 3369 4251 opus
3397 4196 3517 4236 esse

1877 4275 2048 4329 totius
2076 4279 2280 4328 sanctas
2309 4272 2593 4327 Trinitatis
2639 4264 2807 4327 corde
2847 4271 3036 4336 credo,
3090 4275 3144 4324 et
3197 4283 3293 4324 ore
3342 4269 3516 4324 conﬁ-

1879 4368 2018 4428 teor,
2053 4367 2159 4416 etc.

1953 4451 2190 4504 Desinit:
2231 4451 2298 4504 Et
2327 4449 2486 4504 beata
2517 4449 2596 4503 tui
2627 4447 2745 4502 sine
2794 4446 2900 4501 ﬁne
2945 4445 3083 4499 visio
3133 4449 3187 4498 et
3237 4443 3514 4498 laudatio:

1880 4538 1974 4593 ubi
2005 4544 2062 4592 tu
2093 4550 2215 4592 cum
2246 4536 2364 4603 illo,
2397 4543 2453 4591 et
2484 4537 2574 4591 ille
2604 4541 2784 4591 tecum
2825 4534 2880 4588 in
2920 4531 3305 4588 communione
3345 4531 3519 4585 sancti

1879 4625 2116 4696 Spiritus
2146 4623 2479 4680 aeternaliter
2507 4638 2570 4679 ac
2599 4622 3062 4692 sempiternaliter
3079 4618 3214 4674 vivis
3240 4626 3294 4674 et
3325 4632 3521 4680 regnas

1878 4717 2040 4781 Deus,
2083 4719 2190 4770 etc.

2297 4804 2541 4858 INCIPIT
2578 4803 2748 4858 PARS
2776 4801 2987 4856 SECUN
2995 4801 3098 4854 DA.

147 4899 195 4952 in
247 4877 529 4970 operibus
595 4900 866 4960 sanctum,
934 4893 991 4946 in
1031 4889 1424 4946 misericordiis
1489 4877 1961 4958 copiosum,DDe
1990 4892 2180 4949 Christi
2218 4905 2395 4946 amore
2421 4890 2579 4946 simul
2608 4895 2656 4945 et
2685 4891 2749 4944 de
2776 4889 2871 4943 illa
2917 4901 3143 4958 superna
3191 4886 3520 4941 Hierusalem

148 5001 264 5058 erga
316 4989 728 5055 delinquentes
767 4981 1244 5052 patientissimum,
1297 4993 1425 5049 erga
1467 4979 1799 5048 pmnitentes

144 5077 324 5144 pium;
377 5087 616 5144 semper
661 5071 804 5126 idem
844 5071 1041 5140 ipsum,
1084 5075 1349 5124 aeternum
1388 5081 1452 5122 ac
1504 5066 1802 5135 sempiter-

145 5178 284 5233 num,
344 5162 730 5221 immortalem
795 5165 958 5229 atque
1024 5156 1568 5214 incommutabilem:
1638 5168 1800 5225 quem

142 5268 237 5311 nec
264 5257 452 5326 spatia
487 5253 746 5317 dilatant,
787 5264 890 5305 nec
941 5250 1182 5304 brevitas
1228 5249 1472 5303 locorum
1525 5250 1798 5316 angustat,

145 5357 239 5398 nec
269 5340 642 5414 receptacula
681 5339 791 5395 ulla
821 5340 1122 5401 coarctant,
1174 5349 1275 5390 nec
1322 5335 1572 5389 voluntas
1608 5334 1799 5399 variat,

143 5447 239 5488 nec
313 5429 691 5490 necessitudo
765 5425 1105 5494 corrumpit;
1166 5437 1268 5478 nec
1332 5429 1522 5477 maesta
1578 5428 1801 5491 pertur-

145 5522 291 5588 bant,
325 5537 436 5578 nec
468 5519 606 5575 laeta
635 5515 984 5572 demulcent:
1027 5513 1114 5568 cui
1147 5525 1249 5566 nec
1279 5509 1482 5566 oblivio
1515 5509 1676 5575 tollit,
1703 5524 1804 5565 nec

143 5614 413 5670 memoria
487 5607 699 5668 reddit,
757 5618 858 5660 nec
899 5602 1174 5674 praeterita
1213 5605 1517 5664 transeunt,
1576 5613 1679 5654 nec
1715 5598 1804 5653 fu-
1895 5600 2088 5656 Psalm.
2121 5601 2194 5654 Te
2234 5601 2400 5652 Deum
2449 5598 2749 5654 laudamus.
2783 5595 2928 5653 Psal.
2971 5595 3284 5652 Benedicitc
3325 5597 3524 5652 omnia.
3613 5600 3616 5604 '

318 5722 585 5775 PATROL.
617 5712 857 5769 cxnvn.
939 5775 941 5778 ,

2500 4984 2666 5034 matre
2693 4981 2893 5032 nostra.

2432 5067 2628 5123 Psalm.
2662 5065 2961 5120 Eructavit.

1952 5161 2089 5228 Spes
2117 5171 2256 5223 mea,
2289 5156 2502 5211 Christe
2533 5157 2693 5221 Deus,
2744 5158 2843 5208 etc.
2893 5153 3131 5208 Desinit:
3184 5153 3251 5206 Et
3288 5149 3521 5206 manife-

1882 5247 2040 5303 stabo
2079 5247 2365 5316 meipsum.

2326 5334 2568 5388 INCIPIT
2606 5333 2775 5387 PARS
2813 5332 3076 5386 TERTIA.

1890 5423 1994 5480 Ubi
2041 5438 2180 5478 mens
2223 5422 2407 5477 devota
2465 5424 2571 5475 Deo
2638 5421 2707 5475 ad
2772 5417 3010 5474 altiorem
3078 5416 3526 5488 contemplationis

2453 5509 2671 5577 gradum
2702 5507 2960 5563 ascendit.

3289 5703 3349 5754 15
