4044 6180
468 294 574 351 459

886 406 1081 465 Psalm.
1122 401 1361 459 Laudate
1390 394 1696 451 Dominum.

535 512 577 565 i.
620 498 879 567 Benedic,
919 496 1099 553 anima
1128 504 1270 558 mea,
1300 484 1552 549 Domino,
1593 485 1693 537 etc.
1733 476 1956 567 Desinit,
1985 471 2107 529 Tibi

463 600 664 661 honor,
694 565 871 649 virtus
906 592 963 643 et
990 580 1257 640 fortitudo
1288 580 1399 632 Deo
1439 578 1630 630 nostro
1660 570 1718 627 in
1755 565 1958 624 saecula
2002 577 2107 619 stn-

464 687 733 743 culorum.
765 682 955 737 Amen.

970 766 1036 820 li.
1068 771 1341 818 iNCIPIUNT
1380 766 1600 810 ruens.

538 862 786 922 Ardentis
819 854 1087 918 desiderii,
1118 854 1173 906 ut
1200 845 1371 921 ﬁdelis
1418 843 1594 899 anima
1638 836 1807 894 solum
1853 833 2110 922 Christum

352 978 361 981 '
464 955 631 1030 possit
667 963 867 1014 amare,
919 944 1042 1015 quia
1089 919 1252 995 bonus
1290 940 1339 990 et
1384 930 1551 988 malus
1600 941 1748 983 amor
1790 939 1895 979 non
1938 937 1996 977 se
2039 919 2113 975 si-

470 1012 576 1101 mul
602 1043 657 1098 in
685 1053 785 1095 uno
824 1012 1037 1105 capiunt
1067 1033 1296 1101 pectore,
1334 1024 1470 1078 sicut
1507 1018 1755 1089 scriptum
1786 1017 1901 1068 est:
1940 1012 2111 1066 Nemo

472 1136 655 1204 potest
684 1125 900 1183 duobus
929 1117 1168 1176 dominis
1196 1114 1420 1171 servire.

781 1211 979 1271 Psalm.
1009 1207 1247 1264 Jubilate
1277 1206 1388 1258 Deo
1419 1196 1597 1255 omnis
1632 1202 1799 1250 terra.

538 1312 669 1367 Jesu
715 1308 906 1363 nostra
954 1294 1300 1366 redemptio,
1361 1294 1485 1353 ctc.,
1537 1284 1744 1350 desinit,
1786 1281 2113 1350 impetrante

468 1401 711 1474 gloriosa
765 1390 1040 1450 Genitrice
1098 1390 1188 1440 tua
1227 1379 1454 1438 Domina
1500 1388 1621 1431 mea
1677 1385 1798 1428 cum
1861 1367 2117 1425 omnibus

470 1489 704 1548 Sanctis.
736 1486 927 1540 Amen.

539 1581 632 1635 ΙΙΙ.
665 1576 767 1632 Hic
800 1567 1076 1645 peccatrix
1104 1564 1281 1620 anima
1306 1558 1458 1630 gemit
1490 1553 1642 1611 nimis
1671 1557 1717 1607 et
1749 1548 1906 1615 dolet,
1940 1546 2116 1601 videns

471 1676 665 1726 terram
691 1638 817 1719 sine.
847 1672 1007 1730 aqua,
1039 1658 1087 1709 et
1127 1651 1326 1707 idcirco
1350 1661 1465 1718 pra:
1487 1641 1745 1699 desiderio
1769 1638 2117 1707 lacrymarum

473 1758 685 1814 devotas
707 1765 890 1825 preces
916 1745 1084 1818 fundit
1108 1742 1180 1798 ad
1207 1738 1505 1796 Dominum.

936 1832 1133 1891 Psalm.
1164 1823 1654 1897 Quemadmodum.

546 1931 762 1991 Christe
790 1925 1040 1990 Domine,
1072 1919 1301 1975 verbum
1339 1913 1537 1978 Patris,
1578 1912 1699 1973 etc.,
1731 1904 1940 1969 desinit,
1989 1915 2120 1971 pre-

478 2024 637 2082 cibus
666 2024 722 2077 et
750 2014 961 2073 meritis
989 2009 1231 2068 omnium
1262 2010 1598 2061 sanctorum.

552 2114 641 2169 IV.
673 2109 776 2166 Hic
804 2107 949 2177 optat
996 2099 1187 2155 ardore
1237 2092 1392 2149 nimio
1448 2103 1590 2144 mens
1635 2084 1745 2157 pia,
1795 2085 1843 2136 et

482 2166 705 2261 omnium
763 2166 1012 2253 bonorum
1066 2191 1231 2245 Deum
1281 2179 1541 2238 humiliter
1594 2177 1747 2244 rogat
1800 2174 1877 2236 ut,
1936 2166 2124 2222 divina:

479 2254 827 2363 trulla
851 2279 1122 2355 praesidio,
1162 2276 1258 2330 hoc
1284 2272 1583 2328 constanter
1610 2277 1767 2334 agere
1789 2258 1955 2333 possit
1986 2254 2123 2327 quod

477 2349 759 2455 :tpostolus
814 2349 1073 2445 praecipit,
1134 2366 1310 2421 dicens
1332 2382 1348 2415 :
1408 2360 1463 2414 Si
1519 2349 1944 2412 consurrexistis
1999 2358 2124 2401 cum

478 2438 721 2534 Christo,
753 2438 877 2535 qua:
904 2438 1120 2517 sursum
1146 2457 1275 2509 sunt
1321 2448 1573 2519 quaerite,
1614 2442 1710 2499 ubi
1746 2438 1997 2497 Christus
2040 2438 2125 2490 est

478 2561 537 2616 in
568 2529 797 2615 dextera
823 2551 920 2608 Dei
949 2548 1188 2611 sedens,-
1221 2554 1345 2611 qute
1369 2549 1586 2593 sursum
1623 2537 1751 2589 sunt
1783 2529 1980 2598 sapite,
2012 2537 2123 2581 non

480 2663 603 2722 quae
634 2658 803 2715 super
832 2649 1055 2697 terram.

965 2723 1166 2782 Psalm.
1206 2722 1376 2788 Quam
1405 2715 1607 2772 dilecta
1630 2719 1641 2766 !

549 2830 680 2883 Jesu
737 2821 987 2884 Domine,
1053 2816 1183 2870 Jesu
1238 2810 1349 2879 pie,
1409 2806 1503 2876 qui
1560 2802 1700 2859 mori
1756 2798 2011 2869 dignatus
2066 2808 2127 2849 es

483 2921 715 2990 propter
742 2915 971 2983 peccata
997 2908 1210 2968 nostra,
1242 2904 1340 2954 etc.
1382 2894 1585 2953 Desinit
1620 2892 1675 2946 in
1711 2888 1845 2943 hunc
1880 2884 2087 2941 modum
2106 2900 2124 2936 .-

483 2974 547 3064 in
578 2974 713 3075 pace
744 2974 802 3057 in
840 2999 897 3054 id
936 2998 1113 3065 ipsum
1161 2986 1426 3045 dormiam
1471 2989 1526 3038 et
1576 2978 1937 3048 requiescam.
1985 2974 2127 3028 Dor-

1889 2079 2124 2133 datorem

1594 263 1869 323 JOANNIS
1904 254 2382 316 FISCAMNENSIS
2414 250 2708 335 ABBATIS.

2124 379 2375 443 Adonec
2400 375 2614 434 veniam
2646 372 2715 428 ad
2746 377 2820 438 te,
2853 381 3041 439 pacem
3069 376 3274 430 veram,
3304 360 3402 418 ubi
3448 371 3560 416 non
3606 361 3691 413 est
3736 369 3828 411 ar-

3721 230 3831 287 460

2189 484 2307 536 cus,
2340 470 2576 531 scutum,
2607 461 2822 534 gladius
2855 462 2911 515 et
2938 455 3178 513 bellum:
3222 450 3321 509 sed
3377 454 3462 506 est
3515 460 3723 504 summa
3779 449 3834 500 et

2191 532 2341 614 certa
2371 532 2659 618 securitas,
2693 555 2748 605 et
2784 561 2978 604 secura
3017 541 3406 613 tranquillitas,
3455 542 3511 594 et
3539 532 3831 604 tranquilla

2191 645 2479 711 securitas,
2511 647 2567 697 et
2598 638 2843 711 jucunda
2880 635 3133 701 felicitas,
3165 635 3221 688 et
3264 628 3394 685 felix
3431 625 3731 691 aeternitas,
3778 628 3834 679 et

2196 740 2404 791 aeterna
2432 728 2738 794 beatitudo,
2781 730 2846 782 et
2883 726 3044 780 beata
3089 721 3171 777 tui
3215 718 3354 774 visio
3401 721 3456 772 et
3499 712 3740 770 laudatio
3777 711 3833 766 in

2194 821 2398 880 saecula
2424 818 2774 877 saeculorum.
2805 818 2994 871 Amen.

2265 914 2330 968 V.
2400 912 2493 965 Vir
2545 906 2939 968 desideriorum,
2995 906 3044 956 et
3099 896 3380 955 caelestium
3436 889 3836 961 contemplator,

2190 999 2473 1074 praesentia
2496 997 2793 1068 fastidiens,
2823 995 3001 1064 futura
3040 988 3345 1046 desiderans
3371 984 3533 1074 gemit
3570 995 3640 1036 ea:
3674 978 3837 1049 fundo

2194 1066 2390 1155 cordis,
2421 1091 2470 1142 et
2497 1066 2743 1157 implorat
2770 1081 3019 1154 quotidie,
3050 1075 3232 1133 dolens
3258 1091 3315 1130 se
3340 1073 3414 1128 ibi
3450 1086 3553 1127 non
3597 1084 3712 1124 esse
3752 1066 3841 1121 ubi

2197 1178 2439 1235 dilectum
2491 1190 2643 1231 suum
2687 1170 2919 1229 revelata
2974 1168 3113 1240 facie
3167 1168 3427 1221 mereatur
3480 1159 3654 1216 uidere
3706 1157 3842 1213 sicut

2193 1268 2441 1338 scriptum
2468 1270 2546 1320 est
2566 1264 2596 1318 ?
2623 1263 2796 1332 Cupio
2827 1258 3076 1325 dissolvi,
3105 1261 3160 1312 et
3188 1268 3308 1309 esse
3338 1265 3461 1307 cum
3489 1248 3729 1305 Christo.

2645 1349 2843 1407 Psalm.
2874 1347 3111 1403 Jubilate
3140 1342 3394 1399 Domino.

2268 1444 2482 1501 Christe
2521 1441 2768 1505 Domine,
2827 1438 3000 1492 virtus
3055 1441 3111 1489 et
3164 1430 3433 1501 sapientia
3492 1426 3687 1493 Patris,
3746 1425 3844 1495 qui

2199 1533 2360 1604 ponis
2389 1532 2591 1587 nubem
2619 1540 2905 1585 ascensum
2931 1530 3105 1589 tuum,
3129 1521 3224 1592 qui
3252 1518 3497 1576 ambulas
3513 1529 3681 1586 super
3709 1527 3847 1584 pen-

2199 1638 2298 1679 nas
2327 1628 2636 1687 ventorum,
2670 1619 2763 1689 qui
2792 1616 2928 1672 facis
2946 1612 3170 1684 angelos
3189 1617 3315 1666 tuos
3342 1608 3588 1678 spiritus,
3613 1609 3669 1660 et
3687 1603 3849 1660 mini-

2129 1716 2177 1773 B
2200 1720 2348 1769 stros
2371 1718 2496 1767 tuos
2515 1709 2697 1781 ignem
2719 1712 2987 1762 nrentem:
3012 1703 3243 1758 obsecro
3265 1703 3320 1755 et
3339 1695 3663 1768 suppliciter
3683 1705 3846 1763 rogo,

2203 1802 2272 1860 da
2301 1806 2560 1871 perpetes
2590 1810 2799 1868 pennas
2837 1795 2987 1859 ﬁdei,
3026 1792 3095 1847 da
3142 1789 3353 1845 celeres
3398 1786 3512 1842 alas
3556 1785 3845 1848 virtutum,

2202 1893 2403 1965 quibus
2433 1894 2651 1946 erectus
2699 1893 2904 1942 aeterna
2953 1889 3007 1939 et
3045 1880 3289 1937 cmlestia
3338 1877 3544 1932 valeam
3590 1878 3850 1930 contem-

2202 1980 2362 2053 plari.
2396 1978 2707 2045 Adhaereat,
2748 1988 2957 2045 quaeso,
2990 1972 3168 2027 anima
3206 1983 3325 2024 mea
3354 1973 3479 2037 post
3518 1970 3593 2032 te,
3643 1968 3699 2018 et
3745 1977 3852 2017 su-

2203 2051 2401 2140 scipiat
2430 2084 2515 2124 me
2546 2068 2772 2123 dextera
2802 2076 2931 2131 tua;
2963 2060 3216 2118 sustollat
3261 2072 3347 2113 me
3393 2069 3561 2125 super
3596 2051 3853 2108 altitudi-

2204 2176 2329 2219 nem
2357 2167 2545 2226 terrae,
2578 2168 2633 2214 et
2662 2156 2810 2212 cibet
2839 2167 2924 2209 me
2962 2152 3056 2207 illa
3102 2147 3313 2206 scelesti
3360 2144 3704 2210 hatreditate,
3756 2142 3852 2198 cui

2203 2251 2443 2321 suspirat
2472 2244 2842 2319 peregrinatio
2874 2256 2995 2298 mea
3022 2245 3185 2296 nocte
3214 2252 3278 2293 ac
3304 2236 3415 2292 die.
3451 2235 3518 2290 Et
3555 2233 3684 2304 quia
3722 2245 3852 2287 mo-

2206 2340 2441 2396 ribunda
2469 2336 2714 2393 membra
2742 2334 2985 2404 vigorem
3014 2330 3211 2385 anima).
3239 2326 3524 2392 hebetant,

2276 2430 2479 2487 Dissicc
2509 2433 2729 2483 terrena:
2766 2420 2981 2478 nebulas
3010 2424 3060 2475 et
3086 2418 3319 2491 pondera
3348 2413 3535 2478 molis,-

2276 2521 2419 2577 Sisle
2446 2531 2635 2587 uagam
2663 2517 2878 2570 mentem
2899 2526 2997 2582 per
3024 2510 3175 2564 devia
3202 2506 3363 2562 multa
3390 2507 3639 2560 ruentem.

2204 2611 2281 2665 Da
2311 2608 2590 2665 caelestem
2627 2603 2797 2660 menti
2838 2598 3211 2656 conscendere
3249 2595 3459 2661 sedem,
3507 2598 3570 2649 ut
3604 2604 3855 2662 superno

2206 2701 2413 2755 lumine
2442 2695 2722 2762 irradiata,
2765 2699 2964 2748 terram
3012 2686 3299 2758 despiciat,
3348 2684 3548 2741 caalum
3594 2682 3854 2752 aspiciat,

2207 2795 2433 2860 peccata
2464 2786 2635 2853 odiat,
2662 2783 2929 2854 justitiam
2958 2779 3171 2850 diligat.
3201 2775 3341 2844 Quid
3389 2775 3534 2830 enim
3565 2771 3857 2843 pulchrius

2208 2878 2407 2950 quidve
2472 2874 2690 2931 dulcius
2753 2884 2915 2941 quam
2979 2870 3126 2923 inter
3195 2865 3450 2921 tenebras
3505 2863 3669 2932 hujus
3723 2863 3857 2917 vitae

2209 2967 2518 3036 multasque
2554 2960 2947 3019 amaritudines
2975 2957 3174 3013 divina:
3201 2953 3482 3010 dulcedini
3518 2950 3760 3017 inhiare,
3806 2954 3859 3006 et

489 3036 547 3064 ιιι
616 3036 713 3059 auo
745 3036 802 3057 ιιι
840 3036 897 3054 lu
936 3036 951 3050 ι
995 3036 1113 3050 υνι...
1166 3036 1426 3045 μνη-.-.π-
1480 3036 1521 3038 η
1657 3036 1674 3048 _

489 3036 643 3158 miift,
676 3091 932 3151 obsecro,
958 3036 1115 3137 ’Deus
1144 3090 1318 3141 meus,
1350 3071 1588 3128 dormiat
1615 3065 1877 3123 memoria
1905 3077 2026 3118 mea
2061 3036 2192 3116 abc
2212 3062 2435 3116 aeterna:
2463 3052 2791 3110 beatitudini
2829 3049 3144 3118 suspirare:
3195 3044 3418 3114 illicque
3464 3042 3641 3099 teneri
3690 3054 3857 3096 men-

1606 3156 1614 3158 μ
1773 3155 1782 3158 -
2021 3150 2032 3158 .
2116 3154 2123 3158 Α
2218 3153 2226 3158 .
2418 3146 2430 3158 ι
2458 3145 2469 3156 ι
2528 3144 2541 3158 I
2577 3143 2614 3158 ,ι
2648 3140 2715 3158 ,με
2768 3153 2888 3158 _--_-
2945 3137 3132 3158 ..Α--.ΠΛ
3188 3134 3545 3158 Αλκιζηηῖυνιη-η
3597 3136 3675 3158 nni
3756 3134 3839 3158 ΑΙΑ

493 3150 750 3240 omnibus
787 3189 911 3246 quae
958 3170 1061 3227 sub
1108 3165 1250 3222 caelo
1297 3166 1444 3227 sunt,
1493 3156 1723 3228 vigilans
1768 3155 1826 3209 in
1864 3158 1939 3219 te,
1989 3150 2133 3205 sicut

492 3272 759 3342 scriptum
790 3239 909 3323 est:
951 3264 1065 3330 Ego
1105 3253 1326 3319 dormio,
1366 3255 1415 3306 et
1460 3263 1551 3304 cor
1595 3260 1763 3302 meum
1803 3240 2002 3311 uigilat.
2052 3239 2133 3295 Sit

495 3331 633 3429 tuta,
664 3359 737 3414 sit
773 3364 992 3422 semper
1019 3358 1213 3404 secura
1240 3340 1342 3397 sub
1391 3335 1587 3407 pennis
1624 3331 1985 3403 protectionis
2024 3334 2133 3383 tua:

493 3418 674 3508 anima
712 3458 853 3511 mea,
892 3418 1044 3496 Deus
1087 3447 1261 3492 meus.
1302 3431 1514 3486 Maneat
1559 3425 1615 3479 in
1661 3428 1737 3489 te,
1788 3426 1845 3476 et
1890 3418 2136 3475 foveatur

490 3552 709 3610 semper
737 3539 873 3592 ate.
906 3522 1320 3594 Contempletur
1348 3524 1402 3574 te
1450 3516 1505 3571 in
1536 3512 1734 3570 mentis
1778 3522 2028 3577 excessu,
2078 3511 2134 3563 et

491 3598 676 3690 cantet
704 3623 895 3682 laudes
922 3625 1044 3676 tuas
1072 3617 1129 3671 in
1163 3608 1513 3683 jubilatione,
1546 3608 1602 3659 et
1629 3603 1748 3658 haec
1778 3599 1961 3657 dulcia
1990 3598 2134 3653 dona

611 3719 722 3776 sint
749 3717 897 3772 inter
940 3710 1046 3764 hos
1076 3701 1329 3761 turbines
1369 3692 1674 3754 consolatio
1721 3703 1861 3746 mea.
1911 3686 2135 3744 interim

489 3838 2509 3896 ____________________——

2212 3153 2323 3204 tem
2378 3145 2472 3201 ubi
2528 3140 2718 3199 haberi
2768 3153 2895 3195 vera
2940 3137 3137 3209 gaudia
3184 3134 3549 3190 certissimum
3595 3136 3699 3199 est,
3752 3134 3855 3185 etc.

2213 3236 2450 3292 Desinit:
2484 3235 2625 3289 Ecce
2655 3229 2803 3301 quod
2832 3224 3124 3296 concupivi
3143 3224 3260 3295 jam
3295 3222 3477 3289 video,
3526 3218 3677 3290 quod
3717 3232 3856 3287 spe-

2215 3326 2328 3381 ravi
2353 3327 2463 3394 jam
2493 3331 2677 3387 teneo,
2709 3317 2859 3389 quod
2888 3313 3192 3372 desideravi
3216 3314 3327 3384 jam
3365 3310 3579 3366 habeo:
3615 3306 3699 3362 illi
3742 3308 3860 3376 jam

2215 3417 2272 3471 in
2303 3413 2458 3471 caelis
2491 3414 2716 3481 junctus
2752 3421 2893 3474 sum,
2934 3418 3098 3476 quem
3141 3404 3199 3458 in
3255 3400 3419 3457 terris
3470 3397 3683 3468 positus
3738 3402 3862 3453 tota

2214 3505 2416 3561 virtute
2473 3500 2661 3566 dilexi,
2719 3502 2836 3554 tota
2868 3494 3158 3551 "charitate
3204 3489 3487 3560 amplexus
3539 3500 3683 3549 sum,
3737 3491 3860 3542 toto

2215 3605 2400 3650 amore
2430 3589 2646 3646 inhaesi.
2676 3589 2857 3657 Ipsum
2895 3583 3081 3649 laudo,
3130 3578 3400 3637 benedice
3445 3584 3609 3646 atque
3656 3574 3857 3641 adoro,

2217 3682 2312 3753 qui
2339 3679 2473 3737 vivit
2501 3684 2558 3735 et
2584 3680 2777 3747 regnat
2804 3674 2861 3730 in
2889 3670 3117 3737 stncula,
3148 3668 3498 3726 saeculorum.
3528 3668 3719 3721 Amen.

2511 3830 2906 3848 in”

1635 3955 2231 4079 LIBELLUS
2314 3946 2722 4065 ALTER

1705 4164 1799 4228 De
1829 4159 2044 4226 divina
2077 4149 2638 4238 contemplatione.

1973 4299 2373 4319 ἔ

1129 4426 1262 4469 PARS
1307 4421 1492 4465 PRIMA.

560 4519 637 4572 De
661 4512 931 4571 divinitate
963 4505 1158 4571 Patris,
1192 4507 1239 4558 et
1268 4498 1413 4565 Filii,
1445 4501 1493 4552 et
1521 4492 1753 4566 Spiritus
1780 4488 1969 4545 sancti.

560 4604 768 4661 Adesto
798 4596 953 4663 mihi,
984 4606 1174 4650 verum
1211 4590 1464 4654 lumen,..
1515 4596 1657 4639 unus
1694 4581 1837 4636 Deus
1883 4573 2135 4642 omnipo-

489 4703 634 4753 tens.
664 4694 738 4748 Te
790 4661 989 4745 invoco
1038 4685 1094 4738 in
1141 4680 1376 4735 animam
1426 4687 1636 4729 meam:
1670 4671 1845 4735 intra,
1877 4677 2034 4735 rogo,
2076 4661 2132 4716 in

490 4798 631 4852 eam,
663 4786 720 4837 et
747 4781 946 4847 coapta
973 4786 1091 4830 eam
1120 4768 1245 4835 tibi,
1285 4772 1345 4822 ut
1375 4762 1661 4835 possideas
1698 4757 1845 4813 illam
1873 4754 1992 4811 sine
2022 4764 2133 4807 ma-

491 4872 614 4928 cula
652 4874 708 4926 et
734 4868 853 4924 sine
882 4877 1036 4934 ruga.

561 4959 800 5017 Desinit:
832 4929 1132 5009 Nec‘casus
1157 4948 1316 5002 tinem
1347 4941 1540 5008 dabit;
1592 4936 1688 4993 sed
1735 4937 1860 4989 ante
1904 4929 2125 4995 saecula,

492 5056 549 5107 et
584 5051 640 5105 in
671 5043 908 5110 saeculis,
942 5045 998 5096 et
1026 5052 1125 5108 per
1148 5033 1350 5091 saecula
1378 5032 1435 5086 in
1467 5034 1733 5086 atternum
1760 5022 1932 5088 vivis;
1966 5024 2021 5075 et
2049 5020 2134 5073 est

490 5139 592 5195 tibi
623 5133 883 5207 perennis
921 5130 1040 5185 laus
1077 5131 1132 5182 et
1162 5129 1367 5181 aeterna
1395 5118 1591 5190 gloria,
1623 5119 1720 5171 etc.

1093 5228 1227 5270 PARS
1265 5224 1527 5267 SECUNDA.

492 5320 567 5373 De
618 5314 937 5371 humanitate
990 5304 1201 5364 Domini
1244 5300 1411 5358 nostri
1466 5299 1591 5354 Iesu
1638 5291 1848 5359 Christi,
1899 5289 1989 5358 qui
2036 5300 2131 5340 nos

868 5396 1083 5456 redemit
1118 5394 1285 5466 pretio
1315 5386 1588 5458 sanguinis
1615 5383 1717 5440 sui.

906 5486 1103 5544 Psatm.
1135 5484 1361 5538 Cautate
1390 5475 1620 5534 Domino
1650 5472 1704 5527 2.

560 5586 678 5641 Huc
717 5593 911 5650 usque,
943 5574 1295 5644 omnipotens
1322 5571 1485 5632 Deus,
1524 5562 1783 5627 Trinitas,
1816 5556 2002 5615 cordis
2025 5554 2131 5612 mei

2150 4391 2500 4460 Dinspector
2537 4390 2594 4443 et
2620 4387 2913 4450 scrutator,
2944 4377 3228 4437 confessus
3253 4388 3373 4432 sum
3403 4367 3864 4440 omnipotentiam

2216 4476 2519 4549 majestatis
2546 4479 2676 4543 tute,
2717 4478 2816 4530 etc.

2284 4546 2520 4625 Desinit:
2553 4564 2658 4621 Ubi
2688 4568 2772 4620 est
2800 4562 2920 4617 dies
2948 4564 3190 4616 aeternus
3219 4562 3275 4613 et
3304 4567 3447 4611 unus
3474 4548 3719 4607 omnium
3748 4546 3866 4616 spi-

2216 4658 2376 4725 ritus,
2408 4655 2502 4712 ubi
2540 4662 2601 4710 tu
2631 4666 2755 4710 cum
2783 4651 2901 4719 illo,
2928 4655 2985 4706 et
3011 4648 3109 4705 ille
3135 4653 3319 4704 tecum
3365 4644 3423 4700 in
3469 4637 3865 4697 communione

2214 4748 2452 4818 Spiritus
2478 4744 2655 4801 sancti
2686 4740 3023 4800 atternaliter
3058 4739 3216 4806 vivis,
3248 4741 3349 4793 etc.

2844 4845 2977 4886 PARS
3012 4843 3223 4885 TERTIA.

2287 4929 2353 4982 In
2387 4940 2492 4996 qua
2518 4937 2661 4978 mens
2698 4921 2886 4978 deuota
2929 4918 3086 4975 nimio
3134 4930 3312 4974 amore
3356 4916 3612 4986 ﬂagrans,
3653 4909 3866 4967 Christo

2212 5016 2420 5072 inhians
2440 5056 2455 5081 ,
2514 5013 2716 5070 Christo
2771 5011 3043 5082 suspirans
3062 5053 3080 5077 ,
3135 5006 3392 5065 Christum
3414 5043 3429 5070 ,
3490 5016 3638 5074 quem
3692 4997 3869 5055 solum

2214 5110 2376 5171 amat,
2402 5104 2576 5158 videre
2607 5101 2933 5165 desiderans,
2981 5097 3110 5154 nihil
3156 5095 3306 5154 dulce
3337 5093 3491 5150 habet
3526 5090 3631 5147 nisi
3656 5100 3870 5158 gemere

2214 5199 2262 5249 et
2289 5195 2434 5263 ﬂere,
2463 5191 2565 5246 nisi
2589 5191 2790 5260 fugere,
2832 5194 3005 5246 tacere
3042 5191 3091 5242 et
3138 5185 3419 5258 quiescere,
3468 5180 3683 5237 dicens:
3727 5175 3873 5243 Quis

2214 5283 2367 5339 dabit
2395 5280 2527 5335 mihi
2557 5293 2766 5349 pennas
2794 5280 2939 5336 sicut
2965 5275 3256 5342 columbae,
3297 5277 3353 5330 et
3387 5270 3607 5336 volabo,
3659 5272 3717 5323 et
3765 5278 3872 5321 re-

2215 5372 2512 5442 quiescam.

2285 5462 2423 5530 Spes
2448 5472 2588 5525 mea,
2618 5458 2834 5515 Christe
2859 5459 3116 5514 Deus.....
3158 5457 3230 5511 Te
3269 5451 3561 5521 deprecor,
3600 5444 3869 5517 supplico

2214 5556 2270 5608 et
2308 5561 2465 5619 rogo,
2505 5552 2566 5604 ut
2595 5554 2651 5605 te
2679 5553 2919 5612 rectore,
2952 5551 3006 5602 te
3044 5544 3204 5610 duce,
3235 5555 3336 5611 per
3364 5544 3418 5597 te
3463 5536 3734 5595 ambulem
3791 5533 3869 5589 ad
