4014 6176
240 318 327 382 461

1395 324 1482 383 DE
1519 326 1747 383 DlVlNA
1783 320 2402 384 CONTEMPLATIONE.

3474 328 3582 392 462

241 461 287 509 te
313 450 634 521 perveniam,
668 449 723 505 in
754 452 807 505 te
838 448 1202 520 requiescam,
1234 450 1328 521 qui
1358 464 1418 506 es
1446 452 1531 506 via
1570 458 1626 507 et
1654 448 2047 512 veritasAﬁda
2094 454 2279 519 statio,
2332 457 2387 507 et
2423 452 2579 509 locus
2624 453 2980 519 eminentior,
3033 455 3126 509 ubi
3171 470 3270 529 pes
3312 459 3581 516 columst

239 547 289 597 et
320 538 441 595 vita.
472 539 616 595 Deus
644 552 819 606 meus,
854 552 960 594 una
989 552 1118 610 spes
1163 540 1219 595 et
1267 539 1608 610 praegrandis
1639 538 1858 595 miseri-

234 628 405 685 cordia
436 641 576 694 mea,
604 632 723 684 esto
769 628 905 684 mihi
935 629 992 684 in
1022 628 1244 685 domum
1279 628 1476 700 refugii
1505 634 1560 684 et
1589 628 1645 683 in
1676 627 1856 684 locum

233 718 505 783 munitum,
536 721 635 773 etc.
806 786 811 797 ι

292 805 485 862 Desinit
514 826 528 858 :
562 806 627 859 Et
675 805 1055 875 temporalium
1086 805 1437 875 sempiterna:
1468 804 1652 861 vivunt
1679 804 1856 861 ratio-

228 909 335 961 nes,
366 899 587 949 :eternaa
618 894 903 963 sapientiae
951 894 1240 961 conﬁteor,
1274 901 1330 948 et
1368 893 1576 949 nomini
1608 900 1702 950 tuo
1733 892 1855 948 lau-

225 984 338 1039 dem
367 982 512 1038 dico.
545 980 665 1038 Tibi
692 981 1008 1038 benedictio
1059 988 1113 1038 et
1152 982 1394 1048 claritas,
1427 981 1529 1039 tibi
1559 984 1855 1053 gratiarum

221 1071 378 1139 actio,
437 1070 541 1126 tibi
592 1068 792 1138 honor,
832 1070 1005 1126 virtus
1044 1076 1100 1126 et
1138 1069 1425 1139 fortitudo,
1465 1070 1696 1128 Domino
1742 1072 1855 1126 Deo

222 1168 401 1218 nostro
430 1161 491 1216 in
516 1160 718 1217 saecula
746 1160 1098 1216 saeculorum.
1139 1163 1330 1215 Amen.

725 1251 901 1305 ALUE
938 1250 1338 1305 ORATIONES.

222 1342 261 1396 Ι.
316 1339 413 1395 Isti
452 1336 700 1394 versiculi
736 1338 807 1393 ad
844 1338 1178 1394 ewcitandum
1215 1337 1390 1393 cordis
1419 1337 1857 1409 compnnctionem

632 1427 698 1482 de
725 1426 1017 1497 Smptnris
1055 1424 1257 1481 collecti
1293 1430 1432 1481 sunt.

277 1518 393 1571 Heu
441 1515 651 1572 homo!
688 1515 795 1571 heu
826 1514 1028 1571 homo!
1061 1514 1171 1570 heu
1201 1522 1276 1581 te,
1316 1514 1483 1570 miser
1519 1514 1722 1571 homo!
1756 1529 1857 1570 cur

213 1606 342 1661 vivis
370 1619 599 1676 equum,
632 1605 721 1660 cui
751 1618 860 1660 non
888 1608 972 1660 est
1001 1602 1336 1669 intellectus,
1387 1608 1487 1659 etc.
1588 1676 1594 1683 .

275 1694 502 1762 Desinit,
534 1694 603 1749 ad
634 1691 832 1751 caelum
862 1708 985 1749 cum
1012 1695 1160 1765 Rege
1190 1707 1290 1749 suo
1322 1692 1480 1749 ibunt
1504 1692 1700 1749 sancti.
1732 1691 1855 1748 Glo-

208 1786 282 1841 ria
310 1785 434 1852 tibi,
472 1783 709 1850 Christe,
741 1787 840 1839 etc.

484 1870 552 1929 Π.
594 1886 794 1928 ORATIO
835 1886 902 1926 DE
939 1885 1101 1927 VITIIS
1130 1886 1194 1926 ΕΤ
1222 1885 1567 1926 VIRTUTIBUS.

271 1964 518 2029 Christe,
559 1963 730 2017 virtus
776 1960 971 2016 salutis
1013 1964 1218 2016 nostris
1266 1961 1429 2027 Deus,
1470 1959 1565 2014 lux
1592 1958 1662 2014 de
1707 1958 1851 2024 luce,

203 2052 458 2108 illumina
490 2065 575 2107 me
606 2064 795 2121 quieso
822 2050 1027 2106 lumine
1057 2050 1249 2121 gratiae
1280 2056 1409 2105 tute.
1450 2048 1706 2105 Concede
1754 2058 1855 2117 pro

203 2143 408 2211 pietate
442 2147 500 2198 et
528 2141 773 2197 bonitate
804 2143 916 2207 tua,
947 2146 1009 2196 ut
1036 2139 1156 2195 haec
1187 2153 1272 2195 me
1304 2153 1523 2209 semper
1562 2136 1853 2205 inhabitet,

196 2237 250 2287 et
286 2232 507 2301 ubique
538 2236 711 2301 regat,
743 2234 841 2285 etc.

266 2321 484 2375 Desinit
516 2339 531 2373 :
561 2319 642 2374 Ad
669 2320 835 2373 vitam
886 2319 1195 2388 perveniam
1239 2324 1498 2373 aeternam
1526 2358 1540 2381 ,
1592 2321 1646 2370 te
1696 2315 1857 2370 mise-

192 2414 354 2463 rante
388 2412 452 2462 et
484 2406 744 2472 donante,
777 2406 871 2475 qui
901 2420 1024 2461 cum
1054 2408 1233 2472 Patre,
1265 2410 1362 2460 etc.

190 2498 284 2553 III.
330 2511 705 2552 APOLOGETICI
745 2510 1011 2550 ssnmoms
1048 2510 1240 2550 BREV’IS
1278 2510 1340 2548 ET
1370 2509 1509 2548 veru
1541 2507 1854 2548 nassonem.-

261 2583 456 2640 Multa
481 2582 648 2654 igitur
675 2589 803 2638 sunt
839 2582 1365 2653 contemplationum
1405 2594 1629 2651 genera,
1660 2581 1861 2650 quibus

188 2673 387 2729 anima
424 2672 553 2739 tibi,
592 2671 807 2728 Christe
830 2713 846 2739 ,
897 2672 1092 2727 devota
1140 2670 1448 2727 delectatur
1499 2673 1556 2725 et
1593 2668 1811 2738 proﬁcit
1842 2688 1855 2724 :

189 2761 292 2817 sed
339 2759 406 2815 in
464 2759 619 2815 nullo
666 2773 853 2816 earum
901 2761 979 2815 ita
1017 2759 1221 2830 gaudet
1265 2772 1420 2814 mens
1466 2772 1586 2813 mea
1633 2757 1776 2814 sicut
1803 2757 1861 2812 in

190 2849 285 2905 illa
339 2862 507 2919 qum,
554 2849 770 2905 cunctis
808 2849 1053 2915 remotis,
1097 2850 1150 2904 in
1184 2853 1235 2903 te
1264 2848 1441 2903 solum
1471 2848 1638 2902 Deum
1660 2845 1862 2900 attollit

190 2938 523 3009 simplicem
553 2938 678 3007 puri
708 2937 893 2994 cordis
921 2937 1202 2994 intuitum.

260 3027 507 3093 Desinit,
540 3026 723 3083 omnia
769 3027 916 3083 bona
963 3033 1149 3083 nostra
1199 3038 1367 3096 opera
1412 3030 1469 3080 tu
1507 3028 1768 3093 operatus
1801 3037 1862 3078 es

195 3117 383 3173 nobis.

298 3208 394 3262 1V.
460 3220 694 3261 HUMILIS
734 3220 1024 3261 conssssro
1066 3218 1390 3260 peccaroms
1440 3218 1500 3257 nr
1546 3217 1751 3256 INDIGNI

857 3309 1216 3349 LAUDATORIS.

258 3386 531 3455 Ignosce,
565 3383 814 3449 Domine,
839 3384 1085 3454 ignosce,
1117 3382 1227 3453 pie,
1261 3386 1316 3437 et
1344 3380 1460 3437 noli
1490 3394 1575 3436 me
1603 3384 1859 3449 tanquam

194 3475 573 3529 temerarium
602 3472 923 3542 reprobare.

253 3562 498 3629 Desinit,
534 3562 597 3617 in
626 3560 829 3616 saecula
857 3560 1185 3616 saaculornm
1216 3558 1518 3614 laudabunt
1547 3562 1620 3611 te.

714 3650 776 3705 V.
819 3665 951 3712 ouo
992 3665 1072 3705 sn.~
1110 3662 1366 3703 malum.

250 3741 515 3797 Jubilum
549 3737 777 3806 dicitur,
836 3737 1058 3808 quando
1089 3734 1363 3792 ineffabile
1392 3732 1649 3804 gaudium
1680 3734 1862 3786 mente

186 3830 548 3900 concipitur.

255 3910 474 3975 Desinit
502 3962 519 3986 ,
566 3915 773 3972 sufﬁcit
802 3916 989 3987 lingua
1020 3914 1278 3971 dicentis.

188 4007 269 4061 Ἣ.
340 4022 567 4064 ORATIO
619 4021 754 4061 ANTE
799 4020 1074 4061 MISSABUM
1124 4017 1556 4060 CELEBRATIONEM
1608 4015 1857 4055 DICENDA.

251 4097 489 4153 Summe
523 4094 796 4152 sacerdos
824 4100 881 4150 et
908 4108 1034 4150 vere
1065 4091 1333 4163 pontifex,
1375 4091 1470 4162 qui
1518 4096 1571 4145 te
1610 4086 1860 4145 obtulisti

1873 1777 1921 1837 B

1938 538 2113 596 valeat
2143 540 2532 611 requiescere;
2566 552 2829 611 nusquam
2879 548 2995 597 tuta
3044 556 3168 612 pax,
3201 558 3466 614 nusquam
3496 564 3582 605 se-
3681 531 3685 535 ’

1934 617 2070 685 cura
2100 630 2278 699 quies,
2311 636 2408 684 etc.

2010 719 2229 784 Desinit,
2262 712 2442 775 Gloria
2473 710 2618 774 Patri
2651 718 2744 789 qui
2792 717 2922 775 fecit
2952 733 3072 788 nos,
3105 721 3280 791 gloria
3311 722 3449 779 Filio
3479 726 3574 793 qui

1938 805 2171 862 redemit
2199 820 2321 873 nos,
2353 807 2529 878 gloria
2579 808 2803 877 Spiritui
2852 815 3041 865 sancto
3090 812 3183 881 qui
3222 811 3580 868 sanctiﬁcavit

1938 910 2058 952 nos.
2091 896 2171 951 Sit
2203 896 2340 964 laus,
2370 896 2443 951 sit
2472 896 2808 964 bcncditclo,
2832 902 2930 953 etc.
2973 899 3153 956 Oratio
3179 898 3394 971 prolixa
3422 905 3499 957 est
3527 906 3577 957 et

1937 983 2142 1039 devota.

2531 1072 2595 1127 X.
2636 1086 2757 1129 sua
2797 1090 3010 1131 ORATIO.

2007 1162 2257 1228 Domine,
2291 1163 2433 1218 Deus
2460 1176 2635 1230 meus,
2667 1162 2735 1218 da
2765 1160 2921 1220 cordi
2968 1178 3091 1221 meo
3142 1173 3193 1221 te
3241 1162 3576 1235 desiderare,

1937 1250 2302 1306 desiderando
2324 1264 2594 1320 quatere,
2618 1253 2920 1321 quaerendo
2952 1252 3217 1321 invenire,
3252 1256 3581 1313 inveniendo

1936 1352 2139 1405 amare,
2181 1343 2278 1395 etc.

2004 1430 2226 1497 Desinit,
2275 1430 2577 1486 secundum
2625 1428 3033 1487 multitudinem
3083 1438 3296 1489 tuartim
3326 1434 3579 1506 compla-

1934 1524 2057 1574 ceat
2086 1519 2520 1586 miserationum,
2546 1528 2645 1589 per
2670 1521 2852 1575 Jesum
2882 1519 3178 1589 Christum,
3219 1528 3317 1578 etc.

1934 1606 2024 1663 ΧῘ.
2066 1622 2378 1665 ΟΒΑΤΙΑΒΙῙΜ
2407 1622 2667 1665 ACTIONES
2706 1624 2808 1664 PRO
2847 1624 3144 1667 BENEFICIIS
3182 1624 3578 1669 MISERICORDIE

2647 1712 2864 1754 ΒΙΥΙΝᾹΞ.

2007 1789 2143 1855 Spes
2192 1800 2330 1854 mea,
2357 1787 2571 1843 Christe
2609 1788 2865 1843 Deus.....
2900 1789 2972 1843 Te
3001 1787 3291 1857 deprecor,
3324 1787 3578 1859 snpplico

1939 1879 1994 1929 et
2023 1888 2180 1945 rogo,
2206 1878 2266 1929 ut
2290 1874 2541 1944 perﬁcias
2560 1875 2617 1930 in
2639 1889 2723 1930 me
2745 1882 2983 1946 emptum
3014 1890 3153 1946 opus
3181 1876 3580 1933 misericordiae

1939 1969 2068 2019 tuae.
2102 1964 2215 2035 Ego
2246 1964 2391 2019 enim
2420 1964 2646 2020 ultimus
2668 1978 2949 2021 servorum
2980 1972 3217 2032 tuorum,
3253 1979 3362 2021 non
3391 1966 3582 2021 imme-

1940 2066 2060 2108 mor
2088 2051 2479 2109 beneﬁciorum
2510 2054 2879 2109 miserationis
2911 2060 3039 2119 ture,
3071 2069 3195 2124 quae
3225 2054 3358 2109 mihi
3389 2068 3584 2124 pecca-

1941 2141 2048 2198 tori
2080 2141 2279 2197 collata
2307 2147 2455 2207 sunt,
2487 2142 2692 2212 gratias
2736 2142 2836 2197 tibi
2865 2156 2989 2213 ago,
3039 2142 3133 2212 qui
3183 2157 3267 2197 me
3298 2142 3583 2213 indignum

1942 2240 2043 2301 pro
2075 2236 2166 2284 tua
2202 2229 2320 2284 sola
2351 2228 2642 2284 clementia
2672 2243 2771 2298 per
2799 2243 2992 2298 aquam
3042 2229 3185 2283 sacri
3214 2230 3579 2299 baptismatis,

1941 2324 1997 2373 et
2026 2319 2381 2373 renovatione
2412 2318 2586 2372 sancti
2635 2317 2872 2386 Spiritus
2908 2317 2976 2372 ab
3006 2316 3368 2386 originalibus
3396 2319 3585 2373 vincu-

1940 2407 2008 2463 lis
2035 2406 2422 2477 expedisti.....
2454 2406 2532 2462 'l‘u
2563 2408 2755 2462 Pastor
2783 2413 2839 2461 et
2867 2413 3052 2462 rector
3080 2406 3343 2473 omnium,
3366 2407 3586 2463 Christe

1940 2498 2104 2562 Deus,
2132 2497 2225 2565 qui
2274 2495 2441 2551 nullis
2488 2496 2624 2551 meis
2670 2496 2899 2561 meritis,
2950 2496 3047 2583 sed
3099 2495 3215 2551 sola
3263 2496 3581 2567 dignatione

1943 2585 2337 2640 misericordiae
2385 2592 2495 2641 tuas
2532 2586 2738 2641 vocasti
2787 2585 3105 2655 parvitatem
3155 2599 3329 2641 meam
3375 2586 3443 2642 ad
3474 2586 3583 2643 hoc

1946 2672 2218 2743 pastorale
2248 2672 2509 2735 ofﬁcium,
2542 2681 2769 2743 propter
2816 2680 2870 2729 te
2918 2680 2973 2729 et
3010 2688 3211 2730 nomen
3261 2680 3414 2730 tuum
3452 2689 3584 2731 san-

1944 2764 2114 2827 etum,
2146 2757 2229 2816 fac
2279 2776 2363 2816 me
2414 2760 2670 2817 idoneum
2714 2761 2781 2817 ad
2824 2761 2931 2817 hoc
2979 2762 3363 2829 ministerium,
3406 2764 3465 2818 ut
3493 2780 3587 2819 sa-

1946 2850 2163 2920 pienter
2191 2850 2410 2905 domum
2468 2858 2613 2905 tuam
2663 2865 2866 2920 regam,
2900 2856 2957 2906 et
3003 2852 3059 2907 in
3108 2852 3363 2908 omnibus
3393 2867 3589 2909 secun-
3636 2874 3655 2883 ε

1945 2939 2074 2994 dum
2112 2939 2446 2995 voluntatem
2476 2944 2623 2995 tuam
2653 2952 2874 3010 gregem
2905 2945 3057 2996 tuum
3088 2952 3314 3010 pascere
3353 2942 3585 2998 valeam.

1944 3024 2219 3095 Concede,
2253 3034 2480 3099 prOpter
2500 3027 2763 3084 honorem
2786 3029 3025 3085 nominis
3054 3030 3152 3095 tui,
3187 3035 3247 3085 ut
3275 3044 3397 3086 cum
3418 3031 3592 3089 multo

1876 3102 1917 3168 C
1940 3115 2087 3172 bono
2117 3114 2297 3171 fructu
2326 3115 2583 3172 fraternae
2613 3116 2897 3172 societatis
2945 3118 3231 3187 pervenire
3278 3128 3494 3175 merear
3521 3117 3589 3175 ad

1944 3204 2173 3276 gloriam
2204 3212 2467 3262 tuam.....
2517 3205 2641 3261 Scio
2691 3210 2746 3261 et
2793 3210 2978 3262 certus
3015 3220 3132 3262 sum
3178 3206 3324 3277 quod
3357 3213 3416 3264 tu
3444 3206 3594 3263 vales

1944 3292 2157 3350 fructus
2184 3293 2360 3351 bonos
2392 3300 2446 3350 et
2475 3308 2703 3365 magnos
2733 3294 2913 3350 facere
2943 3294 3011 3351 de
3042 3310 3207 3367 grege
3239 3300 3355 3362 tuo,
3380 3308 3479 3365 per
3507 3309 3592 3350 me

1944 3382 2198 3455 exiguum
2230 3388 2285 3438 et
2314 3382 2605 3439 inﬁrmum.
2643 3381 2904 3438 Parvulus
2934 3384 3139 3451 quippe
3162 3392 3278 3438 sum
3312 3388 3366 3438 et
3385 3380 3592 3437 nullius

1944 3470 2161 3527 virtutis
2189 3471 2510 3535 homuncio,
2542 3469 2679 3524 nihil
2729 3469 2939 3524 habens
2985 3468 3041 3523 in
3091 3480 3176 3524 me
3226 3469 3374 3539 quod
3408 3471 3590 3538 expeti

1945 3556 2163 3625 debeat,
2193 3558 2276 3614 vel
2308 3557 2456 3627 quod
2488 3557 2712 3627 dignum
2742 3556 2814 3610 sit
2844 3556 2980 3611 tanti
3011 3554 3197 3610 ofﬁcii.
3240 3557 3473 3622 Idcirco,
3498 3552 3591 3613 de-

1945 3661 2174 3717 sperans
2206 3646 2275 3703 de
2325 3647 2590 3717 parvitate
2638 3659 2778 3711 mea,
2811 3658 2922 3699 non
2970 3644 3184 3714 respiro
3231 3646 3338 3701 nisi
3388 3645 3443 3700 in
3473 3644 3589 3702 sola

1949 3735 2327 3793 misericordia
2375 3742 2487 3790 tua.
2538 3732 2644 3789 Sed
2694 3731 2824 3789 licet
2870 3732 2947 3788 sis
2985 3745 3213 3805 magnus
3260 3733 3315 3789 in
3354 3734 3587 3805 magnis,

1945 3822 2241 3897 gloriosius
2290 3830 2469 3879 tamen
2519 3822 2769 3892 operaris
2814 3834 3008 3892 magna
3056 3820 3112 3876 in
3163 3822 3422 3878 minimis.
3474 3824 3591 3879 Erit

1945 3920 2096 3972 certe
2129 3913 2244 3969 laus
2271 3920 2363 3968 tua
2393 3910 2629 3977 dulcior,
2663 3915 2719 3966 et
2766 3910 3048 3980 copiosior
3095 3923 3245 3967 more
3282 3911 3587 3981 hominum,

1944 4016 2067 4060 cum
2099 4016 2199 4074 per
2226 4016 2310 4058 me
2338 3998 2609 4057 tantillum
2641 4000 2859 4070 operari
2890 3998 3147 4071 dignatus
3192 3998 3363 4058 fueris
3396 4014 3592 4074 magna

1945 4093 2013 4149 de
2043 4106 2209 4164 grege
2239 4097 2450 4148 tuo.....
2485 4091 2560 4145 Da
2591 4089 2724 4145 mihi
2755 4088 2998 4146 coelestia
3046 4098 3102 4146 et
3151 4094 3369 4149 terrena
3417 4091 3593 4147 subsi-

1943 4180 2033 4239 dia
2063 4181 2129 4237 ad
2162 4194 2379 4238 omnem
2409 4178 2815 4247 sufﬁcientiam,
2848 4185 2909 4234 ut
2936 4178 3166 4235 habeam
3198 4178 3342 4236 unde
3370 4192 3590 4251 gregem

182 4183 294 4239 Deo
325 4186 492 4241 Patri
527 4183 772 4239 hostiam
803 4196 1016 4253 puram,
1048 4185 1147 4236 etc.

436 4275 565 4330 VII.
612 4286 811 4327 ORATIO
851 4286 1021 4327 DOMNI
1061 4284 1331 4327 WILLELMI
1369 4283 1615 4323 sanans.

182 4363 247 4416 In
292 4362 825 4419 Commemoratione
865 4361 1036 4416 sancti
1081 4357 1360 4427 Augustini
1413 4362 1533 4412 ante
1584 4371 1858 4411 consecra-

618 4477 634 4493 ι
691 4452 880 4506 tionem
928 4449 1100 4504 missi:
1138 4446 1380 4503 dicenda.

250 4544 580 4608 Memento,
611 4540 861 4607 Domine,
893 4539 1089 4594 animae
1119 4535 1305 4592 famuli
1336 4536 1415 4591 tui
1446 4535 1687 4600 Patricii,
1736 4540 1860 4601 etc.,

181 4629 408 4703 inferius
446 4632 633 4687 edita.

250 4722 395 4776 VIII.
444 4733 758 4777 comssro
796 4730 1020 4772 BUIllLIS
1058 4728 1384 4771 rscmroms
1432 4727 1484 4768 IN
1522 4727 1768 4767 TEMPORE

1944 4278 2094 4328 tuum
2128 4269 2332 4341 possim
2364 4282 2591 4339 pascere
2631 4268 2686 4323 et
2732 4272 3061 4332 sustentare,
3112 4273 3222 4321 tam
3269 4268 3593 4336 spiritaliter

1945 4373 2105 4431 quam
2136 4358 2520 4429 corporaliter,
2560 4362 2724 4426 atque
2771 4355 3055 4410 venientes
3099 4354 3157 4408 in
3222 4360 3317 4410 tuo
3370 4354 3591 4410 nomine

1881 4438 2231 4519 Dsuscipere
2278 4446 2485 4516 absque
2531 4442 2640 4501 ulla
2698 4442 3044 4499 haesitatione
3080 4486 3093 4509 ,
3149 4434 3421 4512 simulque
3468 4442 3590 4497 loca

1941 4537 2230 4595 commissa
2277 4534 2535 4591 ordinare
2584 4539 2639 4589 et
2686 4545 2997 4603 praeparare
3046 4529 3114 4587 ad
3146 4532 3386 4600 quietem
3418 4536 3473 4587 et
3502 4542 3587 4585 sa-

1942 4624 2111 4682 lutem
2157 4624 2511 4689 Francorum,
2544 4620 2687 4677 sicut
2727 4620 2889 4676 decet
2937 4625 2991 4675 et
3039 4625 3374 4688 oportet.....
3411 4619 3525 4674 Duo
3554 4630 3586 4673 a

1942 4722 1996 4770 te
2027 4720 2156 4784 peto
2192 4733 2203 4768 :
2238 4724 2402 4768 unum
2425 4710 2617 4767 horum
2650 4722 2749 4779 pro
2777 4716 2868 4764 tua
2899 4708 3187 4765 clementia
3218 4720 3326 4763 non
3348 4708 3588 4778 deneges

636 4822 919 4865 mousrue
958 4821 1020 4861 er
1058 4818 1441 4861 INFIRMITATIS.
1942 4804 2096 4859 mihi.
2130 4805 2282 4872 Rogo
2312 4807 2366 4856 te
2398 4816 2496 4870 per
2525 4806 2717 4855 Omnes
2746 4798 3127 4853 miserationes
3175 4803 3314 4861 tuas,
3356 4796 3425 4852 da
3454 4797 3586 4853 mihi

250 4900 567 4964 Miserere,
617 4896 866 4961 Domine,
925 4895 1208 4961 miserere,
1261 4893 1371 4962 pie,
1414 4891 1674 4946 miserere
1730 4888 1864 4944 mihi
1944 4891 2380 4949 consolationem
2412 4896 2559 4945 tuam
2589 4887 2868 4943 cmlestem
2908 4886 2965 4940 in
2996 4884 3183 4940 multis
3212 4885 3589 4941 tribulationi-

180 4988 516 5044 miserrimo
573 4984 877 5055 peccatori,
928 4982 1151 5055 indigna
1208 4981 1414 5053 agenti,
1463 4986 1520 5036 et
1558 4979 1722 5049 digna
1772 4992 1867 5048 pa-
1947 4982 2052 5038 bus
2080 4980 2252 5036 meis!
2298 4977 2516 5048 pondus
2547 4977 2694 5033 enim
2723 4974 2871 5030 istud
2900 4973 3278 5044 gravissimum
3310 4973 3459 5044 quod
3490 4975 3590 5028 im-

181 5073 366 5131 tienti.
944 5071 949 5075 ’
1948 5069 2186 5140 positum
2217 5073 2302 5122 est
2328 5080 2496 5135 super
2528 5063 2770 5120 infirmas
2800 5063 3045 5119 cervices
3074 5076 3243 5130 meas,
3287 5061 3432 5141 ferre
3481 5075 3591 5118 non

250 5165 500 5232 Desinit,
535 5161 652 5218 scis
680 5161 884 5229 omnia,
916 5163 1076 5230 potes
1104 5157 1306 5214 omnia.
1947 5159 2123 5223 valeo,
2182 5155 2462 5225 deponere
2503 5154 2787 5208 timeo.....
2818 5152 3028 5207 Gratias
3058 5151 3157 5205 tibi
3186 5164 3310 5222 ago,
3341 5151 3589 5219 Domine,

620 5251 709 5306 IX.
750 5263 955 5306 rucrrrr
996 5262 1195 5303 ommo
1236 5260 1466 5309 necom,
1950 5248 2044 5317 qui
2088 5259 2173 5300 me
2220 5245 2381 5299 etiam
2432 5257 2462 5296 ιι
2510 5254 2648 5296 vano
2692 5241 2854 5309 hujus
2884 5238 3071 5294 mundi
3110 5239 3393 5295 consortio
3422 5253 3589 5309 sepa-

180 5342 488 5415 compitata
518 5355 624 5412 per
652 5337 1153 5410 contemplationem,
1180 5333 1260 5389 vel
1296 5334 1574 5391 Meditutio
1614 5333 1844 5388 theoricu

1950 5337 2102 5401 rasti,
2144 5343 2199 5391 et
2228 5334 2295 5389 ad
2329 5341 2478 5388 tuum
2526 5331 2807 5386 servitium
2837 5334 3084 5385 sanctum
3136 5327 3460 5397 perduxisti,
3491 5334 3588 5385 etc.

248 5435 402 5505 Spes
435 5443 601 5496 mea,
632 5429 847 5485 Christe
893 5430 1153 5483 Deus.....
1195 5423 1289 5492 qui
1328 5437 1389 5478 es
1434 5423 1539 5486 via,
1571 5422 1772 5477 veritas
1815 5429 1870 5477 et
2267 5424 2381 5478 XII.
2421 5435 2619 5477 onum
2657 5436 2727 5474 an
2767 5434 3007 5474 saxeum
3039 5433 3269 5472 mnum.

177 5522 313 5576 vita.
358 5519 485 5576 Sed
523 5517 658 5587 quia
688 5519 743 5573 in
790 5518 897 5573 hoc
941 5527 1138 5585 magno
1168 5512 1332 5579 hujus
1359 5510 1485 5564 vita:
1516 5509 1743 5575 diluvio,
1776 5510 1870 5564 ubi
2024 5516 2189 5584 Virgo
2237 5510 2441 5567 mundo
2489 5507 2840 5573 venerabilis,
2882 5507 3121 5562 humano
3167 5506 3358 5576 generi
3388 5509 3592 5565 amabi—

177 5606 695 5668 circumilantibus
741 5606 1009 5676 agitantur
1058 5600 1314 5673 procellis
1347 5641 1361 5665 ,
1422 5611 1530 5652 non
1597 5597 1873 5652 invenitur
1952 5605 2042 5671 lis,
2073 5606 2172 5657 etc.
