  <div class='ocr_page' id='page_1' title='image "/cluster/home/n/w/nwhite01/storage/ocr_20150623/147/hvd.32044073505281/237.png"; bbox 0 0 4014 6176; ppageno 0'>
   <div class='ocr_carea' id='block_1_1' title="bbox 508 309 613 363">
    <p class='ocr_par' dir='ltr' id='par_1_1' title="bbox 508 309 613 363">
     <span class='ocr_line' id='line_1_1' title="bbox 508 309 613 363; baseline 0.01 -1"><span class='ocrx_word' id='word_1_1' title='bbox 508 309 613 363; x_wconf 85' lang='grc'><strong>463</strong></span> 
     </span>
    </p>
   </div>
   <div class='ocr_carea' id='block_1_2' title="bbox 1043 429 1618 483">
    <p class='ocr_par' dir='ltr' id='par_1_2' title="bbox 1043 429 1618 483">
     <span class='ocr_line' id='line_1_2' title="bbox 1043 429 1618 483; baseline 0 -1"><span class='ocrx_word' id='word_1_2' title='bbox 1043 429 1180 483; x_wconf 87' lang='lat' dir='ltr'><strong>XIII.</strong></span> <span class='ocrx_word' id='word_1_3' title='bbox 1220 443 1290 482; x_wconf 83' lang='lat' dir='ltr'><strong>AD</strong></span> <span class='ocrx_word' id='word_1_4' title='bbox 1329 442 1618 483; x_wconf 72' lang='lat' dir='ltr'><strong>cmusrun.</strong></span> 
     </span>
    </p>
   </div>
   <div class='ocr_carea' id='block_1_3' title="bbox 580 514 2152 585">
    <p class='ocr_par' dir='ltr' id='par_1_3' title="bbox 580 514 2152 585">
     <span class='ocr_line' id='line_1_3' title="bbox 580 514 2152 585; baseline -0.003 -11"><span class='ocrx_word' id='word_1_5' title='bbox 580 518 807 575; x_wconf 85' lang='lat' dir='ltr'><strong>Domine</strong></span> <span class='ocrx_word' id='word_1_6' title='bbox 862 519 990 571; x_wconf 89' lang='lat' dir='ltr'><strong>Jesu</strong></span> <span class='ocrx_word' id='word_1_7' title='bbox 1047 516 1261 572; x_wconf 78' lang='lat' dir='ltr'><strong>Christe</strong></span> <span class='ocrx_word' id='word_1_8' title='bbox 1293 559 1308 583; x_wconf 93' lang='lat'><strong>,</strong></span> <span class='ocrx_word' id='word_1_9' title='bbox 1350 516 1660 585; x_wconf 84' lang='lat' dir='ltr'><strong>redemptio</strong></span> <span class='ocrx_word' id='word_1_10' title='bbox 1715 530 1833 572; x_wconf 89' lang='lat' dir='ltr'><strong>mea</strong></span> <span class='ocrx_word' id='word_1_11' title='bbox 1865 558 1880 582; x_wconf 90' lang='lat'><strong>,</strong></span> <span class='ocrx_word' id='word_1_12' title='bbox 1938 514 2152 571; x_wconf 87' lang='lat' dir='ltr'><strong>miseri-</strong></span> 
     </span>
    </p>
   </div>
   <div class='ocr_carea' id='block_1_4' title="bbox 509 609 996 673">
    <p class='ocr_par' dir='ltr' id='par_1_4' title="bbox 509 609 996 673">
     <span class='ocr_line' id='line_1_4' title="bbox 509 609 996 673; baseline -0.012 -7"><span class='ocrx_word' id='word_1_13' title='bbox 509 609 698 666; x_wconf 85' lang='lat' dir='ltr'><strong>cordia</strong></span> <span class='ocrx_word' id='word_1_14' title='bbox 728 621 866 673; x_wconf 90' lang='lat' dir='ltr'><strong>mea,</strong></span> <span class='ocrx_word' id='word_1_15' title='bbox 898 611 996 661; x_wconf 90' lang='lat' dir='ltr'><strong>etc.</strong></span> 
     </span>
    </p>
   </div>
   <div class='ocr_carea' id='block_1_5' title="bbox 853 697 1802 751">
    <p class='ocr_par' dir='ltr' id='par_1_5' title="bbox 853 697 1802 751">
     <span class='ocr_line' id='line_1_5' title="bbox 853 697 1802 751; baseline -0.003 0"><span class='ocrx_word' id='word_1_16' title='bbox 853 697 986 751; x_wconf 98' lang='lat' dir='ltr'><strong>XIV.</strong></span> <span class='ocrx_word' id='word_1_17' title='bbox 1047 711 1116 749; x_wconf 62' lang='lat' dir='ltr'><strong>an</strong></span> <span class='ocrx_word' id='word_1_18' title='bbox 1157 709 1399 750; x_wconf 64' lang='lat' dir='ltr'><strong>sanorum</strong></span> <span class='ocrx_word' id='word_1_19' title='bbox 1440 709 1802 750; x_wconf 78' lang='lat' dir='ltr'><strong>BENEDICTUM.</strong></span> 
     </span>
    </p>
   </div>
   <div class='ocr_carea' id='block_1_6' title="bbox 582 783 2150 854">
    <p class='ocr_par' dir='ltr' id='par_1_6' title="bbox 582 783 2150 854">
     <span class='ocr_line' id='line_1_6' title="bbox 582 783 2150 854; baseline -0.003 -11"><span class='ocrx_word' id='word_1_20' title='bbox 582 791 777 843; x_wconf 88' lang='lat' dir='ltr'><strong>Sancte</strong></span> <span class='ocrx_word' id='word_1_21' title='bbox 835 783 1147 848; x_wconf 89' lang='lat' dir='ltr'><strong>Benedicte,</strong></span> <span class='ocrx_word' id='word_1_22' title='bbox 1207 797 1368 852; x_wconf 88' lang='lat' dir='ltr'><strong>quem</strong></span> <span class='ocrx_word' id='word_1_23' title='bbox 1426 789 1534 838; x_wconf 88' lang='lat' dir='ltr'><strong>tam</strong></span> <span class='ocrx_word' id='word_1_24' title='bbox 1601 784 1862 854; x_wconf 91' lang='lat' dir='ltr'><strong>opulenta</strong></span> <span class='ocrx_word' id='word_1_25' title='bbox 1918 783 2150 840; x_wconf 85' lang='lat' dir='ltr'><strong>benedi-</strong></span> 
     </span>
    </p>
   </div>
   <div class='ocr_carea' id='block_1_7' title="bbox 512 871 1830 942">
    <p class='ocr_par' dir='ltr' id='par_1_7' title="bbox 512 871 1830 942">
     <span class='ocr_line' id='line_1_7' title="bbox 512 871 1830 942; baseline -0.005 -9"><span class='ocrx_word' id='word_1_26' title='bbox 512 877 696 933; x_wconf 89' lang='lat' dir='ltr'><strong>ctione</strong></span> <span class='ocrx_word' id='word_1_27' title='bbox 732 874 992 929; x_wconf 90' lang='lat' dir='ltr'><strong>virtutum</strong></span> <span class='ocrx_word' id='word_1_28' title='bbox 1023 885 1257 941; x_wconf 89' lang='lat' dir='ltr'><strong>superna</strong></span> <span class='ocrx_word' id='word_1_29' title='bbox 1287 871 1460 942; x_wconf 89' lang='lat' dir='ltr'><strong>gratia</strong></span> <span class='ocrx_word' id='word_1_30' title='bbox 1489 871 1700 939; x_wconf 89' lang='lat' dir='ltr'><strong>ditavit,</strong></span> <span class='ocrx_word' id='word_1_31' title='bbox 1732 877 1830 928; x_wconf 94' lang='lat' dir='ltr'><strong>etc.</strong></span> 
     </span>
    </p>
   </div>
   <div class='ocr_carea' id='block_1_8' title="bbox 1077 962 1575 1016">
    <p class='ocr_par' dir='ltr' id='par_1_8' title="bbox 1077 962 1575 1016">
     <span class='ocr_line' id='line_1_8' title="bbox 1077 962 1575 1016; baseline 0.002 -2"><span class='ocrx_word' id='word_1_32' title='bbox 1077 962 1187 1015; x_wconf 88' lang='lat' dir='ltr'><strong>XV.</strong></span> <span class='ocrx_word' id='word_1_33' title='bbox 1230 976 1332 1015; x_wconf 82' lang='lat' dir='ltr'><strong>PRO</strong></span> <span class='ocrx_word' id='word_1_34' title='bbox 1372 976 1575 1016; x_wconf 77' lang='lat' dir='ltr'><strong>AMICIS.</strong></span> 
     </span>
    </p>
   </div>
   <div class='ocr_carea' id='block_1_9' title="bbox 581 1048 2147 1119">
    <p class='ocr_par' dir='ltr' id='par_1_9' title="bbox 581 1048 2147 1119">
     <span class='ocr_line' id='line_1_9' title="bbox 581 1048 2147 1119; baseline -0.003 -11"><span class='ocrx_word' id='word_1_35' title='bbox 581 1052 808 1109; x_wconf 87' lang='lat' dir='ltr'><strong>Domine</strong></span> <span class='ocrx_word' id='word_1_36' title='bbox 854 1052 981 1106; x_wconf 91' lang='lat' dir='ltr'><strong>Jesu</strong></span> <span class='ocrx_word' id='word_1_37' title='bbox 1025 1048 1274 1116; x_wconf 87' lang='lat' dir='ltr'><strong>&#39;Christe,</strong></span> <span class='ocrx_word' id='word_1_38' title='bbox 1340 1050 1434 1119; x_wconf 93' lang='lat' dir='ltr'><strong>qui</strong></span> <span class='ocrx_word' id='word_1_39' title='bbox 1486 1049 1780 1104; x_wconf 87' lang='lat' dir='ltr'><strong>exhibuisti</strong></span> <span class='ocrx_word' id='word_1_40' title='bbox 1825 1050 2147 1105; x_wconf 89' lang='lat' dir='ltr'><strong>charitatem</strong></span> 
     </span>
    </p>
   </div>
   <div class='ocr_carea' id='block_1_10' title="bbox 508 1138 1442 1213">
    <p class='ocr_par' dir='ltr' id='par_1_10' title="bbox 508 1138 1442 1213">
     <span class='ocr_line' id='line_1_10' title="bbox 508 1138 1442 1213; baseline -0.007 -14"><span class='ocrx_word' id='word_1_41' title='bbox 508 1156 616 1213; x_wconf 90' lang='lat' dir='ltr'><strong>qua</strong></span> <span class='ocrx_word' id='word_1_42' title='bbox 645 1143 905 1210; x_wconf 87' lang='lat' dir='ltr'><strong>majorem</strong></span> <span class='ocrx_word' id='word_1_43' title='bbox 932 1152 1093 1194; x_wconf 92' lang='lat' dir='ltr'><strong>nemo</strong></span> <span class='ocrx_word' id='word_1_44' title='bbox 1125 1138 1311 1205; x_wconf 88' lang='lat' dir='ltr'><strong>habet,</strong></span> <span class='ocrx_word' id='word_1_45' title='bbox 1343 1143 1442 1192; x_wconf 91' lang='lat' dir='ltr'><strong>etc.</strong></span> 
     </span>
    </p>
   </div>
   <div class='ocr_carea' id='block_1_11' title="bbox 1035 1228 1610 1282">
    <p class='ocr_par' dir='ltr' id='par_1_11' title="bbox 1035 1228 1610 1282">
     <span class='ocr_line' id='line_1_11' title="bbox 1035 1228 1610 1282; baseline 0 -1"><span class='ocrx_word' id='word_1_46' title='bbox 1035 1228 1170 1281; x_wconf 85' lang='lat' dir='ltr'><strong>XVI.</strong></span> <span class='ocrx_word' id='word_1_47' title='bbox 1221 1241 1324 1280; x_wconf 80' lang='lat' dir='ltr'><strong>Pno</strong></span> <span class='ocrx_word' id='word_1_48' title='bbox 1365 1241 1610 1282; x_wconf 75' lang='lat' dir='ltr'><strong>INIMICIS.</strong></span> 
     </span>
    </p>
   </div>
   <div class='ocr_carea' id='block_1_12' title="bbox 578 1315 2145 1386">
    <p class='ocr_par' dir='ltr' id='par_1_12' title="bbox 578 1315 2145 1386">
     <span class='ocr_line' id='line_1_12' title="bbox 578 1315 2145 1386; baseline -0.001 -13"><span class='ocrx_word' id='word_1_49' title='bbox 578 1318 939 1386; x_wconf 89' lang='lat' dir='ltr'><strong>Omnipotens</strong></span> <span class='ocrx_word' id='word_1_50' title='bbox 987 1321 1042 1370; x_wconf 91' lang='lat' dir='ltr'><strong>et</strong></span> <span class='ocrx_word' id='word_1_51' title='bbox 1088 1316 1177 1385; x_wconf 92' lang='lat' dir='ltr'><strong>pie</strong></span> <span class='ocrx_word' id='word_1_52' title='bbox 1223 1316 1451 1370; x_wconf 90' lang='lat' dir='ltr'><strong>Domine</strong></span> <span class='ocrx_word' id='word_1_53' title='bbox 1497 1318 1624 1372; x_wconf 89' lang='lat' dir='ltr'><strong>Jesu</strong></span> <span class='ocrx_word' id='word_1_54' title='bbox 1680 1315 1926 1383; x_wconf 86' lang='lat' dir='ltr'><strong>Christe,</strong></span> <span class='ocrx_word' id='word_1_55' title='bbox 1984 1330 2145 1386; x_wconf 86' lang='lat' dir='ltr'><strong>quem</strong></span> 
     </span>
    </p>
   </div>
   <div class='ocr_carea' id='block_1_13' title="bbox 505 1404 1506 1478">
    <p class='ocr_par' dir='ltr' id='par_1_13' title="bbox 505 1404 1506 1478">
     <span class='ocr_line' id='line_1_13' title="bbox 505 1404 1506 1478; baseline -0.005 -16"><span class='ocrx_word' id='word_1_56' title='bbox 505 1412 638 1478; x_wconf 89' lang='lat' dir='ltr'><strong>opto</strong></span> <span class='ocrx_word' id='word_1_57' title='bbox 670 1406 969 1476; x_wconf 90' lang='lat' dir='ltr'><strong>propitium</strong></span> <span class='ocrx_word' id='word_1_58' title='bbox 1001 1404 1192 1458; x_wconf 88' lang='lat' dir='ltr'><strong>amicis</strong></span> <span class='ocrx_word' id='word_1_59' title='bbox 1221 1405 1372 1470; x_wconf 89' lang='lat' dir='ltr'><strong>meis,</strong></span> <span class='ocrx_word' id='word_1_60' title='bbox 1409 1408 1506 1458; x_wconf 88' lang='lat' dir='ltr'><strong>etc.</strong></span> 
     </span>
    </p>
   </div>
   <div class='ocr_carea' id='block_1_14' title="bbox 1027 1495 1622 1548">
    <p class='ocr_par' dir='ltr' id='par_1_14' title="bbox 1027 1495 1622 1548">
     <span class='ocr_line' id='line_1_14' title="bbox 1027 1495 1622 1548; baseline -0.002 -1"><span class='ocrx_word' id='word_1_61' title='bbox 1027 1495 1183 1548; x_wconf 88' lang='lat' dir='ltr'><strong>XVII.</strong></span> <span class='ocrx_word' id='word_1_62' title='bbox 1236 1509 1357 1548; x_wconf 77' lang='lat' dir='ltr'><strong>ALIA</strong></span> <span class='ocrx_word' id='word_1_63' title='bbox 1406 1507 1622 1548; x_wconf 68' lang='lat' dir='ltr'><strong>omno.</strong></span> 
     </span>
    </p>
   </div>
   <div class='ocr_carea' id='block_1_15' title="bbox 573 1580 2147 1651">
    <p class='ocr_par' dir='ltr' id='par_1_15' title="bbox 573 1580 2147 1651">
     <span class='ocr_line' id='line_1_15' title="bbox 573 1580 2147 1651; baseline -0.002 -11"><span class='ocrx_word' id='word_1_64' title='bbox 573 1587 765 1640; x_wconf 88' lang='lat' dir='ltr'><strong>Terret</strong></span> <span class='ocrx_word' id='word_1_65' title='bbox 812 1596 896 1637; x_wconf 90' lang='lat' dir='ltr'><strong>me</strong></span> <span class='ocrx_word' id='word_1_66' title='bbox 943 1581 1053 1636; x_wconf 91' lang='lat' dir='ltr'><strong>vita</strong></span> <span class='ocrx_word' id='word_1_67' title='bbox 1084 1596 1222 1636; x_wconf 89' lang='lat' dir='ltr'><strong>mea.</strong></span> <span class='ocrx_word' id='word_1_68' title='bbox 1265 1583 1527 1651; x_wconf 83' lang='lat' dir='ltr'><strong>Namque,</strong></span> <span class='ocrx_word' id='word_1_69' title='bbox 1562 1581 1855 1650; x_wconf 79' lang='lat' dir='ltr'><strong>diligenter</strong></span> <span class='ocrx_word' id='word_1_70' title='bbox 1900 1580 2147 1637; x_wconf 90' lang='lat' dir='ltr'><strong>discussa</strong></span> 
     </span>
    </p>
   </div>
   <div class='ocr_carea' id='block_1_16' title="bbox 504 1669 2148 1743">
    <p class='ocr_par' dir='ltr' id='par_1_16' title="bbox 504 1669 2148 1743">
     <span class='ocr_line' id='line_1_16' title="bbox 504 1669 2148 1743; baseline -0.001 -15"><span class='ocrx_word' id='word_1_71' title='bbox 504 1678 732 1743; x_wconf 84' lang='lat' dir='ltr'><strong>apparet</strong></span> <span class='ocrx_word' id='word_1_72' title='bbox 775 1670 907 1725; x_wconf 93' lang='lat' dir='ltr'><strong>mihi</strong></span> <span class='ocrx_word' id='word_1_73' title='bbox 954 1677 1048 1725; x_wconf 89' lang='lat' dir='ltr'><strong>aut</strong></span> <span class='ocrx_word' id='word_1_74' title='bbox 1097 1675 1375 1739; x_wconf 90' lang='lat' dir='ltr'><strong>peccatum</strong></span> <span class='ocrx_word' id='word_1_75' title='bbox 1434 1676 1528 1725; x_wconf 91' lang='lat' dir='ltr'><strong>aut</strong></span> <span class='ocrx_word' id='word_1_76' title='bbox 1580 1670 1843 1725; x_wconf 89' lang='lat' dir='ltr'><strong>sterilitas</strong></span> <span class='ocrx_word' id='word_1_77' title='bbox 1879 1669 1994 1726; x_wconf 87' lang='lat' dir='ltr'><strong>fere</strong></span> <span class='ocrx_word' id='word_1_78' title='bbox 2033 1677 2148 1726; x_wconf 89' lang='lat' dir='ltr'><strong>tota</strong></span> 
     </span>
    </p>
   </div>
   <div class='ocr_carea' id='block_1_17' title="bbox 503 1762 918 1826">
    <p class='ocr_par' dir='ltr' id='par_1_17' title="bbox 503 1762 918 1826">
     <span class='ocr_line' id='line_1_17' title="bbox 503 1762 918 1826; baseline -0.01 -10"><span class='ocrx_word' id='word_1_79' title='bbox 503 1762 616 1816; x_wconf 89' lang='lat' dir='ltr'><strong>vita</strong></span> <span class='ocrx_word' id='word_1_80' title='bbox 647 1775 786 1826; x_wconf 90' lang='lat' dir='ltr'><strong>mea,</strong></span> <span class='ocrx_word' id='word_1_81' title='bbox 819 1764 918 1813; x_wconf 89' lang='lat' dir='ltr'><strong>etc.</strong></span> 
     </span>
    </p>
   </div>
   <div class='ocr_carea' id='block_1_18' title="bbox 1646 301 2743 359">
    <p class='ocr_par' dir='ltr' id='par_1_18' title="bbox 1646 301 2743 359">
     <span class='ocr_line' id='line_1_18' title="bbox 1646 301 2743 359; baseline -0.001 -2"><span class='ocrx_word' id='word_1_82' title='bbox 1646 305 1919 359; x_wconf 80' lang='lat' dir='ltr'><strong>.IOANNIS</strong></span> <span class='ocrx_word' id='word_1_83' title='bbox 1959 301 2434 358; x_wconf 80' lang='lat' dir='ltr'><strong>FISCAMNENSIS</strong></span> <span class='ocrx_word' id='word_1_84' title='bbox 2469 302 2743 356; x_wconf 85' lang='lat' dir='ltr'><strong>ABBATIS</strong></span> 
     </span>
    </p>
   </div>
   <div class='ocr_carea' id='block_1_19' title="bbox 2169 425 3478 486">
    <p class='ocr_par' dir='ltr' id='par_1_19' title="bbox 2169 425 3478 486">
     <span class='ocr_line' id='line_1_19' title="bbox 2169 425 3478 486; baseline 0.002 -6"><span class='ocrx_word' id='word_1_85' title='bbox 2169 426 2225 486; x_wconf 82' lang='grc' dir='ltr'><strong>Α</strong></span> <span class='ocrx_word' id='word_1_86' title='bbox 2640 425 2820 481; x_wconf 88' lang='lat' dir='ltr'><strong>XVIII.</strong></span> <span class='ocrx_word' id='word_1_87' title='bbox 2861 440 2931 478; x_wconf 76' lang='grc' dir='ltr'><strong>Αι)</strong></span> <span class='ocrx_word' id='word_1_88' title='bbox 2971 439 3211 479; x_wconf 77' lang='lat' dir='ltr'><strong>SANCTAM</strong></span> <span class='ocrx_word' id='word_1_89' title='bbox 3252 439 3478 482; x_wconf 70' lang='lat' dir='ltr'><strong>mnum.</strong></span> 
     </span>
    </p>
   </div>
   <div class='ocr_carea' id='block_1_20' title="bbox 3726 313 3810 366">
    <p class='ocr_par' dir='ltr' id='par_1_20' title="bbox 3726 313 3810 366">
     <span class='ocr_line' id='line_1_20' title="bbox 3726 313 3810 366; baseline 0 0"><span class='ocrx_word' id='word_1_90' title='bbox 3726 313 3810 366; x_wconf 82' lang='lat'><strong>464</strong></span> 
     </span>
    </p>
   </div>
   <div class='ocr_carea' id='block_1_21' title="bbox 2305 531 3710 602">
    <p class='ocr_par' dir='ltr' id='par_1_21' title="bbox 2305 531 3710 602">
     <span class='ocr_line' id='line_1_21' title="bbox 2305 531 3710 602; baseline 0.001 -13"><span class='ocrx_word' id='word_1_91' title='bbox 2305 535 2500 589; x_wconf 89' lang='lat' dir='ltr'><strong>Sancta</strong></span> <span class='ocrx_word' id='word_1_92' title='bbox 2539 533 2723 600; x_wconf 87' lang='lat' dir='ltr'><strong>Maria,</strong></span> <span class='ocrx_word' id='word_1_93' title='bbox 2757 538 2812 588; x_wconf 93' lang='lat' dir='ltr'><strong>et</strong></span> <span class='ocrx_word' id='word_1_94' title='bbox 2840 531 2986 587; x_wconf 90' lang='lat' dir='ltr'><strong>inter</strong></span> <span class='ocrx_word' id='word_1_95' title='bbox 3021 536 3244 587; x_wconf 89' lang='lat' dir='ltr'><strong>sanctos</strong></span> <span class='ocrx_word' id='word_1_96' title='bbox 3273 539 3400 601; x_wconf 91' lang='lat' dir='ltr'><strong>post</strong></span> <span class='ocrx_word' id='word_1_97' title='bbox 3424 535 3598 602; x_wconf 89' lang='lat' dir='ltr'><strong>Deum,</strong></span> <span class='ocrx_word' id='word_1_98' title='bbox 3626 541 3710 592; x_wconf 84' lang='lat' dir='ltr'><strong>etc.</strong></span> 
     </span>
    </p>
   </div>
   <div class='ocr_carea' id='block_1_22' title="bbox 2666 657 3434 712">
    <p class='ocr_par' dir='ltr' id='par_1_22' title="bbox 2666 657 3434 712">
     <span class='ocr_line' id='line_1_22' title="bbox 2666 657 3434 712; baseline 0.001 -2"><span class='ocrx_word' id='word_1_99' title='bbox 2666 657 2800 710; x_wconf 90' lang='lat' dir='ltr'><strong>XIX.</strong></span> <span class='ocrx_word' id='word_1_100' title='bbox 2841 672 2912 710; x_wconf 59' lang='lat' dir='ltr'><strong>an</strong></span> <span class='ocrx_word' id='word_1_101' title='bbox 2951 669 3193 711; x_wconf 56' lang='lat' dir='ltr'><strong>sanetum</strong></span> <span class='ocrx_word' id='word_1_102' title='bbox 3233 671 3434 712; x_wconf 69' lang='lat' dir='ltr'><strong>mnum</strong></span> 
     </span>
    </p>
   </div>
   <div class='ocr_carea' id='block_1_23' title="bbox 2303 761 3813 834">
    <p class='ocr_par' dir='ltr' id='par_1_23' title="bbox 2303 761 3813 834">
     <span class='ocr_line' id='line_1_23' title="bbox 2303 761 3813 834; baseline 0.003 -17"><span class='ocrx_word' id='word_1_103' title='bbox 2303 762 2488 830; x_wconf 88' lang='lat' dir='ltr'><strong>Maria,</strong></span> <span class='ocrx_word' id='word_1_104' title='bbox 2521 767 2577 816; x_wconf 91' lang='lat' dir='ltr'><strong>tu</strong></span> <span class='ocrx_word' id='word_1_105' title='bbox 2610 761 2701 816; x_wconf 91' lang='lat' dir='ltr'><strong>illa</strong></span> <span class='ocrx_word' id='word_1_106' title='bbox 2733 774 2926 832; x_wconf 89' lang='lat' dir='ltr'><strong>magna</strong></span> <span class='ocrx_word' id='word_1_107' title='bbox 2956 761 3120 817; x_wconf 85' lang='lat' dir='ltr'><strong>Maria</strong></span> <span class='ocrx_word' id='word_1_108' title='bbox 3146 805 3161 830; x_wconf 91' lang='lat'><strong>,</strong></span> <span class='ocrx_word' id='word_1_109' title='bbox 3217 767 3273 816; x_wconf 88' lang='lat' dir='ltr'><strong>tu</strong></span> <span class='ocrx_word' id='word_1_110' title='bbox 3320 761 3409 817; x_wconf 92' lang='lat' dir='ltr'><strong>illa</strong></span> <span class='ocrx_word' id='word_1_111' title='bbox 3450 765 3610 834; x_wconf 86' lang='lat' dir='ltr'><strong>major</strong></span> <span class='ocrx_word' id='word_1_112' title='bbox 3659 766 3813 822; x_wconf 85' lang='lat' dir='ltr'><strong>beata-</strong></span> 
     </span>
    </p>
   </div>
   <div class='ocr_carea' id='block_1_24' title="bbox 2231 851 2820 916">
    <p class='ocr_par' dir='ltr' id='par_1_24' title="bbox 2231 851 2820 916">
     <span class='ocr_line' id='line_1_24' title="bbox 2231 851 2820 916; baseline -0.003 -10"><span class='ocrx_word' id='word_1_113' title='bbox 2231 865 2351 906; x_wconf 90' lang='lat' dir='ltr'><strong>rum</strong></span> <span class='ocrx_word' id='word_1_114' title='bbox 2380 851 2690 916; x_wconf 86' lang='lat' dir='ltr'><strong>Mariarum,</strong></span> <span class='ocrx_word' id='word_1_115' title='bbox 2722 855 2820 905; x_wconf 91' lang='lat' dir='ltr'><strong>etc.</strong></span> 
     </span>
    </p>
   </div>
   <div class='ocr_carea' id='block_1_25' title="bbox 2479 959 3604 1013">
    <p class='ocr_par' dir='ltr' id='par_1_25' title="bbox 2479 959 3604 1013">
     <span class='ocr_line' id='line_1_25' title="bbox 2479 959 3604 1013; baseline 0.001 -1"><span class='ocrx_word' id='word_1_116' title='bbox 2479 959 2589 1012; x_wconf 88' lang='lat' dir='ltr'><strong>XX.</strong></span> <span class='ocrx_word' id='word_1_117' title='bbox 2630 973 2700 1012; x_wconf 77' lang='grc' dir='ltr'><strong>Αι)</strong></span> <span class='ocrx_word' id='word_1_118' title='bbox 2740 972 2983 1011; x_wconf 68' lang='grc' dir='ltr'><strong>εΑΝρτωι</strong></span> <span class='ocrx_word' id='word_1_119' title='bbox 3022 971 3268 1011; x_wconf 77' lang='lat' dir='ltr'><strong>JOANNEM</strong></span> <span class='ocrx_word' id='word_1_120' title='bbox 3307 971 3604 1013; x_wconf 65' lang='lat' dir='ltr'><strong>mensum.</strong></span> 
     </span>
    </p>
   </div>
   <div class='ocr_carea' id='block_1_26' title="bbox 2299 1062 3813 1133">
    <p class='ocr_par' dir='ltr' id='par_1_26' title="bbox 2299 1062 3813 1133">
     <span class='ocr_line' id='line_1_26' title="bbox 2299 1062 3813 1133; baseline 0.003 -14"><span class='ocrx_word' id='word_1_121' title='bbox 2299 1064 2496 1119; x_wconf 88' lang='lat' dir='ltr'><strong>Sancte</strong></span> <span class='ocrx_word' id='word_1_122' title='bbox 2559 1065 2816 1130; x_wconf 84' lang='lat' dir='ltr'><strong>Joannes,</strong></span> <span class='ocrx_word' id='word_1_123' title='bbox 2873 1070 2929 1118; x_wconf 88' lang='lat' dir='ltr'><strong>tu</strong></span> <span class='ocrx_word' id='word_1_124' title='bbox 2988 1062 3082 1118; x_wconf 89' lang='lat' dir='ltr'><strong>ille</strong></span> <span class='ocrx_word' id='word_1_125' title='bbox 3136 1065 3374 1118; x_wconf 81' lang='lat' dir='ltr'><strong>Joannes</strong></span> <span class='ocrx_word' id='word_1_126' title='bbox 3427 1064 3516 1133; x_wconf 89' lang='lat' dir='ltr'><strong>qui</strong></span> <span class='ocrx_word' id='word_1_127' title='bbox 3574 1065 3813 1123; x_wconf 88' lang='lat' dir='ltr'><strong>Dominum</strong></span> 
     </span>
    </p>
   </div>
   <div class='ocr_carea' id='block_1_27' title="bbox 2228 1152 2664 1222">
    <p class='ocr_par' dir='ltr' id='par_1_27' title="bbox 2228 1152 2664 1222">
     <span class='ocr_line' id='line_1_27' title="bbox 2228 1152 2664 1222; baseline 0 -16"><span class='ocrx_word' id='word_1_128' title='bbox 2228 1152 2535 1222; x_wconf 86' lang='lat' dir='ltr'><strong>baptizasti,</strong></span> <span class='ocrx_word' id='word_1_129' title='bbox 2565 1159 2664 1209; x_wconf 87' lang='lat' dir='ltr'><strong>etc.</strong></span> 
     </span>
    </p>
   </div>
   <div class='ocr_carea' id='block_1_28' title="bbox 2683 1260 3482 1315">
    <p class='ocr_par' dir='ltr' id='par_1_28' title="bbox 2683 1260 3482 1315">
     <span class='ocr_line' id='line_1_28' title="bbox 2683 1260 3482 1315; baseline -0.001 -1"><span class='ocrx_word' id='word_1_130' title='bbox 2683 1260 2816 1314; x_wconf 87' lang='lat' dir='ltr'><strong>XXI.</strong></span> <span class='ocrx_word' id='word_1_131' title='bbox 2859 1275 2929 1313; x_wconf 80' lang='lat' dir='ltr'><strong>AD</strong></span> <span class='ocrx_word' id='word_1_132' title='bbox 2969 1273 3214 1313; x_wconf 65' lang='lat' dir='ltr'><strong>sanorum</strong></span> <span class='ocrx_word' id='word_1_133' title='bbox 3255 1275 3482 1315; x_wconf 77' lang='lat' dir='ltr'><strong>PETRUM.</strong></span> 
     </span>
    </p>
   </div>
   <div class='ocr_carea' id='block_1_29' title="bbox 2299 1365 3817 1437">
    <p class='ocr_par' dir='ltr' id='par_1_29' title="bbox 2299 1365 3817 1437">
     <span class='ocr_line' id='line_1_29' title="bbox 2299 1365 3817 1437; baseline 0.004 -17"><span class='ocrx_word' id='word_1_134' title='bbox 2299 1369 2496 1421; x_wconf 89' lang='lat' dir='ltr'><strong>Sancte</strong></span> <span class='ocrx_word' id='word_1_135' title='bbox 2526 1366 2704 1430; x_wconf 89' lang='lat' dir='ltr'><strong>Petre,</strong></span> <span class='ocrx_word' id='word_1_136' title='bbox 2738 1365 3130 1436; x_wconf 81' lang='lat' dir='ltr'><strong>benignissime</strong></span> <span class='ocrx_word' id='word_1_137' title='bbox 3176 1373 3232 1421; x_wconf 91' lang='lat' dir='ltr'><strong>et</strong></span> <span class='ocrx_word' id='word_1_138' title='bbox 3261 1365 3439 1421; x_wconf 83' lang='lat' dir='ltr'><strong>fidelis</strong></span> <span class='ocrx_word' id='word_1_139' title='bbox 3467 1373 3640 1437; x_wconf 89' lang='lat' dir='ltr'><strong>pastor</strong></span> <span class='ocrx_word' id='word_1_140' title='bbox 3672 1369 3817 1426; x_wconf 87' lang='lat' dir='ltr'><strong>ovium</strong></span> 
     </span>
    </p>
   </div>
   <div class='ocr_carea' id='block_1_30' title="bbox 2229 1457 2494 1522">
    <p class='ocr_par' dir='ltr' id='par_1_30' title="bbox 2229 1457 2494 1522">
     <span class='ocr_line' id='line_1_30' title="bbox 2229 1457 2494 1522; baseline -0.011 -11"><span class='ocrx_word' id='word_1_141' title='bbox 2229 1457 2346 1522; x_wconf 89' lang='lat' dir='ltr'><strong>Dei,</strong></span> <span class='ocrx_word' id='word_1_142' title='bbox 2394 1461 2494 1511; x_wconf 88' lang='lat' dir='ltr'><strong>etc.</strong></span> 
     </span>
    </p>
   </div>
   <div class='ocr_carea' id='block_1_31' title="bbox 2391 1563 3687 1618">
    <p class='ocr_par' dir='ltr' id='par_1_31' title="bbox 2391 1563 3687 1618">
     <span class='ocr_line' id='line_1_31' title="bbox 2391 1563 3687 1618; baseline 0.001 -1"><span class='ocrx_word' id='word_1_143' title='bbox 2391 1563 2548 1618; x_wconf 88' lang='lat' dir='ltr'><strong>XXII.</strong></span> <span class='ocrx_word' id='word_1_144' title='bbox 2589 1578 2659 1617; x_wconf 77' lang='lat' dir='ltr'><strong>AD</strong></span> <span class='ocrx_word' id='word_1_145' title='bbox 2707 1577 2951 1617; x_wconf 61' lang='lat' dir='ltr'><strong>sanorum</strong></span> <span class='ocrx_word' id='word_1_146' title='bbox 3004 1576 3243 1616; x_wconf 63' lang='lat' dir='ltr'><strong>JOANNEBI</strong></span> <span class='ocrx_word' id='word_1_147' title='bbox 3283 1577 3687 1618; x_wconf 65' lang='lat' dir='ltr'><strong>nuncwsun.</strong></span> 
     </span>
    </p>
   </div>
   <div class='ocr_carea' id='block_1_32' title="bbox 2300 1669 3823 1742">
    <p class='ocr_par' dir='ltr' id='par_1_32' title="bbox 2300 1669 3823 1742">
     <span class='ocr_line' id='line_1_32' title="bbox 2300 1669 3823 1742; baseline 0.003 -17"><span class='ocrx_word' id='word_1_148' title='bbox 2300 1672 2496 1725; x_wconf 89' lang='lat' dir='ltr'><strong>Sancte</strong></span> <span class='ocrx_word' id='word_1_149' title='bbox 2545 1675 2598 1725; x_wconf 92' lang='lat' dir='ltr'><strong>et</strong></span> <span class='ocrx_word' id='word_1_150' title='bbox 2645 1669 2804 1725; x_wconf 90' lang='lat' dir='ltr'><strong>beate</strong></span> <span class='ocrx_word' id='word_1_151' title='bbox 2857 1671 3135 1735; x_wconf 88' lang='lat' dir='ltr'><strong>Joannes,</strong></span> <span class='ocrx_word' id='word_1_152' title='bbox 3195 1669 3460 1724; x_wconf 88' lang='lat' dir='ltr'><strong>altissime</strong></span> <span class='ocrx_word' id='word_1_153' title='bbox 3517 1671 3823 1742; x_wconf 85' lang='lat' dir='ltr'><strong>evangelista-</strong></span> 
     </span>
    </p>
   </div>
   <div class='ocr_carea' id='block_1_33' title="bbox 2162 1751 3581 1828">
    <p class='ocr_par' dir='ltr' id='par_1_33' title="bbox 2162 1751 3581 1828">
     <span class='ocr_line' id='line_1_33' title="bbox 2162 1751 3581 1828; baseline -0.002 -13"><span class='ocrx_word' id='word_1_154' title='bbox 2162 1751 2349 1815; x_wconf 86' lang='lat' dir='ltr'><strong>Brum</strong></span> <span class='ocrx_word' id='word_1_155' title='bbox 2381 1759 2496 1825; x_wconf 87' lang='lat' dir='ltr'><strong>Dei,</strong></span> <span class='ocrx_word' id='word_1_156' title='bbox 2537 1759 2892 1814; x_wconf 88' lang='lat' dir='ltr'><strong>dilectissime</strong></span> <span class='ocrx_word' id='word_1_157' title='bbox 2923 1757 3299 1828; x_wconf 88' lang='lat' dir='ltr'><strong>apostolorum</strong></span> <span class='ocrx_word' id='word_1_158' title='bbox 3344 1759 3458 1824; x_wconf 90' lang='lat' dir='ltr'><strong>Dei,</strong></span> <span class='ocrx_word' id='word_1_159' title='bbox 3488 1763 3581 1814; x_wconf 88' lang='lat' dir='ltr'><strong>etc.</strong></span> 
     </span>
    </p>
   </div>
   <div class='ocr_carea' id='block_1_34' title="bbox 500 1881 3822 1912">
    <p class='ocr_par' dir='ltr' id='par_1_34' title="bbox 500 1881 3822 1912">
     <span class='ocr_line' id='line_1_34' title="bbox 500 1881 3822 1912; baseline -0.001 0"><span class='ocrx_word' id='word_1_160' title='bbox 500 1881 3822 1912; x_wconf 45' lang='grc' dir='ltr'><strong>ΞΗ</strong></span> 
     </span>
    </p>
   </div>
   <div class='ocr_carea' id='block_1_35' title="bbox 1421 1986 2136 2113">
    <p class='ocr_par' dir='ltr' id='par_1_35' title="bbox 1421 1986 2136 2113">
     <span class='ocr_line' id='line_1_35' title="bbox 1421 1986 2136 2113; baseline -0.006 0"><span class='ocrx_word' id='word_1_161' title='bbox 1421 1986 2136 2113; x_wconf 88' lang='lat' dir='ltr'><strong>JOANNIS</strong></span> 
     </span>
    </p>
   </div>
   <div class='ocr_carea' id='block_1_36' title="bbox 2225 1985 2947 2110">
    <p class='ocr_par' dir='ltr' id='par_1_36' title="bbox 2225 1985 2947 2110">
     <span class='ocr_line' id='line_1_36' title="bbox 2225 1985 2947 2110; baseline 0.001 -2"><span class='ocrx_word' id='word_1_162' title='bbox 2225 1985 2947 2110; x_wconf 85' lang='lat' dir='ltr'><strong>ABBATIS</strong></span> 
     </span>
    </p>
   </div>
   <div class='ocr_carea' id='block_1_37' title="bbox 1853 2200 2512 2316">
    <p class='ocr_par' dir='ltr' id='par_1_37' title="bbox 1853 2200 2512 2316">
     <span class='ocr_line' id='line_1_37' title="bbox 1853 2200 2512 2316; baseline -0.017 -1"><span class='ocrx_word' id='word_1_163' title='bbox 1853 2200 2512 2316; x_wconf 64' lang='lat' dir='ltr'><strong>EPISTOLE.</strong></span> 
     </span>
    </p>
   </div>
   <div class='ocr_carea' id='block_1_38' title="bbox 1580 2401 2791 2472">
    <p class='ocr_par' dir='ltr' id='par_1_38' title="bbox 1580 2401 2791 2472">
     <span class='ocr_line' id='line_1_38' title="bbox 1580 2401 2791 2472; baseline -0.003 -14"><span class='ocrx_word' id='word_1_164' title='bbox 1580 2405 1829 2470; x_wconf 75' lang='lat' dir='ltr'><strong>(MAEILL.</strong></span> <span class='ocrx_word' id='word_1_165' title='bbox 1861 2402 2100 2460; x_wconf 79' lang='lat' dir='ltr'><strong>Analect.</strong></span> <span class='ocrx_word' id='word_1_166' title='bbox 2133 2416 2258 2460; x_wconf 90' lang='lat' dir='ltr'><strong>nov.</strong></span> <span class='ocrx_word' id='word_1_167' title='bbox 2293 2403 2456 2468; x_wconf 91' lang='lat' dir='ltr'><strong>edit.,</strong></span> <span class='ocrx_word' id='word_1_168' title='bbox 2489 2416 2611 2472; x_wconf 89' lang='lat' dir='ltr'><strong>pag.</strong></span> <span class='ocrx_word' id='word_1_169' title='bbox 2644 2401 2791 2472; x_wconf 81' lang='lat'><strong>450.)</strong></span> 
     </span>
    </p>
   </div>
   <div class='ocr_carea' id='block_1_39' title="bbox 1025 2624 1618 2679">
    <p class='ocr_par' dir='ltr' id='par_1_39' title="bbox 1025 2624 1618 2679">
     <span class='ocr_line' id='line_1_39' title="bbox 1025 2624 1618 2679; baseline 0 -1"><span class='ocrx_word' id='word_1_170' title='bbox 1025 2625 1343 2679; x_wconf 83' lang='lat' dir='ltr'><strong>EPISTOLA</strong></span> <span class='ocrx_word' id='word_1_171' title='bbox 1392 2624 1618 2678; x_wconf 84' lang='lat' dir='ltr'><strong>PRIMA.</strong></span> 
     </span>
    </p>
   </div>
   <div class='ocr_carea' id='block_1_40' title="bbox 499 2730 2145 2802">
    <p class='ocr_par' dir='ltr' id='par_1_40' title="bbox 499 2730 2145 2802">
     <span class='ocr_line' id='line_1_40' title="bbox 499 2730 2145 2802; baseline 0.001 -18"><span class='ocrx_word' id='word_1_172' title='bbox 499 2732 778 2785; x_wconf 71' lang='lat' dir='ltr'><strong>“&#39;ILLELMI</strong></span> <span class='ocrx_word' id='word_1_173' title='bbox 823 2730 908 2802; x_wconf 92' lang='lat'><strong>(1)</strong></span> <span class='ocrx_word' id='word_1_174' title='bbox 952 2745 1246 2786; x_wconf 81' lang='lat' dir='ltr'><strong>ANGLORUM</strong></span> <span class='ocrx_word' id='word_1_175' title='bbox 1297 2746 1453 2785; x_wconf 69' lang='lat' dir='ltr'><strong>nacrs</strong></span> <span class='ocrx_word' id='word_1_176' title='bbox 1509 2747 1578 2785; x_wconf 81' lang='lat' dir='ltr'><strong>AD</strong></span> <span class='ocrx_word' id='word_1_177' title='bbox 1615 2745 1860 2785; x_wconf 73' lang='lat' dir='ltr'><strong>JOANNEM</strong></span> <span class='ocrx_word' id='word_1_178' title='bbox 1899 2745 2145 2786; x_wconf 72' lang='grc' dir='ltr'><strong>ΑΒΒΑΤΕΜ</strong></span> 
     </span>
    </p>
   </div>
   <div class='ocr_carea' id='block_1_41' title="bbox 1100 2833 1528 2874">
    <p class='ocr_par' dir='ltr' id='par_1_41' title="bbox 1100 2833 1528 2874">
     <span class='ocr_line' id='line_1_41' title="bbox 1100 2833 1528 2874; baseline -0.002 0"><span class='ocrx_word' id='word_1_179' title='bbox 1100 2833 1528 2874; x_wconf 76' lang='lat' dir='ltr'><strong>FISCAMNENSEM.</strong></span> 
     </span>
    </p>
   </div>
   <div class='ocr_carea' id='block_1_42' title="bbox 565 2925 1827 2996">
    <p class='ocr_par' dir='ltr' id='par_1_42' title="bbox 565 2925 1827 2996">
     <span class='ocr_line' id='line_1_42' title="bbox 565 2925 1827 2996; baseline 0 -16"><span class='ocrx_word' id='word_1_180' title='bbox 565 2927 650 2980; x_wconf 86' lang='lat' dir='ltr'><strong>W.</strong></span> <span class='ocrx_word' id='word_1_181' title='bbox 686 2940 782 2981; x_wconf 82' lang='lat' dir='ltr'><strong>rex</strong></span> <span class='ocrx_word' id='word_1_182' title='bbox 807 2926 1102 2996; x_wconf 82' lang='lat' dir='ltr'><strong>Anglorum</strong></span> <span class='ocrx_word' id='word_1_183' title='bbox 1133 2927 1329 2981; x_wconf 76' lang='lat' dir='ltr'><strong>JOANNI</strong></span> <span class='ocrx_word' id='word_1_184' title='bbox 1359 2925 1544 2981; x_wconf 91' lang='lat' dir='ltr'><strong>abbati</strong></span> <span class='ocrx_word' id='word_1_185' title='bbox 1574 2925 1827 2981; x_wconf 90' lang='lat' dir='ltr'><strong>salutem.</strong></span> 
     </span>
    </p>
   </div>
   <div class='ocr_carea' id='block_1_43' title="bbox 565 3013 2142 3082">
    <p class='ocr_par' dir='ltr' id='par_1_43' title="bbox 565 3013 2142 3082">
     <span class='ocr_line' id='line_1_43' title="bbox 565 3013 2142 3082; baseline -0.001 -15"><span class='ocrx_word' id='word_1_186' title='bbox 565 3013 665 3068; x_wconf 89' lang='lat' dir='ltr'><strong>Diu</strong></span> <span class='ocrx_word' id='word_1_187' title='bbox 697 3027 907 3068; x_wconf 91' lang='lat' dir='ltr'><strong>mecum</strong></span> <span class='ocrx_word' id='word_1_188' title='bbox 938 3013 1191 3082; x_wconf 86' lang='lat' dir='ltr'><strong>cogitavi,</strong></span> <span class='ocrx_word' id='word_1_189' title='bbox 1224 3014 1296 3067; x_wconf 91' lang='lat' dir='ltr'><strong>mi</strong></span> <span class='ocrx_word' id='word_1_190' title='bbox 1327 3013 1548 3081; x_wconf 90' lang='lat' dir='ltr'><strong>dilecte,</strong></span> <span class='ocrx_word' id='word_1_191' title='bbox 1591 3015 1648 3068; x_wconf 92' lang='lat' dir='ltr'><strong>in</strong></span> <span class='ocrx_word' id='word_1_192' title='bbox 1697 3015 1854 3082; x_wconf 90' lang='lat' dir='ltr'><strong>cujus</strong></span> <span class='ocrx_word' id='word_1_193' title='bbox 1893 3025 2054 3066; x_wconf 90' lang='lat' dir='ltr'><strong>manu</strong></span> <span class='ocrx_word' id='word_1_194' title='bbox 2085 3016 2142 3066; x_wconf 89' lang='lat' dir='ltr'><strong>et</strong></span> 
     </span>
    </p>
   </div>
   <div class='ocr_carea' id='block_1_44' title="bbox 493 3100 2199 3169">
    <p class='ocr_par' dir='ltr' id='par_1_44' title="bbox 493 3100 2199 3169">
     <span class='ocr_line' id='line_1_44' title="bbox 493 3100 2199 3169; baseline -0.001 -14"><span class='ocrx_word' id='word_1_195' title='bbox 493 3100 744 3155; x_wconf 91' lang='lat' dir='ltr'><strong>custodia</strong></span> <span class='ocrx_word' id='word_1_196' title='bbox 793 3114 1007 3169; x_wconf 93' lang='lat' dir='ltr'><strong>possem</strong></span> <span class='ocrx_word' id='word_1_197' title='bbox 1054 3102 1271 3155; x_wconf 87' lang='lat' dir='ltr'><strong>mittere</strong></span> <span class='ocrx_word' id='word_1_198' title='bbox 1319 3107 1374 3155; x_wconf 90' lang='lat' dir='ltr'><strong>et</strong></span> <span class='ocrx_word' id='word_1_199' title='bbox 1429 3101 1812 3157; x_wconf 89' lang='lat' dir='ltr'><strong>commendare</strong></span> <span class='ocrx_word' id='word_1_200' title='bbox 1862 3101 2199 3164; x_wconf 82' lang='lat' dir='ltr'><strong>abbatiamc</strong></span> 
     </span>
    </p>
   </div>
   <div class='ocr_carea' id='block_1_45' title="bbox 492 3189 2136 3260">
    <p class='ocr_par' dir='ltr' id='par_1_45' title="bbox 492 3189 2136 3260">
     <span class='ocr_line' id='line_1_45' title="bbox 492 3189 2136 3260; baseline 0.001 -17"><span class='ocrx_word' id='word_1_201' title='bbox 492 3189 668 3243; x_wconf 90' lang='lat' dir='ltr'><strong>sancti</strong></span> <span class='ocrx_word' id='word_1_202' title='bbox 709 3189 855 3243; x_wconf 88' lang='lat' dir='ltr'><strong>Petri</strong></span> <span class='ocrx_word' id='word_1_203' title='bbox 900 3189 968 3244; x_wconf 92' lang='lat' dir='ltr'><strong>de</strong></span> <span class='ocrx_word' id='word_1_204' title='bbox 1015 3189 1536 3245; x_wconf 88' lang='lat' dir='ltr'><strong>West-monasterio</strong></span> <span class='ocrx_word' id='word_1_205' title='bbox 1571 3211 1583 3245; x_wconf 91' lang='lat'>:</span> <span class='ocrx_word' id='word_1_206' title='bbox 1617 3191 1744 3260; x_wconf 90' lang='lat' dir='ltr'><strong>quia</strong></span> <span class='ocrx_word' id='word_1_207' title='bbox 1793 3191 1848 3244; x_wconf 91' lang='lat' dir='ltr'><strong>in</strong></span> <span class='ocrx_word' id='word_1_208' title='bbox 1905 3190 2136 3245; x_wconf 80' lang='lat' dir='ltr'><strong>maxima</strong></span> 
     </span>
    </p>
   </div>
   <div class='ocr_carea' id='block_1_46' title="bbox 494 3276 2136 3343">
    <p class='ocr_par' dir='ltr' id='par_1_46' title="bbox 494 3276 2136 3343">
     <span class='ocr_line' id='line_1_46' title="bbox 494 3276 2136 3343; baseline 0.001 -13"><span class='ocrx_word' id='word_1_209' title='bbox 494 3277 845 3332; x_wconf 84' lang='lat' dir='ltr'><strong>veneratione</strong></span> <span class='ocrx_word' id='word_1_210' title='bbox 877 3282 931 3332; x_wconf 92' lang='lat' dir='ltr'><strong>et</strong></span> <span class='ocrx_word' id='word_1_211' title='bbox 960 3277 1157 3343; x_wconf 89' lang='lat' dir='ltr'><strong>habeo,</strong></span> <span class='ocrx_word' id='word_1_212' title='bbox 1191 3283 1244 3332; x_wconf 91' lang='lat' dir='ltr'><strong>et</strong></span> <span class='ocrx_word' id='word_1_213' title='bbox 1273 3292 1340 3332; x_wconf 86' lang='lat' dir='ltr'><strong>ex</strong></span> <span class='ocrx_word' id='word_1_214' title='bbox 1364 3278 1551 3334; x_wconf 90' lang='lat' dir='ltr'><strong>debito</strong></span> <span class='ocrx_word' id='word_1_215' title='bbox 1582 3278 1786 3334; x_wconf 90' lang='lat' dir='ltr'><strong>habere</strong></span> <span class='ocrx_word' id='word_1_216' title='bbox 1817 3277 2014 3334; x_wconf 87' lang='lat' dir='ltr'><strong>debeo.</strong></span> <span class='ocrx_word' id='word_1_217' title='bbox 2056 3276 2136 3332; x_wconf 92' lang='lat' dir='ltr'><strong>lbi</strong></span> 
     </span>
    </p>
   </div>
   <div class='ocr_carea' id='block_1_47' title="bbox 494 3365 2138 3435">
    <p class='ocr_par' dir='ltr' id='par_1_47' title="bbox 494 3365 2138 3435">
     <span class='ocr_line' id='line_1_47' title="bbox 494 3365 2138 3435; baseline 0.001 -15"><span class='ocrx_word' id='word_1_218' title='bbox 494 3365 640 3420; x_wconf 91' lang='lat' dir='ltr'><strong>enim</strong></span> <span class='ocrx_word' id='word_1_219' title='bbox 665 3367 813 3435; x_wconf 92' lang='lat' dir='ltr'><strong>jacet</strong></span> <span class='ocrx_word' id='word_1_220' title='bbox 858 3366 941 3421; x_wconf 90' lang='lat' dir='ltr'><strong>vir</strong></span> <span class='ocrx_word' id='word_1_221' title='bbox 986 3365 1162 3421; x_wconf 51' lang='lat' dir='ltr'><strong>beatae</strong></span> <span class='ocrx_word' id='word_1_222' title='bbox 1206 3368 1484 3422; x_wconf 71' lang='lat' dir='ltr'><strong>memoria:</strong></span> <span class='ocrx_word' id='word_1_223' title='bbox 1533 3367 1788 3422; x_wconf 93' lang='lat' dir='ltr'><strong>dominus</strong></span> <span class='ocrx_word' id='word_1_224' title='bbox 1837 3381 1990 3423; x_wconf 92' lang='lat' dir='ltr'><strong>meus</strong></span> <span class='ocrx_word' id='word_1_225' title='bbox 2041 3381 2138 3422; x_wconf 83' lang='lat' dir='ltr'><strong>rex</strong></span> 
     </span>
    </p>
   </div>
   <div class='ocr_carea' id='block_1_48' title="bbox 494 3453 2138 3526">
    <p class='ocr_par' dir='ltr' id='par_1_48' title="bbox 494 3453 2138 3526">
     <span class='ocr_line' id='line_1_48' title="bbox 494 3453 2138 3526; baseline 0.001 -18"><span class='ocrx_word' id='word_1_226' title='bbox 494 3453 851 3517; x_wconf 86' lang='lat' dir='ltr'><strong>Ethwardus;</strong></span> <span class='ocrx_word' id='word_1_227' title='bbox 901 3453 977 3509; x_wconf 89' lang='lat' dir='ltr'><strong>ibi</strong></span> <span class='ocrx_word' id='word_1_228' title='bbox 1036 3455 1199 3509; x_wconf 91' lang='lat' dir='ltr'><strong>etiam</strong></span> <span class='ocrx_word' id='word_1_229' title='bbox 1255 3454 1519 3510; x_wconf 91' lang='lat' dir='ltr'><strong>tumulata</strong></span> <span class='ocrx_word' id='word_1_230' title='bbox 1572 3461 1657 3510; x_wconf 91' lang='lat' dir='ltr'><strong>est</strong></span> <span class='ocrx_word' id='word_1_231' title='bbox 1712 3456 1902 3526; x_wconf 87' lang='lat' dir='ltr'><strong>regina</strong></span> <span class='ocrx_word' id='word_1_232' title='bbox 1955 3455 2138 3525; x_wconf 83' lang='lat' dir='ltr'><strong>Etgith</strong></span> 
     </span>
    </p>
   </div>
   <div class='ocr_carea' id='block_1_49' title="bbox 493 3543 2142 3614">
    <p class='ocr_par' dir='ltr' id='par_1_49' title="bbox 493 3543 2142 3614">
     <span class='ocr_line' id='line_1_49' title="bbox 493 3543 2142 3614; baseline 0.001 -16"><span class='ocrx_word' id='word_1_233' title='bbox 493 3557 633 3598; x_wconf 90' lang='lat' dir='ltr'><strong>uxor</strong></span> <span class='ocrx_word' id='word_1_234' title='bbox 661 3545 779 3613; x_wconf 91' lang='lat' dir='ltr'><strong>ejus</strong></span> <span class='ocrx_word' id='word_1_235' title='bbox 807 3543 1010 3614; x_wconf 85' lang='lat' dir='ltr'><strong>inclyta</strong></span> <span class='ocrx_word' id='word_1_236' title='bbox 1043 3563 1055 3598; x_wconf 90' lang='lat'><strong>:</strong></span> <span class='ocrx_word' id='word_1_237' title='bbox 1089 3557 1191 3614; x_wconf 88' lang='lat' dir='ltr'><strong>ego</strong></span> <span class='ocrx_word' id='word_1_238' title='bbox 1231 3545 1394 3599; x_wconf 87' lang='lat' dir='ltr'><strong>etiam</strong></span> <span class='ocrx_word' id='word_1_239' title='bbox 1446 3544 1671 3611; x_wconf 90' lang='lat' dir='ltr'><strong>ibidem,</strong></span> <span class='ocrx_word' id='word_1_240' title='bbox 1715 3545 1808 3599; x_wconf 89' lang='lat' dir='ltr'><strong>Dei</strong></span> <span class='ocrx_word' id='word_1_241' title='bbox 1849 3544 2142 3600; x_wconf 75' lang='lat' dir='ltr'><strong>clementia</strong></span> 
     </span>
    </p>
   </div>
   <div class='ocr_carea' id='block_1_50' title="bbox 489 3633 2136 3703">
    <p class='ocr_par' dir='ltr' id='par_1_50' title="bbox 489 3633 2136 3703">
     <span class='ocr_line' id='line_1_50' title="bbox 489 3633 2136 3703; baseline 0.001 -16"><span class='ocrx_word' id='word_1_242' title='bbox 489 3633 834 3702; x_wconf 88' lang='lat' dir='ltr'><strong>providente,</strong></span> <span class='ocrx_word' id='word_1_243' title='bbox 889 3638 1167 3702; x_wconf 89' lang='lat' dir='ltr'><strong>sceptrum</strong></span> <span class='ocrx_word' id='word_1_244' title='bbox 1206 3639 1260 3688; x_wconf 91' lang='lat' dir='ltr'><strong>et</strong></span> <span class='ocrx_word' id='word_1_245' title='bbox 1308 3647 1566 3690; x_wconf 87' lang='lat' dir='ltr'><strong>coronam</strong></span> <span class='ocrx_word' id='word_1_246' title='bbox 1614 3634 1785 3689; x_wconf 88' lang='lat' dir='ltr'><strong>totius</strong></span> <span class='ocrx_word' id='word_1_247' title='bbox 1829 3633 1983 3703; x_wconf 87' lang='lat' dir='ltr'><strong>regni</strong></span> <span class='ocrx_word' id='word_1_248' title='bbox 2020 3636 2136 3688; x_wconf 86' lang='lat' dir='ltr'><strong>An-</strong></span> 
     </span>
    </p>
   </div>
   <div class='ocr_carea' id='block_1_51' title="bbox 487 3720 2143 3792">
    <p class='ocr_par' dir='ltr' id='par_1_51' title="bbox 487 3720 2143 3792">
     <span class='ocr_line' id='line_1_51' title="bbox 487 3720 2143 3792; baseline 0 -16"><span class='ocrx_word' id='word_1_249' title='bbox 487 3721 616 3792; x_wconf 87' lang='lat' dir='ltr'><strong>glici</strong></span> <span class='ocrx_word' id='word_1_250' title='bbox 663 3722 902 3791; x_wconf 90' lang='lat' dir='ltr'><strong>suscepi.</strong></span> <span class='ocrx_word' id='word_1_251' title='bbox 962 3722 1200 3777; x_wconf 88' lang='lat' dir='ltr'><strong>Tandem</strong></span> <span class='ocrx_word' id='word_1_252' title='bbox 1254 3723 1486 3778; x_wconf 90' lang='lat' dir='ltr'><strong>consilio</strong></span> <span class='ocrx_word' id='word_1_253' title='bbox 1535 3722 1829 3777; x_wconf 88' lang='lat' dir='ltr'><strong>Lanfranni</strong></span> <span class='ocrx_word' id='word_1_254' title='bbox 1872 3720 2143 3792; x_wconf 89' lang='lat' dir='ltr'><strong>archiepi-</strong></span> 
     </span>
    </p>
   </div>
   <div class='ocr_carea' id='block_1_52' title="bbox 489 3810 2136 3880">
    <p class='ocr_par' dir='ltr' id='par_1_52' title="bbox 489 3810 2136 3880">
     <span class='ocr_line' id='line_1_52' title="bbox 489 3810 2136 3880; baseline 0.001 -16"><span class='ocrx_word' id='word_1_255' title='bbox 489 3810 665 3880; x_wconf 84' lang='lat' dir='ltr'><strong>scopi,</strong></span> <span class='ocrx_word' id='word_1_256' title='bbox 727 3825 1086 3879; x_wconf 89' lang='lat' dir='ltr'><strong>meorumque</strong></span> <span class='ocrx_word' id='word_1_257' title='bbox 1153 3825 1485 3880; x_wconf 90' lang='lat' dir='ltr'><strong>procerum,</strong></span> <span class='ocrx_word' id='word_1_258' title='bbox 1541 3811 1771 3866; x_wconf 90' lang='lat' dir='ltr'><strong>Vitalem</strong></span> <span class='ocrx_word' id='word_1_259' title='bbox 1827 3810 2079 3866; x_wconf 87' lang='lat' dir='ltr'><strong>abbatem</strong></span> <span class='ocrx_word' id='word_1_260' title='bbox 2120 3853 2136 3878; x_wconf 92' lang='lat'><strong>,</strong></span> 
     </span>
    </p>
   </div>
   <div class='ocr_carea' id='block_1_53' title="bbox 489 3899 2134 3970">
    <p class='ocr_par' dir='ltr' id='par_1_53' title="bbox 489 3899 2134 3970">
     <span class='ocr_line' id='line_1_53' title="bbox 489 3899 2134 3970; baseline 0.001 -17"><span class='ocrx_word' id='word_1_261' title='bbox 489 3899 736 3968; x_wconf 89' lang='lat' dir='ltr'><strong>quamvis</strong></span> <span class='ocrx_word' id='word_1_262' title='bbox 766 3899 1013 3965; x_wconf 85' lang='lat' dir='ltr'><strong>invitum,</strong></span> <span class='ocrx_word' id='word_1_263' title='bbox 1055 3899 1121 3954; x_wconf 92' lang='lat' dir='ltr'><strong>ad</strong></span> <span class='ocrx_word' id='word_1_264' title='bbox 1169 3899 1274 3955; x_wconf 89' lang='lat' dir='ltr'><strong>hoc</strong></span> <span class='ocrx_word' id='word_1_265' title='bbox 1323 3901 1478 3970; x_wconf 87' lang='lat' dir='ltr'><strong>coegi</strong></span> <span class='ocrx_word' id='word_1_266' title='bbox 1528 3906 1589 3955; x_wconf 89' lang='lat' dir='ltr'><strong>ut</strong></span> <span class='ocrx_word' id='word_1_267' title='bbox 1623 3899 1770 3954; x_wconf 87' lang='lat' dir='ltr'><strong>illam</strong></span> <span class='ocrx_word' id='word_1_268' title='bbox 1813 3905 2134 3955; x_wconf 87' lang='lat' dir='ltr'><strong>assumeret.</strong></span> 
     </span>
    </p>
   </div>
   <div class='ocr_carea' id='block_1_54' title="bbox 489 3987 2134 4054">
    <p class='ocr_par' dir='ltr' id='par_1_54' title="bbox 489 3987 2134 4054">
     <span class='ocr_line' id='line_1_54' title="bbox 489 3987 2134 4054; baseline 0.001 -13"><span class='ocrx_word' id='word_1_269' title='bbox 489 3987 622 4041; x_wconf 90' lang='lat' dir='ltr'><strong>Cum</strong></span> <span class='ocrx_word' id='word_1_270' title='bbox 653 3987 795 4042; x_wconf 92' lang='lat' dir='ltr'><strong>enim</strong></span> <span class='ocrx_word' id='word_1_271' title='bbox 817 3987 1089 4041; x_wconf 89' lang='lat' dir='ltr'><strong>abbatiam</strong></span> <span class='ocrx_word' id='word_1_272' title='bbox 1130 3987 1198 4043; x_wconf 87' lang='lat' dir='ltr'><strong>de</strong></span> <span class='ocrx_word' id='word_1_273' title='bbox 1238 3991 1479 4045; x_wconf 87' lang='lat' dir='ltr'><strong>Bernaco</strong></span> <span class='ocrx_word' id='word_1_274' title='bbox 1521 4004 1588 4044; x_wconf 89' lang='lat' dir='ltr'><strong>ex</strong></span> <span class='ocrx_word' id='word_1_275' title='bbox 1630 3989 1854 4044; x_wconf 93' lang='lat' dir='ltr'><strong>minimo</strong></span> <span class='ocrx_word' id='word_1_276' title='bbox 1885 3988 2134 4054; x_wconf 88' lang='lat' dir='ltr'><strong>multum,</strong></span> 
     </span>
    </p>
   </div>
   <div class='ocr_carea' id='block_1_55' title="bbox 493 4074 2136 4147">
    <p class='ocr_par' dir='ltr' id='par_1_55' title="bbox 493 4074 2136 4147">
     <span class='ocr_line' id='line_1_55' title="bbox 493 4074 2136 4147; baseline 0.002 -19"><span class='ocrx_word' id='word_1_277' title='bbox 493 4080 552 4128; x_wconf 92' lang='lat' dir='ltr'><strong>ut</strong></span> <span class='ocrx_word' id='word_1_278' title='bbox 596 4079 766 4143; x_wconf 85' lang='lat' dir='ltr'><strong>patet,</strong></span> <span class='ocrx_word' id='word_1_279' title='bbox 798 4074 1198 4143; x_wconf 84' lang='lat' dir='ltr'><strong>sublimaverit,</strong></span> <span class='ocrx_word' id='word_1_280' title='bbox 1245 4077 1490 4133; x_wconf 83' lang='lat' dir='ltr'><strong>intellexi</strong></span> <span class='ocrx_word' id='word_1_281' title='bbox 1537 4077 1690 4133; x_wconf 91' lang='lat' dir='ltr'><strong>illum</strong></span> <span class='ocrx_word' id='word_1_282' title='bbox 1740 4078 1963 4147; x_wconf 89' lang='lat' dir='ltr'><strong>dignum</strong></span> <span class='ocrx_word' id='word_1_283' title='bbox 2017 4091 2136 4131; x_wconf 92' lang='lat' dir='ltr'><strong>esse</strong></span> 
     </span>
    </p>
   </div>
   <div class='ocr_carea' id='block_1_56' title="bbox 490 4161 2139 4234">
    <p class='ocr_par' dir='ltr' id='par_1_56' title="bbox 490 4161 2139 4234">
     <span class='ocr_line' id='line_1_56' title="bbox 490 4161 2139 4234; baseline 0.001 -16"><span class='ocrx_word' id='word_1_284' title='bbox 490 4161 709 4218; x_wconf 86' lang='lat' dir='ltr'><strong>abbatia</strong></span> <span class='ocrx_word' id='word_1_285' title='bbox 749 4162 816 4218; x_wconf 89' lang='lat' dir='ltr'><strong>de</strong></span> <span class='ocrx_word' id='word_1_286' title='bbox 856 4165 1364 4232; x_wconf 87' lang='lat' dir='ltr'><strong>Westmonasterio,</strong></span> <span class='ocrx_word' id='word_1_287' title='bbox 1406 4171 1460 4221; x_wconf 90' lang='lat' dir='ltr'><strong>et</strong></span> <span class='ocrx_word' id='word_1_288' title='bbox 1499 4166 1734 4221; x_wconf 85' lang='lat' dir='ltr'><strong>utilitate</strong></span> <span class='ocrx_word' id='word_1_289' title='bbox 1791 4171 1846 4220; x_wconf 92' lang='lat' dir='ltr'><strong>et</strong></span> <span class='ocrx_word' id='word_1_290' title='bbox 1899 4165 2139 4234; x_wconf 90' lang='lat' dir='ltr'><strong>pruden-</strong></span> 
     </span>
    </p>
   </div>
   <div class='ocr_carea' id='block_1_57' title="bbox 491 4251 2138 4323">
    <p class='ocr_par' dir='ltr' id='par_1_57' title="bbox 491 4251 2138 4323">
     <span class='ocr_line' id='line_1_57' title="bbox 491 4251 2138 4323; baseline 0.001 -17"><span class='ocrx_word' id='word_1_291' title='bbox 491 4251 586 4306; x_wconf 91' lang='lat' dir='ltr'><strong>tia.</strong></span> <span class='ocrx_word' id='word_1_292' title='bbox 627 4253 976 4322; x_wconf 88' lang='lat' dir='ltr'><strong>Quapropter</strong></span> <span class='ocrx_word' id='word_1_293' title='bbox 1015 4253 1180 4309; x_wconf 92' lang='lat' dir='ltr'><strong>liceat</strong></span> <span class='ocrx_word' id='word_1_294' title='bbox 1216 4255 1349 4310; x_wconf 90' lang='lat' dir='ltr'><strong>mihi</strong></span> <span class='ocrx_word' id='word_1_295' title='bbox 1389 4255 1536 4310; x_wconf 91' lang='lat' dir='ltr'><strong>istud</strong></span> <span class='ocrx_word' id='word_1_296' title='bbox 1579 4254 1717 4321; x_wconf 83' lang='lat' dir='ltr'><strong>fieri,</strong></span> <span class='ocrx_word' id='word_1_297' title='bbox 1759 4253 1904 4323; x_wconf 91' lang='lat' dir='ltr'><strong>quod</strong></span> <span class='ocrx_word' id='word_1_298' title='bbox 1955 4253 2024 4308; x_wconf 91' lang='lat' dir='ltr'><strong>de</strong></span> <span class='ocrx_word' id='word_1_299' title='bbox 2072 4265 2138 4308; x_wconf 92' lang='lat' dir='ltr'><strong>eo</strong></span> 
     </span>
    </p>
   </div>
   <div class='ocr_carea' id='block_1_58' title="bbox 487 4343 2142 4414">
    <p class='ocr_par' dir='ltr' id='par_1_58' title="bbox 487 4343 2142 4414">
     <span class='ocr_line' id='line_1_58' title="bbox 487 4343 2142 4414; baseline 0 -16"><span class='ocrx_word' id='word_1_300' title='bbox 487 4343 761 4398; x_wconf 89' lang='lat' dir='ltr'><strong>communi</strong></span> <span class='ocrx_word' id='word_1_301' title='bbox 802 4343 1036 4398; x_wconf 91' lang='lat' dir='ltr'><strong>consilio</strong></span> <span class='ocrx_word' id='word_1_302' title='bbox 1075 4358 1320 4400; x_wconf 91' lang='lat' dir='ltr'><strong>meorum</strong></span> <span class='ocrx_word' id='word_1_303' title='bbox 1365 4344 1581 4414; x_wconf 86' lang='lat' dir='ltr'><strong>providi</strong></span> <span class='ocrx_word' id='word_1_304' title='bbox 1620 4357 1931 4414; x_wconf 89' lang='lat' dir='ltr'><strong>procerum,</strong></span> <span class='ocrx_word' id='word_1_305' title='bbox 1970 4343 2142 4400; x_wconf 85' lang='lat' dir='ltr'><strong>licen-</strong></span> 
     </span>
    </p>
   </div>
   <div class='ocr_carea' id='block_1_59' title="bbox 2226 2622 3826 2694">
    <p class='ocr_par' dir='ltr' id='par_1_59' title="bbox 2226 2622 3826 2694">
     <span class='ocr_line' id='line_1_59' title="bbox 2226 2622 3826 2694; baseline -0.004 -17"><span class='ocrx_word' id='word_1_306' title='bbox 2226 2622 2486 2691; x_wconf 88' lang='lat' dir='ltr'><strong>quoniam</strong></span> <span class='ocrx_word' id='word_1_307' title='bbox 2553 2622 2781 2678; x_wconf 88' lang='lat' dir='ltr'><strong>moleste</strong></span> <span class='ocrx_word' id='word_1_308' title='bbox 2855 2623 3163 2692; x_wconf 90' lang='lat' dir='ltr'><strong>acciperem</strong></span> <span class='ocrx_word' id='word_1_309' title='bbox 3228 2624 3383 2694; x_wconf 89' lang='lat' dir='ltr'><strong>quod</strong></span> <span class='ocrx_word' id='word_1_310' title='bbox 3452 2623 3613 2678; x_wconf 87' lang='lat' dir='ltr'><strong>frater</strong></span> <span class='ocrx_word' id='word_1_311' title='bbox 3672 2627 3826 2675; x_wconf 86' lang='lat' dir='ltr'><strong>noster</strong></span> 
     </span>
    </p>
   </div>
   <div class='ocr_carea' id='block_1_60' title="bbox 2226 2707 3824 2769">
    <p class='ocr_par' dir='ltr' id='par_1_60' title="bbox 2226 2707 3824 2769">
     <span class='ocr_line' id='line_1_60' title="bbox 2226 2707 3824 2769; baseline -0.003 -3"><span class='ocrx_word' id='word_1_312' title='bbox 2226 2712 2460 2767; x_wconf 92' lang='lat' dir='ltr'><strong>domnus</strong></span> <span class='ocrx_word' id='word_1_313' title='bbox 2507 2712 2699 2767; x_wconf 82' lang='lat' dir='ltr'><strong>Vitalis</strong></span> <span class='ocrx_word' id='word_1_314' title='bbox 2737 2712 2856 2767; x_wconf 88' lang='lat' dir='ltr'><strong>sine</strong></span> <span class='ocrx_word' id='word_1_315' title='bbox 2909 2712 3130 2768; x_wconf 83' lang='lat' dir='ltr'><strong>licentia</strong></span> <span class='ocrx_word' id='word_1_316' title='bbox 3178 2719 3371 2769; x_wconf 90' lang='lat' dir='ltr'><strong>nostra</strong></span> <span class='ocrx_word' id='word_1_317' title='bbox 3420 2715 3488 2769; x_wconf 92' lang='lat' dir='ltr'><strong>de</strong></span> <span class='ocrx_word' id='word_1_318' title='bbox 3534 2711 3727 2767; x_wconf 87' lang='lat' dir='ltr'><strong>abbatia</strong></span> <span class='ocrx_word' id='word_1_319' title='bbox 3771 2707 3824 2762; x_wconf 90' lang='lat' dir='ltr'><strong>ad</strong></span> 
     </span>
    </p>
   </div>
   <div class='ocr_carea' id='block_1_61' title="bbox 2226 2799 3824 2874">
    <p class='ocr_par' dir='ltr' id='par_1_61' title="bbox 2226 2799 3824 2874">
     <span class='ocr_line' id='line_1_61' title="bbox 2226 2799 3824 2874; baseline -0.002 -20"><span class='ocrx_word' id='word_1_320' title='bbox 2226 2799 2497 2856; x_wconf 90' lang='lat' dir='ltr'><strong>abbatiam</strong></span> <span class='ocrx_word' id='word_1_321' title='bbox 2541 2803 2820 2872; x_wconf 89' lang='lat' dir='ltr'><strong>migraret,</strong></span> <span class='ocrx_word' id='word_1_322' title='bbox 2873 2802 2977 2857; x_wconf 88' lang='lat' dir='ltr'><strong>nisi</strong></span> <span class='ocrx_word' id='word_1_323' title='bbox 3031 2802 3178 2872; x_wconf 93' lang='lat' dir='ltr'><strong>quod</strong></span> <span class='ocrx_word' id='word_1_324' title='bbox 3219 2817 3322 2859; x_wconf 88' lang='lat' dir='ltr'><strong>vos</strong></span> <span class='ocrx_word' id='word_1_325' title='bbox 3360 2803 3550 2874; x_wconf 91' lang='lat' dir='ltr'><strong>diligo,</strong></span> <span class='ocrx_word' id='word_1_326' title='bbox 3597 2808 3646 2856; x_wconf 90' lang='lat' dir='ltr'><strong>et</strong></span> <span class='ocrx_word' id='word_1_327' title='bbox 3681 2799 3824 2854; x_wconf 74' lang='lat' dir='ltr'><strong>vestra</strong></span> 
     </span>
    </p>
   </div>
   <div class='ocr_carea' id='block_1_62' title="bbox 2227 2886 3822 2946">
    <p class='ocr_par' dir='ltr' id='par_1_62' title="bbox 2227 2886 3822 2946">
     <span class='ocr_line' id='line_1_62' title="bbox 2227 2886 3822 2946; baseline -0.003 -4"><span class='ocrx_word' id='word_1_328' title='bbox 2227 2887 2460 2942; x_wconf 92' lang='lat' dir='ltr'><strong>consilia</strong></span> <span class='ocrx_word' id='word_1_329' title='bbox 2499 2887 2772 2944; x_wconf 88' lang='lat' dir='ltr'><strong>honorare</strong></span> <span class='ocrx_word' id='word_1_330' title='bbox 2815 2889 2961 2945; x_wconf 91' lang='lat' dir='ltr'><strong>volo.</strong></span> <span class='ocrx_word' id='word_1_331' title='bbox 3013 2889 3226 2945; x_wconf 90' lang='lat' dir='ltr'><strong>Idcirco</strong></span> <span class='ocrx_word' id='word_1_332' title='bbox 3283 2890 3451 2946; x_wconf 91' lang='lat' dir='ltr'><strong>laudo</strong></span> <span class='ocrx_word' id='word_1_333' title='bbox 3500 2896 3554 2946; x_wconf 92' lang='lat' dir='ltr'><strong>et</strong></span> <span class='ocrx_word' id='word_1_334' title='bbox 3605 2886 3822 2944; x_wconf 81' lang='lat' dir='ltr'><strong>confirmo</strong></span> 
     </span>
    </p>
   </div>
   <div class='ocr_carea' id='block_1_63' title="bbox 2225 2976 3823 3048">
    <p class='ocr_par' dir='ltr' id='par_1_63' title="bbox 2225 2976 3823 3048">
     <span class='ocr_line' id='line_1_63' title="bbox 2225 2976 3823 3048; baseline 0 -17"><span class='ocrx_word' id='word_1_335' title='bbox 2225 2976 2374 3045; x_wconf 90' lang='lat' dir='ltr'><strong>quod</strong></span> <span class='ocrx_word' id='word_1_336' title='bbox 2441 2983 2621 3032; x_wconf 88' lang='lat' dir='ltr'><strong>vestra</strong></span> <span class='ocrx_word' id='word_1_337' title='bbox 2671 2977 2871 3048; x_wconf 88' lang='lat' dir='ltr'><strong>regalis</strong></span> <span class='ocrx_word' id='word_1_338' title='bbox 2913 2978 3144 3033; x_wconf 90' lang='lat' dir='ltr'><strong>sancivit</strong></span> <span class='ocrx_word' id='word_1_339' title='bbox 3199 2980 3526 3036; x_wconf 90' lang='lat' dir='ltr'><strong>auctoritas.</strong></span> <span class='ocrx_word' id='word_1_340' title='bbox 3577 2979 3681 3032; x_wconf 88' lang='lat' dir='ltr'><strong>Jam</strong></span> <span class='ocrx_word' id='word_1_341' title='bbox 3721 2984 3823 3028; x_wconf 81' lang='lat' dir='ltr'><strong>vero</strong></span> 
     </span>
    </p>
   </div>
   <div class='ocr_carea' id='block_1_64' title="bbox 2224 3059 3825 3138">
    <p class='ocr_par' dir='ltr' id='par_1_64' title="bbox 2224 3059 3825 3138">
     <span class='ocr_line' id='line_1_64' title="bbox 2224 3059 3825 3138; baseline -0.004 -19"><span class='ocrx_word' id='word_1_342' title='bbox 2224 3064 2372 3134; x_wconf 92' lang='lat' dir='ltr'><strong>quod</strong></span> <span class='ocrx_word' id='word_1_343' title='bbox 2419 3065 2722 3121; x_wconf 88' lang='lat' dir='ltr'><strong>Osbernum</strong></span> <span class='ocrx_word' id='word_1_344' title='bbox 2769 3081 2923 3122; x_wconf 91' lang='lat' dir='ltr'><strong>suum</strong></span> <span class='ocrx_word' id='word_1_345' title='bbox 2973 3065 3194 3123; x_wconf 90' lang='lat' dir='ltr'><strong>fratrem</strong></span> <span class='ocrx_word' id='word_1_346' title='bbox 3247 3081 3588 3138; x_wconf 90' lang='lat' dir='ltr'><strong>germanum,</strong></span> <span class='ocrx_word' id='word_1_347' title='bbox 3631 3076 3725 3120; x_wconf 91' lang='lat' dir='ltr'><strong>non</strong></span> <span class='ocrx_word' id='word_1_348' title='bbox 3759 3059 3825 3114; x_wconf 84' lang='lat' dir='ltr'><strong>Fi-</strong></span> 
     </span>
    </p>
   </div>
   <div class='ocr_carea' id='block_1_65' title="bbox 2217 3147 3823 3226">
    <p class='ocr_par' dir='ltr' id='par_1_65' title="bbox 2217 3147 3823 3226">
     <span class='ocr_line' id='line_1_65' title="bbox 2217 3147 3823 3226; baseline -0.003 -19"><span class='ocrx_word' id='word_1_349' title='bbox 2217 3167 2591 3209; x_wconf 90' lang='lat' dir='ltr'><strong>scamnensem</strong></span> <span class='ocrx_word' id='word_1_350' title='bbox 2649 3155 3001 3220; x_wconf 82' lang='lat' dir='ltr'><strong>monachum,</strong></span> <span class='ocrx_word' id='word_1_351' title='bbox 3037 3155 3092 3210; x_wconf 91' lang='lat' dir='ltr'><strong>in</strong></span> <span class='ocrx_word' id='word_1_352' title='bbox 3134 3155 3280 3226; x_wconf 92' lang='lat' dir='ltr'><strong>juris</strong></span> <span class='ocrx_word' id='word_1_353' title='bbox 3326 3157 3502 3213; x_wconf 91' lang='lat' dir='ltr'><strong>nostri</strong></span> <span class='ocrx_word' id='word_1_354' title='bbox 3548 3155 3661 3210; x_wconf 91' lang='lat' dir='ltr'><strong>loco</strong></span> <span class='ocrx_word' id='word_1_355' title='bbox 3695 3147 3823 3219; x_wconf 84' lang='lat' dir='ltr'><strong>elegi-</strong></span> 
     </span>
    </p>
   </div>
   <div class='ocr_carea' id='block_1_66' title="bbox 2218 3243 3820 3310">
    <p class='ocr_par' dir='ltr' id='par_1_66' title="bbox 2218 3243 3820 3310">
     <span class='ocr_line' id='line_1_66' title="bbox 2218 3243 3820 3310; baseline -0.002 -13"><span class='ocrx_word' id='word_1_356' title='bbox 2218 3243 2320 3298; x_wconf 89' lang='lat' dir='ltr'><strong>stis</strong></span> <span class='ocrx_word' id='word_1_357' title='bbox 2355 3243 2628 3310; x_wconf 90' lang='lat' dir='ltr'><strong>abbatem,</strong></span> <span class='ocrx_word' id='word_1_358' title='bbox 2660 3257 2841 3299; x_wconf 91' lang='lat' dir='ltr'><strong>annuo</strong></span> <span class='ocrx_word' id='word_1_359' title='bbox 2875 3243 3112 3300; x_wconf 90' lang='lat' dir='ltr'><strong>libenter</strong></span> <span class='ocrx_word' id='word_1_360' title='bbox 3148 3245 3215 3301; x_wconf 89' lang='lat' dir='ltr'><strong>ad</strong></span> <span class='ocrx_word' id='word_1_361' title='bbox 3242 3253 3484 3302; x_wconf 88' lang='lat' dir='ltr'><strong>vestram</strong></span> <span class='ocrx_word' id='word_1_362' title='bbox 3515 3243 3820 3302; x_wconf 85' lang='lat' dir='ltr'><strong>fidelitatem;</strong></span> 
     </span>
    </p>
   </div>
   <div class='ocr_carea' id='block_1_67' title="bbox 2221 3329 3826 3402">
    <p class='ocr_par' dir='ltr' id='par_1_67' title="bbox 2221 3329 3826 3402">
     <span class='ocr_line' id='line_1_67' title="bbox 2221 3329 3826 3402; baseline -0.002 -17"><span class='ocrx_word' id='word_1_363' title='bbox 2221 3331 2294 3386; x_wconf 90' lang='lat' dir='ltr'><strong>ita</strong></span> <span class='ocrx_word' id='word_1_364' title='bbox 2325 3339 2504 3387; x_wconf 89' lang='lat' dir='ltr'><strong>tamen</strong></span> <span class='ocrx_word' id='word_1_365' title='bbox 2557 3339 2614 3386; x_wconf 90' lang='lat' dir='ltr'><strong>ut</strong></span> <span class='ocrx_word' id='word_1_366' title='bbox 2653 3332 2746 3386; x_wconf 84' lang='lat' dir='ltr'><strong>fiat</strong></span> <span class='ocrx_word' id='word_1_367' title='bbox 2797 3333 3098 3389; x_wconf 91' lang='lat' dir='ltr'><strong>secundum</strong></span> <span class='ocrx_word' id='word_1_368' title='bbox 3147 3337 3558 3402; x_wconf 90' lang='lat' dir='ltr'><strong>auctoritatem,</strong></span> <span class='ocrx_word' id='word_1_369' title='bbox 3613 3329 3826 3387; x_wconf 85' lang='lat' dir='ltr'><strong>videlicet</strong></span> 
     </span>
    </p>
   </div>
   <div class='ocr_carea' id='block_1_68' title="bbox 2220 3422 3826 3491">
    <p class='ocr_par' dir='ltr' id='par_1_68' title="bbox 2220 3422 3826 3491">
     <span class='ocr_line' id='line_1_68' title="bbox 2220 3422 3826 3491; baseline -0.005 -15"><span class='ocrx_word' id='word_1_370' title='bbox 2220 3426 2300 3488; x_wconf 91' lang='lat' dir='ltr'><strong>ut,</strong></span> <span class='ocrx_word' id='word_1_371' title='bbox 2341 3428 2565 3491; x_wconf 89' lang='lat' dir='ltr'><strong>accepta</strong></span> <span class='ocrx_word' id='word_1_372' title='bbox 2597 3422 2820 3478; x_wconf 89' lang='lat' dir='ltr'><strong>licentia</strong></span> <span class='ocrx_word' id='word_1_373' title='bbox 2849 3437 2880 3477; x_wconf 91' lang='lat' dir='ltr'><strong>a</strong></span> <span class='ocrx_word' id='word_1_374' title='bbox 2909 3437 3010 3479; x_wconf 92' lang='lat' dir='ltr'><strong>suo</strong></span> <span class='ocrx_word' id='word_1_375' title='bbox 3049 3423 3268 3490; x_wconf 87' lang='lat' dir='ltr'><strong>abbate,</strong></span> <span class='ocrx_word' id='word_1_376' title='bbox 3325 3431 3516 3480; x_wconf 89' lang='lat' dir='ltr'><strong>noster</strong></span> <span class='ocrx_word' id='word_1_377' title='bbox 3564 3423 3648 3477; x_wconf 85' lang='lat' dir='ltr'><strong>fiat</strong></span> <span class='ocrx_word' id='word_1_378' title='bbox 3680 3429 3826 3474; x_wconf 86' lang='lat' dir='ltr'><strong>mona-</strong></span> 
     </span>
    </p>
   </div>
   <div class='ocr_carea' id='block_1_69' title="bbox 2221 3502 3824 3582">
    <p class='ocr_par' dir='ltr' id='par_1_69' title="bbox 2221 3502 3824 3582">
     <span class='ocr_line' id='line_1_69' title="bbox 2221 3502 3824 3582; baseline -0.004 -18"><span class='ocrx_word' id='word_1_379' title='bbox 2221 3509 2377 3576; x_wconf 88' lang='lat' dir='ltr'><strong>chus,</strong></span> <span class='ocrx_word' id='word_1_380' title='bbox 2410 3516 2466 3564; x_wconf 91' lang='lat' dir='ltr'><strong>et</strong></span> <span class='ocrx_word' id='word_1_381' title='bbox 2495 3510 2760 3566; x_wconf 90' lang='lat' dir='ltr'><strong>obediens</strong></span> <span class='ocrx_word' id='word_1_382' title='bbox 2803 3511 3103 3566; x_wconf 92' lang='lat' dir='ltr'><strong>secundum</strong></span> <span class='ocrx_word' id='word_1_383' title='bbox 3134 3513 3386 3582; x_wconf 82' lang='lat' dir='ltr'><strong>regulam</strong></span> <span class='ocrx_word' id='word_1_384' title='bbox 3431 3512 3601 3569; x_wconf 90' lang='lat' dir='ltr'><strong>sancti</strong></span> <span class='ocrx_word' id='word_1_385' title='bbox 3641 3502 3824 3565; x_wconf 84' lang='lat' dir='ltr'><strong>Benedi-</strong></span> 
     </span>
    </p>
   </div>
   <div class='ocr_carea' id='block_1_70' title="bbox 2223 3597 3822 3672">
    <p class='ocr_par' dir='ltr' id='par_1_70' title="bbox 2223 3597 3822 3672">
     <span class='ocr_line' id='line_1_70' title="bbox 2223 3597 3822 3672; baseline -0.005 -19"><span class='ocrx_word' id='word_1_386' title='bbox 2223 3598 2296 3653; x_wconf 93' lang='lat' dir='ltr'><strong>cti</strong></span> <span class='ocrx_word' id='word_1_387' title='bbox 2327 3605 2382 3654; x_wconf 87' lang='lat' dir='ltr'><strong>ct</strong></span> <span class='ocrx_word' id='word_1_388' title='bbox 2430 3597 2701 3654; x_wconf 91' lang='lat' dir='ltr'><strong>ordinem.</strong></span> <span class='ocrx_word' id='word_1_389' title='bbox 2744 3599 2840 3655; x_wconf 86' lang='lat' dir='ltr'><strong>His</strong></span> <span class='ocrx_word' id='word_1_390' title='bbox 2889 3601 2964 3655; x_wconf 89' lang='lat' dir='ltr'><strong>ita</strong></span> <span class='ocrx_word' id='word_1_391' title='bbox 3023 3600 3354 3671; x_wconf 72' lang='lat' dir='ltr'><strong>praelibatis,</strong></span> <span class='ocrx_word' id='word_1_392' title='bbox 3411 3615 3544 3672; x_wconf 89' lang='lat' dir='ltr'><strong>rogo</strong></span> <span class='ocrx_word' id='word_1_393' title='bbox 3589 3597 3822 3654; x_wconf 90' lang='lat' dir='ltr'><strong>dominum</strong></span> 
     </span>
    </p>
   </div>
   <div class='ocr_carea' id='block_1_71' title="bbox 2222 3680 3824 3762">
    <p class='ocr_par' dir='ltr' id='par_1_71' title="bbox 2222 3680 3824 3762">
     <span class='ocr_line' id='line_1_71' title="bbox 2222 3680 3824 3762; baseline -0.004 -20"><span class='ocrx_word' id='word_1_394' title='bbox 2222 3701 2401 3743; x_wconf 93' lang='lat' dir='ltr'><strong>meum</strong></span> <span class='ocrx_word' id='word_1_395' title='bbox 2451 3694 2529 3755; x_wconf 91' lang='lat' dir='ltr'><strong>ut,</strong></span> <span class='ocrx_word' id='word_1_396' title='bbox 2564 3702 2774 3744; x_wconf 93' lang='lat' dir='ltr'><strong>memor</strong></span> <span class='ocrx_word' id='word_1_397' title='bbox 2803 3704 2938 3744; x_wconf 67' lang='lat' dir='ltr'><strong>mete</strong></span> <span class='ocrx_word' id='word_1_398' title='bbox 2978 3691 3286 3747; x_wconf 90' lang='lat' dir='ltr'><strong>senectutis</strong></span> <span class='ocrx_word' id='word_1_399' title='bbox 3331 3694 3440 3762; x_wconf 89' lang='lat' dir='ltr'><strong>jam</strong></span> <span class='ocrx_word' id='word_1_400' title='bbox 3475 3705 3556 3746; x_wconf 89' lang='lat' dir='ltr'><strong>me</strong></span> <span class='ocrx_word' id='word_1_401' title='bbox 3585 3687 3648 3743; x_wconf 87' lang='lat' dir='ltr'><strong>ad</strong></span> <span class='ocrx_word' id='word_1_402' title='bbox 3675 3680 3824 3740; x_wconf 89' lang='lat' dir='ltr'><strong>termi-</strong></span> 
     </span>
    </p>
   </div>
   <div class='ocr_carea' id='block_1_72' title="bbox 2223 3771 3827 3847">
    <p class='ocr_par' dir='ltr' id='par_1_72' title="bbox 2223 3771 3827 3847">
     <span class='ocr_line' id='line_1_72' title="bbox 2223 3771 3827 3847; baseline -0.007 -16"><span class='ocrx_word' id='word_1_403' title='bbox 2223 3791 2350 3832; x_wconf 90' lang='lat' dir='ltr'><strong>num</strong></span> <span class='ocrx_word' id='word_1_404' title='bbox 2380 3776 2506 3830; x_wconf 71' lang='lat' dir='ltr'><strong>vitaa</strong></span> <span class='ocrx_word' id='word_1_405' title='bbox 2537 3778 2832 3844; x_wconf 91' lang='lat' dir='ltr'><strong>curvantis,</strong></span> <span class='ocrx_word' id='word_1_406' title='bbox 2859 3777 3073 3847; x_wconf 91' lang='lat' dir='ltr'><strong>judicet</strong></span> <span class='ocrx_word' id='word_1_407' title='bbox 3112 3793 3311 3835; x_wconf 91' lang='lat' dir='ltr'><strong>causas</strong></span> <span class='ocrx_word' id='word_1_408' title='bbox 3343 3787 3576 3844; x_wconf 92' lang='lat' dir='ltr'><strong>nostras,</strong></span> <span class='ocrx_word' id='word_1_409' title='bbox 3617 3784 3665 3831; x_wconf 89' lang='lat' dir='ltr'><strong>et</strong></span> <span class='ocrx_word' id='word_1_410' title='bbox 3699 3771 3827 3828; x_wconf 85' lang='lat' dir='ltr'><strong>faciat</strong></span> 
     </span>
    </p>
   </div>
   <div class='ocr_carea' id='block_1_73' title="bbox 2221 3862 3825 3938">
    <p class='ocr_par' dir='ltr' id='par_1_73' title="bbox 2221 3862 3825 3938">
     <span class='ocr_line' id='line_1_73' title="bbox 2221 3862 3825 3938; baseline -0.004 -18"><span class='ocrx_word' id='word_1_411' title='bbox 2221 3865 2382 3921; x_wconf 89' lang='lat' dir='ltr'><strong>nobis</strong></span> <span class='ocrx_word' id='word_1_412' title='bbox 2406 3866 2695 3935; x_wconf 88' lang='lat' dir='ltr'><strong>justitiam,</strong></span> <span class='ocrx_word' id='word_1_413' title='bbox 2736 3873 2795 3922; x_wconf 89' lang='lat' dir='ltr'><strong>ut</strong></span> <span class='ocrx_word' id='word_1_414' title='bbox 2826 3880 2928 3938; x_wconf 87' lang='lat' dir='ltr'><strong>ego</strong></span> <span class='ocrx_word' id='word_1_415' title='bbox 2960 3867 3118 3922; x_wconf 79' lang='lat' dir='ltr'><strong>laetus</strong></span> <span class='ocrx_word' id='word_1_416' title='bbox 3143 3867 3198 3922; x_wconf 92' lang='lat' dir='ltr'><strong>in</strong></span> <span class='ocrx_word' id='word_1_417' title='bbox 3230 3870 3469 3926; x_wconf 90' lang='lat' dir='ltr'><strong>Domino</strong></span> <span class='ocrx_word' id='word_1_418' title='bbox 3499 3867 3703 3924; x_wconf 88' lang='lat' dir='ltr'><strong>moriar.</strong></span> <span class='ocrx_word' id='word_1_419' title='bbox 3723 3862 3825 3927; x_wconf 71' lang='grc' dir='ltr'><strong>ρυω</strong></span> 
     </span>
    </p>
   </div>
   <div class='ocr_carea' id='block_1_74' title="bbox 2219 3953 3830 4028">
    <p class='ocr_par' dir='ltr' id='par_1_74' title="bbox 2219 3953 3830 4028">
     <span class='ocr_line' id='line_1_74' title="bbox 2219 3953 3830 4028; baseline 0 -20"><span class='ocrx_word' id='word_1_420' title='bbox 2219 3959 2349 4009; x_wconf 92' lang='lat' dir='ltr'><strong>sunt</strong></span> <span class='ocrx_word' id='word_1_421' title='bbox 2379 3954 2463 4009; x_wconf 64' lang='lat' dir='ltr'><strong>ha:</strong></span> <span class='ocrx_word' id='word_1_422' title='bbox 2497 3963 2720 4011; x_wconf 64' lang='lat' dir='ltr'><strong>causae?</strong></span> <span class='ocrx_word' id='word_1_423' title='bbox 2750 3956 3008 4023; x_wconf 90' lang='lat' dir='ltr'><strong>Primum,</strong></span> <span class='ocrx_word' id='word_1_424' title='bbox 3043 3964 3102 4012; x_wconf 92' lang='lat' dir='ltr'><strong>ut</strong></span> <span class='ocrx_word' id='word_1_425' title='bbox 3133 3973 3199 4012; x_wconf 83' lang='lat' dir='ltr'><strong>ex</strong></span> <span class='ocrx_word' id='word_1_426' title='bbox 3229 3960 3532 4028; x_wconf 88' lang='lat' dir='ltr'><strong>promisso,</strong></span> <span class='ocrx_word' id='word_1_427' title='bbox 3573 3953 3706 4026; x_wconf 89' lang='lat' dir='ltr'><strong>quod</strong></span> <span class='ocrx_word' id='word_1_428' title='bbox 3733 3961 3830 4020; x_wconf 79' lang='lat' dir='ltr'><strong>per-</strong></span> 
     </span>
    </p>
   </div>
   <div class='ocr_carea' id='block_1_75' title="bbox 2221 4039 3824 4118">
    <p class='ocr_par' dir='ltr' id='par_1_75' title="bbox 2221 4039 3824 4118">
     <span class='ocr_line' id='line_1_75' title="bbox 2221 4039 3824 4118; baseline -0.004 -21"><span class='ocrx_word' id='word_1_429' title='bbox 2221 4042 2402 4098; x_wconf 90' lang='lat' dir='ltr'><strong>dimus</strong></span> <span class='ocrx_word' id='word_1_430' title='bbox 2433 4043 2486 4098; x_wconf 91' lang='lat' dir='ltr'><strong>in</strong></span> <span class='ocrx_word' id='word_1_431' title='bbox 2517 4044 2765 4116; x_wconf 87' lang='lat' dir='ltr'><strong>Astingo,</strong></span> <span class='ocrx_word' id='word_1_432' title='bbox 2799 4052 3182 4116; x_wconf 89' lang='lat' dir='ltr'><strong>recompenset</strong></span> <span class='ocrx_word' id='word_1_433' title='bbox 3211 4049 3389 4104; x_wconf 93' lang='lat' dir='ltr'><strong>corde</strong></span> <span class='ocrx_word' id='word_1_434' title='bbox 3422 4049 3582 4118; x_wconf 92' lang='lat' dir='ltr'><strong>pleno</strong></span> <span class='ocrx_word' id='word_1_435' title='bbox 3603 4049 3653 4100; x_wconf 91' lang='lat' dir='ltr'><strong>et</strong></span> <span class='ocrx_word' id='word_1_436' title='bbox 3679 4039 3824 4097; x_wconf 86' lang='lat' dir='ltr'><strong>animo</strong></span> 
     </span>
    </p>
   </div>
   <div class='ocr_carea' id='block_1_76' title="bbox 2220 4131 3828 4204">
    <p class='ocr_par' dir='ltr' id='par_1_76' title="bbox 2220 4131 3828 4204">
     <span class='ocr_line' id='line_1_76' title="bbox 2220 4131 3828 4204; baseline -0.001 -18"><span class='ocrx_word' id='word_1_437' title='bbox 2220 4131 2498 4188; x_wconf 91' lang='lat' dir='ltr'><strong>benivolo.</strong></span> <span class='ocrx_word' id='word_1_438' title='bbox 2531 4136 2669 4188; x_wconf 91' lang='lat' dir='ltr'><strong>Sunt</strong></span> <span class='ocrx_word' id='word_1_439' title='bbox 2696 4134 2818 4190; x_wconf 68' lang='lat' dir='ltr'><strong>alia:</strong></span> <span class='ocrx_word' id='word_1_440' title='bbox 2868 4135 3055 4204; x_wconf 90' lang='lat' dir='ltr'><strong>plures</strong></span> <span class='ocrx_word' id='word_1_441' title='bbox 3102 4150 3396 4193; x_wconf 90' lang='lat' dir='ltr'><strong>causarum</strong></span> <span class='ocrx_word' id='word_1_442' title='bbox 3444 4142 3731 4193; x_wconf 87' lang='lat' dir='ltr'><strong>nostrarum</strong></span> <span class='ocrx_word' id='word_1_443' title='bbox 3758 4140 3828 4181; x_wconf 84' lang='lat' dir='ltr'><strong>ne-</strong></span> 
     </span>
    </p>
   </div>
   <div class='ocr_carea' id='block_1_77' title="bbox 2221 4217 3825 4294">
    <p class='ocr_par' dir='ltr' id='par_1_77' title="bbox 2221 4217 3825 4294">
     <span class='ocr_line' id='line_1_77' title="bbox 2221 4217 3825 4294; baseline -0.004 -19"><span class='ocrx_word' id='word_1_444' title='bbox 2221 4221 2527 4287; x_wconf 89' lang='lat' dir='ltr'><strong>cessitates,</strong></span> <span class='ocrx_word' id='word_1_445' title='bbox 2563 4236 2701 4291; x_wconf 89' lang='lat' dir='ltr'><strong>quas</strong></span> <span class='ocrx_word' id='word_1_446' title='bbox 2731 4236 2866 4293; x_wconf 91' lang='lat' dir='ltr'><strong>rogo</strong></span> <span class='ocrx_word' id='word_1_447' title='bbox 2897 4223 3020 4293; x_wconf 90' lang='lat' dir='ltr'><strong>pius</strong></span> <span class='ocrx_word' id='word_1_448' title='bbox 3050 4238 3146 4279; x_wconf 86' lang='lat' dir='ltr'><strong>rex</strong></span> <span class='ocrx_word' id='word_1_449' title='bbox 3169 4225 3393 4294; x_wconf 91' lang='lat' dir='ltr'><strong>judicet</strong></span> <span class='ocrx_word' id='word_1_450' title='bbox 3436 4233 3492 4281; x_wconf 91' lang='lat' dir='ltr'><strong>et</strong></span> <span class='ocrx_word' id='word_1_451' title='bbox 3519 4223 3681 4288; x_wconf 84' lang='lat' dir='ltr'><strong>finiat,</strong></span> <span class='ocrx_word' id='word_1_452' title='bbox 3724 4217 3825 4272; x_wconf 88' lang='lat' dir='ltr'><strong>dum</strong></span> 
     </span>
    </p>
   </div>
   <div class='ocr_carea' id='block_1_78' title="bbox 2221 4307 3828 4376">
    <p class='ocr_par' dir='ltr' id='par_1_78' title="bbox 2221 4307 3828 4376">
     <span class='ocr_line' id='line_1_78' title="bbox 2221 4307 3828 4376; baseline 0.001 -13"><span class='ocrx_word' id='word_1_453' title='bbox 2221 4310 2352 4364; x_wconf 89' lang='lat' dir='ltr'><strong>vivit</strong></span> <span class='ocrx_word' id='word_1_454' title='bbox 2409 4316 2464 4365; x_wconf 93' lang='lat' dir='ltr'><strong>et</strong></span> <span class='ocrx_word' id='word_1_455' title='bbox 2515 4317 2690 4376; x_wconf 88' lang='lat' dir='ltr'><strong>vacat,</strong></span> <span class='ocrx_word' id='word_1_456' title='bbox 2739 4312 2806 4367; x_wconf 90' lang='lat' dir='ltr'><strong>ad</strong></span> <span class='ocrx_word' id='word_1_457' title='bbox 2865 4327 3093 4369; x_wconf 68' lang='lat' dir='ltr'><strong>summa:</strong></span> <span class='ocrx_word' id='word_1_458' title='bbox 3149 4315 3441 4371; x_wconf 83' lang='lat' dir='ltr'><strong>Trinitatis</strong></span> <span class='ocrx_word' id='word_1_459' title='bbox 3488 4315 3734 4368; x_wconf 88' lang='lat' dir='ltr'><strong>honorem</strong></span> <span class='ocrx_word' id='word_1_460' title='bbox 3787 4307 3828 4357; x_wconf 69' lang='grc' dir='ltr'><strong>εἰ</strong></span> 
     </span>
    </p>
   </div>
   <div class='ocr_carea' id='block_1_79' title="bbox 490 4397 3826 4500">
    <p class='ocr_par' dir='ltr' id='par_1_79' title="bbox 490 4397 3826 4500">
     <span class='ocr_line' id='line_1_79' title="bbox 490 4397 3826 4500; baseline 0.002 -14"><span class='ocrx_word' id='word_1_461' title='bbox 490 4397 564 4486; x_wconf 81' lang='lat' dir='ltr'><strong>ua</strong></span> <span class='ocrx_word' id='word_1_462' title='bbox 603 4438 695 4487; x_wconf 90' lang='lat' dir='ltr'><strong>tua</strong></span> <span class='ocrx_word' id='word_1_463' title='bbox 734 4438 789 4486; x_wconf 90' lang='lat' dir='ltr'><strong>et</strong></span> <span class='ocrx_word' id='word_1_464' title='bbox 815 4397 963 4487; x_wconf 60' lang='lat' dir='ltr'><strong>bona</strong></span> <span class='ocrx_word' id='word_1_465' title='bbox 992 4397 2200 4500; x_wconf 45' lang='lat' dir='ltr'><strong>voluliiag&#39;,‘etcanten£us&#39;fama.v5.01)</strong></span> <span class='ocrx_word' id='word_1_466' title='bbox 2222 4397 2449 4500; x_wconf 61' lang='grc' dir='ltr'><strong>εξρτίειη</strong></span> <span class='ocrx_word' id='word_1_467' title='bbox 2485 4417 2498 4453; x_wconf 77' lang='grc'><strong><em>⁵</em></strong></span> <span class='ocrx_word' id='word_1_468' title='bbox 2531 4401 2789 4500; x_wconf 55' lang='lat' dir='ltr'><strong>ilum!“</strong></span> <span class='ocrx_word' id='word_1_469' title='bbox 2817 4401 2934 4500; x_wconf 67' lang='grc' dir='ltr'><strong>ξι)εέ</strong></span> <span class='ocrx_word' id='word_1_470' title='bbox 2982 4402 3126 4456; x_wconf 67' lang='lat' dir='ltr'><strong>Deus</strong></span> <span class='ocrx_word' id='word_1_471' title='bbox 3175 4403 3420 4500; x_wconf 60' lang='grc' dir='ltr'><strong>Ττίηίίέλδ</strong></span> <span class='ocrx_word' id='word_1_472' title='bbox 3467 4397 3826 4500; x_wconf 57' lang='lat' dir='ltr'><strong>“&#39;“nld‘if‘ff&#39;</strong></span> 
     </span>
    </p>
   </div>
   <div class='ocr_carea' id='block_1_80' title="bbox 489 4520 2132 4592">
    <p class='ocr_par' dir='ltr' id='par_1_80' title="bbox 489 4520 2132 4592">
     <span class='ocr_line' id='line_1_80' title="bbox 489 4520 2132 4592; baseline 0.001 -18"><span class='ocrx_word' id='word_1_473' title='bbox 489 4521 650 4574; x_wconf 91' lang='lat' dir='ltr'><strong>etiam</strong></span> <span class='ocrx_word' id='word_1_474' title='bbox 683 4521 783 4574; x_wconf 91' lang='lat' dir='ltr'><strong>tibi</strong></span> <span class='ocrx_word' id='word_1_475' title='bbox 823 4528 1010 4576; x_wconf 91' lang='lat' dir='ltr'><strong>notum</strong></span> <span class='ocrx_word' id='word_1_476' title='bbox 1037 4536 1158 4577; x_wconf 91' lang='lat' dir='ltr'><strong>esse</strong></span> <span class='ocrx_word' id='word_1_477' title='bbox 1197 4537 1281 4577; x_wconf 93' lang='lat' dir='ltr'><strong>me</strong></span> <span class='ocrx_word' id='word_1_478' title='bbox 1312 4521 1544 4592; x_wconf 85' lang='lat' dir='ltr'><strong>elegisse</strong></span> <span class='ocrx_word' id='word_1_479' title='bbox 1563 4521 1888 4588; x_wconf 89' lang='lat' dir='ltr'><strong>Osbernum,</strong></span> <span class='ocrx_word' id='word_1_480' title='bbox 1911 4520 2132 4576; x_wconf 82' lang='lat' dir='ltr'><strong>fratrem</strong></span> 
     </span>
    </p>
   </div>
   <div class='ocr_carea' id='block_1_81' title="bbox 487 4609 2134 4678">
    <p class='ocr_par' dir='ltr' id='par_1_81' title="bbox 487 4609 2134 4678">
     <span class='ocr_line' id='line_1_81' title="bbox 487 4609 2134 4678; baseline 0.001 -14"><span class='ocrx_word' id='word_1_481' title='bbox 487 4609 703 4665; x_wconf 90' lang='lat' dir='ltr'><strong>scilicet</strong></span> <span class='ocrx_word' id='word_1_482' title='bbox 740 4609 932 4666; x_wconf 90' lang='lat' dir='ltr'><strong>Vitalis</strong></span> <span class='ocrx_word' id='word_1_483' title='bbox 968 4610 1203 4678; x_wconf 90' lang='lat' dir='ltr'><strong>abbatis,</strong></span> <span class='ocrx_word' id='word_1_484' title='bbox 1246 4616 1306 4666; x_wconf 91' lang='lat' dir='ltr'><strong>ut</strong></span> <span class='ocrx_word' id='word_1_485' title='bbox 1353 4611 1553 4666; x_wconf 89' lang='lat' dir='ltr'><strong>habeat</strong></span> <span class='ocrx_word' id='word_1_486' title='bbox 1597 4611 1872 4667; x_wconf 89' lang='lat' dir='ltr'><strong>abbatiam</strong></span> <span class='ocrx_word' id='word_1_487' title='bbox 1904 4611 1972 4667; x_wconf 91' lang='lat' dir='ltr'><strong>de</strong></span> <span class='ocrx_word' id='word_1_488' title='bbox 2005 4612 2134 4668; x_wconf 91' lang='lat' dir='ltr'><strong>Ber-</strong></span> 
     </span>
    </p>
   </div>
   <div class='ocr_carea' id='block_1_82' title="bbox 489 4697 1985 4756">
    <p class='ocr_par' dir='ltr' id='par_1_82' title="bbox 489 4697 1985 4756">
     <span class='ocr_line' id='line_1_82' title="bbox 489 4697 1985 4756; baseline 0.001 -4"><span class='ocrx_word' id='word_1_489' title='bbox 489 4711 627 4754; x_wconf 91' lang='lat' dir='ltr'><strong>naco</strong></span> <span class='ocrx_word' id='word_1_490' title='bbox 659 4718 670 4753; x_wconf 91' lang='lat'><strong>:</strong></span> <span class='ocrx_word' id='word_1_491' title='bbox 705 4703 761 4754; x_wconf 92' lang='lat' dir='ltr'><strong>et</strong></span> <span class='ocrx_word' id='word_1_492' title='bbox 785 4697 890 4754; x_wconf 94' lang='lat' dir='ltr'><strong>hoc</strong></span> <span class='ocrx_word' id='word_1_493' title='bbox 920 4705 1012 4754; x_wconf 91' lang='lat' dir='ltr'><strong>tua</strong></span> <span class='ocrx_word' id='word_1_494' title='bbox 1043 4699 1264 4755; x_wconf 87' lang='lat' dir='ltr'><strong>licentia</strong></span> <span class='ocrx_word' id='word_1_495' title='bbox 1304 4699 1435 4754; x_wconf 92' lang='lat' dir='ltr'><strong>mihi</strong></span> <span class='ocrx_word' id='word_1_496' title='bbox 1466 4700 1584 4756; x_wconf 82' lang='lat' dir='ltr'><strong>fieri</strong></span> <span class='ocrx_word' id='word_1_497' title='bbox 1615 4699 1796 4756; x_wconf 90' lang='lat' dir='ltr'><strong>liceat.</strong></span> <span class='ocrx_word' id='word_1_498' title='bbox 1839 4699 1985 4755; x_wconf 88' lang='lat' dir='ltr'><strong>Vale.</strong></span> 
     </span>
    </p>
   </div>
   <div class='ocr_carea' id='block_1_83' title="bbox 1095 4805 1518 4861">
    <p class='ocr_par' dir='ltr' id='par_1_83' title="bbox 1095 4805 1518 4861">
     <span class='ocr_line' id='line_1_83' title="bbox 1095 4805 1518 4861; baseline 0.002 -2"><span class='ocrx_word' id='word_1_499' title='bbox 1095 4805 1414 4861; x_wconf 87' lang='lat' dir='ltr'><strong>EPISTOLA</strong></span> <span class='ocrx_word' id='word_1_500' title='bbox 1452 4806 1518 4860; x_wconf 91' lang='lat' dir='ltr'><strong>Il.</strong></span> 
     </span>
    </p>
   </div>
   <div class='ocr_carea' id='block_1_84' title="bbox 845 4926 1774 4968">
    <p class='ocr_par' dir='ltr' id='par_1_84' title="bbox 845 4926 1774 4968">
     <span class='ocr_line' id='line_1_84' title="bbox 845 4926 1774 4968; baseline 0.001 -4"><span class='ocrx_word' id='word_1_501' title='bbox 845 4927 916 4965; x_wconf 73' lang='lat' dir='ltr'><strong>AD</strong></span> <span class='ocrx_word' id='word_1_502' title='bbox 954 4926 1281 4967; x_wconf 70' lang='lat' dir='ltr'><strong>WILLELMUM</strong></span> <span class='ocrx_word' id='word_1_503' title='bbox 1329 4927 1538 4968; x_wconf 68' lang='lat' dir='ltr'><strong>ANGLMZ</strong></span> <span class='ocrx_word' id='word_1_504' title='bbox 1573 4927 1774 4967; x_wconf 80' lang='lat' dir='ltr'><strong>REGEM.</strong></span> 
     </span>
    </p>
   </div>
   <div class='ocr_carea' id='block_1_85' title="bbox 561 5015 2132 5090">
    <p class='ocr_par' dir='ltr' id='par_1_85' title="bbox 561 5015 2132 5090">
     <span class='ocr_line' id='line_1_85' title="bbox 561 5015 2132 5090; baseline 0.003 -18"><span class='ocrx_word' id='word_1_505' title='bbox 561 5019 644 5073; x_wconf 88' lang='lat' dir='ltr'><strong>W.</strong></span> <span class='ocrx_word' id='word_1_506' title='bbox 686 5015 868 5073; x_wconf 88' lang='lat' dir='ltr'><strong>divina</strong></span> <span class='ocrx_word' id='word_1_507' title='bbox 907 5015 1120 5074; x_wconf 85' lang='lat' dir='ltr'><strong>favente</strong></span> <span class='ocrx_word' id='word_1_508' title='bbox 1159 5019 1331 5090; x_wconf 87' lang='lat' dir='ltr'><strong>gratia</strong></span> <span class='ocrx_word' id='word_1_509' title='bbox 1361 5019 1659 5090; x_wconf 82' lang='lat' dir='ltr'><strong>Anglorum</strong></span> <span class='ocrx_word' id='word_1_510' title='bbox 1699 5019 1814 5089; x_wconf 90' lang='lat' dir='ltr'><strong>regi</strong></span> <span class='ocrx_word' id='word_1_511' title='bbox 1853 5019 1908 5074; x_wconf 91' lang='lat' dir='ltr'><strong>in</strong></span> <span class='ocrx_word' id='word_1_512' title='bbox 1940 5033 2132 5090; x_wconf 86' lang='lat' dir='ltr'><strong>magna</strong></span> 
     </span>
    </p>
   </div>
   <div class='ocr_carea' id='block_1_86' title="bbox 483 5107 2131 5179">
    <p class='ocr_par' dir='ltr' id='par_1_86' title="bbox 483 5107 2131 5179">
     <span class='ocr_line' id='line_1_86' title="bbox 483 5107 2131 5179; baseline 0.002 -17"><span class='ocrx_word' id='word_1_513' title='bbox 483 5107 662 5179; x_wconf 83' lang='lat' dir='ltr'><strong>gloria</strong></span> <span class='ocrx_word' id='word_1_514' title='bbox 709 5108 948 5162; x_wconf 63' lang='lat' dir='ltr'><strong>Joannes</strong></span> <span class='ocrx_word' id='word_1_515' title='bbox 987 5108 1388 5164; x_wconf 87' lang='lat' dir='ltr'><strong>Fiscamnensis</strong></span> <span class='ocrx_word' id='word_1_516' title='bbox 1447 5109 1688 5164; x_wconf 74' lang='lat' dir='ltr'><strong>cmnobii</strong></span> <span class='ocrx_word' id='word_1_517' title='bbox 1728 5110 1908 5174; x_wconf 90' lang='lat' dir='ltr'><strong>Pater,</strong></span> <span class='ocrx_word' id='word_1_518' title='bbox 1961 5109 2131 5165; x_wconf 89' lang='lat' dir='ltr'><strong>victo-</strong></span> 
     </span>
    </p>
   </div>
   <div class='ocr_carea' id='block_1_87' title="bbox 485 5195 1985 5268">
    <p class='ocr_par' dir='ltr' id='par_1_87' title="bbox 485 5195 1985 5268">
     <span class='ocr_line' id='line_1_87' title="bbox 485 5195 1985 5268; baseline 0.001 -16"><span class='ocrx_word' id='word_1_519' title='bbox 485 5197 621 5253; x_wconf 85' lang='lat' dir='ltr'><strong>riam</strong></span> <span class='ocrx_word' id='word_1_520' title='bbox 660 5195 729 5252; x_wconf 87' lang='lat' dir='ltr'><strong>de</strong></span> <span class='ocrx_word' id='word_1_521' title='bbox 769 5195 1004 5250; x_wconf 89' lang='lat' dir='ltr'><strong>inimicis</strong></span> <span class='ocrx_word' id='word_1_522' title='bbox 1042 5197 1096 5252; x_wconf 92' lang='lat' dir='ltr'><strong>in</strong></span> <span class='ocrx_word' id='word_1_523' title='bbox 1126 5197 1309 5268; x_wconf 86' lang='lat' dir='ltr'><strong>gladio</strong></span> <span class='ocrx_word' id='word_1_524' title='bbox 1349 5198 1562 5254; x_wconf 91' lang='lat' dir='ltr'><strong>Domini</strong></span> <span class='ocrx_word' id='word_1_525' title='bbox 1603 5205 1658 5254; x_wconf 91' lang='lat' dir='ltr'><strong>et</strong></span> <span class='ocrx_word' id='word_1_526' title='bbox 1693 5198 1985 5254; x_wconf 89' lang='lat' dir='ltr'><strong>Gedeonis.</strong></span> 
     </span>
    </p>
   </div>
   <div class='ocr_carea' id='block_1_88' title="bbox 556 5286 2128 5360">
    <p class='ocr_par' dir='ltr' id='par_1_88' title="bbox 556 5286 2128 5360">
     <span class='ocr_line' id='line_1_88' title="bbox 556 5286 2128 5360; baseline -0.002 -15"><span class='ocrx_word' id='word_1_527' title='bbox 556 5291 671 5345; x_wconf 83' lang='lat' dir='ltr'><strong>Rex</strong></span> <span class='ocrx_word' id='word_1_528' title='bbox 709 5289 912 5360; x_wconf 88' lang='lat' dir='ltr'><strong>inclyte</strong></span> <span class='ocrx_word' id='word_1_529' title='bbox 941 5287 1121 5359; x_wconf 85' lang='lat' dir='ltr'><strong>gentis</strong></span> <span class='ocrx_word' id='word_1_530' title='bbox 1149 5286 1410 5357; x_wconf 71' lang='lat' dir='ltr'><strong>Anglicaa,</strong></span> <span class='ocrx_word' id='word_1_531' title='bbox 1445 5293 1501 5343; x_wconf 92' lang='lat' dir='ltr'><strong>et</strong></span> <span class='ocrx_word' id='word_1_532' title='bbox 1529 5287 1639 5343; x_wconf 82' lang='lat' dir='ltr'><strong>dux</strong></span> <span class='ocrx_word' id='word_1_533' title='bbox 1668 5289 2128 5354; x_wconf 91' lang='lat' dir='ltr'><strong>Normannorum,</strong></span> 
     </span>
    </p>
   </div>
   <div class='ocr_carea' id='block_1_89' title="bbox 485 5377 2129 5447">
    <p class='ocr_par' dir='ltr' id='par_1_89' title="bbox 485 5377 2129 5447">
     <span class='ocr_line' id='line_1_89' title="bbox 485 5377 2129 5447; baseline -0.001 -14"><span class='ocrx_word' id='word_1_534' title='bbox 485 5378 750 5435; x_wconf 89' lang='lat' dir='ltr'><strong>bellicosa</strong></span> <span class='ocrx_word' id='word_1_535' title='bbox 779 5380 1011 5444; x_wconf 88' lang='lat' dir='ltr'><strong>virtute;</strong></span> <span class='ocrx_word' id='word_1_536' title='bbox 1045 5391 1173 5432; x_wconf 91' lang='lat' dir='ltr'><strong>ecce</strong></span> <span class='ocrx_word' id='word_1_537' title='bbox 1218 5390 1319 5447; x_wconf 86' lang='lat' dir='ltr'><strong>ego</strong></span> <span class='ocrx_word' id='word_1_538' title='bbox 1357 5378 1616 5442; x_wconf 90' lang='lat' dir='ltr'><strong>Joannes,</strong></span> <span class='ocrx_word' id='word_1_539' title='bbox 1656 5383 1839 5432; x_wconf 84' lang='lat' dir='ltr'><strong>vester</strong></span> <span class='ocrx_word' id='word_1_540' title='bbox 1880 5382 2028 5433; x_wconf 88' lang='lat' dir='ltr'><strong>totus</strong></span> <span class='ocrx_word' id='word_1_541' title='bbox 2072 5377 2129 5431; x_wconf 93' lang='lat' dir='ltr'><strong>in</strong></span> 
     </span>
    </p>
   </div>
   <div class='ocr_carea' id='block_1_90' title="bbox 485 5466 2129 5537">
    <p class='ocr_par' dir='ltr' id='par_1_90' title="bbox 485 5466 2129 5537">
     <span class='ocr_line' id='line_1_90' title="bbox 485 5466 2129 5537; baseline 0.001 -15"><span class='ocrx_word' id='word_1_542' title='bbox 485 5468 738 5534; x_wconf 92' lang='lat' dir='ltr'><strong>Domino,</strong></span> <span class='ocrx_word' id='word_1_543' title='bbox 768 5468 1048 5524; x_wconf 90' lang='lat' dir='ltr'><strong>humiliter</strong></span> <span class='ocrx_word' id='word_1_544' title='bbox 1076 5466 1232 5521; x_wconf 92' lang='lat' dir='ltr'><strong>vobis</strong></span> <span class='ocrx_word' id='word_1_545' title='bbox 1269 5480 1503 5537; x_wconf 87' lang='lat' dir='ltr'><strong>suggero</strong></span> <span class='ocrx_word' id='word_1_546' title='bbox 1551 5472 1606 5522; x_wconf 89' lang='lat' dir='ltr'><strong>et</strong></span> <span class='ocrx_word' id='word_1_547' title='bbox 1643 5466 1841 5522; x_wconf 91' lang='lat' dir='ltr'><strong>litteris</strong></span> <span class='ocrx_word' id='word_1_548' title='bbox 1878 5466 2129 5536; x_wconf 86' lang='lat' dir='ltr'><strong>significo</strong></span> 
     </span>
    </p>
   </div>
   <div class='ocr_carea' id='block_1_91' title="bbox 561 5572 1121 5646">
    <p class='ocr_par' dir='ltr' id='par_1_91' title="bbox 561 5572 1121 5646">
     <span class='ocr_line' id='line_1_91' title="bbox 561 5572 1121 5646; baseline 0.004 -20"><span class='ocrx_word' id='word_1_549' title='bbox 561 5572 650 5646; x_wconf 87' lang='grc'><strong>(1)</strong></span> <span class='ocrx_word' id='word_1_550' title='bbox 691 5573 1121 5644; x_wconf 69' lang='lat' dir='ltr'><strong>Conquaestoris.</strong></span> 
     </span>
    </p>
   </div>
   <div class='ocr_carea' id='block_1_92' title="bbox 2218 4481 3824 4562">
    <p class='ocr_par' dir='ltr' id='par_1_92' title="bbox 2218 4481 3824 4562">
     <span class='ocr_line' id='line_1_92' title="bbox 2218 4481 3824 4562; baseline -0.005 -20"><span class='ocrx_word' id='word_1_551' title='bbox 2218 4487 2322 4557; x_wconf 86' lang='lat' dir='ltr'><strong>glis</strong></span> <span class='ocrx_word' id='word_1_552' title='bbox 2372 4487 2636 4557; x_wconf 90' lang='lat' dir='ltr'><strong>provehat</strong></span> <span class='ocrx_word' id='word_1_553' title='bbox 2673 4488 2742 4543; x_wconf 91' lang='lat' dir='ltr'><strong>ad</strong></span> <span class='ocrx_word' id='word_1_554' title='bbox 2781 4488 3008 4559; x_wconf 85' lang='lat' dir='ltr'><strong>gloriam</strong></span> <span class='ocrx_word' id='word_1_555' title='bbox 3057 4505 3180 4560; x_wconf 74' lang='lat' dir='ltr'><strong>quae</strong></span> <span class='ocrx_word' id='word_1_556' title='bbox 3221 4500 3309 4548; x_wconf 88' lang='lat' dir='ltr'><strong>est</strong></span> <span class='ocrx_word' id='word_1_557' title='bbox 3356 4493 3414 4548; x_wconf 91' lang='lat' dir='ltr'><strong>in</strong></span> <span class='ocrx_word' id='word_1_558' title='bbox 3455 4490 3674 4562; x_wconf 83' lang='lat' dir='ltr'><strong>angelis.</strong></span> <span class='ocrx_word' id='word_1_559' title='bbox 3705 4481 3824 4539; x_wconf 84' lang='lat' dir='ltr'><strong>Vale.</strong></span> 
     </span>
    </p>
   </div>
   <div class='ocr_carea' id='block_1_93' title="bbox 2805 4615 3256 4670">
    <p class='ocr_par' dir='ltr' id='par_1_93' title="bbox 2805 4615 3256 4670">
     <span class='ocr_line' id='line_1_93' title="bbox 2805 4615 3256 4670; baseline 0.004 -2"><span class='ocrx_word' id='word_1_560' title='bbox 2805 4615 2847 4668; x_wconf 82' lang='grc' dir='ltr'>Ε</span> <span class='ocrx_word' id='word_1_561' title='bbox 2855 4615 3126 4670; x_wconf 83' lang='lat' dir='ltr'><strong>PISTOLA</strong></span> <span class='ocrx_word' id='word_1_562' title='bbox 3163 4617 3256 4670; x_wconf 88' lang='lat' dir='ltr'><strong>III.</strong></span> 
     </span>
    </p>
   </div>
   <div class='ocr_carea' id='block_1_94' title="bbox 2499 4744 3570 4789">
    <p class='ocr_par' dir='ltr' id='par_1_94' title="bbox 2499 4744 3570 4789">
     <span class='ocr_line' id='line_1_94' title="bbox 2499 4744 3570 4789; baseline 0.006 -8"><span class='ocrx_word' id='word_1_563' title='bbox 2499 4745 2568 4782; x_wconf 78' lang='lat' dir='ltr'><strong>AI)</strong></span> <span class='ocrx_word' id='word_1_564' title='bbox 2609 4744 2836 4783; x_wconf 69' lang='lat' dir='ltr'><strong>VITALEM</strong></span> <span class='ocrx_word' id='word_1_565' title='bbox 2874 4745 3120 4786; x_wconf 64' lang='lat' dir='ltr'><strong>ABBATEDI</strong></span> <span class='ocrx_word' id='word_1_566' title='bbox 3159 4747 3570 4789; x_wconf 73' lang='lat' dir='ltr'><strong>BERNACENSEM.</strong></span> 
     </span>
    </p>
   </div>
   <div class='ocr_carea' id='block_1_95' title="bbox 2283 4845 3829 4904">
    <p class='ocr_par' dir='ltr' id='par_1_95' title="bbox 2283 4845 3829 4904">
     <span class='ocr_line' id='line_1_95' title="bbox 2283 4845 3829 4904; baseline -0.001 -7"><span class='ocrx_word' id='word_1_567' title='bbox 2283 4845 2522 4898; x_wconf 57' lang='lat' dir='ltr'><strong>Joannes</strong></span> <span class='ocrx_word' id='word_1_568' title='bbox 2580 4845 2980 4901; x_wconf 87' lang='lat' dir='ltr'><strong>Fiscamnensis</strong></span> <span class='ocrx_word' id='word_1_569' title='bbox 3022 4845 3192 4901; x_wconf 88' lang='lat' dir='ltr'><strong>abbas</strong></span> <span class='ocrx_word' id='word_1_570' title='bbox 3245 4847 3517 4904; x_wconf 90' lang='lat' dir='ltr'><strong>confratri</strong></span> <span class='ocrx_word' id='word_1_571' title='bbox 3556 4848 3725 4900; x_wconf 71' lang='grc' dir='ltr'><strong>νιτω</strong></span> <span class='ocrx_word' id='word_1_572' title='bbox 3763 4849 3829 4891; x_wconf 80' lang='lat' dir='ltr'><strong>sa-</strong></span> 
     </span>
    </p>
   </div>
   <div class='ocr_carea' id='block_1_96' title="bbox 2215 4931 2402 4988">
    <p class='ocr_par' dir='ltr' id='par_1_96' title="bbox 2215 4931 2402 4988">
     <span class='ocr_line' id='line_1_96' title="bbox 2215 4931 2402 4988; baseline 0 -3"><span class='ocrx_word' id='word_1_573' title='bbox 2215 4931 2402 4988; x_wconf 90' lang='lat' dir='ltr'><strong>lutem.</strong></span> 
     </span>
    </p>
   </div>
   <div class='ocr_carea' id='block_1_97' title="bbox 2285 5011 3829 5092">
    <p class='ocr_par' dir='ltr' id='par_1_97' title="bbox 2285 5011 3829 5092">
     <span class='ocr_line' id='line_1_97' title="bbox 2285 5011 3829 5092; baseline -0.006 -17"><span class='ocrx_word' id='word_1_574' title='bbox 2285 5021 2436 5076; x_wconf 89' lang='lat' dir='ltr'><strong>Scire</strong></span> <span class='ocrx_word' id='word_1_575' title='bbox 2474 5026 2527 5076; x_wconf 91' lang='lat' dir='ltr'><strong>te</strong></span> <span class='ocrx_word' id='word_1_576' title='bbox 2579 5021 2725 5088; x_wconf 92' lang='lat' dir='ltr'><strong>volo,</strong></span> <span class='ocrx_word' id='word_1_577' title='bbox 2767 5021 2915 5078; x_wconf 86' lang='lat' dir='ltr'><strong>utilis</strong></span> <span class='ocrx_word' id='word_1_578' title='bbox 2946 5011 3018 5079; x_wconf 48' lang='lat' dir='ltr'><strong>Et</strong></span> <span class='ocrx_word' id='word_1_579' title='bbox 3073 5022 3304 5080; x_wconf 91' lang='lat' dir='ltr'><strong>honeste</strong></span> <span class='ocrx_word' id='word_1_580' title='bbox 3363 5023 3555 5090; x_wconf 88' lang='lat' dir='ltr'><strong>frater,</strong></span> <span class='ocrx_word' id='word_1_581' title='bbox 3605 5015 3829 5092; x_wconf 80' lang='lat' dir='ltr'><strong>quoniam</strong></span> 
     </span>
    </p>
   </div>
   <div class='ocr_carea' id='block_1_98' title="bbox 2215 5104 3827 5180">
    <p class='ocr_par' dir='ltr' id='par_1_98' title="bbox 2215 5104 3827 5180">
     <span class='ocr_line' id='line_1_98' title="bbox 2215 5104 3827 5180; baseline -0.006 -17"><span class='ocrx_word' id='word_1_582' title='bbox 2215 5123 2316 5178; x_wconf 90' lang='lat' dir='ltr'><strong>pro</strong></span> <span class='ocrx_word' id='word_1_583' title='bbox 2356 5123 2540 5164; x_wconf 92' lang='lat' dir='ltr'><strong>amore</strong></span> <span class='ocrx_word' id='word_1_584' title='bbox 2589 5109 2734 5180; x_wconf 89' lang='lat' dir='ltr'><strong>regis</strong></span> <span class='ocrx_word' id='word_1_585' title='bbox 2773 5117 2827 5165; x_wconf 92' lang='lat' dir='ltr'><strong>ct</strong></span> <span class='ocrx_word' id='word_1_586' title='bbox 2865 5112 3061 5168; x_wconf 88' lang='lat' dir='ltr'><strong>merito</strong></span> <span class='ocrx_word' id='word_1_587' title='bbox 3092 5118 3200 5169; x_wconf 62' lang='lat' dir='ltr'><strong>tua;</strong></span> <span class='ocrx_word' id='word_1_588' title='bbox 3231 5113 3554 5169; x_wconf 86' lang='lat' dir='ltr'><strong>dilectionis</strong></span> <span class='ocrx_word' id='word_1_589' title='bbox 3585 5104 3827 5166; x_wconf 91' lang='lat' dir='ltr'><strong>auctorizo</strong></span> 
     </span>
    </p>
   </div>
   <div class='ocr_carea' id='block_1_99' title="bbox 2215 5195 3829 5266">
    <p class='ocr_par' dir='ltr' id='par_1_99' title="bbox 2215 5195 3829 5266">
     <span class='ocr_line' id='line_1_99' title="bbox 2215 5195 3829 5266; baseline -0.001 -15"><span class='ocrx_word' id='word_1_590' title='bbox 2215 5203 2358 5252; x_wconf 91' lang='lat' dir='ltr'><strong>tuam</strong></span> <span class='ocrx_word' id='word_1_591' title='bbox 2387 5198 2812 5266; x_wconf 89' lang='lat' dir='ltr'><strong>promotionem,</strong></span> <span class='ocrx_word' id='word_1_592' title='bbox 2845 5205 2897 5255; x_wconf 92' lang='lat' dir='ltr'><strong>et</strong></span> <span class='ocrx_word' id='word_1_593' title='bbox 2941 5199 3126 5256; x_wconf 87' lang='lat' dir='ltr'><strong>fratris</strong></span> <span class='ocrx_word' id='word_1_594' title='bbox 3153 5201 3390 5258; x_wconf 91' lang='lat' dir='ltr'><strong>Osberni</strong></span> <span class='ocrx_word' id='word_1_595' title='bbox 3428 5202 3484 5257; x_wconf 92' lang='lat' dir='ltr'><strong>in</strong></span> <span class='ocrx_word' id='word_1_596' title='bbox 3518 5205 3697 5256; x_wconf 90' lang='lat' dir='ltr'><strong>nostro</strong></span> <span class='ocrx_word' id='word_1_597' title='bbox 3724 5195 3829 5249; x_wconf 84' lang='lat' dir='ltr'><strong>Ber-</strong></span> 
     </span>
    </p>
   </div>
   <div class='ocr_carea' id='block_1_100' title="bbox 2213 5285 3828 5361">
    <p class='ocr_par' dir='ltr' id='par_1_100' title="bbox 2213 5285 3828 5361">
     <span class='ocr_line' id='line_1_100' title="bbox 2213 5285 3828 5361; baseline -0.001 -22"><span class='ocrx_word' id='word_1_598' title='bbox 2213 5299 2350 5341; x_wconf 91' lang='lat' dir='ltr'><strong>naco</strong></span> <span class='ocrx_word' id='word_1_599' title='bbox 2377 5285 2801 5344; x_wconf 90' lang='lat' dir='ltr'><strong>ordinationem.</strong></span> <span class='ocrx_word' id='word_1_600' title='bbox 2845 5289 2949 5345; x_wconf 89' lang='lat' dir='ltr'><strong>Sed</strong></span> <span class='ocrx_word' id='word_1_601' title='bbox 2973 5305 3075 5361; x_wconf 91' lang='lat' dir='ltr'><strong>ego</strong></span> <span class='ocrx_word' id='word_1_602' title='bbox 3117 5297 3172 5346; x_wconf 92' lang='lat' dir='ltr'><strong>et</strong></span> <span class='ocrx_word' id='word_1_603' title='bbox 3209 5295 3363 5347; x_wconf 91' lang='lat' dir='ltr'><strong>totus</strong></span> <span class='ocrx_word' id='word_1_604' title='bbox 3407 5295 3702 5347; x_wconf 88' lang='lat' dir='ltr'><strong>conventus</strong></span> <span class='ocrx_word' id='word_1_605' title='bbox 3726 5293 3828 5337; x_wconf 48' lang='lat' dir='ltr'><strong>san.</strong></span> 
     </span>
    </p>
   </div>
   <div class='ocr_carea' id='block_1_101' title="bbox 2212 5375 3826 5448">
    <p class='ocr_par' dir='ltr' id='par_1_101' title="bbox 2212 5375 3826 5448">
     <span class='ocr_line' id='line_1_101' title="bbox 2212 5375 3826 5448; baseline 0.001 -19"><span class='ocrx_word' id='word_1_606' title='bbox 2212 5381 2314 5430; x_wconf 70' lang='lat' dir='ltr'><strong>cta:</strong></span> <span class='ocrx_word' id='word_1_607' title='bbox 2364 5375 2646 5432; x_wconf 89' lang='lat' dir='ltr'><strong>Trinitatis</strong></span> <span class='ocrx_word' id='word_1_608' title='bbox 2682 5391 2938 5448; x_wconf 87' lang='lat' dir='ltr'><strong>rogamus</strong></span> <span class='ocrx_word' id='word_1_609' title='bbox 2967 5387 3022 5434; x_wconf 90' lang='lat' dir='ltr'><strong>et</strong></span> <span class='ocrx_word' id='word_1_610' title='bbox 3061 5393 3352 5435; x_wconf 90' lang='lat' dir='ltr'><strong>monemus</strong></span> <span class='ocrx_word' id='word_1_611' title='bbox 3385 5386 3467 5448; x_wconf 93' lang='lat' dir='ltr'><strong>ut,</strong></span> <span class='ocrx_word' id='word_1_612' title='bbox 3513 5388 3713 5434; x_wconf 87' lang='lat' dir='ltr'><strong>memor</strong></span> <span class='ocrx_word' id='word_1_613' title='bbox 3737 5376 3826 5425; x_wconf 67' lang='grc' dir='ltr'><strong>ωε</strong></span> 
     </span>
    </p>
   </div>
   <div class='ocr_carea' id='block_1_102' title="bbox 2213 5461 3825 5533">
    <p class='ocr_par' dir='ltr' id='par_1_102' title="bbox 2213 5461 3825 5533">
     <span class='ocr_line' id='line_1_102' title="bbox 2213 5461 3825 5533; baseline 0.001 -15"><span class='ocrx_word' id='word_1_614' title='bbox 2213 5461 2593 5533; x_wconf 89' lang='lat' dir='ltr'><strong>professionis,</strong></span> <span class='ocrx_word' id='word_1_615' title='bbox 2644 5480 2851 5524; x_wconf 85' lang='lat' dir='ltr'><strong>memor</strong></span> <span class='ocrx_word' id='word_1_616' title='bbox 2899 5472 3106 5525; x_wconf 74' lang='lat' dir='ltr'><strong>nostrae</strong></span> <span class='ocrx_word' id='word_1_617' title='bbox 3151 5469 3443 5526; x_wconf 90' lang='lat' dir='ltr'><strong>societatis</strong></span> <span class='ocrx_word' id='word_1_618' title='bbox 3487 5467 3663 5523; x_wconf 90' lang='lat' dir='ltr'><strong>locum</strong></span> <span class='ocrx_word' id='word_1_619' title='bbox 3699 5467 3825 5515; x_wconf 80' lang='lat' dir='ltr'><strong>tuum</strong></span> 
     </span>
    </p>
   </div>
  </div>
