4044 6180
293 263 403 318 465

1798 274 2156 329 ΕΡΙΞΤΟΙΛΕ.

3559 281 3667 335 466

294 389 491 445 melius
529 403 895 461 recognoscas
931 395 988 447 et
1015 391 1277 460 honores,
1319 408 1480 464 quam
1522 395 1707 465 plures
1735 397 1828 466 qui
1869 398 2225 467 deAquibus
2254 412 2355 454 nos
2389 398 2594 454 dudum
2635 413 2738 468 pro
2777 399 2936 455 libitu
2967 405 3022 456 et
3061 409 3330 470 potestate
3368 412 3546 460 vestra
3582 407 3664 460 ni-

293 479 455 534 nobis
503 481 754 536 exierunt
801 479 1019 548 fratres,
1052 490 1107 537 et
1156 497 1254 552 per
1282 491 1529 540 nostrum
1559 485 1739 541 locum
1767 499 1938 541 vene-
2021 486 2125 540 mis
2169 486 2372 542 acriter
2417 487 2772 553 convenistis,
2813 488 3021 558 aliquid
3069 489 3218 558 quod
3265 491 3440 557 vobis,
3481 494 3536 548 id
3580 502 3665 549 est

289 575 419 623 runt
448 569 517 624 ad
548 584 775 641 magnos
803 571 1064 627 honores.
1097 572 1247 628 Vale.

468 691 773 732 ADNOTATIO
813 692 867 732 IN
905 693 1036 733 TRBS
1073 693 1358 734 EPISTOLAS
1407 695 1756 736 SUPEBIORES.

363 781 571 857 Eodem
609 783 889 857 collimant
925 785 1240 854 superiores
1281 786 1532 856 epistola:
1570 794 1702 854 tres,
1737 801 1933 857 nempe

289 859 350 906 ut
397 853 593 929 Vi_t_alis
639 855 808 910 abbas
855 853 1213 929 Bernacensis
1269 853 1658 914 transferretur
1695 858 1761 912 ad
1793 853 1933 929 regi-

287 937 417 978 men
459 926 952 994 Westmonasterii,
986 928 1043 982 in
1063 928 1327 984 suburbio
1375 929 1728 986 Londiniensi
1765 949 1776 984 :
1819 926 1932 985 tum

286 1003 348 1068 ut
402 996 704 1063 Osbernus,
738 998 926 1052 Vitalis
978 1013 1270 1068 germanus
1316 998 1487 1056 frater
1532 1007 1587 1056 et
1635 1001 1934 1056 monachus

282 1067 668 1134 Troarnensis,
711 1068 765 1122 in
816 1067 1001 1123 locum
1042 1068 1227 1124 fratris
1273 1072 1515 1127 Bernaco
1563 1071 1926 1127 sufficeretur.

283 1138 589 1210 Bernacum
627 1140 896 1194 Neustria:
926 1140 1190 1210 oppidum
1221 1147 1304 1196 est
1333 1143 1401 1198 ad
1431 1144 1792 1198 Careutonam
1831 1144 1931 1198 ﬂu-

281 1209 455 1274 vium,
515 1209 770 1268 dioecesis,
823 1211 1190 1278 Lexoviensis,
1245 1213 1338 1268 ubi
1403 1215 1794 1269 monasterium
1853 1216 1930 1269 in-

283 1279 508 1334 choavit
538 1281 726 1335 Judith
764 1282 1001 1337 Ricardo
1033 1283 1278 1339 secundo
1312 1285 1771 1340 Nortmannorum
1801 1285 1928 1340 duci

284 1357 495 1424 nupta;
527 1352 888 1424 absolvitque
925 1354 1195 1424 Ricardus
1251 1354 1424 1424 ipsius
1484 1356 1731 1422 maritus,
1791 1372 1928 1410 com-

282 1423 491 1497 mittens
521 1421 650 1497 illud
679 1422 962 1478 venerabili
998 1421 1287 1497 Guillelmo'
1302 1425 1482 1482 abbati
1517 1427 1925 1497 (Fiscamnensi)

279 1492 677 1579 perficiendam,
709 1499 756 1548 et
785 1495 1068 1579 monastice
1098 1495 1465 1579 ordinaadu-m,
1497 1492 1584 1579 qui
1609 1499 1662 1552 in
1691 1492 1928 1579 locandis

280 1563 636 1636 [ntidamentis
694 1565 952 1620 modicum
1001 1567 1321 1636 priestiterat
1376 1563 1579 1623 consilii
1635 1569 1922 1636 auxilium,

283 1635 365 1689 uti
406 1635 677 1689 Ricardus
713 1636 829 1704 ipse
859 1635 1094 1692 testatur
1121 1637 1419 1706 diplomate
1449 1640 1577 1694 dato
1608 1641 1662 1694 in
1695 1643 1928 1696 Fiscam-

2018 580 2186 630 tantae
2234 576 2526 644 majestati,
2558 576 2824 632 indecens
2869 577 2961 642 sit,
3000 577 3176 648 (quod
3216 577 3428 649 absit!)
3470 581 3662 637 saltem

2019 670 2366 731 provocatus,
2397 664 2546 719 velut
2586 664 2787 719 stultus
2825 664 3084 720 eﬂ‘utiam.
3127 665 3234 721 Sed
3281 666 3430 736 quia,
3471 673 3532 723 ut
3579 670 3664 724 di-

2019 749 2162 814 citis,
2205 751 2435 806 charitas
2464 752 2637 806 omnia
2678 753 2877 822 suffert,
2909 759 3036 809 voto
3067 754 3317 823 Apostoli
3349 769 3549 824 precor
3580 763 3660 822 ut,

2017 838 2064 894 si
2086 853 2187 909 ego
2209 846 2268 895 ut
2289 841 2557 910 insipiens
2584 843 2637 896 in
2660 842 2975 912 insipientia
2995 843 3205 912 aliquid
3235 843 3454 899 locutus
3482 843 3662 913 fuero,

2024 928 2343 984 sustineatis
2388 930 2663 986 modicum
2707 931 2839 1000 quid
2883 931 2988 1000 ipsi
3038 932 3372 1002 insipientiaa
3419 947 3576 1001 mete,
3609 941 3666 990 et

2013 1019 2354 1086 supportetis
2385 1032 2490 1072 me.
2540 1021 2652 1088 Ego
2685 1020 2828 1074 enim
2863 1019 2999 1074 nihil
3043 1034 3316 1090 propono,
3349 1022 3484 1077 nihil
3527 1037 3666 1092 pra:-

2014 1106 2181 1176 cipio,
2214 1106 2288 1161 nil
2320 1109 2536 1174 minor;
2578 1107 2675 1162 sed
2708 1115 2932 1163 coactus
2969 1108 3036 1163 ad
3083 1109 3289 1179 scripta
3327 1118 3507 1166 vestra
3536 1112 3660 1166 sim-

2013 1195 2142 1265 plici
2190 1209 2444 1251 sermone
2492 1198 2572 1251 sic
2621 1197 2888 1252 rescribo.
2949 1198 3184 1254 Litteras
3229 1206 3437 1254 vestras
3493 1199 3663 1256 frater

2013 1289 2202 1338 noster
2248 1284 2484 1339 domnus
2512 1285 2838 1341 Wimundus
2883 1287 3016 1341 mihi
3073 1287 3292 1354 detulit,
3327 1287 3519 1343 dicens
3567 1303 3661 1343 eas

2009 1371 2117 1426 sibi
2146 1386 2176 1426 a
2207 1372 2363 1427 vobis
2393 1373 2604 1440 missas,
2631 1382 2691 1428 ut
2721 1389 2820 1442 per
2849 1389 2972 1429 eum
3004 1375 3135 1430 mihi
3168 1383 3655 1444 prtesentarentur.

2010 1461 2151 1525 Quas
2190 1474 2373 1516 coram
2413 1462 2608 1516 eodem
2656 1460 2822 1516 fratre
2853 1463 2946 1531 qui
2987 1476 3080 1518 eas
3117 1463 3320 1530 attulit,
3354 1470 3410 1518 et
3454 1464 3656 1519 domno

2008 1548 2276 1605 Grimario
2324 1552 2606 1619 Besuensi,
2652 1552 2770 1605 sine
2829 1551 2942 1606 ullo
2989 1551 3335 1608 salutationis
3390 1553 3659 1622 prooemio

2013 1636 2188 1707 (quod
2231 1652 2362 1705 non,
2395 1647 2456 1695 ut
2493 1641 2698 1706 dicitis,
2732 1641 2980 1696 maxima:
3025 1639 3126 1696 fuit
3157 1642 3464 1712 charitatis)
3519 1657 3661 1712 prte-

285 1706 1481 1798 ρεῃεξ,Αρειεξὶειηςιηηεεέψ,ᾖτιιίίξῇηᾳιίιξτξς
1510 1706 2283 1798 ῙξίξῖῖὲξηὶμιρῗῖγΒέεηιενίι;
2341 1728 2733 1798 subjunxitque
2772 1743 2870 1784 vos
2917 1743 2979 1784 ea
3029 1729 3285 1784 mandare
3331 1735 3387 1784 ul
3436 1706 3658 1785 fratrem

283 1777 568 1848 indictione
614 1782 818 1832 octava.
871 1778 1009 1833 Hinc
1039 1786 1122 1834 est
1154 1781 1324 1848 quod,
1366 1795 1488 1835 cum
1536 1783 1926 1838 monasterium

288 1847 424 1919 illud
470 1849 613 1918 juris
641 1853 788 1904 esset
825 1847 1286 1905 Fiscamnensium
1333 1853 1762 1919 monachorum;
1794 1853 1930 1908 Wil-

287 1918 486 1974 lelmus
523 1919 820 1991 Anglorum
861 1935 977 1986 rex,
1010 1921 1265 1991 idemque
1296 1923 1406 1977 dux
1442 1918 1926 1990 NortmannOrum,

285 1992 652 2058 Conqurestor
675 1990 835 2060 vulgo
866 1990 1192 2061 appellatus,
1224 2006 1334 2048 non
1363 1994 1466 2048 nisi
1498 1995 1685 2050 habito
1714 1996 1929 2050 abbatis

285 2061 689 2133 Fiscamnensis
744 2063 970 2131 ejusque
1023 2063 1416 2119 monachorum
1473 2079 1788 2133 consensu,
1846 2068 1928 2121 Vi-

284 2132 449 2186 talem
517 2134 913 2187 Bernacensem
978 2134 1229 2188 abbatem
1294 2136 1350 2189 in
1408 2132 1928 2192 Vestmonasterium

285 2203 650 2270 transtulerit,
683 2205 911 2272 ejusque
950 2203 1073 2259 loco
1114 2204 1423 2274 praefecerit
1450 2208 1773 2263 Osbernum.
1814 2209 1928 2274 Qua

283 2275 341 2349 in
381 2289 444 2349 re
474 2275 1054 2349 observandumgvenit
1082 2277 1370 2349 principes
1405 2284 1570 2347 atque
1615 2294 1792 2349 reges,
1826 2279 1927 2333 etsi

284 2345 611 2419 inabbatias
630 2362 668 2419 a7
683 2347 982 2419 majoribus
1009 2348 1122 2402 suis
1141 2345 1393 2403 conditas
1416 2345 1632 2419 sibique
1653 2345 1929 2418 subjectas

284 2416 586 2484 aliquando
623 2417 849 2472 abbates
887 2419 1254 2484 nominarent,
1286 2420 1354 2474 ad
1395 2435 1507 2475 rem
1543 2416 1926 2476 "tamen—exse-

284 2487 564 2555 quendam
620 2488 926 2556 postulasse
982 2503 1309 2545 consensum
1357 2497 1412 2546 et
1458 2491 1927 2548 confirmationem

288 2557 701 2631 monachorum,
753 2560 954 2628 quibus
999 2560 1197 2616 electio
1245 2563 1611 2631 competebat.
1669 2565 1775 2617 Has
1812 2563 1929 2631 epi~

287 2628 464 2682 stolas
494 2637 546 2683 et
592 2631 988 2688 subsequentes
1027 2639 1216 2687 noster
1259 2628 1577 2688 Guillelmus
1623 2628 1927 2688 Filiastrius

282 2699 426 2753 eruit
457 2714 525 2754 ex
553 2714 653 2756 ms.
687 2699 880 2756 codice
912 2702 1302 2758 Fiscamnensi.
1635 2705 1644 2718 ‘

277 2838 294 2844 -
887 2792 1204 2847 EPISTULA
1242 2794 1326 2848 1V.

279 2889 344 2928 AD
392 2890 659 2931 VVARINUM
706 2893 952 2932 ΑΒΒΑΤΕΜ
1011 2895 1299 2935 METTENSIS
1356 2895 1680 2937 MONASTERII
1735 2896 1926 2938 SANCTI

973 2983 1224 3025 ARNULFI.

535 3054 734 3124 Repetit
772 3055 1105 3111 Benedictum
1144 3058 1449 3113 monachum
1483 3075 1651 3114 suum.

339 3140 574 3196 Domino
623 3143 769 3198 Patri
808 3146 892 3199 W.
936 3147 1250 3203 venerando
1298 3148 1503 3215 abbati,
1542 3148 1713 3206 frater
1756 3152 1921 3205 Joan-

273 3242 384 3294 an,
398 3231 585 3285 crucis
595 3231 796 3287 Christi
809 3233 1079 3300 servulus,
1093 3235 1363 3306 quidquid
1377 3237 1432 3292 in
1445 3237 1664 3294 Christo
1681 3238 1916 3294 felicius.

334 3319 554 3388 Saepius
591 3325 647 3375 et
693 3321 877 3376 verbis
923 3329 978 3377 et
1023 3324 1248 3392 scriptis
1295 3325 1780 3395 deprecatussum
1821 3343 1918 3384 ve-

265 3412 432 3460 stram
490 3409 876 3476 paternitatem
934 3425 1036 3480 pro
1095 3418 1285 3468 nostro
1344 3415 1634 3482 monacho,
1696 3417 1918 3472 nomine

266 3494 593 3562 Benedicto,
627 3503 686 3551 ut
724 3498 856 3552 mihi
905 3499 1248 3556 redderetis:
1291 3507 1346 3556 et
1386 3503 1577 3558 audire
1616 3505 1914 3571 renuistis;

264 3584 415 3654 quod
450 3598 564 3639 non
612 3587 843 3641 maxime
889 3586 992 3642 fuit
1039 3589 1341 3645 charitatis.
1392 3592 1664 3661 Scriptum
1712 3594 1917 3662 quippe

265 3673 444 3727 nostis
490 3693 503 3727 :
556 3673 708 3740 Quod
745 3674 837 3729 tibi
873 3691 978 3730 non
1012 3677 1090 3731 vis
1126 3678 1262 3747 ﬁeri,
1304 3677 1396 3733 alii
1432 3695 1497 3733 ne
1538 3681 1763 3750 feceris;
1813 3689 1867 3736 et
1900 3698 1915 3736 :

265 3761 515 3817 Charitas
564 3764 740 3817 omnia
787 3764 984 3834 sti/fert.
1024 3765 1216 3822 Adhuc
1245 3781 1376 3836 ergo
1414 3774 1646 3823 vestram
1680 3770 1918 3838 paterni-

266 3855 436 3904 tatem
471 3852 740 3907 convenio
789 3853 981 3908 humili
1027 3855 1451 3924 supplicatione,
1485 3863 1753 3927 quatenus
1791 3873 1915 3915 eum

264 3949 377 3992 non
408 3938 676 3994 (litteratis
704 3941 836 3994 mihi
875 3942 1174 3998 remittere.
1215 3945 1368 4011 Quod
1400 3945 1447 3999 si
1479 3946 1786 4012 nolueritis,
1819 3963 1917 4004 vos

2010 1820 2255 1870 nostrum
2289 1815 2547 1872 domuum
2572 1817 2946 1882 Benedictum,
2981 1832 3142 1887 quem
3174 1819 3224 1873 vi
3264 1817 3479 1873 auferre
3507 1818 3658 1874 vole-

2010 1903 2172 1970 batis,
2203 1903 2352 1960 velut
2376 1907 2487 1974 jam
2516 1912 2776 1972 vestrum,
2809 1906 3006 1961 vestris
3046 1907 3375 1976 sumptibus,
3417 1907 3575 1977 equis
3603 1915 3658 1962 et

2009 1989 2225 2047 famulis
2263 1992 2331 2047 ad
2361 2007 2459 2048 vos
2500 1995 2830 2063 quantocius
2870 1995 3192 2050 deduceret.
3241 1996 3396 2062 Quod
3428 2002 3579 2052 certe
3609 1997 3656 2052 si

2009 2079 2149 2134 alius
2186 2087 2391 2150 prieter
2419 2089 2652 2137 vestram
2692 2096 2980 2152 personam
3012 2089 3220 2154 ageret,
3254 2097 3366 2140 non
3408 2085 3656 2140 maxima:

2011 2175 2157 2223 esset
2185 2169 2493 2239 religionis.

2081 2258 2150 2312 Ut
2199 2257 2343 2312 enim
2391 2258 2459 2314 de
2510 2273 2742 2328 persona
2790 2265 2972 2315 vestra
3016 2260 3237 2315 interim
3285 2266 3514 2326 taceam,
3564 2262 3655 2316 cui

2010 2345 2188 2400 omnis
2233 2346 2432 2414 honor,
2484 2354 2676 2418 utpote
2729 2349 2942 2418 majori,
3005 2348 3200 2418 priori,
3250 2348 3539 2416 sanctiori,
3589 2363 3654 2405 ac

2009 2433 2353 2502 prudentiori
2402 2443 2567 2506 atque
2614 2438 2945 2508 religiosiori
2994 2437 3399 2507 impendendus
3446 2444 3550 2506 est,
3581 2439 3650 2495 de

2007 2534 2094 2576 me
2125 2522 2300 2578 dicam
2332 2525 2480 2594 quia,
2503 2525 2549 2580 si
2579 2539 2681 2596 ego
2713 2526 2818 2581 tale
2850 2526 2981 2596 quid
3013 2527 3081 2582 de
3111 2527 3295 2596 aliquo
3324 2533 3507 2583 vestro
3536 2526 3653 2582 fra—

2011 2615 2092 2665 tre
2130 2618 2504 2681 attentassem,
2537 2621 2592 2669 et
2639 2628 2761 2669 eum
2808 2615 2877 2669 ad
2927 2629 3012 2670 me
3049 2616 3236 2670 venire
3283 2615 3505 2686 scriptis
3551 2630 3652 2673 no-

2007 2698 2138 2753 stris
2165 2706 2273 2754 tam
2303 2701 2468 2770 longo
2517 2707 2783 2756 terrarum
2837 2704 3036 2771 spatio,
3069 2709 3124 2758 et
3163 2703 3392 2758 maxime
3427 2717 3527 2773 pro
3557 2704 3655 2759 da-
3732 2719 3738 2724 '

2007 2801 2135 2843 mno
2174 2793 2377 2855 vestro,
2409 2789 2548 2844 clam
2576 2791 2731 2846 vobis
2761 2805 3063 2857 monerem,
3095 2791 3292 2847 merito
3324 2797 3378 2847 et
3411 2807 3442 2846 a
3471 2793 3650 2861 vobis,

2009 2881 2062 2928 et
2090 2888 2121 2929 a
2150 2877 2366 2930 cunctis
2404 2877 2523 2933 haec
2553 2878 2908 2934 audientibus
2953 2879 3407 2948 reprehensibilis
3435 2886 3492 2936 et
3520 2894 3656 2938 con-

2007 2964 2210 3019 trarius
2256 2971 2460 3021 sancta:
2507 2966 2710 3036 regulae
2753 2966 3055 3036 judicarer,
3089 2982 3212 3022 cum
3249 2969 3487 3023 sciamus
3533 2983 3655 3025 san-

1941 3044 1983 3104 C
2005 3058 2151 3108 ctum
2196 3055 2412 3109 Patrem
2459 3062 2706 3111 nostrum
2737 3054 3093 3111 Benedictum
3139 3056 3437 3126 prohibere
3468 3071 3652 3114 mona-

2002 3141 2165 3196 chum
2213 3143 2426 3198 litteras
2470 3143 2555 3200 vel
2612 3144 2850 3214 eulogia,
2884 3145 3164 3201 nesciente
3215 3146 3411 3201 abbate
3459 3160 3582 3213 suo,
3623 3161 3654 3200 a

2002 3244 2334 3300 quocunque
2382 3233 2703 3301 suscipere;
2753 3233 3068 3301 justiusque
3098 3233 3231 3288 mihi
3266 3233 3322 3288 in
3364 3233 3457 3289 tali
3489 3234 3652 3304 culpa

2000 3318 2397 3389 impingeretur
2425 3321 2479 3374 id
2512 3320 2659 3390 quod
2691 3321 2746 3375 in
2775 3320 3000 3390 scriptis
3027 3321 3225 3376 vestris
3264 3323 3602 3391 opposuistis
3629 3343 3641 3377 :

2001 3407 2152 3474 Quod
2177 3408 2268 3463 tibi
2297 3423 2401 3462 non
2428 3410 2505 3463 vis
2532 3410 2666 3479 ﬁeri,
2700 3408 2796 3463 alii
2821 3425 2886 3463 ne
2912 3409 3124 3477 feceris.

2071 3498 2268 3552 Verum
2316 3497 2402 3552 his
2451 3498 2689 3564 omissis,
2721 3511 2846 3566 qua:
2875 3497 2959 3552 vel
3008 3497 3203 3551 leviter
3249 3495 3526 3553 ferrentur
3560 3500 3646 3556 vel

1999 3586 2224 3642 omnino
2274 3585 2349 3640 nil
2401 3585 2794 3655 penderentur,
2842 3585 2897 3640 ni
2943 3584 3049 3640 alia
3097 3585 3348 3655 graviora
3404 3600 3505 3642 nos
3552 3590 3648 3644 sti-

1999 3674 2289 3740 mularent,
2347 3673 2415 3728 ad
2471 3673 2591 3743 ipsa
2637 3674 2802 3728 verba
2858 3673 3059 3743 quibus
3123 3673 3564 3744 interminamur,
3596 3678 3644 3732 si

1998 3763 2198 3833 placet,
2231 3763 2546 3830 veniamus;
2590 3767 2648 3817 ut
2677 3762 2764 3817 his
2792 3763 2998 3833 absque
3029 3763 3386 3818 contentione
3415 3777 3647 3835 respon-

1998 3853 2214 3919 dentes,
2254 3852 2336 3907 vel
2376 3853 2526 3908 noxii
2555 3851 2638 3908 vel
2689 3853 2898 3908 innoxii
2943 3851 3302 3907 inveniamur.
3341 3854 3645 3920 Querimini

1995 3955 2092 3998 vos
2147 3942 2350 4010 saepius
2397 3946 2451 3996 et
2488 3941 2671 3996 verbis
2720 3945 2775 3996 et
2822 3941 3046 4010 scriptis
3095 3955 3199 3997 nos
3254 3941 3530 4011 expetisse
3584 3949 3645 3999 ut

265 4042 377 4083 non
423 4032 860 4098 excommunico,
894 4033 992 4088 sed
1022 4033 1199 4102 ipsum
1230 4035 1298 4089 ab
1337 4036 1486 4091 omni
1523 4037 1912 4094 Christianita-
1995 4036 2256 4097 vestrum,
2304 4029 2448 4084 sicut
2496 4029 2700 4098 dicitis,
2753 4029 3099 4096 monachum.
3141 4030 3364 4086 nomine
3412 4031 3647 4087 Benedi-

259 4118 332 4172 tis
393 4118 580 4174 ofﬁcio
631 4121 958 4176 auctoritate
1017 4123 1136 4188 Dei,
1181 4131 1236 4178 et
1282 4126 1458 4179 sancti
1515 4127 1690 4181 Patris
1737 4129 1913 4184 nostri
1996 4125 2163 4187 ctum,
2195 4119 2350 4174 VObiS
2380 4118 2755 4185 redderem”,
2789 4122 2844 4174 8t
2876 4119 3067 4174 alldil‘e
3099 4119 3418 4186 retulimus;
3453 4127 3508 4176 θῐ
3536 4120 3643 4177 hoc

262 4207 552 4262 Benedicti
583 4214 637 4263 et
666 4211 907 4264 omnium
938 4218 1273 4279 sanctorum,
1299 4221 1559 4283 quantum
1590 4216 1723 4271 mihi
1755 4216 1909 4284 libet,
1995 4223 2107 4266 ῐιοῐι
2154 4210 2386 4264 maXime
2433 4209 2717 4264 Charilalis
2764 4222 2905 4264 8888-
2947 4209 3050 4264 Ubi
3081 4222 3184 4278 ego
3215 4210 3528 4278 respondeo
3559 4225 3644 4268 me

258 4311 460 4366 separo
513 4303 566 4352 et
606 4305 914 4367 sequestro,
947 4300 1128 4355 donec
1172 4301 1376 4357 docear
1404 4317 1514 4372 quo
1563 4305 1694 4360 mihi
1734 4305 1965 4372 aufer-_
1995 4297 2065 4368 (Si
2116 4299 2256 4354 bene
2286 4297 2530 4368 memini)
2570 4312 2600 4352 a
2640 4297 2848 4370 nescio.
2881 4298 3009 4366 (Deo
3058 4299 3216 4366 teste)
3255 4311 3363 4366 qua
3409 4313 3645 4366 persona

260 4390 350 4438 tur
399 4390 585 4453 pacto.
623 4386 804 4440 Valete
835 4387 1099 4454 dicerem,
1132 4389 1178 4443 si
1212 4368 1450 4445 nostram
1492 4405 1601 4447 non
1642 4368 2209 4451 defende-Dlitwl‘as
2257 4387 2540 4456 quasdam,
2582 4368 2859 4441 transacto
2907 4386 3040 4453 iam:
3089 4392 3150 4440 υἱ
3189 4391 3342 4454 Puto:
3394 4386 3640 4454 biennio.

259 4475 402 4527 retis
459 4473 590 4543 [leg.
650 4474 998 4546 detineretis]
1060 4491 1235 4533 ovem.
1297 4481 1679 4536 Verumtamen
1737 4484 1911 4540 valete
1995 4477 2325 4545 suscepisse,
2381 4475 2582 4544 quibus
2637 4475 2706 4529 de
2765 4473 3090 4528 remissione
3150 4473 3395 4542 ejusdem
3457 4473 3642 4530 fratris

260 4561 462 4628 dicam,
497 4576 562 4616 ea
602 4564 984 4620 convenientia
1021 4572 1082 4620 ut
1111 4580 1268 4622 ovem
1306 4567 1551 4623 reddatis
1580 4571 1726 4626 omni
1758 4586 1914 4629 occa-

259 4651 418 4705 sione
449 4651 780 4720 postposita.

885 4741 1199 4797 EPISTOLA
1237 4745 1298 4798 V.

429 4843 636 4883 “'ARINI
673 4844 897 4884 ABBATIS
933 4845 999 4884 AD
1037 4846 1280 4886 JOANNEM
1319 4848 1746 4893 PISCAMNENSEM.

764 4918 1040 4989 Superiori
1071 4921 1408 4990 respondens.

331 5007 544 5062 Domno
573 5005 758 5060 abbati
787 5008 834 5061 J.
858 5008 1161 5063 secundum
1192 5023 1390 5065 nomen
1420 5026 1576 5066 suum
1608 5014 1703 5069 Dei
1732 5015 1909 5084 gratia

260 5094 443 5163 pleno,
477 5093 650 5150 frater
687 5097 770 5151 W.
815 5098 934 5165 ejus
971 5112 1362 5168 servorumque
1405 5101 1498 5156 Dei
1542 5116 1751 5171 servus,
1785 5119 1906 5160 cum

255 5182 516 5240 ﬁdelibus
543 5185 888 5240 orationibus
917 5185 1237 5243 charitatem
1269 5195 1324 5244 et
1354 5204 1560 5259 pacem.

326 5272 577 5343 Apostoli
626 5274 792 5329 verba
836 5281 966 5330 sunt
1000 5296 1013 5330 :
1047 5278 1268 5332 Servum
1314 5279 1522 5332 Domini
1557 5295 1661 5335 non
1707 5287 1909 5352 oportet

259 5358 487 5430 litigare,
541 5362 634 5417 sed
688 5369 1012 5418 mansuetum
1066 5379 1179 5418 esse
1235 5365 1306 5419 ad
1361 5381 1554 5422 omnes.
1609 5370 1723 5424 lloc
1780 5370 1906 5427 ideo

260 5447 406 5515 dico,
440 5456 504 5505 ut
551 5450 644 5505 tali
684 5453 821 5507 tanti
867 5451 1116 5508 doctoris
1161 5455 1434 5510 sententia
1479 5457 1746 5526 meipsum
1796 5473 1910 5516 mo-

261 5549 425 5593 neam.
469 5544 528 5594 et
574 5540 857 5609 castigem,
887 5537 978 5606 ne,
1019 5555 1387 5611 responsurus
1438 5543 1640 5601 litteris
1686 5549 1904 5616 vestris,

1994 4564 2275 4622 monebar.
2308 4565 2470 4630 Quas,
2503 4568 2563 4618 ut
2593 4563 2826 4628 aestimo,
2861 4562 2979 4631 ipse
3030 4561 3196 4628 idem,
3230 4567 3285 4617 et
3323 4567 3640 4632 quicunque

1993 4655 2126 4724 legit
2181 4658 2236 4708 et
2299 4650 2589 4717 intellexit,
2649 4655 2710 4706 ut
2760 4665 2924 4706 vanas
2961 4650 3172 4718 irrisit;
3233 4664 3370 4720 quas
3425 4657 3636 4706 vestras

1991 4742 2158 4799 fuisse
2198 4755 2301 4796 nec
2338 4740 2570 4808 credidi,
2603 4753 2706 4796 nec
2735 4740 2923 4795 credo.
2966 4741 3046 4794 lta
3081 4737 3277 4794 frivola
3307 4745 3463 4794 erant
3509 4753 3633 4809 quae

1991 4830 2048 4885 in
2106 4830 2187 4886 eis
2243 4830 2688 4896 continebantur,
2729 4836 2789 4884 ut
2845 4828 3030 4898 potius
3085 4842 3178 4883 eas
3224 4841 3255 4882 a
3301 4840 3634 4898 quocunque

1990 4934 2180 4976 scurra
2210 4919 2456 4975 irrisorie
2487 4919 2662 4983 fictas,
2688 4931 2848 4987 quam
2879 4917 2963 4972 vel
2993 4931 3024 4971 a
3053 4916 3209 4972 vobis
3236 4916 3322 4972 vel
3353 4917 3421 4972 ab
3451 4917 3638 4986 aliquo

1989 5010 2235 5078 sapiente
2258 5009 2449 5063 missas
2469 5006 2772 5072 crederem,
2797 5005 3046 5075 adeoque
3073 5019 3174 5075 pro
3197 5005 3278 5061 eis
3299 5005 3639 5075 respondere

1990 5097 2073 5153 vel
2106 5097 2417 5152 rescribere
2449 5095 2792 5166 parvipendi.
2882 5142 2900 5157 ,

2060 5187 2214 5253 Quod
2244 5200 2375 5242 vero
2406 5186 2592 5241 dicitis
2633 5198 2730 5241 vos
2767 5184 2952 5240 verbis
2990 5197 3075 5239 me
3115 5183 3184 5240 de
3223 5182 3328 5239 hac
3375 5197 3435 5238 re
3473 5198 3639 5255 expe-

1990 5277 2142 5342 tisse,
2166 5277 2312 5331 salva
2342 5277 2572 5331 veritate
2601 5275 2874 5330 sermonis
2902 5274 3090 5339 vestri,
3115 5287 3277 5344 quem
3309 5286 3412 5343 ego
3441 5272 3635 5329 falsum

1990 5365 2174 5420 dicere
2224 5378 2326 5419 nec
2365 5364 2540 5418 debeo
2573 5378 2675 5419 nec
2705 5363 2850 5429 volo,
2884 5377 2968 5417 me
3016 5375 3127 5417 non
3177 5361 3457 5417 recordari
3499 5376 3634 5418 con-

1990 5455 2145 5508 firmo
2193 5451 2488 5522 aliquando
2534 5452 2666 5507 hinc
2714 5452 2993 5508 vobiscum
3025 5450 3109 5507 vel
3157 5464 3281 5506 cum
3329 5450 3515 5522 aliquo
3543 5466 3634 5506 ve-

1984 5551 2223 5600 strorum
2273 5556 2357 5597 me
2404 5541 2627 5611 aliquod
2677 5541 2931 5598 habuisse
2969 5539 3327 5610 colloquium.
3376 5541 3531 5608 Quod
3578 5543 3624 5596 si
