4014 6176
408 283 516 341 467

1547 283 1820 338 JOANNIS
1859 280 2334 341 FISCAMNENSIS
2370 281 2645 336 ABBATIS

3630 290 3719 349 ϐω

409 407 762 475 habuissem;
822 406 972 477 quod
1030 406 1196 467 modo
1254 405 1585 476 respondeo,
1647 412 1778 467 tunc
1829 408 2121 476 quoqueA
2203 405 2630 463 Animadvertite
2654 447 2670 477 ,
2730 418 2960 477 quaeso,
3017 404 3245 465 insidias
3298 406 3510 467 diaboli.
3568 412 3723 485 Lupus

411 495 841 566 respondissem,
891 494 1106 555 scilicet
1153 509 1239 552 me
1292 495 1655 559 libentissime
1708 500 1949 550 vestrum
1998 497 2055 549 et

411 591 716 645 vestrorum
765 583 1074 649 consilium,
1107 583 1438 653 adjutorium
1478 588 1532 647 et
1562 582 2050 651 cohabitationem,

413 675 459 730 si
489 680 651 733 tanta
678 687 737 731 re
776 673 974 743 dignus
1021 686 1215 737 essem,
1259 672 1592 741 habiturum,
1624 678 1680 731 et
1727 672 1782 731 id
1830 670 2054 735 servitio

413 768 626 828 nostro,
658 763 705 823 si
730 761 1021 836 juberetis,
1055 774 1433 830 reponsurum.

486 854 547 911 In
595 851 854 921 praesenti
897 855 1099 915 nmen,
1148 850 1278 918 quia
1334 849 1441 906 hoc
1490 855 1639 906 tanta
1695 850 1747 906 vi
1796 849 2053 921 exigitur,

415 940 623 1001 nullum
666 938 990 999 monachum
1030 941 1268 997 vestrum
1320 938 1562 1004 habere;
1618 937 1878 997 domuum
1927 952 2055 996 vero

416 1029 765 1087 Benedictum
794 1041 903 1085 non
922 1032 1184 1093 vestrum,
1206 1027 1304 1083 sed
1336 1033 1540 1085 sanctas
1570 1027 1846 1085 memoriae
1868 1026 2056 1083 domui

413 1118 628 1176 abbatis
654 1116 913 1175 Willelmi
962 1129 1309 1183 conversum,
1350 1117 1615 1179 nutritum
1655 1122 1711 1172 et
1750 1115 2054 1186 professum

413 1206 619 1274 fuisse;
651 1219 814 1276 quem
845 1205 962 1274 ipse
994 1204 1164 1275 (quod
1192 1219 1353 1265 nemo
1379 1218 1579 1276 negare
1599 1205 1759 1274 valet)
1792 1206 1847 1261 in
1878 1206 2056 1275 primo

412 1309 522 1366 quo
567 1294 748 1353 locum
793 1293 1141 1355 Gorziensem
1189 1293 1487 1364 regendum
1526 1294 1763 1363 accepit,
1794 1293 1862 1351 ad
1909 1292 2056 1353 idem

412 1384 724 1442 cmnobium
771 1397 896 1441 cum
943 1382 1129 1445 multis
1173 1382 1317 1449 aliis,
1357 1396 1593 1453 quorum
1644 1383 1893 1445 nonnulli
1944 1384 2057 1452 jam

411 1474 519 1529 vita
564 1471 811 1530 defuncti
861 1472 1066 1532 ibidem
1103 1471 1310 1537 humati
1349 1473 1664 1543 quiescunt,
1697 1478 1757 1531 ut
1786 1486 1943 1533 suum
1970 1485 2056 1528 ve-

413 1563 553 1629 nire,
585 1576 649 1619 ac
683 1561 821 1619 inibi
848 1574 1069 1617 manere
1100 1561 1385 1630 praecepit.
1409 1559 1565 1627 Quod
1596 1566 1652 1616 et
1679 1559 1830 1626 fecit,
1856 1573 2058 1628 usque-

413 1652 565 1721 dum,
598 1650 889 1707 transactis
932 1649 1214 1707 nonnullis
1257 1650 1435 1714 annis,
1477 1648 1831 1711 eonhibentia
1869 1647 2056 1705 domui

2135 494 2328 553 ovibus
2375 494 2662 562 insidians,
2703 508 2815 552 non
2863 494 3062 560 libero,
3093 494 3190 553 sed
3236 510 3491 569 suspenso
3538 499 3725 561 incessu

2111 584 2298 639 ovilia
2328 584 2543 647 circuit,
2579 584 2653 638 ita
2683 583 2938 639 diabolus
2967 597 3109 653 quos
3137 583 3387 657 decipere
3414 589 3613 658 quaerit,
3634 604 3726 648 non

2136 681 2346 742 aperta,
2404 674 2499 733 sed
2558 674 2811 733 simulata
2866 673 3047 733 fronte
3104 674 3332 743 impetit.
3390 677 3728 735 Verumtamen

2135 762 2336 817 Paulus
2364 761 2688 818 devitandos
2718 776 2815 818 eos
2844 763 3009 818 docet
3037 763 3132 832 qui
3182 762 3402 832 primam
3447 764 3594 820 fidem
3626 767 3729 822 irri-

2138 858 2246 907 tam
2296 849 2583 921 l‘ecerunt;
2636 851 2873 923 ideoque
2923 851 3210 922 discipulis
3246 852 3428 909 dicit:
3481 853 3633 909 Timeo
3658 870 3729 923 ne,

2135 941 2269 997 sicut
2308 954 2522 1011 serpens
2568 941 2737 997 Evam
2778 941 2992 997 seduxit
3040 940 3234 997 astutia
3278 956 3394 1008 sua,
3423 942 3496 997 ita
3520 947 3565 997 et
3598 944 3733 1004 vestri

2135 1044 2319 1085 sensus
2366 1035 2784 1101 corrumpantur,
2816 1035 2864 1086 et
2913 1030 3164 1087 excidant
3203 1046 3238 1087 a
3276 1029 3611 1102 simplicitate,
3638 1047 3734 1101 quas

2138 1124 2213 1174 est
2241 1119 2296 1175 in
2327 1118 2551 1175 Chﬁsto.
2586 1120 2698 1190 Ego
2728 1133 2949 1189 quoque
2980 1120 3148 1176 timeo
3177 1118 3339 1174 talem
3367 1119 3550 1175 horum
3587 1120 3737 1177 socie-

2139 1213 2305 1264 tatem
2344 1207 2467 1279 plus
2498 1208 2795 1282 parituram
2835 1207 2995 1264 istius
3046 1207 3211 1278 (quod
3260 1206 3456 1278 absit!)
3510 1207 3737 1279 perditio-

2139 1311 2263 1355 nem
2301 1311 2462 1368 quam
2510 1297 2661 1355 illius
2705 1296 2958 1357 salutem.
2991 1296 3097 1353 Sed
3127 1296 3266 1353 dicit
3293 1296 3522 1368 aliquis:
3551 1296 3674 1367 Quid
3698 1296 3739 1353 si

2139 1386 2300 1441 aliter
2335 1386 2526 1443 haberi
2554 1386 2638 1441 vel
2688 1385 2865 1441 teneri
2914 1398 3023 1441 non
3072 1389 3298 1455 potest?
3344 1386 3479 1441 Huic
3504 1399 3605 1443 non
3632 1398 3737 1457 ego,

2138 1476 2235 1531 sed
2282 1474 2581 1547 Apostolus
2627 1475 2998 1546 respondeat:
3032 1474 3269 1547 [nﬁdelis
3314 1476 3363 1531 si
3407 1475 3628 1543 discedit,
3651 1475 3742 1530 dis-

2139 1565 2310 1621 cedat.
2359 1565 2515 1633 Quod
2567 1563 2711 1621 enim
2761 1555 2981 1621 lucrum
3022 1568 3107 1622 est
3160 1565 3276 1622 Deo
3325 1565 3550 1623 animam
3603 1576 3739 1623 unam

2143 1655 2453 1723 acquirere,
2485 1657 2541 1711 et
2569 1653 2729 1709 aliam
2767 1653 3040 1723 perdere?
3086 1652 3234 1724 quod
3284 1653 3331 1709 si
3378 1667 3563 1711 aurum
3587 1666 3740 1722 suum,

412 1739 627 1795 abbatis
653 1738 962 1794 Gorziensis
1006 1737 1247 1808 Sigifridi
1290 1744 1345 1794 et
1381 1738 1568 1795 domni
1607 1737 1822 1797 abbatis
1867 1736 2056 1793 Oddo-.
2079 1734 2348 1798 Butinam
2387 1756 2496 1799 non
2545 1742 2685 1799 male
2732 1741 3082 1812 acquisitum,
3114 1756 3247 1812 quo,
3282 1748 3343 1799 ut
3379 1742 3572 1810 audivi,
3601 1742 3743 1797 abun»

414 1829 501 1884 nis
529 1833 661 1885 tunc
691 1827 956 1898 priorum.
990 1831 1115 1897 post
1144 1828 1421 1895 abbatum,
1455 1832 1510 1887 et
1551 1827 1799 1897 iussione
1851 1826 2052 1896 praedi-

414 1918 488 1972 cti
534 1917 720 1975 domni
768 1917 982 1975 abbatis
1009 1916 1268 1975 Willelmi
1317 1917 1384 1977 ad
1433 1918 1823 1977 monasterium
1868 1916 2052 1977 Sancti

411 2004 639 2072 Arnulti,
685 2006 794 2071 cui,
847 2007 956 2061 Deo
1002 2011 1248 2073 auctore,
1290 2005 1420 2061 licet
1466 2011 1743 2075 peccator,
1786 2005 2052 2072 inservio,

412 2093 655 2151 directus
685 2101 740 2151 et
788 2094 1095 2152 destinatus
1141 2100 1271 2153 est:
1314 2095 1407 2151 ubi
1461 2095 1728 2155 hactenus
1776 2094 1965 2166 deguit
1998 2100 2055 2155 et

200 2168 215 2171 ﬁ
316 2234 319 2239 .
411 2181 581 2253 degit,
614 2189 688 2248 ct,
722 2184 833 2238 Deo
864 2183 1102 2250 volente,
1146 2183 1278 2254 (nisi
1326 2185 1509 2239 omnia
1556 2183 1906 2252 antiquorum
1936 2189 2053 2242 sta-

411 2277 527 2326 tuta
568 2272 721 2331 irrita
773 2271 921 2343 ﬂant)
980 2272 1163 2343 deget.
1223 2273 1323 2340 Qui
1381 2273 1589 2331 obitum
1649 2273 1826 2332 Patris
1877 2272 2053 2333 nostri

410 2374 558 2430 saepe
607 2360 828 2418 dicendi
886 2361 1073 2419 domui
1130 2361 1343 2418 abbatis
1390 2361 1647 2419 Willelmi
1705 2361 2057 2431 praestolatus

412 2453 514 2512 est,
550 2456 603 2506 et
632 2452 973 2507 successoris
1014 2452 1153 2519 ejus,
1188 2450 1242 2507 id
1273 2456 1355 2506 est
1384 2450 1572 2507 domni
1618 2450 1833 2507 abbatis
1876 2449 2056 2509 Oddov

415 2538 521 2603 nis,
572 2537 830 2595 electioni
887 2546 945 2594 et
1002 2538 1337 2595 ordinationi
1378 2537 1648 2605 interfuit,
1697 2538 1955 2605 laudavit,
2000 2545 2057 2597 et

412 2626 621 2695 absque
663 2626 896 2695 alicujus
948 2626 1339 2683 interdictione
1379 2627 1610 2696 primum
1651 2627 1776 2697 ipsi,
1811 2634 1937 2697 post
1965 2626 2055 2685 de-

410 2728 626 2771 cessum
673 2720 851 2771 autem
896 2716 1033 2784 ejus,
1086 2715 1239 2780 mihi,
1284 2715 1414 2773 licet
1462 2715 1862 2786 indignissimo,
1902 2717 2057 2775 nullo

410 2807 688 2868 monente,
741 2802 892 2859 nullo
941 2808 1193 2873 cogente,
1236 2817 1334 2861 sua
1379 2811 1598 2873 sponte,
1630 2805 1954 2872 voluntarie,
1996 2810 2058 2867 ut

410 2895 545 2961 dixi,
578 2894 951 2951 obedientiam
1000 2899 1059 2951 ut
1116 2895 1417 2951 monachus
1462 2894 1647 2951 abbati
1697 2896 1968 2965 promisit,
2000 2900 2055 2951 et

409 2985 639 3054 scripto,
670 2990 732 3039 ut
759 2984 932 3039 videri
972 2983 1232 3053 perfacile
1270 2992 1374 3051 est,
1416 2984 1668 3039 ﬁrmavit.
1726 2986 1857 3041 Cum
1908 2999 1938 3040 e
1975 2985 2055 3041 dis

2144 1831 2258 1901 dat,
2283 1845 2467 1887 secum
2498 1830 2819 1899 abstulerit;
2853 1830 3029 1887 tollat.
3074 1832 3314 1899 Utinam,
3346 1845 3456 1888 non
3486 1832 3613 1902 ipse,
3642 1829 3741 1897 sed,

2143 1921 2190 1976 si
2221 1934 2341 1977 eum
2383 1921 2649 1992 impedire
2680 1920 2866 1987 debet,
2899 1920 3131 1990 pecunia
3160 1922 3283 1991 ejus
3307 1927 3395 1979 eat
3423 1921 3478 1977 in
3515 1919 3745 1990 perditio-

2143 2015 2307 2067 nem!
2358 2009 2478 2065 Non
2519 2008 2777 2079 dignatur
2824 2014 3014 2069 sancta
3043 2009 3294 2067 Ecclesia
3340 2009 3477 2071 tales
3519 2009 3747 2078 pecunias

2144 2104 2309 2167 atque
2350 2111 2575 2153 munera
2621 2098 2978 2167 imperiorum
3027 2099 3087 2169 [ﬂ
3123 2098 3437 2168 impiorum]
3485 2110 3744 2168 perversa;

2144 2200 2248 2241 nec
2285 2186 2535 2242 Christus
2573 2199 2763 2242 aurum
2803 2187 3023 2257 quaerit,
3056 2187 3152 2243 sed
3194 2189 3427 2254 animas,
3459 2187 3548 2259 qui
3577 2185 3745 2241 diabo-

2145 2277 2255 2332 lum
2281 2275 2503 2335 divitias
2531 2274 2871 2349 oﬂ‘erentem,
2894 2282 2954 2333 ut
2982 2290 3084 2333 nos
3104 2277 3299 2335 eadem
3332 2276 3507 2335 facere
3535 2276 3747 2341 doceret,

2144 2364 2368 2435 repulit,
2392 2372 2448 2425 et
2475 2365 2533 2421 in
2554 2367 2843 2423 vocatione
2871 2366 3175 2436 apostolica
3204 2368 3400 2427 eadem
3422 2367 3616 2425 trutina
3641 2376 3751 2437 pen-

2145 2454 2285 2510 savit
2329 2468 2520 2510 aurum
2560 2460 2614 2510 et
2660 2461 2944 2525 argentum
2990 2455 3228 2511 Matthtei
3275 2463 3333 2511 et
3378 2454 3629 2519 Zacchaai,
3663 2464 3751 2520 qua

2145 2543 2324 2599 navim
2353 2548 2409 2601 et
2438 2543 2575 2599 retia
2604 2543 2837 2599 Andreae
2867 2549 2922 2599 et
2949 2544 3117 2600 Petri.

2217 2632 2346 2701 Sed,
2378 2646 2411 2689 ο
2455 2632 2727 2689 dolendus
2765 2646 2922 2691 error
2958 2632 3289 2691 hominum?
3327 2647 3436 2690 non
3478 2631 3661 2704 potuit,
3687 2630 3752 2685 ln-

2145 2722 2360 2791 quiunt,
2420 2721 2590 2777 abbas
2635 2721 2942 2779 Willelmus
2997 2722 3330 2781 monachum
3380 2724 3433 2781 in
3481 2721 3584 2778 alio
3618 2730 3754 2789 quam

2148 2810 2239 2865 ubi
2288 2809 2569 2880 professus
2599 2816 2682 2866 est
2727 2810 3066 2867 constituere
3107 2811 3255 2877 loco,
3292 2812 3398 2866 nisi
3431 2811 3617 2866 diebus
3649 2808 3753 2863 vitae

2144 2913 2279 2955 sum.
2330 2898 2582 2959 Christus
2628 2899 2888 2957 Dominus
2936 2899 3113 2959 noluit
3160 2900 3377 2959 diutius
3422 2897 3686 2969 apostolos
3708 2895 3755 2957 in

2144 2986 2391 3043 conclavi
2431 2987 2695 3053 residere,
2729 2987 2827 3043 sed
2858 2988 3005 3044 misit
3034 3002 3131 3049 eos
3161 2989 3216 3043 in
3252 2989 3567 3045 universum
3595 2985 3754 3041 orbem

408 3082 568 3125 verso
599 3070 766 3139 (quod
798 3085 932 3139 pace
958 3076 1136 3126 vestra
1165 3072 1371 3128 dictum
1400 3071 1487 3141 sit)
1515 3086 1618 3128 nec
1646 3072 1925 3140 electioni,
1950 3087 2053 3130 nec
2080 3066 2123 3126 C
2146 3076 2448 3146 praedicare
2479 3090 2706 3146 regnum
2736 3077 2854 3133 Dei.
2888 3077 2996 3147 Ipsi
3027 3077 3268 3147 apostoli
3303 3092 3404 3148 per
3432 3082 3598 3133 totum
3625 3084 3756 3129 mun-

410 3156 747 3217 ordinationi
769 3165 984 3222 vestrae,
1001 3172 1104 3214 nec
1123 3161 1327 3227 animo,
1342 3174 1444 3216 nec
1465 3174 1699 3230 corpore
1719 3160 2050 3231 interfuerit;

411 3253 467 3302 et
485 3259 586 3302 vos
615 3247 987 3316 postmodum,
1010 3262 1110 3317 per
1128 3248 1227 3303 has
1250 3249 1505 3319 regiones
1528 3255 1745 3306 nostras
1766 3252 2054 3312 transitum

411 3343 467 3390 et
496 3334 797 3405 hospitium
828 3336 1114 3404 habentes,
1136 3337 1339 3393 nullam
1366 3338 1591 3394 omnino
1614 3339 1699 3394 vel
1730 3345 1946 3397 tenuem
1979 3340 2058 3399 fa-

412 3437 552 3479 mam
582 3424 883 3493 sonuistis;
917 3431 972 3480 et
1001 3426 1163 3482 nobis
1194 3428 1304 3495 jam
1338 3428 1634 3497 prteteritis
1666 3431 1824 3485 annis
1852 3430 2058 3486 oratio-

413 3512 501 3569 nis
529 3526 692 3569 causa
721 3514 977 3569 Sanctum
1016 3514 1333 3573 Michaelem
1363 3516 1717 3584 adeuntibus,
1750 3525 1804 3574 et
1834 3533 1935 3588 per
1962 3533 2058 3575 vos

414 3602 703 3658 transitum
763 3603 1113 3670 habentibus,
1174 3605 1267 3660 ubi
1324 3606 1487 3661 etiam
1544 3606 1781 3678 benigne
1824 3608 1958 3664 satis
2004 3614 2060 3664 et

414 3690 797 3747 liberalissime
846 3706 968 3749 cum
1017 3693 1169 3749 omni
1221 3693 1489 3749 charitate
1533 3700 1588 3749 et
1637 3696 1961 3766 suscepistis
2005 3702 2061 3752 et

416 3776 711 3846 refovistis,
764 3779 966 3835 nullam
1014 3781 1236 3851 penitus
1278 3782 1609 3839 mentionem
1666 3782 1895 3852 iecistis,
1932 3797 2057 3847 nec,

418 3872 479 3923 ut
517 3873 670 3935 puto,
701 3867 994 3933 faceretis;
1028 3869 1132 3924 nisi
1161 3869 1367 3935 Doech,
1402 3884 1512 3926 non
1562 3871 1770 3940 primus
1813 3872 1907 3931 ille
1936 3873 2062 3931 ldu-

418 3968 609 4021 matus,
639 3955 738 4011 sed
777 3968 923 4011 nunc
959 3956 1099 4013 alter
1134 3958 1515 4016 semi-Judaaus
1546 3960 1720 4030 (cujus
1748 3975 1947 4019 nomen
1976 3961 2060 4021 vel

417 4040 612 4098 faciem
652 4056 763 4098 non
802 4045 1072 4114 cognovi;
1123 4045 1221 4103 sed
1250 4046 1455 4105 utinam
1493 4048 1569 4106 ita
1596 4050 1759 4107 vitam
1793 4051 1913 4119 ejus
1950 4050 2062 4108 lau~

418 4130 655 4187 dabilem
689 4131 744 4187 in
775 4132 919 4188 bona
948 4132 1086 4189 fama
1116 4149 1183 4190 ex
1210 4137 1438 4193 veritate
1473 4152 1886 4208 cognoscerem,
1917 4140 2063 4199 sicut

419 4226 644 4279 notatur
671 4226 727 4277 et
754 4222 1095 4292 vituperatur
1125 4224 1268 4294 apud
1309 4239 1410 4283 nos
1441 4226 1495 4283 in
1530 4226 1667 4284 mala
1707 4226 1849 4285 fama
1872 4234 1908 4297 ε)
1950 4241 2062 4289 non

421 4308 535 4380 [pro
564 4308 715 4381 nisi],
748 4309 989 4380 inquam,
1022 4311 1113 4368 ille
1152 4319 1247 4369 aut
1282 4313 1517 4382 infamis,
1554 4315 1697 4373 sicut
1733 4315 1938 4373 dicitur
1967 4321 2064 4373 aut

2145 3167 2273 3222 dum
2303 3166 2462 3225 divisi
2511 3166 2814 3236 discipulos
2859 3181 2992 3224 suos
3035 3167 3103 3225 ad
3145 3167 3561 3237 praedicandum
3597 3164 3660 3221 ad
3684 3160 3758 3219 di-
3851 3218 3859 3225 .

2144 3270 2330 3315 versas
2375 3256 2526 3315 orbis
2573 3256 2761 3327 plagas
2806 3256 3090 3326 dispersos
3134 3257 3492 3323 direxerant,
3520 3261 3580 3313 ut
3599 3256 3767 3311 Petrus

2144 3344 2517 3414 Apollinarem
2566 3345 2859 3412 Ravennae,
2890 3345 3223 3405 Clementem
3273 3345 3441 3412 Meti,
3472 3341 3766 3401 Eucharium

2146 3433 2375 3499 Treviri,
2407 3439 2463 3491 et
2493 3432 2679 3503 plures
2715 3433 2874 3500 alios,
2905 3448 3046 3504 quos
3075 3447 3414 3508 enumerare
3444 3433 3654 3503 longum
3680 3432 3765 3492 est.

2148 3522 2614 3592 circumquaque;
2665 3526 2721 3579 et
2767 3522 2967 3580 Paulus
3014 3522 3371 3580 Timotheum
3415 3529 3471 3580 et
3514 3521 3769 3593 Sylvanutn

2149 3615 2205 3666 et
2233 3617 2486 3669 caeteros.
2527 3610 2633 3666 Alii
2671 3625 2894 3681 quoque
2924 3612 3172 3681 apostoli
3212 3613 3468 3673 creditas
3495 3612 3596 3671 sibi
3622 3625 3650 3664 a
3678 3609 3771 3663 Deo

2150 3706 2335 3771 partes
2371 3700 2560 3759 mundi
2591 3700 2878 3770 discipulis
2907 3700 3068 3759 fidem
3099 3701 3311 3759 Christi
3352 3696 3775 3763 annuntiantibus

2149 3788 2538 3859 repleverunt:
2571 3796 2628 3846 et
2654 3791 2815 3849 Pater
2843 3791 3182 3856 monasterii,
3215 3793 3544 3861 quicunque
3573 3796 3651 3845 est
3675 3784 3772 3848 ille,

2148 3878 2298 3935 vices
2343 3878 2545 3937 Christi
2594 3892 2781 3949 agens,
2831 3892 2942 3937 non
2989 3883 3173 3949 potest
3218 3880 3311 3936 vel
3375 3894 3479 3950 pro
3526 3872 3777 3937 lucrandis

2151 3967 2454 4033 animabus,
2478 3967 2561 4024 vel
2594 3981 2695 4037 pro
2723 3967 2907 4040 aliqua
2936 3967 3041 4025 alia
3071 3968 3339 4038 utilitate,
3373 3966 3663 4027 dummodo
3690 3973 3776 4033 pro

2151 4058 2263 4113 Deo
2293 4062 2349 4112 et
2368 4056 2671 4117 secundum
2701 4058 2867 4114 Deum
2897 4057 3010 4124 fiat,
3043 4057 3403 4126 monachum,
3435 4055 3635 4115 mundo
3653 4065 3779 4109 mor-

2152 4149 2302 4203 tuum
2336 4150 2391 4201 et
2438 4147 2547 4203 Deo
2595 4145 2699 4202 soli
2748 4146 3038 4212 viventem,
3080 4146 3137 4205 in
3184 4159 3530 4217 quocunque
3576 4151 3778 4203 necesse

2150 4232 2318 4293 fuerit
2347 4233 2471 4291 loco
2501 4234 2747 4293 stabilire
2772 4241 2784 4289 !

2224 4324 2365 4389 Non,
2380 4323 2654 4392 inquiunt,
2670 4323 2765 4381 sed
2788 4324 3088 4383 monachus
3107 4324 3298 4384 redeat
3321 4326 3393 4382 ad
3418 4326 3599 4382 locum
3619 4331 3779 4378 suum.

418 4396 731 4465 laudabilis,
776 4399 920 4455 sicut
956 4414 1235 4471 cuperem,
1277 4416 1343 4459 ex
1388 4403 1769 4461 transmarinis
1817 4388 2406 4474 partibusDConcedo
2439 4388 2764 4472 monachum
2799 4412 2980 4469 redire
3000 4412 3068 4469 ad
3100 4411 3278 4471 locum
3312 4427 3476 4471 suum
3504 4432 3516 4468 :
3551 4409 3647 4469 sed
3673 4416 3784 4467 eum

419 4485 486 4543 ad
546 4488 1003 4556 corrumpendam
1060 4489 1206 4547 inter
1262 4503 1364 4547 nos
1422 4504 1632 4560 pacem,
1677 4491 1745 4549 ad
1776 4506 1874 4551 vos
1920 4508 2066 4553 nunc

423 4588 600 4647 nuper
637 4576 988 4644 emersisset;
1040 4578 1155 4645 qui,
1189 4584 1249 4632 ut
1295 4577 1499 4645 audivi,
1540 4578 1735 4637 relicto
1784 4580 1973 4643 habitu
2013 4588 2069 4643 et

422 4663 532 4722 vita
580 4664 921 4729 monachica,
955 4664 1049 4723 diu
1098 4665 1372 4723 volutatus
1411 4667 1466 4721 in
1515 4667 1803 4727 volutabra
1853 4671 2065 4739 saeculi,

419 4754 529 4821 jam
579 4752 798 4811 tandem
848 4752 1150 4811 inebriatus
1187 4752 1363 4813 fetore
1394 4756 1630 4814 carnalis
1660 4758 2067 4827 delectationis,

425 4854 587 4910 quam
616 4856 683 4899 ex
710 4856 878 4900 aureo
909 4842 1080 4900 calice
1109 4842 1403 4914 Babylonis
1434 4859 1607 4916 usque
1636 4847 1705 4905 ad
1743 4845 1910 4905 faeces
1936 4863 2071 4919 epo-

423 4929 576 4998 tavit,
608 4943 754 5013 nunc
783 4930 1002 4989 tandem
1042 4931 1290 5002 pulsatus
1327 4933 1453 5004 plus
1482 4936 1741 5004 precibus
1769 4951 1929 5008 quam
1961 4939 2070 4997 mi-

425 5020 530 5087 nis,
560 5032 672 5076 non
702 5032 761 5076 se
788 5018 972 5079 taliter
999 5021 1218 5079 Christo
1242 5022 1593 5091 serviturum,
1626 5031 1681 5081 et
1705 5040 1736 5082 a
1760 5027 1846 5083 via
1875 5032 1931 5084 et
1960 5029 2070 5089 vita

424 5122 683 5178 perversa
713 5109 1144 5165 convertendum
1158 5112 1433 5181 ,minatur,
1456 5113 1562 5171 nisi
1591 5114 1648 5171 in
1679 5116 1857 5184 primo
1887 5116 2067 5187 initio,

425 5209 537 5253 non
566 5198 965 5269 conversionis,
999 5198 1096 5255 sed
1136 5203 1471 5258 reversionis
1502 5217 1616 5261 sua:
1646 5210 1839 5262 contra
1867 5205 2069 5264 Christi

424 5294 704 5356 pracepta
732 5291 876 5359 agat.
909 5289 1042 5346 Nam
1070 5287 1321 5348 Christus
1351 5292 1420 5349 ad
1450 5307 1509 5349 se
1530 5294 1875 5353 venientibus
1903 5295 2067 5355 dicit:

425 5375 491 5433 Si
517 5376 634 5445 quis
677 5376 814 5435 venit
843 5378 914 5435 ad
940 5392 1041 5446 me,
1071 5384 1121 5435 et
1149 5394 1255 5435 non
1297 5381 1407 5439 odit
1446 5386 1653 5454 patrem
1697 5399 1845 5440 suum
1882 5389 1931 5440 et
1958 5400 2072 5442 ma-

427 5469 557 5522 trem
584 5468 634 5522 et
658 5465 874 5535 fratres,
898 5472 1006 5525 etc.
1038 5469 1146 5525 Iste
1176 5476 1355 5528 autem
1388 5472 1652 5543 praedicat
1679 5487 1739 5529 se
1767 5487 1874 5531 non
1908 5489 2069 5545 posse

430 5555 550 5613 sine
580 5552 747 5611 fratre
773 5557 978 5615 carnali
1006 5558 1232 5616 servire.

2152 4501 2246 4569 qui
2276 4500 2415 4557 male
2445 4501 2597 4567 exiit,
2621 4514 2731 4557 non
2763 4516 2884 4559 eum
2914 4502 3009 4571 qui
3040 4501 3374 4559 obedienter
3404 4502 3561 4568 exiit,
3593 4503 3645 4556 et
3673 4497 3786 4557 obe-

2152 4589 2371 4645 dienter
2390 4590 2482 4646 ubi
2503 4591 2690 4661 jussus
2709 4596 2812 4657 est,
2836 4592 3008 4657 stetit;
3040 4591 3138 4647 sed
3160 4592 3529 4658 Bernardum,
3551 4589 3644 4661 qui
3661 4584 3786 4657 fugi-

2152 4679 2295 4733 tivus
2314 4686 2507 4735 contra
2529 4686 2863 4750 praeceptum
2884 4680 3099 4735 abbatis
3117 4681 3202 4736 sui
3223 4682 3422 4751 evasit,
3446 4695 3563 4738 non
3583 4674 3787 4736 Benedi-

2153 4772 2321 4835 ctum,
2345 4768 2439 4839 qui
2464 4771 2620 4838 jussu
2651 4769 2865 4825 abbatis
2894 4769 2979 4827 sui
3009 4783 3038 4827 a
3065 4771 3407 4828 monasterio
3440 4763 3786 4842 professionis

2152 4871 2268 4912 sua:
2302 4857 2629 4917 obedienter
2656 4857 2845 4917 exiens
2874 4863 2930 4916 et
2958 4859 3028 4917 ad
3059 4872 3161 4916 nos
3188 4860 3444 4927 veniens,
3477 4859 3791 4918 obedienter

2153 4945 2300 5002 inter
2327 4960 2429 5002 nos
2468 4952 2841 5004 conversatur.
2873 4949 3041 5016 Quam
3081 4949 3278 5005 melius
3305 4954 3497 5005 vester
3527 4950 3630 5003 iste
3666 4948 3790 5001 Ber-

2154 5035 2358 5093 nardus
2395 5050 2518 5094 cum
2550 5036 2745 5093 eodem
2791 5034 2958 5093 fratre
2987 5051 3089 5094 suo
3137 5038 3283 5109 apud
3331 5052 3442 5095 nos
3488 5037 3787 5095 mansisset,

2154 5138 2315 5195 quam
2347 5130 2427 5191 ut,
2458 5125 2589 5181 alibi
2628 5125 2856 5195 degens,
2886 5126 3034 5183 inter
3061 5127 3167 5183 alia
3205 5132 3367 5199 pacta
3398 5142 3523 5194 sua,
3556 5139 3678 5196 quis
3705 5135 3793 5179 vos

2154 5227 2239 5268 me
2277 5212 2473 5269 melius
2515 5215 2741 5279 nostris,
2782 5215 2889 5272 hoc
2931 5216 3248 5273 incendium
3284 5216 3614 5281 discordiae,
3656 5208 3792 5283 quod

2153 5315 2301 5363 nunc
2319 5300 2466 5358 inter
2485 5315 2607 5367 nos,
2630 5303 2736 5359 nisi
2757 5304 2902 5360 Deus
2921 5305 3073 5375 pacis
3102 5305 3477 5375 prohibuerit,
3502 5302 3793 5371 conﬂagra-

2153 5391 2250 5457 vit,
2274 5390 2439 5461 longo
2463 5392 2575 5461 jam
2597 5406 2663 5448 ex
2684 5399 2932 5463 tempore
2953 5395 3009 5450 in
3033 5394 3392 5451 transmarina
3426 5392 3652 5450 ofﬁcina
3672 5402 3798 5446 eun.-

2154 5481 2360 5539 trisset.
2401 5481 2558 5548 Quod
2587 5482 2635 5538 si
2664 5482 2719 5538 id
2750 5482 2900 5553 quod
2930 5482 3184 5552 dicimus,
3215 5482 3481 5540 videlicet
3510 5488 3573 5538 ut
3610 5491 3796 5537 mons-

2155 5568 2293 5627 chus
2321 5583 2444 5627 cum
2482 5569 2705 5628 licentia
2758 5577 2815 5627 et
2863 5572 3113 5641 jussione
3166 5567 3478 5642 spiritualis
3538 5567 3713 5640 patris
3744 5566 3795 5623 in
