4014 6176
219 253 313 307 469

1696 252 2054 309 EPISTOLE.

3461 251 3569 306 470

218 389 524 447 quocunque
548 376 882 432 monasterio
905 378 1077 446 possit
1098 376 1398 433 secundum
1418 378 1586 432 Deum
1610 376 1834 448 degere,
1854 376 2065 437 Asicut
2103 382 2305 447 potest,
2338 388 2449 434 non
2479 376 2688 447 patebit
2733 375 3009 432 morsibus
3054 376 3192 445 lupi,
3231 377 3329 432 sed
3377 391 3568 436 servas»

214 479 311 521 non
339 463 695 531 conceditur;
752 472 811 521 ut
849 466 1066 522 tandem
1108 466 1404 537 litigiosum
1457 466 1605 521 hunc
1651 464 1836 521 funem

212 567 526 624 rumpamus,
587 554 925 610 concedatur
978 556 1148 626 igitur
1201 555 1501 611 secundum
1560 555 1835 614 haeresim,

1925 466 2076 520 bitur
2104 468 2323 536 pascuis
2349 466 2572 521 Christi.
2607 464 2819 520 Etenim
2850 465 2953 523 etsi
2992 468 3319 534 peccatores
3353 479 3562 533 sumus,

1922 554 2196 611 Christum
2227 561 2407 611 tamen
2438 553 2799 620 conﬁtemur;
2841 553 3164 609 catholicam
3212 551 3374 608 ﬁdem
3403 559 3563 610 tene.

209 657 318 715 quae
354 640 435 697 vel
466 657 496 698 a
527 642 844 711 Catholicis,
877 644 922 699 si
952 659 1080 700 reus
1118 650 1220 711 est,
1248 647 1415 716 juste,
1464 644 1549 700 vel
1587 644 1634 700 si
1682 645 1840 700 inno-
1920 658 2078 711 mus,
2138 645 2466 713 baptismum
2521 650 2578 700 et
2622 643 3007 700 eucharistiam
3060 642 3261 698 Christi
3317 644 3565 713 suscepi-

206 732 314 788 xius
350 736 451 798 est,
494 733 697 802 injuste
736 733 804 788 ab
862 733 1061 788 invidis
1114 734 1334 804 Origeni
1376 734 1718 805 impingitur,
1778 740 1837 789 ut
1920 747 2059 800 mus,
2092 734 2334 804 regulam
2365 735 2548 789 Sancti
2580 733 2862 790 Benedicti
2900 733 3149 804 legimus,
3181 738 3237 788 et
3266 746 3367 802 pro
3398 745 3561 802 posse

204 818 399 875 scilicet
429 821 712 889 praeterita
740 821 943 876 saecula
970 822 1153 878 denuo
1187 823 1241 877 in
1267 822 1414 878 idem
1446 823 1595 893 quod
1624 821 1834 878 fuerint

204 908 554 965 revolvantur.
586 910 675 965 Sic
712 910 909 966 iterum
939 911 1023 967 vel
1064 912 1230 978 idem,
1271 912 1355 967 vel
1395 912 1535 968 alius
1571 912 1740 967 Adam
1780 920 1834 969 et

201 999 314 1065 Eva,
354 998 552 1055 iterum
600 1013 631 1054 a
687 1005 943 1070 serpente
999 1000 1387 1071 decipiantur;
1448 1001 1578 1056 ﬁant
1634 1003 1832 1058 iterum

198 1087 521 1143 Sodomitica
550 1088 826 1155 incendia,
868 1090 1066 1145 iterum
1112 1090 1294 1145 omnia
1332 1089 1568 1145 viventia
1625 1090 1830 1147 diluvio

198 1182 427 1248 pereant,
500 1177 699 1233 iterum
764 1178 889 1234 Saul
954 1180 1134 1235 asinas
1191 1184 1422 1249 quaerat,
1488 1180 1643 1235 Davit
1700 1194 1831 1237 oves

194 1272 401 1337 pascat;
444 1274 729 1337 postremo
773 1268 947 1340 (quod
988 1269 1228 1339 cogitatu
1261 1274 1315 1324 et
1344 1268 1495 1324 dictu
1542 1268 1826 1325 horridum

195 1356 280 1429 est)
333 1357 537 1413 iterum
603 1357 852 1413 Christus
910 1358 978 1414 de
1039 1359 1204 1413 Maria
1261 1358 1472 1430 virgine
1548 1366 1825 1428 nascatur,

194 1445 472 1513 adolescat,
549 1445 815 1515 tradatur,
875 1447 1134 1516 patiatur,
1192 1448 1477 1513 moriatur,
1537 1454 1823 1518 resurgat;

194 1548 299 1590 cum
336 1537 656 1591 econtrario
694 1536 895 1592 Paulus
941 1537 1124 1592 dicat:
1183 1537 1416 1592 Christus
1461 1551 1738 1607 resurgens
1793 1552 1827 1593 α

192 1624 405 1692 mortuis,
428 1625 551 1694 jam
591 1640 697 1679 non
736 1627 972 1681 moritur.
1014 1625 1263 1681 Redeant
1303 1626 1486 1681 omnia
1535 1626 1602 1682 ad
1654 1627 1825 1696 prima

1917 835 2218 891 servamus,
2257 822 2313 877 in
2342 823 2461 878 acie
2491 822 2695 878 Christi
2726 828 2919 879 contra
2956 835 3300 879 communem
3345 822 3561 878 hostem

1916 915 2156 977 stamus;
2208 910 2453 977 ferimus,
2496 916 2551 966 et
2588 910 2814 966 ferimur
2861 911 3196 982 aliquando;
3239 913 3351 968 Deo
3388 912 3560 968 susti-

1914 1007 2079 1056 nente
2127 1005 2353 1066 stamus,
2386 1000 2683 1068 aliquando
2731 1000 3047 1056 inﬁrmitate
3103 1000 3439 1070 impediente
3474 1014 3559 1057 va-

1914 1089 2200 1156 cillamus;
2276 1088 2323 1143 si
2397 1087 2689 1158 fragilitate
2755 1088 3022 1156 eadimus,
3099 1090 3211 1145 Deo
3286 1088 3560 1146 relevante

1912 1179 2270 1248 resurgimus,
2302 1189 2406 1233 nec
2436 1182 2618 1232 tamen
2648 1191 2824 1246 usque
2862 1177 2930 1233 ad
2978 1178 3422 1247 desperationem
3465 1179 3563 1235 de-

1912 1267 2145 1323 ﬁcimus.
2177 1269 2244 1321 Et
2281 1266 2449 1321 credo
2480 1266 2556 1320 ita
2585 1265 2641 1321 in
2673 1271 2885 1333 nostro,
2928 1272 2983 1322 et
3029 1267 3258 1334 divitiis,
3293 1273 3349 1324 et
3381 1268 3559 1340 (quod

1912 1354 2433 1431 periculosius'est)
2470 1354 2737 1424 religione
2785 1355 2984 1425 exiguo
3027 1360 3083 1411 et
3121 1370 3363 1426 paupere
3410 1357 3557 1424 loco,

1910 1459 2184 1515 quemque
2239 1445 2562 1500 monachum
2621 1442 2837 1499 ﬁdelem
2897 1457 3057 1513 posse
3114 1446 3348 1501 animam
3405 1459 3559 1501 suam

1909 1549 2034 1590 cum
2064 1535 2158 1590 Dei
2189 1534 2464 1604 adjutorio
2494 1547 2711 1589 servare
2759 1538 2815 1589 et
2851 1533 3082 1600 salvare,
3132 1535 3278 1590 sicut
3316 1536 3373 1589 in
3419 1549 3550 1605 quo-

1909 1638 2125 1694 cunque
2155 1624 2343 1679 ditiori
2373 1628 2429 1679 et
2458 1623 2811 1694 religiosiori,
2851 1624 2957 1678 nisi
2994 1622 3137 1679 forte
3185 1624 3385 1693 aliquis
3431 1624 3557 1694 plus

190 1712 347 1779 initia,
378 1713 716 1769 Benedictus
745 1713 812 1769 ad
852 1715 1216 1781 Fiscamnum,
1248 1716 1513 1770 mesus
1548 1716 1813 1783 Gorziam,
1834 1705 1881 1763 B
1906 1714 2126 1783 sapiens
2160 1727 2323 1783 quam
2379 1718 2602 1783 oportet
2647 1726 2861 1782 sapere,
2923 1712 3177 1768 hmreslm
3234 1713 3555 1769 Donatista-

190 1800 403 1856 domnus
433 1803 610 1857 abbas
636 1804 875 1858 Joannes
906 1802 1139 1870 Divioni,
1172 1809 1226 1859 et
1254 1804 1441 1859 caeteri
1488 1804 1819 1874 quicumque

189 1888 349 1946 ﬁdelis
398 1891 606 1946 Christi
653 1906 755 1962 per
801 1890 1014 1947 diversa
1063 1892 1183 1947 loca
1222 1893 1278 1947 in
1333 1898 1521 1948 sancta
1578 1893 1820 1949 Ecclesia

189 1978 247 2033 ad
273 1981 628 2049 pascendum,
663 1980 984 2051 regendum,
1035 1981 1421 2049 ordinandum,
1472 1983 1818 2039 docendum-

186 2083 280 2137 que
324 2084 546 2140 gregem
592 2071 807 2126 Domini
856 2070 1138 2126 distributi
1186 2080 1241 2127 et
1288 2073 1528 2142 promoti
1568 2079 1715 2140 sunt,
1759 2080 1819 2129 ut

185 2156 390 2213 luceant
447 2160 596 2215 velut
634 2161 922 2216 luminaria
979 2174 1171 2232 magna
1229 2162 1284 2216 in
1343 2162 1528 2228 domo,
1589 2164 1819 2218 redeant

184 2247 314 2302 unde
346 2254 761 2318 processerunt,
804 2250 1177 2305 recondantur
1206 2257 1261 2306 et
1303 2251 1508 2306 lateant
1560 2252 1661 2307 sub
1700 2266 1817 2309 mo-

179 2333 280 2403 dio,
323 2343 556 2393 econtra
595 2338 814 2393 dicente
842 2339 1109 2393 Domino:
1143 2342 1265 2397 Non
1298 2344 1466 2411 potest
1505 2340 1689 2395 civitas
1718 2340 1817 2396 ab-

175 2426 347 2480 scondi
377 2440 545 2497 supra
601 2430 821 2480 montem
873 2427 1069 2498 posita,
1129 2434 1236 2482 etc.
1277 2428 1483 2482 Animae
1524 2428 1685 2482 etiam
1725 2429 1820 2483 de-

173 2511 511 2582 functorum,
542 2515 843 2570 secundum
874 2516 1086 2571 somnia
1133 2521 1443 2585 poetarum,
1495 2531 1620 2586 quae
1668 2517 1820 2573 mille

174 2608 313 2658 rotas
344 2602 569 2659 volvere
609 2619 709 2674 per
737 2617 912 2660 annos
942 2605 1164 2659 Lethaeo
1195 2605 1383 2659 ﬁumin
1432 2610 1659 2675 potatae,
1694 2620 1821 2661 rur-

174 2708 256 2749 sus
283 2693 561 2763 incipiant
592 2693 648 2747 in
679 2707 914 2763 corpora
943 2693 1084 2749 velle
1116 2694 1337 2759 reverti,
1379 2699 1439 2749 ut
1467 2708 1695 2764 compos
1731 2709 1823 2751 vo-

176 2788 340 2837 torum
372 2794 603 2836 suorum
634 2788 815 2837 vester
850 2781 944 2837 ille
992 2781 1305 2837 Bernardus
1351 2796 1475 2838 cum
1526 2784 1820 2839 Mantuano

1900 1817 2040 1869 rum,
2076 1803 2169 1873 qui
2208 1802 2468 1858 dixerunt
2497 1804 2552 1857 in
2583 1800 2701 1858 sola
2729 1800 2909 1857 Africa
2956 1815 3139 1858 veram
3172 1815 3293 1857 esse
3324 1802 3552 1873 religior

1901 1906 2046 1958 nem,
2104 1892 2351 1957 eamdem
2414 1898 2622 1962 pestem
2680 1892 2749 1947 ab
2806 1890 2989 1947 Africa
3046 1891 3103 1945 in
3160 1891 3551 1948 Normannlam

1899 1980 2211 2048 transferat,
2280 1987 2336 2037 et
2392 1986 2601 2037 asserat
2655 1981 2863 2037 nullum
2921 1979 3268 2047 monachum,
3328 1980 3436 2036 nisi
3492 1980 3551 2036 in

1898 2070 2019 2126 solo
2085 2070 2355 2125 Fiscamni
2421 2069 2756 2124 monasterio
2815 2082 2976 2138 posse
3015 2068 3230 2124 salvari.
3272 2069 3374 2136 Qui
3432 2069 3552 2125 haec

1898 2160 2035 2215 dicit
2061 2159 2146 2214 vel
2178 2158 2375 2225 credit,
2409 2159 2635 2214 nimium
2665 2162 2912 2213 coarctat
2940 2158 3092 2213 illum
3122 2159 3218 2227 qui
3249 2163 3332 2213 est
3370 2157 3551 2214 excel-

1896 2261 1991 2302 sus
2028 2261 2196 2317 super
2224 2260 2416 2302 omnes
2448 2251 2660 2317 gentes,
2694 2253 2749 2302 et
2786 2247 2945 2315 cujus
2972 2246 3150 2316 gloria
3179 2260 3348 2315 super
3375 2246 3549 2303 caelos

1897 2342 2000 2406 est,
2042 2340 2308 2408 cujusque
2339 2352 2537 2394 nomen
2579 2352 2610 2393 a
2648 2336 2783 2393 solis
2821 2342 2945 2392 ortu
2985 2350 3159 2405 usque
3189 2337 3258 2392 ad
3290 2350 3545 2394 occasum

1899 2426 2170 2481 laudabile
2237 2430 2339 2482 est.
2397 2426 2693 2497 Apostolus
2748 2426 2893 2481 enim
2959 2424 3274 2496 intelligens
3328 2439 3545 2483 omnem

1898 2515 2174 2570 hominem
2204 2516 2465 2571 adversus
2513 2529 2857 2572 communem
2915 2515 3130 2570 hostem
3187 2529 3405 2586 semper
3444 2529 3541 2587 pa-

1898 2603 2083 2659 vidum
2123 2617 2215 2659 ese
2243 2604 2467 2664 debere.
2498 2611 2764 2659 vestrates
2793 2619 3013 2674 quoque
3052 2605 3195 2660 sicut
3234 2609 3290 2661 et
3326 2612 3543 2662 nostra-

1900 2699 1985 2747 tes
2022 2692 2279 2748 admonet
2326 2694 2552 2749 dicens:
2615 2693 2795 2749 Sobrii
2845 2698 3006 2748 estote
3054 2699 3102 2749 et
3147 2694 3381 2763 vigilate,
3421 2696 3543 2766 quia

1899 2780 2238 2836 adversarius
2265 2786 2435 2836 vester
2463 2780 2723 2843 diabolus,
2764 2787 3009 2852 tauquam
3044 2781 3140 2841 .leo
3186 2784 3396 2851 rugiens
3442 2786 3545 2840 cir-

1898 2870 2002 2924 cuit
2059 2884 2294 2939 quarre-ns
2348 2885 2496 2941 quem
2553 2871 2762 2926 devoret
2776 2891 2796 2935 ;
2856 2872 2939 2925 cui
2994 2871 3219 2928 resistite
3271 2874 3435 2942 fortes
3488 2875 3545 2928 in

1896 2956 2017 3027 ﬁde.
2059 2957 2172 3013 Nisi
2211 2957 2353 3014 forte
2390 2958 2708 3029 angelorum
2757 2959 3025 3026 custodia,
3076 2960 3360 3016 cherubim
3407 2974 3546 3032 quo-

1892 3059 1999 3114 que
2029 3047 2310 3116 romphaza
2340 3048 2415 3103 ita
2438 3049 2551 3118 jam
2580 3047 2809 3103 munivit
2846 3048 3027 3104 locum
3066 3055 3326 3117 vestrum,
3370 3049 3539 3121 (quod

1891 3147 2001 3190 non
2034 3142 2169 3205 puto
2199 3135 2255 3190 in
2288 3136 2390 3192 hac
2419 3137 2527 3191 vita
2554 3135 2823 3208 futurum)
2857 3143 2917 3192 ut
2931 3139 3042 3208 jam
3074 3151 3185 3194 non
3217 3138 3391 3208 possit
3413 3153 3537 3195 eum

1890 3223 2198 3294 irrumpere
2258 3226 2516 3296 princeps
2564 3226 2729 3297 hujus
2758 3226 2968 3293 mundi,
3027 3227 3122 3296 qui
3184 3232 3245 3282 ut
3299 3233 3539 3283 tentaret

1889 3310 2041 3367 illum
2072 3314 2127 3369 in
2168 3328 2277 3383 quo
2309 3314 2446 3370 nihil
2484 3314 2742 3381 habebat,
2774 3314 2924 3370 illum
2966 3314 3023 3369 in
3053 3315 3296 3381 deserto,
3328 3315 3384 3369 in
3417 3317 3537 3383 piu-

1890 3402 2086 3457 naeulo
2147 3403 2355 3472 templi,
2396 3404 2452 3457 in
2514 3408 2701 3458 monte
2758 3403 2914 3457 valde
2953 3403 3173 3457 excelso
3233 3402 3443 3456 invenit
3478 3410 3534 3458 et

1887 3491 2137 3557 tentavit,
2172 3491 2269 3545 sed
2299 3490 2517 3559 fugatus
2569 3490 2856 3545 abscessit.
2915 3491 3045 3545 Haec
3102 3502 3204 3544 nos
3254 3490 3530 3553 timemus,

1888 3578 2007 3633 haec
2044 3579 2299 3648 patimur,
2352 3578 2448 3633 sed
2488 3578 2814 3634 conﬁdimus
2851 3591 2953 3632 nos
3000 3590 3241 3648 quoque,
3296 3578 3439 3632 sicut
3477 3584 3533 3633 et

177 2877 378 2939 pastore
420 2870 587 2926 nobis
615 2870 886 2925 insultans
915 2869 1075 2927 laetus
1104 2870 1359 2926 decantet
1386 2891 1398 2925 :

316 3047 538 3110 Magnus
568 3047 634 3097 ab
669 3047 877 3112 integro
913 3047 1194 3098 saeclorum
1224 3047 1460 3097 nascitur
1482 3047 1630 3098 ordo.

238 3210 356 3265 Haec
394 3211 441 3265 si
500 3208 742 3266 absurda
798 3214 945 3276 sunt,
995 3209 1104 3265 imo
1144 3210 1272 3279 quia
1311 3209 1547 3265 absurda
1587 3217 1643 3266 et
1678 3211 1807 3267 ﬁdei

180 3296 443 3355 catholicae
493 3299 794 3365 contraria,
846 3304 1137 3369 respuatur
1171 3297 1399 3367 falsitas,
1442 3304 1499 3354 et
1556 3304 1810 3356 teneatur

178 3387 371 3444 veritas.
432 3391 654 3445 Sanctae
694 3387 954 3445 Ecclesiae
1010 3388 1319 3444 ﬁrmissima
1366 3388 1621 3445 columna
1669 3404 1808 3459 papa

177 3477 447 3550 Gregorius
475 3479 864 3549 Augustinum,
897 3478 1179 3544 Mellitum,
1221 3493 1344 3534 cum
1383 3478 1636 3548 plurimis
1682 3493 1806 3534 mo-

180 3570 377 3625 nasterii
416 3571 503 3625 sui
542 3568 827 3624 monachis
850 3567 919 3623 ad
960 3567 1366 3637 praedicandam
1412 3580 1595 3622 veram
1644 3567 1807 3623 ﬁdem

178 3658 446 3728 Anglorum
491 3659 757 3730 gentibus
802 3657 1134 3723 destinavit;
1169 3657 1317 3727 quod
1349 3663 1404 3712 et
1432 3657 1538 3726 ipsi
1569 3656 1807 3712 ﬁdeliter

178 3747 543 3817 impleverunt.
576 3750 727 3816 Quis,
760 3762 916 3819 rogo,
959 3753 1085 3818 post
1114 3748 1250 3803 tanti
1288 3747 1391 3802 viri
1429 3745 1645 3803 felicem
1686 3747 1806 3803 obi-

176 3840 289 3904 tum,
319 3840 459 3909 quis,
488 3841 741 3908 inquam,
773 3851 1154 3893 successorum
1175 3840 1295 3907 ejus
1312 3837 1509 3892 horum
1530 3851 1802 3906 quemque

1886 3666 2045 3734 alios,
2085 3666 2309 3722 liberari
2340 3681 2501 3737 posse
2532 3667 2601 3722 ab
2639 3666 2736 3722 illo
2767 3668 2863 3736 qui
2902 3666 3075 3722 dixit:
3131 3666 3403 3738 Conﬂdite,
3434 3681 3529 3735 ego

1883 3756 1985 3809 vici
2039 3756 2298 3811 mundum.
2363 3758 2489 3812 Haec
2526 3770 2638 3812 non
2695 3755 3103 3826 exprobrando,
3143 3756 3240 3811 sed
3300 3755 3528 3812 ratioci-

1884 3845 2089 3912 nando,
2122 3851 2177 3900 et
2205 3845 2272 3901 ad
2304 3846 2510 3916 scripta
2546 3852 2726 3901 vestra
2765 3846 2979 3901 duriter
3014 3844 3267 3901 ferientia
3315 3846 3529 3916 patien-

176 3924 243 3980 vel
295 3929 625 3984 monachum
681 3926 748 3981 ad
807 3926 1218 3993 monasterium,
1276 3924 1360 3981 vel
1417 3926 1678 3981 clericum
1730 3926 1797 3982 ad
1882 3937 1969 3989 ter
2004 3934 2391 4004 respondendo
2443 3935 2700 4002 diximus,
2742 3940 2802 3991 ut
2859 3936 2905 3991 si
2961 3948 3072 3991 non
3130 3949 3420 4008 possumus
3458 3936 3526 3992 ad

176 4015 431 4073 ecclesiam
489 4017 687 4073 venire
745 4021 838 4071 aut
902 4016 1114 4071 monuit
1169 4020 1262 4071 aut
1317 4014 1517 4085 coegit,
1578 4018 1633 4070 et
1688 4029 1798 4072 non
1881 4023 2235 4091 credendum,
2268 4024 2461 4080 saltem
2491 4025 2557 4081 ad
2597 4024 2976 4081 aestimandum
3014 4039 3113 4082 vos
3140 4025 3403 4082 inducere
3436 4040 3528 4081 va-

175 4106 334 4171 potius
368 4106 554 4164 sancti
583 4105 683 4161 viri
716 4104 1068 4176 praedicabile
1115 4103 1314 4161 factum
1365 4104 1623 4171 laudavit,
1666 4104 1800 4162 fovit
1878 4112 2105 4179 leamus,
2157 4127 2311 4170 ovem
2358 4113 2505 4169 illam
2557 4129 2718 4184 quam
2774 4120 3009 4171 vestram
3048 4115 3252 4181 dicitis,
3312 4115 3524 4172 etiamsi

175 4196 219 4245 et
245 4194 415 4263 juvit?
458 4195 624 4265 Quod
655 4208 754 4251 vos
802 4193 980 4250 facere
1019 4193 1326 4263 sperabam,
1368 4194 1546 4264 primo
1584 4194 1701 4250 zelo
1742 4201 1797 4250 et
1876 4202 1995 4257 sine
2053 4202 2490 4259 contradictione
2545 4203 2728 4275 aliqua
2764 4211 2945 4260 vestra
3003 4212 3168 4270 esset,
3212 4218 3321 4261 non
3382 4206 3527 4261 inter

175 4293 333 4341 amore
387 4287 500 4354 Dei,
551 4285 677 4341 dein
718 4283 994 4340 desiderio
1052 4288 1108 4338 et
1161 4283 1427 4338 charitate
1477 4284 1553 4353 pii
1593 4284 1850 4363 Patris,__
1878 4304 1980 4345 nos
2007 4291 2113 4346 nisi
2138 4305 2234 4347 sua
2263 4293 2423 4363 culpa
2453 4294 2751 4363 perituram
2783 4292 2921 4348 fore.

176 4374 220 4423 et
242 4375 456 4431 maxime
495 4375 690 4433 vestri.
735 4373 920 4429 domui
978 4372 1193 4427 abbatis
1238 4371 1519 4437 Willelmi,
1561 4373 1653 4442 qui
1692 4354 1857 4429 vosD
1954 4379 2059 4434 Sed
2099 4380 2298 4435 tabella
2349 4354 2469 4451 jam.
2517 4381 2679 4451 plena
2716 4380 2792 4434 nil
2853 4394 2913 4434 se
2952 4379 3186 4448 amplius
3241 4381 3523 4450 suscipere

175 4461 310 4518 unica
371 4465 645 4521 charitate
712 4464 858 4519 inter
921 4468 1156 4519 caeteros
1230 4461 1513 4529 enutrivit,
1582 4462 1796 4529 dilexit,
1882 4481 2044 4537 posse
2078 4469 2356 4536 ostendit;
2391 4468 2749 4539 quwrimonia
2790 4476 2969 4523 tamen
3011 4475 3065 4522 et
3106 4468 3273 4524 corde
3329 4474 3520 4525 nostro

177 4554 435 4619 promovit,
470 4553 804 4619 honoravit;
837 4565 939 4607 nec
969 4550 1117 4620 quod
1157 4552 1275 4621 ipse
1314 4552 1505 4607 statuit
1551 4550 1799 4622 aliquan-
1874 4557 2042 4625 juste,
2073 4563 2133 4612 ut
2164 4564 2317 4628 puto,
2352 4559 2621 4614 ebulliens
2650 4574 2709 4614 se
2749 4558 2971 4629 aperiri,
3005 4557 3108 4612 etsi
3138 4571 3249 4613 non
3281 4573 3345 4613 ex
3377 4564 3518 4624 toto,

175 4637 251 4703 do,
279 4654 307 4695 a
334 4644 487 4700 vobis
521 4641 955 4707 destituendum,
998 4640 1094 4696 sed
1126 4641 1312 4711 potius
1363 4641 1793 4699 conﬁrmandum
1878 4646 2070 4702 saltem
2101 4660 2167 4702 ex
2206 4654 2358 4717 parte
2400 4649 2667 4719 exposcit.
2708 4648 2867 4716 Quid,
2923 4661 3131 4717 quaeso,
3164 4648 3343 4714 Pater,
3385 4646 3517 4716 quid

178 4731 355 4794 DmaVi.
1877 4734 2162 4791 adversum
2200 4751 2298 4792 vos
2344 4738 2785 4807 commeruimus,
2827 4737 2974 4807 quod
3014 4742 3122 4793 tam
3161 4736 3366 4802 subito,
3408 4740 3516 4791 tam

234 4817 485 4875 llaherem
529 4819 687 4890 plura
735 4833 857 4889 quae
906 4819 1220 4890 paternitati
1266 4824 1462 4875 vestrae
1509 4821 1574 4874 ad
1615 4820 1793 4876 horri-
1876 4824 2189 4894 improvise,
2249 4831 2357 4881 tam
2388 4828 2817 4897 praecipitanter,
2868 4831 2977 4881 tam
3016 4826 3310 4881 saevissime
3350 4826 3516 4882 telum

178 4902 287 4960 biiia
312 4907 454 4964 dicta
484 4915 543 4965 et
571 4907 710 4963 facta
741 4922 864 4979 qua;
907 4908 1207 4964 mandastis
1259 4909 1465 4980 (neque
1510 4912 1657 4967 enim
1704 4926 1793 4967 res
1874 4915 2257 4970 acutissimum
2278 4915 2859 4972 excommunicationis
2908 4915 2961 4969 in
3004 4927 3108 4969 nos
3143 4914 3395 4971 voluistis
3440 4916 3520 4985 ja-

179 5004 315 5058 parva
343 4996 835 5054 excommunicatio
882 4996 991 5068 est)
1056 4998 1437 5066 rescriberem,
1478 4999 1584 5055 nisi
1641 5015 1791 5056 reve-
1874 5003 2087 5059 culari?
2116 5006 2478 5074 Sperabamus
2517 5019 2617 5061 nos
2648 5004 2798 5060 velut
2826 5002 3024 5059 fratres
3058 5005 3257 5059 vestris
3304 5004 3519 5060 oratio-

179 5086 328 5140 reutia
356 5087 522 5142 vestri
553 5094 607 5142 et
646 5087 935 5157 disciplina
964 5087 1252 5157 regularis,
1285 5102 1408 5158 quae
1456 5102 1559 5145 nos
1604 5104 1790 5145 mona-
1874 5094 2037 5148 nibus
2066 5093 2424 5163 adjuvandos,
2457 5108 2567 5164 quo
2606 5094 2823 5149 Christo
2874 5107 3210 5149 mereremur
3256 5094 3518 5164 incorpo-

180 5170 293 5227 chos
318 5176 371 5230 in
421 5176 700 5247 loquendo
740 5176 1153 5246 temperantiam
1201 5176 1404 5233 habere
1455 5185 1661 5246 monet,
1704 5194 1789 5235 me
1872 5183 2019 5237 rari:
2054 5187 2110 5238 et
2140 5197 2283 5239 nunc
2314 5198 2345 5238 a
2382 5181 2585 5239 Christi
2624 5197 2859 5252 corpore
2909 5187 2963 5237 et
3010 5190 3199 5239 sancta
3246 5183 3512 5250 Ecclesia,

180 5264 573 5334 constringeret.
626 5266 754 5321 llaec
802 5271 984 5320 tamen
1043 5278 1214 5335 pauca
1251 5266 1383 5333 dixi,
1430 5276 1490 5323 ut
1538 5270 1790 5326 ostende-
1873 5272 2030 5340 cujus
2060 5271 2156 5326 ﬁlii
2187 5272 2362 5342 gratia
2390 5273 2486 5327 Dei
2519 5286 2617 5342 per
2655 5271 2983 5341 baptismum
3033 5285 3153 5327 esse
3193 5272 3511 5342 meruimus,

179 5358 273 5402 rem
327 5358 379 5406 et
429 5354 719 5423 probarem
774 5369 859 5410 me
916 5368 1019 5409 nec
1075 5355 1399 5410 monachum
1466 5372 1568 5413 nec
1635 5374 1789 5416 ovem
1872 5360 2215 5415 anathemate
2270 5360 2435 5416 vultis
2490 5367 2783 5430 separare!
2833 5362 3014 5416 Gratia
3062 5367 3117 5416 et
3166 5361 3367 5432 pietate
3415 5376 3512 5419 sua

178 5435 312 5492 vobis
347 5440 595 5512 auferre;
626 5444 725 5500 sed
752 5443 887 5499 mihi
924 5442 1355 5499 commendatam
1385 5445 1441 5500 in
1472 5446 1599 5502 ovili
1628 5450 1788 5505 Chri-
1873 5449 2133 5504 Dominus
2161 5448 2300 5504 hanc
2332 5455 2658 5519 potestatem
2683 5450 3063 5506 sacerdotibus
3091 5448 3245 5506 dedit
3273 5457 3333 5507 ut
3360 5451 3508 5522 quod

181 5524 237 5578 sti
260 5527 394 5593 jusie
420 5536 604 5588 tenere
645 5540 699 5589 et
728 5547 944 5589 servare
974 5555 987 5602 ;
1028 5532 1122 5589 ubi
1152 5534 1195 5587 si
1231 5533 1301 5587 ita
1330 5533 1525 5589 vixerit
1554 5536 1608 5591 in
1642 5537 1790 5594 bono
1872 5540 2105 5611 ligarem
2135 5541 2190 5594 in
2222 5540 2385 5595 tertiis
2414 5541 2677 5612 ligaretur
2700 5546 2753 5598 et
2783 5542 2838 5597 in
2869 5541 3043 5609 caelis,
3076 5548 3131 5599 et
3157 5543 3305 5613 quod
3335 5544 3512 5601 solve-
