4014 6176
451 299 550 352 471

1590 293 1862 347 JOANNIS
1899 293 2375 349 FISCAMNENSIS
2410 291 2688 347 ABBATIS

3714 285 3824 340 472

452 429 580 481 rent
606 423 663 478 in
703 421 870 478 terris
899 419 1208 476 solveretur
1235 424 1290 474 et
1327 417 1384 472 in
1424 415 1617 483 oculis;
1648 417 1745 472 sed
1774 417 2102 474 benedictus
2119 416 2526 482 Aclaudendus
2553 420 2657 483 est,
2691 415 2950 486 petimus,
2981 412 3203 470 domine
3232 414 3412 479 Pater,
3459 417 3524 468 ut
3551 410 3828 468 mitiorem

451 516 638 583 Agnus
665 510 781 576 ille,
813 509 908 579 qui
959 521 1060 577 pro
1108 505 1493 577 peccatoribus
1533 504 1845 562 immolatus
1890 512 1994 572 est,
2043 507 2099 563 id

452 601 559 656 sibi
601 599 707 655 soli
746 597 999 663 servavit,
1050 601 1111 651 ut
1155 594 1306 650 solus
1353 593 1574 649 tolleret
1619 602 1843 662 peccata
1889 594 2098 662 mundi,

454 702 523 745 ne
553 687 695 745 forte
727 687 891 742 homo
922 684 1149 740 rabidus
1187 689 1242 738 et
1280 682 1635 752 phreneticus
1664 682 2100 752 praecipitatione

453 777 620 834 animi
680 776 1007 830 innocentes
1064 771 1341 841 perderet,
1400 778 1455 826 et
1516 776 1781 826 nocentes
1834 778 2098 827 servaret.

452 868 575 937 Ipso
631 864 897 920 Dominus
947 859 1212 916 lsraelitis
1269 859 1527 925 inimicis,
1583 858 1784 915 latroni
1822 861 1877 916 in
1936 875 2101 918 cruce

452 953 722 1025 pepercit,
777 958 832 1008 et
883 950 1091 1021 apertis
1137 948 1535 1004 misericordiae
1575 948 1759 1017 januis
1795 962 1899 1004 nos
1933 949 2001 1005 ad
2040 965 2100 1006 se

451 1044 615 1100 etiam
662 1041 916 1097 nolentes
962 1039 1176 1105 invitat,
1228 1037 1457 1092 dicens:
1515 1038 1693 1092 Venite
1742 1038 1814 1093 ad
1858 1053 1938 1093 me
1983 1053 2100 1093 om-

448 1147 541 1188 nes
566 1131 653 1202 qui
681 1128 938 1185 laboratis
967 1132 1015 1182 et
1046 1127 1251 1182 onerati
1279 1126 1424 1193 estis,
1456 1130 1506 1180 et
1526 1140 1619 1195 ego
1657 1141 1748 1181 vos
1775 1127 2102 1199 requiescere

447 1221 662 1291 faciam.
697 1219 764 1272 Et
791 1218 980 1283 homo,
1003 1215 1206 1271 dubius
1234 1214 1303 1269 de
1324 1228 1403 1280 se,
1436 1214 1533 1283 qui
1562 1215 1739 1270 nescit
1768 1221 1947 1271 utrum
1971 1215 2101 1272 odio

449 1322 518 1363 an
548 1321 734 1363 amore
773 1306 973 1376 dignus
1028 1305 1120 1370 sit,
1182 1303 1233 1358 vi
1290 1302 1526 1372 quadam
1563 1303 1772 1359 homini
1829 1310 1885 1360 et
1920 1303 2097 1364 fratri.

449 1410 613 1468 quem
644 1402 704 1452 ut
742 1409 801 1450 se
830 1393 1063 1463 diligere
1097 1392 1346 1462 jubetur,
1388 1391 1645 1447 claudere
1674 1392 1889 1449 laborat
1916 1399 2102 1463 portas

450 1486 597 1552 vitae,
622 1486 692 1540 de
723 1484 926 1554 quibus
943 1482 1121 1538 nescit
1136 1488 1316 1537 utrum
1348 1482 1661 1551 aperiendae
1685 1483 1791 1538 sibi
1810 1483 1921 1539 sint
1950 1491 1961 1539 !
1987 1485 2101 1555 Ego

452 1588 663 1631 memor
709 1572 1021 1643 fragilitatis
1065 1584 1223 1637 mete,
1272 1570 1396 1640 plus
1434 1571 1632 1627 timens
1678 1573 1921 1642 peccatis
1967 1574 2102 1629 meis

455 1678 618 1734 quam
676 1662 912 1731 alicujus
967 1659 1532 1716 excommunicatione
1577 1660 1750 1731 (quod
1802 1661 2011 1732 absit!)
2070 1676 2103 1716 a

2182 509 2239 563 in
2269 508 2431 565 nobis
2458 507 2696 562 animum
2755 511 2811 560 et
2866 505 3114 559 habeatis
3170 510 3226 558 et
3282 501 3607 559 ostendatis.
3660 503 3831 556 Decet

2182 596 2279 652 Dei
2335 601 2391 652 et
2445 594 2627 651 crucis
2661 593 2865 650 Christi
2904 607 3141 660 servum,
3200 591 3350 662 quod
3407 604 3507 646 vos
3560 603 3684 645 esse
3737 602 3831 646 vo-

2183 686 2394 742 biscum
2451 697 2554 740 nos
2605 697 2826 753 quoque
2864 681 3119 749 fatemur,
3176 680 3232 736 id
3285 679 3466 737 facere
3512 678 3662 750 quod
3701 676 3834 735 fecit

2182 775 2301 845 ipse
2340 775 2434 843 qui
2465 786 2703 839 crucem,
2745 771 2802 827 id
2827 778 2911 827 est
2940 771 3154 842 signum
3194 771 3408 837 mortis,
3448 767 3736 825 moriendo
3775 768 3833 823 in

2183 877 2246 919 ea
2283 877 2497 934 nosque
2536 860 2894 925 redimendo,
2946 860 3003 915 in
3043 859 3257 929 signum
3294 858 3421 913 vitae
3455 856 3703 924 mutavit,
3734 855 3837 911 im-

2184 951 2385 1023 plendo
2424 950 2479 1007 id
2517 950 2666 1020 quod
2704 948 3001 1020 Apostolus
3048 954 3104 1004 et
3158 947 3342 1014 docet,
3398 954 3455 1002 et
3504 951 3693 1002 monet
3730 958 3838 1001 nos

2181 1055 2403 1113 quoque
2431 1038 2612 1096 facere
2667 1039 2893 1104 debere,
2942 1036 3038 1093 ubi
3083 1037 3200 1092 ait:
3250 1035 3484 1093 Christus
3516 1050 3710 1107 passus
3757 1040 3837 1090 est

2177 1145 2277 1202 pro
2323 1128 2493 1196 nobis,
2550 1127 2696 1183 uobis
2731 1125 3029 1197 relinquens
3083 1122 3375 1196 exemplum
3429 1129 3486 1179 ut
3537 1123 3838 1194 sequamini

2182 1219 2401 1287 uestigia
2428 1217 2559 1287 ejus,
2600 1217 2687 1287 qui
2707 1220 2981 1288 peccatum
3016 1229 3121 1270 non
3145 1214 3288 1285 fecit,
3338 1228 3434 1268 nec
3475 1213 3712 1268 inuentus
3757 1216 3837 1267 est

2184 1305 2335 1361 dolus
2362 1306 2419 1360 in
2446 1319 2537 1360 ore
2565 1304 2714 1374 ejus;
2766 1303 2849 1358 cui
2896 1317 3010 1358 cum
3056 1300 3473 1367 malediceretur,
3520 1315 3625 1355 non
3672 1299 3838 1355 male-

2185 1393 2431 1460 dicebat;
2488 1408 2603 1448 cum
2624 1396 2916 1464 pateretur,
2962 1406 3067 1446 non
3111 1390 3506 1446 comminabitur
3525 1408 3543 1444 :
3591 1387 3839 1445 tradebat

2183 1487 2356 1539 autem
2402 1482 2669 1551 judicanti
2704 1496 2762 1536 se
2816 1480 3029 1549 injuste.
3079 1479 3185 1547 Qui
3231 1483 3450 1551 peccata
3493 1482 3677 1534 nostra
3722 1478 3837 1549 ipse

2177 1570 2391 1644 pertulit
2417 1572 2473 1625 in
2501 1584 2719 1641 corpore
2752 1583 2848 1624 suo
2876 1581 3033 1639 super
3069 1566 3281 1636 lignum,
3329 1571 3405 1635 ut,
3431 1567 3665 1638 peccatis
3701 1579 3838 1620 mor-

2184 1661 2280 1727 tui,
2337 1659 2557 1730 justitiw
2620 1658 2852 1713 vivamus
2866 1678 2885 1723 ,-
2954 1655 3100 1726 cujus
3163 1655 3327 1711 liuore
3387 1654 3568 1710 sanati
3631 1669 3831 1709 sumus.

455 1752 632 1823 gratia
660 1750 758 1806 Dei
797 1748 1054 1814 excludi;
1085 1749 1290 1820 gratias
1318 1749 1429 1804 Deo
1461 1754 1515 1804 et
1542 1749 1698 1805 vobis
1727 1750 1919 1816 reddo,
1953 1749 2100 1820 quod
2120 1744 2170 1803 B
2190 1749 2372 1803 Sancti
2398 1748 2602 1819 quique
2631 1760 2663 1801 a
2693 1744 2965 1816 principio
3004 1743 3193 1800 mundi
3226 1744 3529 1814 paratiores
3555 1742 3625 1799 ad
3674 1743 3838 1798 bene-

457 1853 544 1895 me
574 1839 791 1894 interim
822 1838 891 1892 ab
921 1836 1510 1904 excommunicatione,
1542 1837 1657 1893 sive
1685 1838 1742 1894 id
1771 1836 1973 1905 facere,
1997 1840 2112 1895 sive

457 1941 571 1984 non
629 1926 901 1983 debuistis
938 1932 1034 1981 aut
1087 1925 1304 1981 debetis
1358 1924 1558 1992 facere,
1592 1927 1947 1982 sustinuistis.
1989 1928 2114 1982 Fra-

458 2023 598 2073 trem
636 2021 818 2072 tamen
857 2014 1031 2081 illum,
1062 2029 1247 2085 quem,
1289 2020 1351 2070 ut
1387 2015 1649 2083 scribitis,
1690 2016 1759 2071 ab
1804 2015 1952 2072 omni
1997 2015 2113 2073 ofﬁ‘

458 2106 546 2162 cio
584 2104 1010 2162 Christianitatis
1076 2104 1406 2159 auctoritate
1471 2106 1568 2160 Dei
1617 2110 1674 2160 et
1719 2106 1894 2161 sancti
1941 2107 2113 2161 Bene-

458 2195 613 2261 dicti,
665 2198 722 2250 et
778 2193 1019 2249 omnium
1078 2199 1391 2248 sanctorum
1432 2195 1738 2263 separatis;
1798 2208 1909 2250 non
1949 2193 2108 2251 video

458 2298 566 2354 qua
603 2283 836 2348 ratione,
895 2295 1070 2351 quove
1124 2283 1275 2351 justo
1328 2280 1512 2351 aliquo
1556 2282 1769 2351 judicio
1824 2283 1882 2339 id
1929 2281 2111 2340 facere

457 2372 729 2428 debuistis
765 2378 857 2427 aut
897 2371 1166 2427 debeatis.
1206 2371 1505 2427 Monachus
1561 2372 1704 2427 enim
1763 2373 1865 2429 sub
1921 2373 2111 2444 regula

456 2462 633 2518 sancti
662 2460 969 2526 Benedicti,
997 2474 1159 2530 quem
1204 2461 1366 2515 nobis
1409 2466 1693 2516 auctorem
1740 2462 1795 2517 in
1837 2462 1929 2518 tali
1977 2475 2112 2517 sen-

457 2550 632 2605 tentia
676 2548 1005 2614 advocastis,
1046 2548 1105 2603 in
1158 2548 1491 2604 monasterio
1529 2549 1856 2619 regulariter
1899 2550 2107 2618 vivens,

460 2637 791 2707 prohibetur
821 2637 1043 2707 penitus
1070 2636 1282 2706 proprii
1312 2637 1499 2693 cordis
1527 2638 1685 2708 sequi
1732 2639 2107 2708 voluntatem;

461 2733 518 2782 et
547 2739 659 2781 non
689 2724 867 2781 solum
914 2731 1071 2794 septa
1122 2725 1464 2793 monasterii,
1523 2726 1621 2782 sed
1671 2739 1774 2783 nec
1812 2727 2110 2784 claustrum

461 2814 672 2886 egredi.
740 2812 1026 2881 Quomodo
1101 2827 1234 2884 ergo
1298 2820 1478 2870 vestra
1543 2815 2109 2871 excommunicatione

462 2908 646 2972 potest
684 2902 916 2973 obligari
948 2904 995 2956 is
1024 2901 1140 2971 qui,
1182 2901 1386 2957 nullam
1433 2908 1759 2972 potestatem
1788 2905 1873 2958 sui
1920 2903 2004 2959 vel
2054 2904 2109 2958 in

464 3005 698 3060 corpore
762 2990 846 3046 vel
908 2990 965 3045 in
1017 2990 1199 3046 animo
1238 2990 1467 3057 habens,
1523 2992 1736 3047 etiamsi
1790 2992 1940 3061 velit,
1999 3006 2111 3048 non

2193 1837 2487 1892 dicendum
2551 1849 2714 1907 quam
2778 1834 2846 1890 ad
2904 1833 3337 1890 maledicendum
3395 1832 3655 1889 fuerunt:
3727 1845 3837 1902 quo

2192 1926 2443 1996 exemplo
2474 1924 2617 1981 idem
2649 1937 2751 1980 nos
2781 1921 2961 1979 facere
3000 1922 3329 1979 docuerunt.
3360 1922 3499 1990 Quid
3539 1935 3837 1978 memorem

2193 2016 2342 2071 Isaac
2376 2014 2547 2070 Jacob
2601 2012 3062 2069 benedicentem?
3118 2010 3250 2081 quid
3288 2011 3468 2082 ipsum
3515 2010 3687 2066 Jacob
3726 2023 3837 2065 non

2191 2104 2368 2160 solum
2433 2103 2614 2170 ﬁlios,
2692 2101 2789 2157 sed
2855 2108 2911 2157 et
2973 2099 3312 2181 Pharaonem
3374 2099 3843 2156 benedicentem?

2192 2191 2742 2264 Moysen'duodecim
2780 2191 2979 2257 tribus,
3019 2190 3328 2246 Simeonem
3367 2203 3611 2259 quoque,
3653 2202 3782 2244 eum
3809 2203 3845 2244 a

2192 2295 2302 2352 quo
2332 2288 2530 2338 cuncta
2558 2280 2875 2337 benedictio
2895 2281 3063 2345 venit,
3085 2279 3373 2334 Dominum
3394 2277 3839 2343 benedicentem;

2192 2385 2315 2427 cum
2352 2373 2597 2442 legamus
2661 2369 2823 2425 etiam
2887 2368 3249 2438 alienigenam
3314 2366 3526 2423 Balaam
3590 2367 3843 2423 timuisse

2192 2460 2521 2516 maledicere
2558 2458 2822 2530 p0pulum
2860 2456 3120 2514 Domini?
3157 2457 3444 2524 Quomodo,
3495 2456 3697 2526 inquit,
3734 2472 3847 2512 ma-

2191 2549 2413 2605 ledicam
2439 2550 2522 2604 cui
2570 2547 2836 2603 benedixit
2877 2548 3127 2602 Dominus
3147 2546 3178 2601 ?
3222 2546 3277 2601 Si
3316 2547 3457 2602 bene
3495 2546 3742 2613 memini,
3785 2548 3844 2602 in

2190 2644 2382 2694 sancto
2440 2637 2730 2708 Evangelio
2770 2636 3032 2692 Dominus
3067 2635 3186 2707 ipse
3241 2635 3345 2691 soli
3384 2634 3633 2691 ﬁculneae
3672 2634 3846 2691 infru-

2191 2733 2400 2785 ctuosa:
2440 2727 2786 2783 maledixisse
2825 2726 3045 2797 legitur,
3086 2739 3210 2781 cum
3241 2725 3442 2781 multos
3470 2732 3526 2780 et
3572 2725 3628 2780 in
3668 2726 3846 2781 veteri

2192 2823 2248 2872 et
2285 2816 2340 2871 in
2380 2829 2520 2872 nova
2552 2815 2671 2886 lege
2703 2815 3049 2871 benedixisse
3088 2813 3322 2884 legatur.
3362 2815 3531 2881 Quam
3569 2826 3736 2868 unam
3773 2813 3845 2869 de

2193 2904 2424 2960 ficulnea
2492 2904 2935 2959 maledictionem
2992 2917 3092 2958 cur
3129 2901 3343 2971 fecerit,
3384 2915 3483 2958 vos
3518 2916 3605 2958 me
3646 2902 3849 2957 melius

2194 2993 2390 3048 nostis.
2430 2993 2572 3047 Ecce
2602 2992 2706 3047 iste
2743 2991 2932 3058 frater,
2964 3004 3127 3061 quem
3174 2996 3326 3046 tanta
3368 2990 3848 3046 animadversione

466 3086 651 3150 potest
688 3078 916 3149 implere
955 3077 1011 3133 id
1050 3084 1278 3149 propter
1315 3077 1463 3148 quod
1514 3080 2018 3137 excommunicatur
2055 3070 2265 3137 utCab
2297 3081 2446 3137 omni
2484 3079 2911 3136 Christianitatis
2955 3077 3140 3136 ofﬁcio
3176 3078 3342 3134 vultis
3377 3078 3727 3134 anathemate
3763 3093 3851 3135 se-

466 3166 674 3223 faciat?
709 3168 867 3223 Jesus
910 3167 965 3221 in
1004 3166 1297 3221 Pharisaais
1342 3167 1687 3236 vituperabat
1733 3168 1880 3238 quod
1927 3169 2115 3239 alliga-

474 3262 598 3311 rent
626 3269 795 3311 onera
824 3255 1008 3325 gravia
1046 3260 1102 3310 et
1148 3254 1540 3324 importabilia.
1591 3256 1697 3311 Sed
1744 3257 1790 3311 si
1837 3256 1930 3312 illa
1967 3258 2113 3312 vitu-

474 3344 759 3415 perabilis,
792 3344 921 3414 quia
969 3343 1373 3413 importabilia;
1416 3344 1519 3400 ista
1552 3345 1725 3416 magis
1769 3345 2119 3415 reprehensi-

470 3434 622 3502 hilia,
664 3434 793 3504 quia
820 3432 1202 3502 impossibilia.

539 3522 646 3579 Sed
686 3520 872 3577 dicitis
899 3536 996 3577 vos
1033 3521 1090 3577 id
1129 3520 1331 3589 facere,
1382 3522 1513 3592 quia
1568 3522 1719 3579 licet.
1776 3522 1883 3578 Sed
1922 3522 2121 3578 Paulus

465 3612 603 3667 dicit
652 3610 835 3667 omnia
883 3610 990 3666 sibi
1037 3611 1228 3678 licere,
1276 3611 1374 3667 sed
1423 3624 1534 3667 non
1574 3611 1854 3682 expedire.
1904 3612 2121 3667 Utinam

458 3702 616 3771 juxta
678 3699 1090 3770 beneplacitum
1147 3700 1243 3755 Dei
1301 3700 1505 3755 nemini
1561 3700 1756 3757 liceret
1811 3702 1917 3757 nisi
1971 3701 2120 3772 quod

465 3790 722 3859 expedit!
785 3788 891 3844 Sed
953 3788 1083 3857 quia
1139 3788 1195 3842 in
1234 3788 1464 3843 arbitrio
1502 3795 1694 3844 nostro
1744 3790 1981 3859 positum
2039 3802 2124 3853 est

464 3876 668 3933 bonum
720 3883 775 3932 et
813 3876 1036 3943 malum,
1086 3876 1196 3931 vita
1233 3876 1285 3931 et
1339 3890 1509 3943 mors,
1568 3877 1867 3932 cavendum
1925 3883 2009 3933 est
2064 3880 2122 3934 in

466 3977 628 4032 quam
659 3969 881 4034 partem
912 3963 1286 4029 deﬂectamus,
1336 3964 1747 4036 timendumque
1794 3966 1942 4036 quod
1989 3966 2126 4022 dici'

2198 3184 2413 3240 parare,
2454 3175 2660 3238 quanto
2717 3168 2926 3233 labore,
2986 3174 3189 3237 quanta
3245 3175 3362 3223 arte
3418 3168 3740 3238 etingenio
3779 3182 3850 3224 ex

2198 3258 2405 3314 ultimis
2448 3256 2666 3313 Iudaici
2714 3257 2904 3327 pepuli
2942 3255 3160 3326 favillis,
3218 3270 3343 3325 quae
3397 3255 3532 3312 solae
3570 3256 3705 3313 olim
3743 3256 3853 3312 sal-

2198 3346 2390 3402 vandae
2437 3345 2819 3417 praenuntiata;
2856 3351 3004 3412 sunt,
3035 3347 3125 3401 vix
3153 3345 3221 3401 ad
3260 3344 3423 3401 ﬁdem
3471 3345 3745 3403 collectus
3778 3347 3858 3402 sit

2200 3442 2257 3491 et
2278 3435 2498 3491 Christo
2527 3434 2836 3505 c0pulatus,
2868 3448 2966 3490 vos
2994 3433 3192 3490 melius
3219 3434 3433 3490 nostis:
3464 3440 3521 3490 et
3567 3448 3720 3491 nunc
3750 3450 3856 3506 pro

2200 3522 2482 3591 vilissima,
2522 3523 2633 3579 imo
2663 3523 2812 3578 nulla
2859 3537 3042 3590 causa,
3091 3537 3123 3578 a
3161 3537 3395 3593 corpore
3440 3523 3644 3580 Christi
3684 3524 3855 3595 (quod

2201 3609 2411 3682 absit!)
2447 3611 2816 3681 praecidatur!
2859 3612 2980 3667 Non
3018 3611 3092 3666 ita
3129 3611 3352 3681 sanguis
3389 3611 3591 3668 Christi
3619 3612 3857 3682 vilipen-

2203 3699 2419 3755 dendus
2437 3704 2541 3766 est,
2572 3701 2668 3770 qui
2701 3700 2887 3769 posuit
2912 3699 3144 3755 animam
3174 3714 3327 3756 suam
3360 3715 3460 3770 pro
3489 3700 3689 3757 ovibus
3716 3701 3855 3768 suis,

2204 3796 2262 3844 et
2298 3802 2398 3859 pro
2454 3802 2557 3845 suo
2595 3802 2762 3860 grege
2800 3789 2942 3845 mori
2979 3789 3236 3860 dignatus
3290 3796 3395 3856 est,
3452 3790 3542 3846 cui
3579 3789 3763 3861 gloria
3798 3788 3855 3845 in

2204 3877 2426 3933 saecula.

2276 3966 2337 4020 lu
2358 3965 2508 4021 calce
2537 3966 2786 4036 epistolae
2815 3972 2943 4036 peto
2973 3980 3098 4022 cum
3125 3968 3274 4024 omni
3303 3967 3611 4023 humilitate
3642 3978 3700 4024 et
3728 3969 3859 4024 sub-

465 4057 592 4107 tur:
638 4054 724 4107 Vce
757 4051 851 4123 qui
892 4051 1071 4106 dicunt
1096 4051 1284 4106 bonum
1310 4051 1522 4120 malum,
1564 4058 1612 4108 et
1656 4052 1850 4109 malum
1895 4053 2123 4115 bonum!
2201 4055 2444 4124 jectione
2509 4060 2569 4110 ut
2622 4055 2853 4125 gratiam
2909 4062 2965 4111 et
3015 4055 3336 4112 charitatem
3401 4062 3640 4113 vestram
3694 4059 3861 4114 nobis

464 4138 569 4195 Sed
600 4141 647 4196 si
678 4140 755 4194 ita
784 4139 1056 4210 agendum
1088 4145 1229 4206 erat,
1270 4139 1536 4196 directius
1564 4140 1620 4196 in
1651 4141 1803 4197 illum
1852 4142 1973 4200 haec
2001 4156 2123 4199 sen-
2207 4142 2548 4211 concedatis,
2590 4150 2646 4198 et
2683 4143 2829 4200 sicut
2856 4144 3053 4201 fratres
3081 4151 3137 4201 et
3173 4146 3377 4213 socios,
3407 4146 3494 4202 vel
3536 4146 3706 4216 (quod
3737 4162 3858 4202 ma-

465 4228 635 4283 tentia
665 4227 1022 4299 dirigeretur,
1052 4228 1174 4298 qui,
1208 4228 1349 4284 male
1377 4243 1409 4284 a
1447 4229 1612 4286 domo
1649 4236 1875 4300 paterna
1912 4231 2121 4288 exiens.
2207 4231 2401 4303 lumus)
2430 4238 2491 4287 ut
2518 4246 2706 4288 servos
2734 4234 3051 4304 suscipiatis
3079 4240 3135 4291 et
3162 4235 3418 4303 teneatis,
3449 4240 3525 4303 et,
3548 4236 3682 4305 quia
3708 4236 3860 4291 inﬁr-

462 4330 566 4372 nec
604 4324 755 4373 recte
796 4316 1043 4383 rediens,
1086 4318 1258 4387 patris
1286 4316 1547 4373 oﬂ’ensam
1588 4332 1698 4375 non
1744 4319 1975 4391 mitigat,
2025 4321 2123 4376 sed
2209 4321 2282 4377 mi
2321 4326 2377 4376 et
2415 4328 2737 4391 peccatores
2773 4337 2980 4389 sumus,
3012 4323 3184 4395 magis
3221 4336 3323 4380 nos
3360 4324 3622 4394 precibus
3659 4326 3861 4380 vestris

463 4406 778 4462 exacerbat.
822 4405 924 4461 llle
968 4419 1116 4461 nunc
1162 4406 1320 4461 duris
1366 4407 1666 4477 pugionum
1714 4409 1920 4464 aculeis
1964 4394 2496 4480 casti-Dadjuvetis,
2529 4417 2589 4466 ut
2625 4411 2827 4467 Christi
2869 4412 3214 4482 praesentiam
3244 4419 3300 4468 et
3334 4419 3653 4469 sanctorum
3683 4413 3862 4469 coha-

441 4495 703 4566 -gandus,
738 4508 884 4550 nunc
936 4494 1159 4550 blandis
1207 4496 1571 4552 monitionum
1627 4495 1887 4553 fomentis
1932 4498 2127 4554 adhor.
2208 4499 2531 4555 bitationem
2569 4514 2895 4567 mereamur,
2926 4514 3087 4570 quam
3127 4514 3157 4556 a
3196 4507 3345 4557 tanta
3383 4502 3556 4573 gratia
3594 4501 3710 4557 ulla
3748 4515 3860 4557 ma—

472 4583 692 4650 tandus,
751 4590 1034 4653 postremo
1088 4583 1275 4654 jaculo
1328 4584 1691 4640 anathematis
1736 4587 1932 4642 merito
1978 4583 2125 4643 esset

469 4669 775 4739 feriendus,
811 4672 989 4727 donec
1020 4673 1079 4728 in
1117 4686 1176 4728 se
1215 4687 1468 4729 reversus
1496 4674 1748 4729 diceret:
1798 4677 1977 4743 Pater,
2008 4690 2124 4746 pec-

466 4762 582 4817 cavi
638 4763 693 4818 in
747 4761 927 4817 castum
983 4768 1032 4818 et
1097 4777 1276 4817 coram
1332 4768 1419 4830 te;
1449 4763 1564 4833 jam
1617 4779 1722 4818 non
1774 4779 1889 4820 sum
1938 4764 2123 4834 dignus

466 4853 649 4907 uocari
675 4851 816 4923 ﬁlius
845 4858 965 4908 tuus
986 4873 1005 4917 ;
1050 4853 1141 4923 fac
1177 4867 1257 4907 me
1302 4853 1435 4908 sicut
1481 4867 1637 4908 unum
1674 4853 1738 4908 de
1786 4855 2122 4909 mercenariis

462 4941 585 4996 tuis.
625 4942 782 4996 Nunc
840 4947 1049 4997 mutato
1107 4941 1325 5008 ordine,
1387 4942 1481 5011 qui
1541 4949 1751 5012 patrem
1807 4942 2120 4999 recedendo

463 5028 712 5097 oll‘endit,
755 5043 856 5099 pro
888 5030 1045 5085 malis
1083 5031 1228 5086 bona
1254 5031 1533 5101 recipiens
1562 5045 1684 5087 cum
1736 5039 1889 5101 patre
1937 5033 2121 5103 epula-

466 5125 591 5186 tur;
626 5127 680 5175 et
710 5119 801 5174 ille
822 5119 916 5189 qui
951 5133 1075 5174 cum
1106 5124 1262 5189 patre
1312 5133 1534 5189 semper
1581 5120 1800 5185 mansit,
1855 5134 1955 5176 nec
2002 5123 2120 5190 ejus

464 5209 778 5264 mandatum
812 5207 1133 5279 praeterivit,
1177 5223 1277 5278 pro
1325 5208 1489 5264 haedo
1537 5223 1699 5279 quem
1741 5210 2115 5280 exspectabat,

466 5296 973 5352 anathematizatur.
1041 5296 1285 5353 Clamare
1352 5312 1475 5353 cum
1542 5297 1812 5367 prOpheta
1877 5300 2118 5369 compel-

468 5383 554 5440 lor
594 5404 608 5439 :
680 5386 816 5452 Quia
872 5385 1066 5456 impius
1122 5384 1377 5457 prazvalet
1433 5386 1684 5442 adversus
1725 5387 1941 5456 justum,
1998 5389 2115 5444 ideo

469 5474 732 5544 egreditur
744 5475 1000 5545 judicium
1022 5489 1344 5547 peruersum.

542 5564 760 5629 Verum,
802 5566 930 5633 quia
987 5563 1333 5632 querelosius
1387 5564 1490 5621 iste
1545 5579 1725 5621 sermo
1783 5572 1972 5622 noster
2002 5567 2115 5636 jam

2206 4588 2504 4645 ledictione
2546 4595 2639 4644 aut
2665 4589 3031 4657 anathemate,
3073 4590 3221 4661 quod
3259 4590 3438 4647 absit!
3476 4590 3859 4648 excludamur.

2205 4678 2359 4745 Quod
2389 4677 2436 4732 si
2473 4678 2633 4733 vobis
2670 4677 2872 4745 facere,
2908 4692 3018 4735 non
3050 4685 3240 4736 nostro
3268 4681 3486 4746 merito,
3516 4679 3616 4735 sed
3655 4679 3864 4737 Christi

2206 4772 2462 4836 respectu
2528 4772 2583 4822 et
2649 4766 2889 4823 fraterna
2953 4768 3220 4825 charitate
3285 4768 3573 4839 placuerit,
3653 4769 3863 4840 gratias

2203 4855 2451 4925 agimus;
2492 4856 2578 4910 sin
2616 4855 2798 4923 aliter,
2829 4855 2886 4911 id
2926 4870 3029 4914 nos
3055 4858 3260 4913 nostris
3296 4858 3539 4928 peccatis
3576 4858 3865 4929 reputabi-

2204 4957 2343 5010 mus,
2370 4958 2472 4999 nec
2501 4949 2684 4999 tamen
2713 4943 2782 4999 de
2802 4944 2897 4998 Dei
2929 4944 3091 5001 difﬁsi
3122 4946 3520 5012 misericordia,
3553 4960 3664 5016 qua
3697 4947 3859 5017 plena

2203 5038 2290 5087 est
2319 5040 2485 5097 terra,
2516 5032 2882 5102 praecabimur
2909 5047 3033 5089 eum
3071 5035 3166 5105 qui
3195 5036 3394 5105 aperit,
3426 5042 3482 5091 et
3509 5049 3677 5091 nemo
3706 5036 3860 5091 clau-

2203 5121 2324 5188 dit;
2358 5122 2584 5189 claudit,
2617 5128 2673 5178 et
2703 5135 2866 5178 nemo
2901 5124 3098 5192 aperit,
3150 5130 3209 5180 ut
3253 5124 3371 5180 sola
3403 5139 3502 5180 sua
3539 5124 3719 5195 gratia
3759 5139 3863 5181 nos

2202 5210 2433 5280 recipiat
2472 5210 2527 5264 in
2567 5210 2785 5266 interna
2824 5211 3198 5269 tabernacula.

2272 5299 2330 5352 1n
2369 5296 2477 5351 line
2508 5298 2759 5367 epistolae
2805 5303 3025 5367 vestrae,
3060 5300 3152 5356 ubi
3191 5300 3260 5355 ad
3310 5299 3680 5356 valetudinem
3731 5314 3862 5357 ven-

2199 5394 2312 5442 tum
2379 5391 2482 5452 est,
2546 5385 2640 5442 diu
2701 5388 2759 5442 in
2822 5387 2992 5444 verbo
3067 5388 3449 5445 valedictionis
3515 5389 3859 5455 haesitastis;

2199 5481 2481 5557 postremo
2513 5488 2637 5530 cum
2666 5474 2904 5545 quadam
2930 5477 3337 5544 convenientia,
3362 5486 3422 5534 ut
3449 5478 3661 5545 dicitis,
3682 5478 3860 5535 valete

2198 5561 2334 5620 lllud
2374 5563 2772 5635 perell‘udistis,
2824 5566 2980 5635 quasi
3029 5581 3153 5623 cum
3198 5566 3463 5625 heretico
3509 5568 3672 5625 vobis
3709 5574 3856 5625 esset
