4014 6176
283 317 377 372 473

1755 319 2115 376 EPISTOLE.

3525 321 3631 376 474

282 453 462 504 sermo,
495 439 563 495 de
594 454 705 510 quo
735 440 884 497 ﬁdeli
925 443 1281 513 praecipitur:
1315 442 1492 500 Nolite
1530 444 1759 514 recipere
1787 447 1968 504 eumA
1988 445 2398 512 monasterium,
2431 445 2633 501 ibidem
2683 443 2962 500 residebat
3001 445 3111 513 jam
3151 458 3181 498 a
3220 445 3406 501 multis
3443 447 3624 502 annis.

278 533 328 585 in
352 530 519 595 domo,
560 544 656 584 nec
684 545 780 584 (we
809 531 858 585 ei
887 531 1151 588 dixeritis.
1187 535 1298 603 Ego
1328 532 1698 587 valedicturus
1726 533 1903 597 vobis,

279 620 329 674 in
355 618 515 674 verbo
547 620 933 676 valedictionis
983 621 1055 675 nil
1096 622 1329 686 haesito;
1383 621 1501 688 sed,
1536 627 1595 676 ut
1633 623 1812 679 ﬁdelis
1851 632 1907 681 et

171 778 174 782 '
277 706 567 763 catholicus
613 708 975 776 Christianus,
1024 711 1180 765 vobis
1227 711 1373 765 Patri
1423 717 1478 764 et
1515 710 1739 768 domino
1781 714 1904 768 sin-

277 797 465 852 ceriter
493 797 659 854 dico:
702 797 910 866 Valete,
962 805 1016 854 et
1061 801 1284 855 verbum
1331 800 1578 870 Apostoli
1626 801 1681 856 in
1731 803 1901 858 corde

274 899 430 955 saepe,
471 891 531 941 ut
567 885 766 954 facitis,
799 887 1062 943 revolvite
1097 908 1109 942 :
1143 889 1443 943 Benedicite
1474 892 1906 960 persequentibus

273 988 374 1028 vos.
406 974 519 1044 Ego
549 979 729 1030 autem
759 974 886 1030 dico
929 995 942 1031 :
990 976 1305 1032 Benedicite
1355 991 1465 1033 non
1515 980 1909 1049 persequenti-

272 1061 384 1126 bus,
415 1061 512 1116 sed
554 1061 910 1133 diligentibus
947 1077 1064 1130 vos,
1097 1065 1409 1120 benedicite
1441 1072 1497 1121 et
1536 1066 1707 1122 nolite
1738 1067 1906 1122 male-

269 1149 467 1205 dicere.
518 1152 721 1207 lterum
760 1151 958 1218 valete,
1000 1159 1055 1207 et
1092 1153 1137 1206 si
1186 1153 1317 1222 quid
1367 1154 1423 1208 in
1474 1154 1750 1224 loquendo
1783 1171 1908 1225 pec-

269 1239 396 1304 cavi,
429 1239 722 1309 ignoscite,
765 1242 892 1310 quia
940 1241 996 1296 in
1042 1241 1405 1297 amaritudine
1453 1243 1638 1298 cordis
1688 1244 1906 1300 locutus

267 1341 398 1383 sum.

920 1434 1224 1474 ADNOTATIO
1233 1461 1244 1473 .

327 1507 463 1560 Tota
520 1505 749 1562 Joannis
809 1508 1176 1577 expostulatio
1234 1522 1356 1564 cum
1415 1509 1639 1564 Warino
1697 1515 1779 1565 est
1835 1511 1904 1566 de

262 1577 566 1651 repetendo
604 1577 907 1651 Benedicto
956 1580 1359 1634 Fiscamnensis
1386 1580 1676 1646 monacho,
1715 1583 1807 1651 qui
1839 1597 1903 1637 ex

258 1647 444 1703 iudico
508 1649 872 1715 Christianus,
923 1654 1035 1705 tum
1094 1651 1363 1705 Fiscamni
1412 1647 1903 1708 monachus'eﬁe-

261 1724 394 1785 ctus,
445 1719 580 1774 dein
639 1721 992 1776 transmissus
1048 1721 1115 1776 ad
1166 1723 1406 1778 Metense
1458 1723 1641 1778 Sancti
1696 1724 1903 1780 Arnulﬁ

1992 517 2164 584 Hujus
2203 517 2573 572 contentionis
2619 515 2814 571 artifex
2860 520 2976 570 erat
3029 516 3338 570 Bernardus
3385 518 3627 586 quidam,

1991 587 2062 642 ob
2093 587 2148 642 id
2189 602 2217 642 a
2266 589 2489 643 Warino
2545 588 2729 643 Doech
2781 587 3133 656 appellatur:
3185 588 3280 656 qui
3330 601 3395 640 ex
3443 590 3629 643 Sancti

1988 658 2194 712 Arnulﬁ
2239 660 2572 714 monasterio
2622 657 2897 728 transfuga
2944 659 3285 713 Fiscamnum
3319 672 3439 712 sese
3471 673 3626 713 rece-

1989 734 2164 798 perat.
2196 731 2274 784 Ex
2305 731 2511 784 Warini
2541 736 2721 784 autem
2761 729 2993 798 epistola
3032 734 3247 784 constat
3282 728 3627 784 Guillelmum

1989 799 2188 868 ipsum,
2235 802 2330 869 qui
2377 802 2644 856 Fiscamni
2692 800 2861 855 abbas
2909 800 3031 866 fuit,
3086 801 3248 855 etiam
3305 801 3487 854 Sancti
3534 802 3630 854 Ar-

1988 869 2119 925 nulﬁ
2178 869 2512 926 monasterio
2579 871 2884 940 praefuisse,
2951 871 3204 925 nimirum
3271 877 3396 940 post
3460 872 3629 925 Bene-

1990 941 2197 996 dictum
2241 943 2469 997 Joannis
2515 943 2744 997 secundi
2792 956 3206 1005 successorem;
3259 949 3371 996 tum
3404 941 3454 996 ei
3493 955 3624 995 suc-

1989 1012 2221 1067 cessisse
2286 1013 2568 1068 Oddonem
2596 1056 2610 1079 ,
2677 1014 2765 1069 cui
2832 1014 3092 1068 suffectus
3146 1013 3403 1067 Warinus
3468 1013 3631 1080 hujus

1989 1083 2238 1153 epistola:
2277 1091 2489 1139 auctor.
2523 1084 2748 1140 Warino
2777 1099 2907 1140 vero
2947 1085 3273 1153 subrogatus
3311 1090 3394 1138 est
3421 1082 3632 1138 Willel-

1989 1169 2128 1219 mus,
2161 1154 2255 1224 qui
2285 1163 2582 1223 sequentes
2611 1154 2874 1223 epistolas
2901 1155 3144 1224 scripsit.
3177 1157 3255 1210 Ex
3283 1155 3482 1224 quibus
3511 1167 3632 1209 cor-

1989 1225 2251 1294 rigendus
2316 1231 2400 1280 est
2455 1226 2705 1294 vulgatus
2769 1227 2934 1280 index
2991 1227 3245 1280 abbatum
3313 1224 3630 1280 monasterii

1988 1297 2170 1352 Sancti
2217 1296 2442 1352 Arnulﬁ.
2491 1295 2570 1351 Ad
2612 1297 2750 1362 haec,
2783 1297 2948 1352 docet
2987 1311 3088 1352 nos
3118 1297 3326 1351 Warini
3375 1295 3629 1367 epistola,

1981 1368 2165 1436 ipsum
2194 1368 2438 1434 Gorziae;
2487 1369 2750 1423 Joannem
2793 1382 2924 1423 vero
2974 1369 3411 1422 Fiscamnensem
3464 1367 3633 1421 abba-

1989 1444 2098 1493 tem
2145 1439 2537 1493 Divisionensis
2584 1439 2922 1504 monasterii,
2975 1439 3122 1508 quod
3172 1439 3425 1507 superius
3473 1445 3630 1493 nota-

1988 1511 2133 1571 bam.
2174 1510 2497 1564 monachum
2554 1508 2721 1564 fuisse
2778 1517 2904 1564 ante
2970 1509 3156 1563 initam
3226 1508 3626 1577 prtefecturam.

1989 1581 2232 1650 Denique
2262 1581 2514 1635 Warinus
2541 1587 2667 1635 ante
2705 1579 3088 1635 monachatum
3128 1580 3484 1634 Leodicensis
3522 1579 3632 1634 cle-

1989 1654 2136 1707 ricus
2181 1651 2304 1715 fuit,
2351 1658 2584 1706 testante
2641 1651 2978 1706 Adelmanno
3037 1652 3092 1705 in
3140 1651 3388 1706 versibus
3445 1650 3633 1720 rhyth-

1988 1723 2144 1778 micis
2182 1721 2411 1778 inferius
2448 1723 2696 1778 edendis.

261 1875 608 1961 Sequentes
645 1878 950 1960 epistolas
993 1879 1204 1943 edidit
1235 1881 1321 1944 D.
1363 1881 1652 1944 Martem
1691 1881 2013 1944 Thesauri
2049 1881 2535 1945 Anecdotoru-m
2578 1891 2728 1945 tom.
2771 1881 2840 1978 1,.
2865 1881 2987 1977 col.
3023 1879 3178 1958 206,
3223 1880 3348 1943 154
3382 1889 3440 1942 et
3479 1878 3626 1942 198.

858 2056 1178 2111 EPISTOLA
1217 2059 1302 2112 Vl.

255 2191 478 2232 JOANNIS
506 2193 730 2234 ABBATIS
769 2194 1151 2236 FISCAMNENSIS
1179 2197 1249 2236 AD
1280 2197 1572 2238 MONACHOS
1601 2197 1897 2238 DYSCOLOS.

616 2269 706 2339 (D.
748 2270 966 2325 Man'rsu
1018 2270 1271 2327 Thesaur.
1313 2271 1544 2341 Anccd.)

319 2391 520 2457 Frater
573 2394 841 2458 Joannes,
902 2394 1302 2450 Fiscamnensis
1357 2396 1556 2461 abbas,
1618 2395 1771 2451 fratri
1830 2397 1900 2450 Μ.

245 2479 536 2546 quondam
569 2479 680 2534 ﬁlio
711 2481 987 2550 sociisque
1017 2483 1136 2551 ejus
1161 2483 1354 2538 oculos
1382 2485 1438 2538 in
1469 2485 1669 2552 capite.

322 2566 556 2621 Omissis
607 2567 959 2637 plurimarum
1009 2571 1340 2625 testimoniis
1395 2578 1705 2626 sanctarum
1761 2572 1906 2625 Scri-

248 2659 566 2723 pturarum,
609 2657 811 2725 quibus
866 2657 1092 2726 proprio
1149 2659 1378 2713 arbitrio
1437 2665 1654 2714 utentes
1710 2659 1904 2713 redar-

246 2749 522 2814 guuntur,
572 2745 640 2799 ad
692 2759 878 2814 puram
927 2753 981 2801 et
1032 2747 1336 2816 simplicem
1386 2748 1684 2802 beatissimi
1732 2748 1909 2802 Patris

248 2835 432 2888 nostri
465 2834 747 2889 Benedicti
778 2837 1160 2890 auctoritatem
1200 2850 1571 2891 recurramus.
1624 2838 1767 2906 Lege
1816 2836 1906 2890 iu—

250 2927 337 2975 ter
385 2927 594 2976 caetera
643 2922 734 2976 ubi
774 2923 980 2978 dicitur
1010 2925 1147 2994 (cap.
1177 2923 1305 2992 49):
1344 2924 1678 2994 «Quidquid
1729 2938 1906 2979 unus-

250 3009 494 3079 quisque
541 3008 739 3064 oﬂ‘erre
776 3011 892 3064 vult
937 3013 1072 3078 Deo,
1122 3011 1306 3066 abbati
1355 3026 1456 3067 suo
1505 3020 1799 3083 suggerat,
1852 3017 1908 3067 et

251 3109 374 3151 cum
426 3098 552 3167 ejus
599 3098 690 3152 ﬁat
737 3099 986 3154 oratione
1015 3106 1071 3154 et
1099 3099 1398 3166 voluntate,
1432 3101 1559 3170 quia
1598 3100 1745 3170 quod
1785 3101 1904 3155 sine

251 3183 648 3241 benedictione
695 3188 868 3255 patris
908 3184 1210 3257 spiritualis
1240 3188 1318 3255 ﬁt,
1352 3189 1767 3258 praesumptioni
1801 3189 1901 3243 de-

253 3274 544 3341 putabitur
586 3282 641 3329 et
669 3288 820 3330 vana:
867 3275 1080 3346 glorias,
1116 3289 1225 3331 non
1273 3277 1534 3332 mercedi.
1571 3295 1598 3328 »
1631 3278 1690 3331 In
1724 3277 1903 3346 capite

1914 2041 1961 2097 B
1984 2053 2146 2108 quem
2184 2039 2498 2104 resuscitat,
2531 2038 2821 2107 discipulis
2864 2038 3131 2108 praecepit
3178 2038 3460 2093 absolvere
3497 2056 3508 2091 :
3542 2049 3632 2090 ve-

1983 2135 2287 2183 rumtamen
2319 2133 2374 2182 et
2421 2128 2526 2183 hoc
2559 2128 2824 2182 rescimus
2862 2129 3008 2196 quia,
3043 2127 3283 2197 quandiu
3315 2127 3475 2196 culpa
3522 2139 3634 2180 ma-

1984 2223 2098 2282 net,
2151 2216 2359 2272 absolvi
2409 2216 2698 2285 quisquam
2747 2229 3092 2285 nequaquam
3140 2215 3304 2270 valet.
3363 2215 3632 2283 Prodigus

1983 2305 2147 2371 ﬁlius,
2190 2303 2433 2374 quandiu
2484 2303 2539 2357 in
2590 2303 2814 2372 regione
2862 2303 3160 2372 longinqua
3209 2317 3409 2371 porcos
3459 2304 3628 2371 pavit,

1983 2407 2093 2449 non
2134 2406 2234 2462 pro
2266 2405 2332 2448 eo
2357 2391 2560 2446 vitulus
2588 2392 2869 2461 saginatus
2901 2391 3194 2446 occiditur.
3226 2393 3357 2446 Cum
3385 2404 3538 2455 vero,
3572 2389 3630 2444 in

1982 2497 2042 2538 se
2073 2496 2346 2548 reversus,
2377 2481 2700 2550 pmnitentia
2741 2480 2939 2536 ductus
2967 2480 3036 2535 ad
3077 2489 3285 2550 patrem
3316 2478 3635 2543 revertitur,

1986 2584 2096 2626 non
2135 2572 2309 2626 solum
2351 2585 2450 2640 pro
2482 2584 2548 2626 eo
2579 2570 2782 2625 vitulus
2812 2569 3237 2634 occiditur,'sed
3287 2568 3428 2623 stola
3460 2567 3634 2636 prima

1987 2664 2042 2712 et
2086 2658 2290 2713 annulo
2339 2659 2606 2726 induitur,
2639 2666 2847 2714 etcum
2895 2657 3088 2728 grandi
3139 2657 3350 2712 honore
3399 2671 3429 2710 a
3479 2661 3634 2724 patre

1988 2748 2274 2817 recipitur.
2323 2749 2464 2803 Satis
2513 2754 2596 2803 est
2626 2748 2694 2803 de
2743 2749 2848 2802 hoc
2897 2747 3104 2802 dictum
3153 2745 3495 2814 sapientibus
3543 2749 3636 2798 aut

1990 2836 2398 2905 insipientibus,
2432 2836 2561 2904 quia
2608 2836 2695 2890 his
2723 2835 2978 2890 omnibus
3024 2834 3244 2888 debitor
3272 2847 3412 2888 sum.
3445 2831 3636 2886 Adhuc

1986 2925 2033 2978 si
2082 2924 2532 2980 excellentiorem
2561 2925 2702 2978 viam
2734 2923 3013 2978 reminisci
3044 2921 3228 2987 vultis,
3260 2921 3446 2976 audite
3502 2933 3636 2988 pau-

1988 3012 2156 3068 lulum
2213 3033 2225 3066 :
2286 3013 2345 3067 Si
2401 3011 2589 3080 linguis
2645 3012 2902 3066 hominum
2957 3010 3144 3080 loquar
3197 3015 3245 3064 et
3300 3007 3632 3076 angelorum,

1986 3100 2295 3155 charitatem
2351 3107 2523 3155 autem
2576 3115 2680 3154 non
2744 3099 2984 3165 habeam,
3044 3097 3172 3153 nihil
3236 3098 3362 3152 mihi
3420 3096 3636 3167 prodest

1949 3190 2038 3256 -(Ι
2064 3190 2183 3244 Cor.
2218 3203 2336 3254 xm,
2373 3187 2440 3256 1).
2492 3188 2546 3243 Si
2594 3188 2906 3257 gloriamini
2953 3187 3273 3257 angelorum
3321 3185 3507 3255 lingua
3556 3183 3636 3240 lo-

1987 3277 2081 3346 qui
2130 3291 2229 3345 per
2265 3291 2492 3346 scopum
2542 3275 3046 3345 contemplationis,
3089 3275 3410 3330 charitatem
3455 3271 3637 3341 perdi-

250 3376 378 3418 vcro
427 3363 682 3432 ejusdem
731 3370 934 3420 sanctae
982 3364 1209 3435 regulae,
1260 3365 1349 3419 ubi
1409 3372 1647 3434 quatuor
1701 3357 2168 3435 generaCdistis,
2202 3365 2349 3434 quod
2382 3371 2464 3419 est
2493 3364 2768 3418 vinculum
2811 3361 3186 3431 perfectionis.
3229 3363 3370 3416 Deus
3401 3359 3639 3414 charitas

251 3453 654 3508 monachorum
694 3453 960 3524 depingit,
1003 3454 1237 3522 primum
1277 3454 1695 3520 coenobitarum,
1728 3454 1782 3508 id
1823 3460 1906 3509 est

251 3543 603 3612 praecipuum
653 3557 845 3613 genus,
896 3542 1138 3598 militans
1185 3543 1286 3598 sub
1340 3543 1530 3612 regula
1572 3543 1656 3597 vel
1709 3543 1905 3598 abbate

255 3631 565 3698 collaudat,
624 3632 947 3697 secundum,
1006 3646 1180 3702 genus
1233 3632 1709 3695 anachoretarum,
1769 3632 1905 3686 sub-

249 3717 454 3776 infert:
495 3739 528 3771 «
563 3721 665 3788 Qui
712 3734 821 3776 non
855 3719 1234 3775 conversionis
1279 3719 1493 3775 fervore
1539 3719 1767 3783 novitio,
1809 3721 1906 3774 sed

251 3810 584 3866 monasterii
641 3809 968 3879 probatione
1026 3808 1303 3873 diuturna,
1355 3808 1672 3863 didicerunt
1719 3815 1909 3863 contra

251 3896 542 3955 diabolum
593 3899 889 3954 multorum
936 3897 1134 3953 solatio
1181 3899 1292 3967 jam
1340 3897 1490 3952 docti
1550 3911 1813 3967 pugnare,
1855 3904 1911 3952 et

250 3985 388 4044 bene
447 3990 716 4045 instructi
770 3987 1011 4044 fraterna
1041 4001 1107 4042 ex
1155 3988 1272 4042 acie
1311 3987 1379 4041 ad
1427 3987 1757 4058 singularem
1810 4001 1909 4056 pu-

249 4091 407 4147 gnam
440 4079 646 4143 eremi,
677 4078 858 4133 securi
898 4078 1030 4145 jam,
1062 4075 1182 4130 sine
1229 4075 1609 4131 consolatione
1657 4075 1906 4141 alterius,

248 4165 362 4221 sola
393 4180 573 4222 manu
608 4165 692 4221 vel
733 4165 959 4220 brachio
990 4171 1183 4219 contra
1211 4164 1342 4218 vitia
1380 4165 1562 4219 carnis
1589 4165 1675 4219 vel
1706 4164 1912 4234 cogita-

247 4255 484 4323 tionum,
545 4256 658 4310 Deo
695 4254 1011 4322 auxiliante,
1054 4251 1332 4309 sufﬁciunt
1379 4268 1642 4324 pugnare.
1677 4271 1707 4308 »
1745 4254 1908 4320 Audi,

249 4341 439 4410 frater,
484 4351 550 4401 et
595 4344 877 4398 subtiliter
921 4343 1189 4412 intellige,
1241 4343 1288 4396 si
1336 4342 1596 4398 diuturna
1655 4343 1910 4412 probatio

251 4446 366 4498 vos,
409 4441 468 4490 et
521 4433 781 4489 vitiorum
838 4434 1110 4498 excoctio,
1153 4438 1206 4487 et
1254 4432 1467 4487 abbatis
1511 4432 1803 4501 imperium
1855 4437 1913 4486 et

250 4523 511 4580 voluntas
581 4523 664 4578 vel
734 4523 1022 4592 permissio
1087 4522 1155 4576 ad
1226 4528 1333 4575 tam
1407 4521 1680 4591 egregiam
1746 4522 1911 4576 vitam

253 4613 534 4681 provexit,
569 4619 662 4667 aut
703 4612 885 4681 potius
923 4611 1148 4680 propria
1191 4609 1442 4665 voluntas
1489 4609 1686 4664 illexit.
1735 4610 1790 4665 Si
1821 4623 1916 4664 au-

250 4705 358 4756 tem
407 4700 751 4766 fabulosum,
789 4706 883 4756 aut
929 4700 1303 4754 authenticum
1353 4698 1498 4754 istud
1545 4698 1782 4764 videtur,
1814 4710 1976 4766 vosD

254 4791 440 4857 potius
479 4789 771 4861 judicate;
823 4803 945 4844 nam
977 4795 1128 4844 recto
1159 4787 1375 4842 tramite
1425 4787 1628 4858 regiam
1657 4787 1797 4842 viam
1827 4787 1911 4841 in-

252 4879 456 4934 cedere
507 4879 735 4948 dignum
767 4885 868 4933 est.
901 4877 1146 4947 Denique
1185 4877 1231 4932 si
1262 4877 1444 4947 aliqua
1485 4875 1786 4932 stimulatio
1824 4875 1910 4930 vel

255 4967 634 5038 transgressio
692 4967 1030 5032 intercurrit,
1080 4971 1276 5022 vestra:
1331 4963 1695 5034 philosophia:
1743 4977 1912 5034 argu-

255 5055 593 5111 mentationi
659 5055 1050 5110 committimus
1113 5054 1524 5124 expurgandum
1586 5072 1599 5107 :
1674 5051 1914 5106 charitas

255 5155 368 5198 non
400 5145 613 5214 quaerit
650 5143 900 5214 angulos.
941 5145 1080 5199 Sane
1111 5157 1220 5198 non
1252 5144 1356 5198 rite
1386 5141 1646 5197 discrevit
1681 5141 1914 5196 interior

251 5231 458 5288 oculus
511 5240 818 5289 vestrorum
868 5247 952 5287 me
1009 5232 1328 5301 sanguinem
1386 5232 1734 5288 innocentem
1784 5229 1913 5284 fun-

254 5320 412 5388 dere,
468 5328 568 5376 aut
624 5322 901 5377 crudelem
959 5321 1015 5374 in
1073 5320 1307 5375 ﬁliorum
1366 5328 1678 5376 nostrorum
1738 5325 1912 5374 morte

251 5405 396 5464 fore.
449 5410 588 5476 Quis
617 5418 866 5466 nostrum
904 5408 1185 5464 crudelior
1222 5409 1418 5462 existat
1456 5408 1763 5463 advertite:
1806 5408 1914 5461 sci-

254 5510 381 5552 mus
421 5511 665 5568 namque
713 5499 843 5568 quia
885 5500 1029 5552 Deus
1071 5504 1156 5552 est
1184 5496 1276 5564 qui
1326 5496 1616 5550 mortiﬁcat
1655 5503 1708 5550 et
1735 5495 1914 5550 viviﬁ-

255 5592 368 5652 cat,
405 5593 467 5642 et
499 5587 626 5654 quia
657 5587 938 5657 proprium
972 5593 1053 5642 est
1100 5585 1205 5640 sibi
1255 5589 1478 5652 peccata
1518 5584 1816 5650 dimittere,
1859 5591 1914 5638 et

1986 3459 2070 3507 est
2103 3473 2116 3507 :
2161 3454 2256 3522 qui
2287 3459 2480 3508 contra
2510 3451 2833 3505 charitatem
2864 3450 3053 3513 sentit,
3087 3450 3254 3500 Deum
3288 3445 3507 3514 perdit;
3541 3445 3634 3512 qui

1987 3543 2156 3596 Deum
2205 3541 2408 3609 perdit,
2442 3539 2577 3593 nihil
2624 3539 2830 3602 habet;
2881 3537 2975 3604 qui
3022 3537 3266 3603 seipsum
3296 3534 3434 3599 odit,
3468 3533 3632 3587 alium

1988 3643 2048 3684 se
2096 3628 2252 3697 ﬁngit
2302 3640 2524 3692 amare;
2573 3626 2693 3694 ipse
2740 3623 2981 3692 seipsum
3031 3621 3270 3690 perimit,
3305 3621 3399 3689 qui
3442 3626 3638 3689 sponte

1989 3731 2088 3771 sua
2118 3715 2450 3771 obedientia:
2475 3715 2664 3783 jugum
2696 3711 2934 3781 refugit;
2988 3710 3081 3779 qui
3115 3708 3446 3764 obedientiaa
3478 3709 3640 3764 dero-

1989 3814 2100 3876 gat,
2133 3805 2353 3861 Christo
2392 3803 2640 3872 derogat,
2683 3801 2777 3870 qui
2824 3799 2999 3854 factus
3047 3806 3130 3854 est
3181 3797 3323 3853 Patri
3373 3797 3641 3853 obediens

1992 3908 2166 3963 usque
2197 3893 2265 3948 ad
2307 3899 2558 3947 mortem.
2601 3891 2658 3944 In
2701 3890 2806 3945 hoc
2837 3888 2982 3944 enim
3031 3887 3266 3943 fructum
3307 3885 3639 3942 obedientiae

1992 3981 2334 4053 perdidistis,
2367 3994 2489 4035 cum
2521 3979 2590 4034 de
2621 3979 2723 4034 sub
2767 3979 2902 4048 jugo
2951 3976 3153 4047 regulae
3203 3975 3404 4031 collum
3443 3973 3640 4030 furtive

1992 4071 2356 4126 excussistis:
2400 4082 2531 4139 ergo
2580 4069 2674 4137 qui
2723 4073 2916 4123 contra
2964 4066 3333 4122 obedientiam
3382 4079 3530 4120 arma
3579 4063 3643 4118 li-

1993 4160 2134 4224 brat,
2186 4165 2379 4215 contra
2426 4157 2702 4214 Christum
2761 4154 2928 4221 facit;
2984 4156 3076 4224 qui
3125 4162 3318 4210 contra
3365 4155 3641 4209 Christum

1991 4248 2141 4315 facit,
2180 4247 2551 4304 Antichristus
2580 4253 2682 4301 est.
2734 4247 2794 4300 ln
2827 4245 2932 4299 hoc
2962 4245 3234 4313 siquidem
3276 4244 3398 4298 luce
3439 4241 3642 4297 clarius

1993 4345 2144 4408 patet
2191 4340 2323 4408 quia
2367 4351 2478 4392 non
2533 4350 2635 4405 ego
2685 4333 2851 4388 eﬁ‘udi
2906 4333 3226 4401 sanguinem
3273 4331 3508 4384 ﬁliorum
3548 4343 3645 4383 no-

1992 4433 2252 4492 strorum,
2294 4426 2390 4481 sed
2441 4424 2546 4494 ipsi
2591 4423 2687 4477 ﬁlii
2735 4435 2795 4476 se
2846 4424 3218 4488 peremerunt.
3259 4418 3396 4484 Quid
3439 4417 3642 4486 plura?

1993 4523 2118 4570 ante
2157 4515 2276 4570 dies
2323 4514 2483 4569 nobis
2519 4525 2681 4582 quam
2731 4507 3043 4564 testimonia
3089 4507 3493 4576 Scripturarum
3543 4505 3639 4560 de-

1995 4605 2200 4660 ﬁcient.

2581 4689 2899 4745 EPISTOLA
2941 4686 3049 4740 νη.

2000 4785 2229 4838 Joannes
2303 4779 2466 4836 abbas
2530 4777 2916 4835 Fiscamnensis
2990 4774 3210 4829 instituit
3282 4771 3520 4827 abbatem
3592 4773 3646 4826 in

2442 4868 2758 4924 monasterio
2815 4863 3208 4930 Blangiacensi.

2076 4958 2512 5014 Ecclesiasticam
2551 4954 2956 5012 ordinationem
2994 4966 3107 5008 non
3147 4952 3370 5007 humani
3407 4965 3527 5007 esse
3560 4952 3647 5020 ju-

2005 5048 2159 5110 dicii,
2190 5047 2286 5102 sed
2317 5045 2488 5101 divini
2535 5044 2751 5100 consilii
2803 5043 2920 5112 ipse
2959 5042 3122 5097 nobis
3159 5042 3422 5096 Dominus
3461 5047 3648 5095 noster

2002 5138 2161 5191 Jesus
2199 5135 2447 5190 Christus
2495 5133 2779 5188 evidenter
2809 5130 3073 5196 ostendit,
3107 5130 3200 5199 qui
3251 5129 3457 5184 electos
3486 5127 3650 5183 disci-

2006 5225 2188 5294 pulos,
2231 5238 2360 5280 oves
2406 5237 2554 5288 suas,
2603 5221 2904 5277 secundum
2951 5219 3318 5289 evangelicam
3364 5219 3649 5274 veritatem

2006 5313 2272 5378 ostendit,
2301 5312 2491 5367 dicens
2538 5331 2550 5365 :
2603 5312 2735 5366 Oves
2773 5323 2898 5363 meo:
2938 5324 3113 5363 vocem
3158 5323 3326 5363 meam
3354 5308 3573 5364 audiunt
3601 5312 3650 5362 et

2003 5405 2287 5472 sequuntur
2315 5415 2429 5466 me,
2479 5405 2526 5453 et
2573 5415 2667 5466 ego
2715 5399 2872 5452 vitam
2919 5403 3167 5452 aeternam
3220 5397 3286 5451 do
3334 5398 3410 5451 eis
3465 5397 3646 5468 (Joan.

2005 5505 2058 5558 ι,
2091 5489 2203 5550 27).
2252 5488 2460 5555 Quibus
2497 5487 2565 5541 ad
2622 5486 3019 5542 ostendendam
3076 5485 3268 5540 salutis
3315 5487 3455 5541 viam
3504 5487 3652 5554 seip-

2005 5585 2432 5646 sum.pastorem
2463 5577 2718 5646 praebuit,
2751 5591 2892 5646 quos
2919 5583 3046 5631 ante
3078 5576 3242 5631 etiam
3273 5575 3461 5632 mundi
3494 5588 3650 5631 cons-
