4014 6176
326 352 435 405 475

329 476 641 532 tltutionem
698 472 884 528 divina
950 469 1292 541 providentia
1359 463 1672 536 praescivit,
1740 455 2039 514 formamA

328 566 462 623 boni
511 563 748 634 pastoris
795 562 851 617 in
900 575 959 617 se
1006 558 1298 616 ostendere
1346 555 1556 621 volens,
1598 555 1868 621 quatenus
1913 544 1969 601 id

328 653 634 714 ardentiori
690 651 874 707 studio
930 649 1132 705 imitari
1188 659 1287 702 suo
1346 641 1593 715 tempore
1650 638 1966 703 studerent,

329 744 481 816 quod
511 744 568 799 in
588 755 688 797 suo
719 741 898 811 capite
917 738 1136 795 Christo
1166 735 1517 806 praecessisse
1547 730 1967 801 cognoscerent.

328 834 487 891 Unde
518 837 574 887 et
620 832 772 903 ipsos
817 842 957 900 quos
1005 827 1212 897 primos
1258 824 1326 880 ad
1374 824 1481 879 hoc
1531 822 1648 891 ipse
1695 817 1881 887 elegit,
1912 821 1973 871 ut

332 923 601 989 doctrina:
648 934 762 977 sua:
809 918 865 974 in
919 916 1000 972 eis
1051 915 1405 972 fundamenta
1460 912 1690 975 locaret,
1738 905 1974 962 vicarios

329 1026 465 1079 suae,
493 1024 655 1081 quam
692 1007 799 1064 sibi
847 1006 1074 1076 proprio
1122 1004 1387 1074 sanguine
1434 998 1745 1071 acquisivit,
1778 994 1972 1053 Eccle-

329 1101 427 1157 siae
456 1098 763 1162 constituit,
797 1100 857 1151 ut
886 1108 1076 1151 eorum
1124 1093 1378 1148 doctrina
1428 1096 1482 1145 et
1524 1086 1773 1156 exemplo
1804 1098 1870 1140 eo
1902 1083 1972 1139 li-

329 1188 552 1251 bentius
599 1185 949 1242 adbazrerent
994 1182 1163 1238 futuri
1207 1182 1263 1236 in
1294 1178 1559 1251 regimine
1600 1173 1973 1232 ecclesiastico

329 1283 601 1355 pastores,
652 1288 764 1347 quo
811 1272 1134 1331 familiarius
1183 1283 1279 1326 eos
1328 1282 1469 1339 quos
1522 1265 1865 1321 imitarentur
1910 1276 1977 1317 ex

327 1352 427 1425 ore
464 1364 708 1422 caelestis
737 1361 984 1433 magistri
1035 1359 1295 1416 didicisse
1326 1359 1444 1415 sine
1466 1355 1636 1411 dubio
1666 1352 1973 1409 crederent.

328 1455 599 1522 Quocirca
654 1451 887 1523 singulis
946 1450 1062 1506 suis
1127 1447 1417 1505 ordinibus
1481 1450 1671 1500 sancta
1734 1441 1978 1497 Ecclesia

326 1542 655 1599 auctoritate
685 1556 715 1597 a
745 1540 1004 1597 Patribus
1033 1538 1331 1594 constituta
1376 1533 1692 1604 hujusmodi
1732 1531 1979 1586 firmatur

330 1632 661 1699 rectoribus,
711 1644 779 1688 ne
828 1629 1196 1685 membrorum
1256 1612 1594 1695 negligentia
1649 1620 1704 1675 id
1761 1616 1981 1684 deficiat

331 1722 480 1792 quod
511 1735 543 1774 a
581 1720 759 1789 capite
808 1718 1027 1773 Christo
1078 1716 1385 1771 institutum
1426 1719 1510 1768 est
1557 1716 1706 1767 tanta
1749 1709 1981 1779 diligen-

330 1810 428 1865 tia.
460 1808 616 1864 Unde
647 1814 700 1863 et
738 1821 840 1878 ego
870 1805 1039 1861 frater
1077 1807 1315 1859 Joannes
1344 1801 1743 1857 Fiseamnensis
1789 1811 1975 1853 coeno-
1994 1802 2041 1858 B

331 1898 410 1954 bii
440 1899 602 1953 Pater
648 1897 931 1967 indignum
981 1893 1242 1950 fratribus
1289 1893 1452 1961 hujus
1499 1890 1608 1946 loci
1646 1888 1741 1959 qui
1773 1887 1979 1945 dicitur

331 1987 668 2053 Blanziacus,
718 1986 976 2057 precibus
1008 1981 1336 2039 venerabilis
1379 1979 1596 2035 comitis
1634 1977 1853 2047 Rogerii
1890 1975 1973 2046 (2)

333 2077 731 2145 acquiescens,
789 2074 1041 2129 abbatem
1099 2072 1282 2141 eligo,
1346 2076 1401 2124 et
1458 2068 1539 2123 eis
1598 2065 1977 2121 charissimum

333 2164 505 2221 tilium
551 2170 796 2220 nostrum
844 2163 1142 2219 domuum.
1183 2199 1197 2213 .
1230 2202 1243 2216 .
1282 2202 1293 2214 .
1332 2202 1343 2214 .
1386 2159 1600 2212 Patrem
1658 2155 1976 2220 constituo;

238 2264 255 2279 ⁸
334 2268 399 2310 ea
445 2252 701 2309 videlicet
756 2253 969 2307 ratione
1019 2254 1079 2305 ut
1133 2247 1432 2319 praedictus
1488 2258 1672 2301 comes
1728 2242 1979 2299 eumdem

334 2343 539 2409 locum,
571 2356 733 2412 quem
784 2341 877 2396 diu
927 2339 1266 2395 destructum
1314 2341 1477 2406 atque
1526 2333 1831 2390 dcsolatum
1879 2344 1980 2400 pro

336 2446 434 2488 sua
476 2444 811 2501 suorumque
850 2429 1025 2485 salute
1068 2428 1265 2483 iterum
1303 2426 1473 2495 cmpit
1510 2425 1836 2485 instaurare,
1869 2433 1981 2476 non

337 2520 616 2592 negligat;
665 2518 784 2584 sed,
818 2523 1103 2587 quantum,
1134 2518 1247 2571 Deo
1297 2518 1593 2579 annuente,
1620 2511 1873 2575 valuerit,
1913 2508 1980 2564 ad

337 2610 556 2665 laudem
593 2608 689 2663 Dei
728 2606 985 2662 nobilitet
1024 2612 1079 2661 et
1116 2609 1429 2674 componat,
1463 2608 1517 2658 et
1547 2600 1789 2671 quandiu
1830 2599 1983 2653 locus

340 2699 445 2755 iste
484 2697 782 2763 duraverit,
812 2701 867 2750 et
904 2695 1287 2750 Fiscamnense
1326 2692 1637 2748 coenobium
1675 2704 1705 2744 a
1743 2687 1983 2758 regulari

341 2786 557 2843 tramite
614 2798 725 2840 non
781 2784 1191 2849 exorbitaverit,
1286 2782 1374 2837 hic
1433 2794 1596 2851 quem
1654 2778 1817 2834 modo
1874 2775 1984 2831 ele-

340 2876 519 2947 gimus
592 2872 802 2930 nullum
876 2873 1077 2928 habeat
1148 2884 1524 2927 successorem
1559 2913 1573 2935 ,
1640 2868 1746 2923 nisi
1821 2879 1984 2936 quem

343 2979 410 3021 ex
473 2962 671 3033 seipsis
735 2961 1148 3017 Fiscamnenses
1212 2960 1408 3016 fratres
1473 2958 1768 3028 elegerint,
1830 2956 1984 3025 juxta

345 3052 663 3107 canonicam
712 3055 766 3106 et
811 3051 1169 3120 apostolicam
1213 3048 1636 3105 ordinationem.
1678 3045 1733 3101 Si
1780 3050 1959 3099 autem

346 3228 545 3285 dolor!
604 3226 872 3282 accidisse
928 3226 1177 3282 videmus
1232 3231 1287 3281 et
1343 3224 1631 3291 dolemus,
1690 3222 1988 3293 praedictus

346 3316 747 3373 Fiscamnensis
802 3315 1041 3371 cmnobii
1096 3315 1252 3371 locus
1307 3314 1375 3369 ab
1440 3312 1707 3368 institutis
1770 3314 1987 3367 sancto-

346 3420 465 3462 rum
504 3406 722 3461 Patrum
754 3410 809 3460 et
836 3405 946 3460 vita
985 3403 1219 3475 spiritali
1266 3402 1563 3473 aliquando
1604 3400 1671 3456 ad
1703 3397 1987 3455 saecularia

345 3493 681 3560 devolvetur,
716 3493 1070 3550 concedimus
1116 3492 1377 3547 fratribus
1412 3491 1577 3561 hujus
1613 3489 1720 3545 loci
1759 3488 1986 3543 liberam

346 3583 584 3655 eligendi
623 3583 728 3639 sibi
766 3582 944 3638 Patris
981 3581 1314 3648 facultatem,
1347 3586 1556 3635 tantum
1587 3585 1647 3635 ut
1666 3576 1984 3632 ‘sccuudum

345 3674 513 3729 Deum
561 3672 673 3739 fiat,
724 3686 826 3729 nec
872 3671 1219 3743 aliquatenus
1265 3669 1506 3726 offendat
1563 3668 1619 3723 in
1667 3666 1986 3724 canonicam

342 3762 744 3818 auctoritatem.

916 3845 1233 3941 EPISTDLA
1269 3885 1403 3941 VIII.

696 4024 766 4063 AD
806 4022 1050 4065 SANCTUM
1087 4023 1299 4065 LBONEM
1336 4022 1391 4063 IX
1430 4022 1628 4063 PAPAM.

343 4131 504 4203 (Vide
564 4132 619 4187 in
684 4148 886 4189 suam
952 4136 1133 4190 Laoas
1163 4176 1179 4202 ,
1246 4132 1562 4203 Patrologiw
1627 4135 1668 4187 t.
1736 4131 1982 4197 CXLIII,

1020 4222 1128 4283 col.
1167 4222 1313 4291 797.)

347 4414 413 4485 (2)
458 4413 701 4487 Diploma
746 4416 975 4487 Rogerii,
1022 4417 1224 4474 comitis
1270 4417 1335 4472 de
1392 4417 1589 4487 Sancto
1645 4413 1831 4478 Paulo,
1880 4430 1980 4486 quo

418 4471 692 4542 abbbtiam’
720 4471 788 4543 S."
823 4471 995 4545 Dorida
1030 4471 1427 4557 attingimle
1465 4486 1625 4541 donat
1671 4471 2052 4542 mondslérioD

418 4557 820 4613 Fiscamnensis.

418 4630 477 4683 ln
526 4629 745 4685 nomine
796 4635 1000 4693 sancta:
1058 4634 1113 4685 et
1168 4627 1464 4683 individua:
1517 4628 1818 4684 Trinitatis.
1877 4631 1991 4699 Ego

348 4700 637 4769 Rogerius,
688 4715 873 4756 comes
916 4700 984 4757 de
1033 4704 1215 4756 castro
1262 4699 1409 4769 quod
1459 4699 1664 4754 dicitur
1708 4703 1762 4755 S.
1816 4701 1990 4766 Pauli,

348 4785 471 4855 cum
502 4773 737 4855 conjuge
776 4786 897 4855 mea
924 4786 1047 4855 quae
1072 4777 1303 4855 vocatur
1332 4770 1558 4855 Haduis,
1591 4778 1647 4827 et
1676 4771 1805 4855 filiis
1831 4772 1989 4855 meis,

348 4841 905 4899 Manasse’videiicet
945 4841 1016 4899 'et
1072 4842 1382 4909 Rotberto,
1443 4849 1631 4898 notum
1690 4843 1806 4898 ﬁeri
1865 4841 1991 4897 volo

351 4918 458 4968 tam
516 4915 884 4983 praesentibus
939 4928 1101 4983 quam
1152 4912 1388 4979 futuris,
1455 4913 1659 4969 donum
1716 4913 1991 4983 quoddam

348 4983 497 5053 quod
550 4998 650 5054 pro
696 4983 1076 5055 redemptione
1123 4984 1317 5040 animae
1356 4999 1492 5040 mete
1531 4991 1586 5040 et
1624 4984 1994 5054 praedecesso-

350 5070 470 5112 rum
513 5069 780 5123 meorum,
813 5059 1065 5127 conjugis
1091 5070 1313 5126 quoque
1353 5062 1408 5112 et
1446 5055 1683 5112 filiorum
1722 5070 1990 5122 meorum,

350 5128 598 5185 concedo
637 5134 843 5185 sancta:
893 5134 948 5184 et
994 5128 1291 5183 individua:
1338 5128 1589 5183 Trinitati
1638 5127 1782 5183 trino
1813 5133 1869 5182 et
1897 5128 1992 5183 uni

296 5210 301 5215 ·
349 5198 483 5281 Deo,
525 5200 642 5256 vivo
689 5205 745 5256 et
781 5213 945 5281 vero_,_
982 5198 1142 5281 apud
1167 5199 1566 5281 monasterium
1604 5199 1769 5281 quod.
1792 5197 1994 5281 dicitur

352 5269 705 5337 Fiscamnus,
763 5270 1035 5326 abbatlam
1092 5269 1349 5325 videlicet
1404 5271 1458 5325 S.
1520 5272 1696 5325 Berta:
1755 5269 1809 5324 in
1866 5270 1989 5324 loco

352 5340 447 5421 qui
477 5339 680 5421 dicitur
718 5342 1060 5421 Biangiacus.
1098 5342 1466 5421 Considerans
1497 5341 1667 5421 igitur
1702 5340 1993 5421 praesentis

352 5412 478 5483 vita:
507 5414 843 5481 varietatem,
866 5412 933 5469 et
970 5414 1133 5483 hujus
1158 5412 1417 5469 volubilis
1444 5414 1544 5468 aevi
1583 5412 1988 5478 mortalitatem,

354 5482 669 5565 decrevi‘de
716 5482 1065 5565 possessione
1099 5499 1263 5565 quam
1292 5484 1436 5565 mihi.
1462 5485 1605 5565 Deus
1642 5484 1992 5565 omnipotens

354 5553 607 5636 contulit,
638 5553 817 5636 ipsum
841 5555 1021 5636 facere
1047 5553 1359 5636 consortem
1390 5560 1459 5636 et.
1481 5554 1756 5636 hmredem
1778 5574 1810 5636 ,ξ
1853 5553 1989 5610 nulli

353 5624 625 5693 siquidem
663 5624 877 5683 'melius
931 5627 1111 5697 delegi
1168 5632 1377 5696 partem
1428 5625 1495 5681 de
1546 5630 1665 5682 toto
1722 5624 1985 5692 tribuere,

1264 342 1536 399 JOANNIS
1575 328 2051 393 FISCAMNENSIS
2086 328 2360 385 ABBATIS
2398 328 2756 385 EPISTOLE.

3590 318 3698 373 47B

2655 451 2973 507 EPISTOLA
3012 450 3099 505 IX.

2052 575 2275 616 ABBATIS
2304 575 2367 616 ΕΤ
2396 573 2774 615 MONACHORUM
2804 569 3238 612 FISCAMNENSIUM
3268 569 3338 609 AD
3366 564 3701 607 WILLELMUM

2612 661 2790 702 REGEM
2828 659 3143 701 ANGLORUM.

2054 756 2446 828 Conquerunlur
2482 754 2547 809 de
2583 752 2745 809 illatis
2782 753 2882 808 sibi
2920 768 2953 807 a
2991 751 3285 808 vicecomile
3321 750 3389 804 de
3423 746 3611 806 Archis
3651 752 3703 801 et

2268 908 2275 914 ,
2684 841 2805 897 aliis
2844 841 3071 913 injuriis.

2127 952 2356 1009 Domino
2395 963 2517 1018 suo,
2549 948 2868 1005 dulcissimo
2899 961 3022 1012 suo.
3054 943 3412 1003 dilectissimo
3447 956 3548 1000 suo
3585 944 3701 1008 ψη

2056 1040 2230 1111 gratia
2277 1039 2373 1095 Dei
2418 1038 2716 1109 Anglorum
2773 1036 2911 1109 regi,
2962 1050 3125 1109 quem
3180 1036 3324 1091 Deus
3373 1038 3587 1090 crescat
3645 1031 3704 1089 in

2057 1129 2319 1195 millibus,
2348 1134 2403 1184 et
2432 1128 2520 1184 cui
2568 1126 2889 1197 sospitatem
2937 1124 3205 1182 concedat
3240 1124 3298 1179 in
3330 1121 3525 1179 diebus
3573 1117 3705 1190 piu-

2059 1218 2231 1285 ribus,
2272 1218 2429 1287 plebs
2474 1216 2875 1274 Fiscamnensis
2944 1214 3175 1285 justitize
3224 1212 3471 1268 bravium
3512 1215 3707 1269 exten-

2060 1307 2243 1363 dendo
2292 1308 2347 1361 iu
2395 1305 2633 1361 subditis
2689 1308 2971 1375 praeeunte
3017 1302 3210 1358 Judiee
3261 1302 3408 1370 justa
3454 1298 3706 1369 judican-

2059 1396 2216 1452 tium.

2132 1487 2186 1541 Si
2232 1485 2390 1543 vobis
2446 1497 2556 1541 non
2603 1483 2943 1554 displiceret,
2985 1487 3041 1538 et
3097 1481 3327 1539 maxime
3384 1478 3541 1536 oneri
3590 1491 3708 1537 non

2064 1581 2229 1643 esset,
2262 1589 2325 1629 ea
2363 1588 2488 1643 quae
2536 1574 2683 1629 circa
2731 1585 2832 1629 nos
2878 1576 3006 1629 sunt
3052 1568 3353 1627 infortunia
3399 1566 3565 1625 latius
3611 1581 3745 1637 ρει--

2065 1662 2426 1719 tefaceremus
2481 1663 2539 1717 in
2596 1661 2910 1717 dictamine.
2970 1660 3143 1730 igitur
3188 1658 3257 1712 de
3313 1660 3495 1712 vestro
3551 1655 3710 1710 vice.

2066 1751 2266 1808 comite
2304 1751 2372 1807 de
2410 1750 2603 1807 Archis
2640 1750 2909 1819 imprimis
2947 1748 3323 1813 reclamamus,
3355 1744 3485 1815 quia
3521 1743 3708 1800 omnia

2063 1848 2250 1898 nostra
2303 1841 2530 1907 invadit,
2587 1838 2893 1905 confundit,
2936 1852 3038 1894 nec
3096 1836 3261 1892 ullam
3312 1834 3579 1905 justitiam
3637 1832 3708 1893 ab

2061 1945 2128 1986 eo
2168 1935 2495 2000 extorquere
2544 1929 2786 1984 valemus
2837 1948 2849 1982 :
2900 1925 3148 1997 quotidie
3206 1937 3441 1994 namque
3494 1927 3710 1977 vestros

2063 2034 2333 2089 pauperes
2371 2018 2639 2083 dilaniat;
2682 2024 2896 2073 vestros
2942 2016 3091 2085 dico,
3132 2028 3244 2070 non
3292 2019 3535 2079 nostros,
3575 2011 3711 2080 quia

2062 2108 2280 2164 abbatia
2328 2113 2506 2162 vestra
2549 2113 2652 2173 est,
2703 2114 2757 2161 et
2805 2119 2907 2176 ego
2955 2102 3298 2160 solummodo
3354 2107 3542 2157 custos
3598 2099 3708 2155 exi-

2062 2204 2170 2261 sto,
2210 2209 2315 2251 nec
2362 2196 2416 2250 in
2466 2195 2718 2250 manibus
2765 2195 2902 2249 meis
2949 2206 3067 2248 eam
3115 2190 3453 2247 confundere
3503 2188 3708 2258 patior.

2062 2288 2167 2341 Aut
2196 2286 2341 2339 enim
2383 2291 2442 2340 ut
2468 2289 2703 2339 vestram
2748 2283 3044 2348 custodite,
3094 2286 3189 2336 aut
3234 2279 3461 2335 alterius
3507 2277 3709 2332 ditioni

2064 2374 2378 2443 subrogate.
2420 2374 2678 2443 Exceptis
2733 2372 2840 2441 his,
2881 2371 3049 2428 multa
3098 2368 3419 2425 calumniari
3465 2365 3712 2437 compel-

2064 2461 2246 2528 limur,
2279 2462 2335 2518 id
2366 2468 2451 2517 est
2483 2461 2551 2517 de
2591 2475 2700 2517 uno
2740 2460 2955 2531 hospite
2986 2458 3055 2515 de
3093 2457 3457 2523 Ponte-Dives,
3492 2458 3712 2513 Bosone

2065 2550 2308 2617 nomine,
2358 2564 2522 2620 quem
2569 2549 2712 2605 ultra
2757 2548 3039 2619 sexaginta
3080 2560 3275 2614 annos,
3315 2546 3435 2602 sine
3473 2544 3585 2600 ulla
3624 2558 3713 2599 ca-

2064 2640 2290 2706 lumnia,
2336 2654 2404 2696 ex
2452 2645 2570 2696 toto
2620 2639 2933 2704 tenuimus;
2986 2650 3205 2694 necnon
3254 2636 3322 2692 de
3369 2641 3518 2691 terra
3561 2634 3709 2691 vilia:

2063 2728 2368 2797 Ambiidae,
2429 2743 2591 2800 quam
2647 2728 2843 2789 mulier
2897 2732 3077 2784 vestra
3132 2726 3459 2783 auctoritate
3515 2729 3710 2779 nostro

2067 2818 2400 2873 monasterio
2436 2817 2609 2885 dedit,
2650 2816 2894 2886 acceptis
2920 2829 3018 2872 vos
3054 2829 3085 2873 a
3122 2815 3284 2870 nobis
3321 2814 3508 2871 decem
3552 2811 3715 2867 libris

2066 2906 2439 2973 denariorum,
2472 2912 2527 2961 et
2571 2919 2679 2962 uno
2711 2919 2854 2976 equo
2895 2908 3114 2960 centum
3161 2903 3487 2969 solidorum,
3522 2901 3716 2957 lauda-

2068 2997 2218 3052 tione
2249 3008 2469 3067 quoque
2518 2994 2615 3051 lilii
2664 2994 2929 3067 Malgerii.
2978 2995 3051 3049 De
3091 3006 3200 3051 uno
3231 3006 3451 3065 quoque
3490 2990 3715 3062 hospite

346 3079 663 3107 υᾶιιιυιιιυίιιιι
712 3079 766 3106 CI:
811 3079 1169 3120 aPUDlUIIUdIu
1213 3079 1636 3105 υιυιιιιιιιυιιϋιιι.
1678 3079 1733 3101 υι
1780 3079 1981 3110 auum",

346 3140 495 3212 quoa
544 3139 720 3194 abs“!
778 3139 926 3208 (ΙΠοά
976 3141 1137 3194 etiam
1190 3139 1244 3192 in
1304 3137 1580 3208 plerisque
1637 3134 1794 3202 locis’
1846 3131 2251 3212 prOthnlﬁlc
2307 3172 2450 3212 ﬁlinc
2517 3172 2762 3212 Harlnini
2873 3126 3071 3212 tD’rmm
3136 3169 3495 3212 nihilnminns
3550 3181 3716 3212 ninam

2068 3170 2251 3228 dulfus
2307 3172 2451 3229 ﬁlius
2516 3172 2804 3238 Herluini,
2873 3177 3072 3229 terram
3136 3169 3495 3226 nihilominus
3550 3181 3718 3238 quam

2067 3262 2443 3319 Wesmannus
2492 3262 2689 3328 tenuit,
2723 3267 2779 3318 ct
2825 3262 2990 3317 modo
3039 3260 3308 3330 Rogerius
3356 3259 3425 3314 de
3467 3261 3721 3314 Lovenlot

2069 3350 2306 3406 invasam
2356 3350 2578 3416 retinet,
2612 3357 2673 3406 ut
2710 3349 2865 3414 dicit,
2906 3354 3086 3405 vestra
3130 3348 3456 3405 auctoritate
3503 3346 3715 3416 absque

2069 3438 2180 3495 ulla
2222 3440 2454 3509 justitia.
2513 3441 2588 3495 De
2636 3439 2725 3495 his
2770 3452 2902 3509 ergo
2959 3444 3015 3493 et
3070 3438 3195 3494 aliis
3248 3435 3453 3503 multis,
3505 3448 3611 3507 ego
3660 3442 3715 3491 et

2068 3530 2236 3586 vestri
2286 3529 2646 3600 praevendarii
2689 3528 2937 3599 quotidie
2981 3526 3271 3599 afﬂigimur
3299 3532 3354 3582 et
3391 3526 3713 3599 ploramus;

2069 3616 2199 3685 imo,
2241 3619 2371 3688 quia
2434 3617 2654 3675 servitia
2693 3617 2788 3673 Dei
2811 3616 3036 3687 pacilice
3071 3615 3371 3686 adimplere
3395 3614 3715 3685 nequimus,

2069 3707 2172 3762 ista
2232 3707 2451 3764 tandem
2508 3706 2852 3778 querimonia
2909 3705 3110 3767 resolvi
3157 3710 3408 3775 optamus
3453 3717 3485 3757 a
3534 3708 3715 3758 vestra

2070 3794 2381 3853 clementia.

2143 3884 2282 3940 Hinc
2310 3885 2511 3955 valeas,
2542 3885 2744 3957 vigeas,
2774 3883 2904 3943 felix
2936 3898 3035 3955 per
3061 3881 3265 3941 saecula
3291 3881 3459 3938 vivas.

2069 4430 2230 4488 quam
2271 4415 2350 4471 illi
2390 4415 2483 4488 qui
2525 4420 2699 4488 totum
2737 4414 2884 4488 quod
2925 4415 3103 4488 habeo
3151 4415 3281 4471 mihi
3330 4413 3558 4488 tradidit
3596 4430 3718 4488 gra-

2069 4486 2206 4544 tuita
2262 4501 2360 4542 sua
2419 4487 2683 4542 bonitate.
2741 4487 2897 4553 Nam,
2956 4486 3100 4542 sicut
3157 4488 3273 4557 ipse
3325 4487 3377 4541 iu
3418 4487 3714 4557 Evangelio

2073 4559 2271 4615 clamat
2309 4558 2435 4628 quia
2492 4557 2729 4612 laudavit
2786 4558 3046 4613 Dominus
3090 4557 3329 4628 villicum
3384 4557 3711 4626 iniquitatis,

2073 4631 2222 4700 quod
2272 4627 2588 4700 prudenter
2617 4629 2722 4683 sibi
2771 4629 3143 4700 prospexisset
3188 4629 3244 4683 in
3293 4627 3531 4683 futurum
3568 4630 3709 4698 (Luc.

2073 4699 2186 4766 ivx,
2218 4700 2309 4770 8);
2359 4708 2416 4758 et
2462 4699 2596 4757 illud
2632 4720 2644 4754 :
2686 4702 2822 4756 Dale
2865 4699 3264 4770 clcemosynam,
3295 4704 3345 4756 ct
3383 4714 3502 4756 cccc
3536 4700 3713 4756 omisit:

2073 4772 2265 4828 munda
2309 4776 2427 4826 sunt
2473 4770 2617 4827 vobis
2665 4772 2808 4840 (Luc.
2852 4786 2931 4837 χι,
2970 4770 3100 4839 4i);
3152 4777 3478 4840 provocatus
3524 4770 3615 4826 his
3659 4778 3714 4827 ct

2074 4843 2197 4898 aliis
2250 4842 2549 4898 Dominicis
2604 4841 3072 4898 admonitionibus
3128 4841 3289 4908 facio,
3343 4848 3402 4896 ut
3457 4841 3710 4910 praedixi,

2073 4914 2278 4969 amicos
2316 4913 2727 4968 Fiscamnenses
2766 4912 3063 4969 monachos
3101 4911 3169 4968 de
3207 4913 3530 4969 haereditate
3570 4926 3710 4977 mea,

2072 4992 2154 5051 ut,
2203 4998 2326 5040 cum
2373 4983 2651 5050 deiecero,
2702 4984 2972 5053 recipiant
3028 4997 3113 5038 me
3162 4984 3215 5038 in
3274 4992 3479 5039 aeterna
3533 4984 3712 5038 taber-

2074 5056 2287 5114 nacula.
2328 5057 2499 5125 Hujus
2546 5056 2627 5112 rei
2674 5060 2845 5115 testes
2887 5069 3095 5121 sumus,
3136 5055 3445 5112 Ricbardus
3489 5057 3711 5111 canoni~

2075 5142 2192 5193 cus,
2224 5128 2479 5183 Warinus
2516 5127 2817 5197 Trepellus,
2849 5127 3134 5183 Guimerus
3168 5129 3419 5191 Grossus,
3453 5125 3716 5197 Arnulfus

2072 5198 2386 5264 Glassellus,
2444 5196 2688 5252 Acardhs
2743 5197 2919 5263 miles,
2969 5197 3159 5253 Vitalis
3215 5196 3588 5253 mareseallus.
3640 5196 3716 5253 Ex

2074 5276 2228 5340 parte
2258 5272 2462 5323 sancta:
2492 5268 2791 5340 Trinitatis,
2823 5268 3135 5323 Adeielmus
3161 5268 3354 5324 Calvus
3392 5268 3713 5340 monachus,

2073 5339 2371 5395 Rainaldus
2434 5339 2753 5405 monachus,
2821 5340 3132 5395 Osmundus
3196 5340 3517 5404 monachus,
3590 5339 3715 5394 Milo

2072 5411 2326 5477 clericus,
2359 5410 2653 5468 Tetbaldus
2680 5410 2872 5476 laicus,
2901 5410 3206 5470 Willeimus
3233 5412 3301 5468 de
3330 5410 3716 5481 ingli6cavilia,

2070 5482 2342 5608 Clalvinus,
2375 5480 2759 5551 Bernefredus,
2790 5481 3088 5539 Rainaidus
3117 5480 3503 5551 marescaléus,
3534 5487 3595 5538 et
3622 5480 3715 5538 alii

2072 5569 2105 5608 ι)
2132 5568 2275 5608 ures.

2071 5568 2275 5625 plures.
