4044 6180
224 274 325 332 477

811 275 1093 330 APPEND.
1135 277 1223 330 AD
1257 276 1441 332 JOAN.
1482 277 1794 334 FISCAMN.
1839 306 1907 320 -—
1945 279 2274 337 COLLECT.
2318 283 2406 338 DE
2446 284 2641 340 VERB.
2682 284 3042 340 SENIORUM.

3489 289 3595 346 478

229 456 3581 484 .————————————-——————-———________.________________________

733 607 1289 745 APPENDIX
1380 610 1526 745 AD
1619 612 2130 748 JOANNEM
2223 616 3073 754 FISGAMNENSEM

978 864 1556 948 PRIEFATIO
1614 865 1861 949 JOAl‘

1945 865 1972 950 ἦ
1978 865 2074 949 IS
2141 868 2592 952 HOMINIS
2658 870 2838 952 DEI

680 1054 762 1114 In
798 1073 985 1117 suam
1017 1054 1094 1118 de
1123 1053 1329 1118 verbis
1355 1055 1689 1119 seniorum
1713 1057 2174 1120 Colleclionem
2203 1057 2292 1121 ad
2311 1058 2613 1140 juniores
2645 1059 3116 1140 ire/armandas.

1312 1233 1394 1302 (D.
1439 1235 1697 1288 Murrus
1731 1232 1986 1287 Thesaur.
2027 1233 2233 1287 Anecd.
2269 1232 2318 1299 1,
2358 1232 2500 1304 163.)

211 1533 257 1572 ΙΝ
326 1532 547 1574 CHRISTI

273 1622 506 1661 JOANXIS
539 1650 553 1673 ,

277 1710 576 1752 SENIORUM.

606 1535 809 1576 NOMINE
877 1538 1148 1578 INCIPIUNT
1213 1540 1606 1582 COLLECTIONES
1673 1541 1860 1580 PATRIS

625 1623 983 1665 COGNOMENTO
1052 1626 1276 1668 HOMINIS
1343 1631 1475 1682 DEI,
1548 1632 1612 1670 DE
1679 1631 1862 1669 VERBIS

279 1829 547 1886 Hortatur
603 1831 823 1900 quidem
885 1833 1126 1892 timidam
1185 1837 1385 1891 mentis
1439 1850 1574 1892 mea:
1632 1837 1860 1906 imperi-

211 1915 338 1970 tiam
388 1932 551 1986 quam
602 1933 747 1988 saepe
795 1919 1036 1975 fraterna
1085 1923 1340 1990 charitas,
1386 1929 1444 1977 ut
1487 1923 1556 1978 de
1586 1924 1710 1978 vitae
1751 1938 1863 1978 mo-

209 2021 440 2076 rumque
467 2007 831 2065 instructione
863 2011 1104 2070 breviter
1131 2013 1281 2081 loqui
1313 2013 1570 2080 debeam;
1604 2015 1700 2068 sed
1732 2015 1858 2083 quia

210 2102 428 2165 tempus
471 2103 554 2151 est
604 2104 681 2162 ut,
732 2099 855 2168 ipso
905 2101 998 2168 qui
1037 2100 1324 2170 inspiravit
1361 2103 1696 2172 opitulante,
1755 2103 1859 2158 hoc

209 2198 348 2252 opus
377 2186 688 2255 aggrediar,
729 2190 1103 2246 necessarium
1149 2190 1278 2246 duxi
1318 2192 1604 2250 exordium
1641 2206 1858 2250 sumere

206 2274 271 2332 ab
321 2273 419 2328 illa
469 2274 730 2331 laudabili
788 2277 986 2332 virtute
1043 2293 1168 2348 quae
1226 2280 1429 2336 dicitur
1480 2282 1854 2350 Verecundia;

206 2376 327 2431 quae
380 2377 507 2419 cum
554 2365 626 2419 sit
671 2366 927 2422 omnibus
973 2369 1248 2434 zetatibus,
1285 2371 1555 2438 personis,
1588 2371 1856 2440 tempori-

206 2450 307 2504 bus
346 2459 406 2506 et
445 2452 584 2507 locis
630 2460 776 2523 apta,
829 2462 1009 2514 tamen
1063 2457 1444 2514 adolescentes
1491 2466 1545 2513 et
1587 2460 1858 2529 juveniles

201 2542 430 2596 animos
475 2541 701 2599 maxime
750 2543 930 2600 decet.
983 2546 1114 2600 Tres
1143 2560 1272 2602 vero
1310 2547 1540 2602 virtutes
1576 2555 1704 2604 sunt
1733 2564 1855 2617 qum

202 2629 401 2697 pueris
453 2637 504 2685 et
558 2632 1000 2689 adolescentibus
1054 2636 1226 2705 magis
1281 2642 1590 2705 congruunt
1633 2658 1644 2690 :
1696 2651 1855 2692 vere-

203 2717 434 2784 cundia,
476 2720 822 2776 taciturnitas
860 2728 915 2778 et
971 2723 1304 2780 obedientia.
1365 2727 1484 2780 Non
1542 2732 1624 2781 est
1675 2733 1854 2780 autem

1879 1485 2071 1552 Aquae
2146 1487 2349 1537 tenerae
2424 1481 2570 1537 aetati
2646 1494 2834 1538 eorum
2918 1480 3233 1552 specialiter
3305 1479 3592 1536 videantur

1944 1570 2253 1626 consulere.
2305 1572 2398 1626 Est
2451 1572 2595 1626 enim
2637 1571 2790 1636 mihi,
2831 1569 3028 1638 fateor,
3061 1571 3285 1627 tristitia
3315 1583 3508 1639 magna
3538 1573 3594 1624 et

1945 1660 2240 1715 continuus
2269 1659 2430 1715 dolor
2457 1675 2626 1729 super
2663 1661 2912 1716 caecitate
2943 1661 3128 1716 cordis
3158 1673 3347 1716 eorum
3373 1679 3385 1717 :
3440 1659 3590 1728 quia,
3659 1715 3664 1719 ,

1945 1763 2067 1803 cum
2107 1748 2406 1804 didicerint
2436 1750 2490 1804 in
2531 1749 2720 1805 schola
2767 1749 2968 1804 Christi
2998 1749 3236 1818 qualiter
3265 1748 3502 1803 debeant
3539 1749 3596 1801 et

1941 1837 2071 1892 vitia
2102 1838 2446 1907 propulsare,
2479 1843 2533 1893 et
2571 1839 2777 1894 sanctis
2801 1839 3095 1894 virtutibus
3132 1838 3413 1903 insudare,
3445 1836 3588 1891 heu!

1943 1925 2265 1981 rebellionis
2310 1927 2507 1995 spiritu
2537 1927 2751 1994 armati,
2794 1932 2901 1982 tam
2951 1927 3221 1996 prmcipiti
3251 1927 3457 1995 impetu
3498 1937 3598 1993 per

1943 2014 2170 2082 abrupta
2205 2015 2461 2071 vitiorum
2516 2021 2745 2072 currunt
2783 2016 2850 2070 ad
2899 2023 3150 2081 mortem,
3185 2021 3244 2070 ut
3273 2029 3370 2070 eos
3407 2013 3596 2082 auriga

1943 2103 2248 2171 praesidens
2294 2103 2446 2158 nullo
2493 2103 2650 2160 freno
2708 2104 3020 2173 disciplinae
3077 2105 3252 2160 valeat
3308 2103 3593 2158 cohibere.

1941 2193 2218 2248 Debercnt
2281 2194 2471 2262 utique
2531 2194 2584 2248 in
2652 2194 2816 2250 domo
2881 2195 2977 2250 Dei
3033 2194 3100 2248 ad
3166 2194 3370 2249 cultum
3426 2188 3596 2248 divini
3661 2249 3668 2256 ,

1943 2280 2171 2335 honoris
2215 2296 2382 2351 super
2426 2295 2641 2336 omnem
2683 2288 2934 2337 ornatum
2983 2287 3239 2350 tanquam
3267 2295 3393 2336 vasa
3430 2295 3595 2340 aurea

1941 2368 2230 2439 refulgere.
2293 2373 2401 2426 Cur
2457 2377 2636 2425 autem
2695 2372 2762 2424 ab
2820 2371 2961 2439 ipsis
3023 2371 3213 2438 primis
3270 2369 3596 2423 rudimentis

1940 2455 2184 2512 infantia:
2233 2458 2451 2515 educati
2500 2467 2628 2516 sunt
2686 2466 2833 2515 tanta
2884 2473 3021 2514 cura
3071 2465 3333 2528 tantoque
3381 2458 3590 2524 labore,

1940 2547 2046 2600 nisi
2099 2554 2158 2602 ut
2209 2547 2380 2604 fortes
2431 2548 2484 2603 in
2526 2549 2672 2604 bello
2712 2548 2839 2604 facti
2881 2555 3080 2603 contra
3128 2561 3347 2602 carnem
3384 2554 3438 2602 et
3475 2549 3596 2616 ejus

1940 2634 2234 2702 desideria,
2276 2643 2468 2692 contra
2517 2638 2794 2692 diabolum
2845 2645 2898 2692 et
2945 2638 3065 2706 ejus
3117 2636 3440 2706 multiplicia
3479 2643 3594 2690 ten-

1942 2730 2175 2778 tamenta
2219 2725 2450 2780 viriliter
2499 2733 2787 2796 pugnent?
2835 2726 2962 2792 Sed,
3017 2726 3163 2796 quod
3214 2724 3592 2779 admirandum

207 2805 464 2875 dubium,
517 2809 563 2863 si
621 2809 720 2864 has
783 2811 1039 2868 studeant
1104 2813 1346 2880 habere,
1414 2814 1545 2882 quin
1615 2816 2028 2882 possent,Best
2074 2819 2129 2866 et
2177 2812 2513 2881 dolendum,
2567 2815 2691 2884 plus
2741 2815 2821 2869 eis
2859 2828 3020 2884 quam
3070 2814 3286 2868 caeteris
3322 2813 3500 2883 gravis
3538 2816 3593 2868 et

201 2895 429 2952 Christo
469 2896 632 2967 duce,
673 2899 741 2954 ad
788 2901 1003 2956 culmen
1055 2901 1558 2972 perfectionemque
1601 2905 1861 2959 virtutum

203 2984 530 3039 ascendere.
586 2987 796 3042 Morum
845 2990 990 3044 enim
1031 2989 1264 3059 insignia
1295 2999 1350 3046 et
1397 2999 1716 3048 ornamenta
1746 2993 1861 3048 vir-

205 3079 384 3127 tutum
529 3075 642 3130 illis
689 3077 880 3146 procul
931 3079 1099 3134 dubio
1140 3081 1415 3135 cernimus
1463 3081 1689 3136 senibus
1745 3081 1860 3150 qui,

201 3163 266 3216 ab
314 3162 447 3232 ipso
490 3165 752 3222 tirocinio
802 3169 1078 3237 primaisz
1129 3170 1307 3224 {etatis
1356 3185 1530 3240 usque
1569 3171 1634 3224 ad
1687 3169 1866 3238 perfe-

199 3259 345 3306 ctum
396 3254 576 3309 virum
634 3257 945 3326 disciplinis
1002 3259 1322 3314 coelestibus
1380 3260 1710 3326 exercitati,
1767 3274 1866 3328 per

196 3342 334 3398 viam
393 3345 612 3401 Domini
651 3346 870 3404 fortiter
915 3356 1298 3406 cucurrerunt.
1359 3353 1603 3416 Quorum
1653 3349 1866 3405 scilicet

195 3432 472 3500 sapientia
523 3435 632 3502 jam
688 3442 896 3491 tantum
945 3438 1090 3507 viget
1143 3446 1199 3493 et
1247 3438 1416 3505 lucet,
1469 3445 1734 3508 quantum
1782 3452 1867 3492 se-

199 3527 396 3577 nectus
446 3524 567 3593 ipsa
620 3531 780 3582 aetate
839 3527 898 3582 tit
956 3527 1220 3593 doctior,
1282 3543 1384 3584 usu
1452 3529 1672 3594 tritior,
1741 3541 1868 3596 pro-

197 3624 355 3665 cessu
426 3615 694 3682 temporis
760 3615 1108 3685 prudentior.
1182 3618 1310 3672 Haec
1369 3624 1550 3673 autem
1618 3621 1864 3671 veterum

198 3702 517 3757 studiorum
567 3703 916 3783 dulcissimos
962 3704 1172 3762 fructus
1220 3706 1356 3773 edit,
1390 3712 1445 3762 et
1483 3707 1622 3764 alios
1662 3709 1861 3764 reﬁcit-

205 3790 358 3845 Multi
400 3805 638 3862 namque
686 3807 848 3850 senes
894 3794 988 3851 diu
1017 3795 1261 3851 viventes
1305 3801 1360 3851 et
1399 3797 1535 3852 nihil
1567 3797 1864 3868 proﬂcien'

200 3885 300 3946 tes,
362 3879 494 3950 quia
542 3881 720 3938 nullas
757 3883 863 3940 sibi
912 3884 964 3940 in
1005 3891 1321 3954 opportuno
1363 3893 1610 3954 tempore
1641 3887 1861 3941 divitias

199 3977 636 4041 congregarunt,
679 3972 875 4042 inopes
913 3974 1152 4032 omnium
1203 3977 1464 4032 virtutum
1513 3976 1727 4031 animos
1767 3977 1858 4044 ju-

199 4059 423 4114 niorum
476 4075 596 4117 cum
645 4062 727 4117 eis
756 4063 1047 4119 viventium
1086 4064 1340 4133 reprobze
1371 4065 1496 4120 vitae
1536 4065 1730 4121 morbo
1771 4065 1860 4119 in-

1945 2905 2162 2955 austera
2191 2901 2410 2956 videtur
2458 2902 2767 2971 disciplinae
2815 2903 3023 2972 regula.
3063 2904 3240 2968 Quare
3293 2901 3440 2956 hoc?
3487 2901 3591 2956 nisi

1946 2990 2074 3058 quia
2138 2990 2455 3045 saecularem
2524 2992 2694 3062 magis
2750 2991 2986 3061 diligunt
3039 2992 3224 3046 vitam.
3293 2993 3451 3045 Certe
3505 2987 3590 3043 vel

1947 3078 2130 3133 nullus
2175 3079 2257 3133 vel
2299 3094 2454 3134 rarus
2504 3081 2648 3135 inter
2695 3094 2792 3136 eos
2840 3081 3151 3146 invenitur,
3183 3080 3299 3155 qui
3356 3079 3593 3133 libenter

1946 3173 2210 3236 sequatur
2237 3169 2413 3224 Patris
2442 3170 2773 3235 institutum,
2806 3176 2860 3224 et
2898 3170 3162 3237 majorum
3181 3169 3346 3224 vitam
3377 3167 3590 3238 diligat,

1947 3263 2040 3310 aut
2069 3257 2196 3326 quia
2227 3257 2536 3314 laboriosus
2566 3259 2810 3314 deterret
2828 3265 3002 3324 actus,
3026 3264 3119 3313 aut
3148 3258 3276 3327 quia
3305 3258 3360 3314 in
3381 3256 3594 3313 lubrica

1949 3351 2109 3401 aetate
2150 3345 2428 3402 difﬁcilior
2475 3353 2560 3402 est
2602 3348 2951 3413 abstinentia,
2984 3354 3076 3401 aut
3115 3348 3242 3416 quia
3270 3347 3438 3402 alacri
3467 3345 3597 3400 ado-

1947 3433 2226 3490 lesceutite
2255 3437 2472 3492 videtur
2508 3438 2614 3491 vita
2663 3437 2971 3501 obscurior,
3013 3442 3069 3489 et
3106 3435 3231 3489 ideo
3262 3435 3329 3489 ad
3370 3448 3433 3489 ea
3462 3445 3595 3488 con-

1947 3531 2235 3578 vertuntur
2317 3525 2498 3580 studia
2571 3539 2694 3594 quae
2780 3523 3154 3593 plausibiliora
3235 3522 3592 3578 arbitrantur.

1948 3612 2247 3667 Praesentia
2303 3615 2507 3682 quippe
2566 3614 2751 3683 plures
2806 3627 2966 3682 quam
3025 3612 3205 3667 futura
3253 3610 3591 3682 praeferunt;

1947 3701 2093 3756 unde
2141 3715 2250 3770 quo
2303 3702 2659 3772 praestantior
2707 3717 2890 3769 causa,
2942 3716 3007 3758 eo
3061 3701 3227 3758 debet
3285 3715 3406 3756 esse
3463 3713 3594 3755 cura

1946 3790 2227 3846 attentior.
2279 3789 2472 3846 Infelix
2519 3793 2612 3860 qui
2665 3791 2839 3862 legem
2888 3792 3014 3847 vita:
3053 3797 3226 3856 tenet,
3283 3789 3592 3858 disciplinae

1945 3879 2172 3948 abjicit,
2223 3886 2277 3934 et
2325 3882 2588 3949 majorum
2647 3881 2939 3951 gubernari
2998 3880 3312 3951 magisterio
3371 3878 3591 3948 refugit.

1945 3970 2052 4023 Iste
2098 3981 2230 4023 vero
2274 3982 2385 4024 non
2433 3970 2737 4025 secundum
2775 3972 2983 4036 Deum,
3035 3971 3130 4026 sed
3181 3967 3485 4024 secundum
3533 3981 3592 4022 se

1945 4057 2075 4111 vivit
2117 4077 2128 4112 :
2180 4059 2274 4127 qui
2327 4059 2373 4113 si
2423 4059 2684 4128 potuerit,
2719 4065 2801 4114 est
2850 4073 2971 4114 cum
3010 4058 3212 4128 quibus
3239 4057 3373 4124 vult,
3417 4056 3594 4128 pergit

201 4148 418 4206 licium.
472 4151 625 4208 Sicut
674 4152 818 4219 enim
869 4166 968 4222 per
1005 4167 1192 4208 senem
1241 4153 1497 4210 vitiosum
1538 4161 1592 4210 et
1629 4153 2055 4222 fatuum,C(luo
2093 4147 2228 4214 νυιῐν
2279 4147 2483 4204 dormit
2530 4149 2750 4218 quando
2800 4155 2856 4204 θῐ
2891 4149 3133 4218 quandi“
3173 4148 3306 4214 νυΙῐ,
3349 4146 3596 4217 loquitur

198 4237 272 4292 ita
321 4245 381 4294 et
422 4253 523 4308 per
570 4239 977 4296 adolescentem
1027 4241 1456 4298 inverecundum
1515 4247 1570 4298 et
1626 4250 1859 4298 temera-

200 4326 344 4381 rium
380 4328 580 4397 religio
620 4334 808 4384 sancta
839 4329 1163 4385 destruitur.
1203 4332 1332 4385 Post
1370 4331 1628 4386 indoctos
1658 4331 1863 4387 malos-

196 4430 306 4484 que
361 4417 627 4485 prazlatos
675 4419 730 4473 in
769 4424 958 4474 sancta
1007 4419 1251 4476 Ecclesia
1283 4419 1431 4476 nulla
1464 4422 1635 4489 pestis
1664 4422 1731 4477 ad
1765 4435 1865 4477 no-

198 4505 438 4560 cendum
473 4506 704 4560 inﬁrmis
740 4506 1014 4562 valentior
1043 4509 1339 4563 invenitur.
1382 4511 1633 4579 Denique
1674 4510 1863 4566 talium

195 4591 488 4648 hominum
527 4608 702 4664 genus
750 4595 853 4651 ista
892 4596 960 4651 de
1011 4596 1212 4665 quibus
1259 4597 1560 4666 Apostolus
1608 4597 1865 4667 praedixit

198 4685 477 4750 tempora,
520 4684 659 4752 proh
708 4684 902 4740 dolor!
947 4687 1064 4740 sine
1116 4700 1342 4741 numero
1393 4685 1594 4752 ferunt,
1645 4688 1864 4756 quando

198 4770 390 4825 omnia
440 4769 612 4827 ferme
661 4786 784 4841 quae
824 4774 966 4828 bona
1007 4778 1135 4829 sunt
1183 4775 1528 4844 pessumdari
1580 4775 1866 4830 confundi-

200 4873 311 4927 que
363 4859 650 4927 videmus;
703 4869 756 4917 et
805 4864 1062 4932 quoniam
1113 4878 1276 4919 senes
1324 4865 1379 4919 in
1429 4865 1622 4920 melius
1669 4867 1862 4921 mutari

197 4947 268 5002 ab
326 4948 425 5004 illa
481 4949 677 5006 inolita
722 4951 978 5007 vitiorum
1029 4954 1432 5008 consuetudine
1483 4953 1862 5009 difficillimum

200 5041 310 5100 est,
363 5035 630 5091 debemus
659 5038 1106 5095 adolescentibus
1136 5057 1351 5096 manum
1396 5043 1719 5113 porrigere;
1769 5044 1863 5112 qui

198 5123 243 5176 si
279 5124 418 5182 dare
448 5139 674 5194 operam
704 5127 911 5193 volunt,
947 5131 1094 5185 omni
1127 5131 1362 5200 depulso
1393 5138 1608 5200 tepore,
1634 5138 1864 5202 possunt

199 5213 400 5283 utique
440 5229 542 5284 per
585 5209 828 5287 gratiam
863 5219 1065 5274 Christi
1113 5221 1278 5276 vitam
1328 5221 1629 5291 corrigere,
1682 5235 1864 5278 mores

199 5315 567 5370 componere,
613 5312 878 5376 actusque
935 5321 1065 5363 suos
1121 5310 1177 5362 in
1236 5309 1490 5364 omnibus
1549 5311 1858 5366 meliorare.

199 5391 427 5446 Idcirco
476 5394 571 5447 diu
612 5401 694 5449 est
741 5397 888 5465 quod
937 5397 1246 5452 desideravi
1306 5406 1536 5468 propter
1577 5401 1860 5468 juniorum

1949 4251 2073 4306 qua:
2102 4237 2236 4303 vult,
2279 4245 2334 4293 et
2375 4238 2468 4292 ubi
2516 4239 2650 4306 vult,
2692 4238 2983 4293 manducet
3012 4246 3066 4293 et
3101 4238 3242 4292 bibit
3279 4236 3500 4306 quando
3539 4240 3595 4290 et

1949 4326 2099 4396 quod
2128 4327 2262 4394 vult,
2304 4332 2358 4382 et
2404 4333 2670 4396 quantum
2708 4327 2841 4392 vult,
2894 4327 3038 4381 ridet
3085 4333 3140 4381 et
3181 4327 3402 4392 jocatur
3448 4325 3594 4377 inter

1950 4431 2091 4486 quos
2119 4416 2251 4481 vult,
2285 4421 2337 4470 et
2367 4417 2461 4472 ubi
2492 4423 2547 4472 et
2577 4416 2797 4486 quando
2826 4415 2977 4482 vult;
3011 4422 3288 4483 postremo
3320 4409 3590 4482 quidquid

1949 4505 2176 4560 naribus
2213 4519 2374 4560 suave
2423 4513 2525 4572 est,
2577 4504 2844 4575 quidquid
2895 4504 3063 4559 tactui
3113 4502 3391 4569 blandum,
3435 4500 3593 4570 quid-

1949 4594 2081 4663 quid
2131 4593 2308 4650 oculls
2355 4593 2718 4660 delectabile,
2770 4591 3037 4663 quidquid
3084 4593 3300 4646 czetcris
3337 4592 3592 4647 sensibus

1949 4684 2131 4738 carnis
2159 4698 2272 4738 sua:
2297 4684 2600 4752 jucundum
2632 4688 2852 4738 exercet
2889 4697 2950 4736 ac
2982 4683 3250 4751 sequitur.
3285 4681 3380 4736 llle
3409 4687 3588 4736 autem

1949 4773 2042 4840 qui
2069 4772 2372 4827 secundum
2421 4775 2585 4828 Deum
2625 4773 2774 4838 vivit,
2807 4785 2917 4826 non
2966 4771 3114 4840 quod
3146 4785 3266 4824 cum
3298 4769 3593 4826 carnaliter

1948 4859 2205 4926 delectat,
2229 4861 2325 4917 sed
2348 4862 2495 4932 quod
2525 4861 2886 4931 spiritualiter
2903 4860 3139 4914 aediﬁcat
3159 4858 3286 4914 facit
3311 4881 3324 4925 ;
3357 4866 3412 4914 et
3433 4859 3593 4930 quid-

1948 4950 2080 5018 quid
2121 4951 2273 5019 cupit
2311 4957 2404 5005 aut
2429 4952 2559 5021 agit,
2595 4964 2703 5006 non
2734 4949 2848 5004 vult
2877 4963 2942 5003 ex
2980 4963 3096 5014 sua,
3137 4949 3233 5003 sed
3275 4963 3341 5003 ex
3378 4949 3472 5003 Dei
3503 4963 3594 5003 vo-

1947 5038 2156 5094 luntate
2223 5041 2598 5110 majorumque
2663 5053 2886 5094 suorum
2947 5039 3195 5107 jussioue
3265 5038 3587 5108 procedere.

1947 5130 2116 5184 Nemo
2154 5134 2336 5184 tamen
2387 5130 2598 5198 positus
2641 5128 2722 5183 vel
2774 5128 2830 5182 in
2860 5127 3249 5183 adolescentiae
3280 5128 3362 5182 vel
3396 5127 3591 5182 intem-

1948 5220 2210 5287 perantia:
2279 5219 2492 5275 lubrico
2526 5261 2540 5285 ,
2609 5219 2675 5274 de
2737 5219 2821 5274 sui
2889 5219 3246 5274 conversione
3314 5217 3586 5287 desperet.

1944 5307 2190 5363 Oleaster
2237 5309 2380 5363 enim
2430 5308 2586 5363 olivae
2633 5309 2910 5374 insertus,
2961 5308 3158 5363 amissa
3205 5307 3586 5372 amaritudine,

1944 5396 2177 5452 efficitur
2223 5396 2554 5452 fructuosus.
2615 5397 2668 5452 Si
2735 5412 2865 5468 ergo
2932 5397 3264 5466 agricultura
3321 5397 3592 5452 convertit

197 5480 465 5547 salutem,
509 5496 699 5539 eorum
729 5487 1006 5556 principue
1033 5501 1156 5542 cum
1195 5488 1396 5558 quibus
1424 5489 1565 5556 vivo,
1600 5503 1666 5544 ex
1695 5486 2194 5559 opus-Dstirpium
2247 5486 2584 5554 qualitatem,
2636 5500 2817 5542 nonne
2857 5487 3037 5542 studia
3078 5487 3346 5542 doctrinae
3385 5493 3441 5541 et
3481 5486 3592 5542 dis-

200 5569 361 5622 culis
413 5571 631 5626 Patrum
693 5589 860 5642 pauca
909 5576 1158 5645 quaedam
1208 5577 1529 5633 deﬂorando
1577 5577 1857 5647 colligere,

1945 5574 2164 5642 ciplinze
2194 5574 2487 5628 assiduitas
2525 5574 2774 5644 mitigare
2821 5581 3008 5646 posset
3048 5576 3322 5646 quaslibet
3358 5575 3588 5645 aegritu-
