4014 6176
443 318 548 379 479

1463 318 1746 374 APPEND.
1786 318 1875 372 AD
1909 316 2215 374 JOANNEM
2252 316 2784 374 FISCAMNENSEM.

3711 317 3819 371 480

441 451 601 507 dines
632 446 968 519 passionum.
1001 445 1108 501 Sed
1146 459 1216 501 ne
1245 441 1474 514 puerilis
1510 426 1820 497 vitavariis
1850 441 2477 512 lapsibusAmancipari
2542 440 2838 496 virtutibus
2860 482 2876 507 ,
2935 445 3206 510 quatenus
3268 439 3410 496 bona
3474 440 3821 498 consuetudo

443 539 725 610 perdatur,
758 539 980 606 oportet
1028 539 1250 588 teneros
1296 544 1470 586 annos
1518 528 1761 599 praefatis
1801 530 2097 601 diligenter
2178 545 2300 587 cum
2331 536 2492 586 aetate
2530 535 2810 585 accrescat
2836 529 3019 585 simul.

1306 752 2012 894 CHRONICON
2114 775 2967 895 FISGAMNENSE

580 989 678 1056 Ab
716 1008 889 1054 anno
929 986 1181 1053 Christi
1201 987 1426 1070 primo
1464 985 1554 1050 ad
1586 984 1779 1061 1220,
1821 1005 1970 1049 cum.
1999 986 2378 1069 Appendice
2415 986 2859 1051 Brennacensi
2888 984 2978 1049 ad
3030 984 3224 1063 1246,
3266 1005 3343 1048 ex
3376 981 3696 1047 veteribus

1559 1073 1954 1139 membranis
1990 1094 2135 1159 quae
2164 1095 2358 1158 penes
2385 1095 2486 1139 me
2530 1084 2706 1139 sunt.

1281 1226 1365 1294 (R.
1398 1226 1457 1279 P.
1491 1226 1690 1291 hanc,
1722 1225 1878 1282 Noua
1917 1222 2240 1280 Bibliotheca
2267 1240 2418 1292 mss.,
2449 1231 2583 1281 tom.
2616 1225 2660 1291 1,
2692 1237 2816 1295 pag.
2848 1221 2997 1291 325.)

516 1427 657 1483 Anni
706 1426 775 1482 ab
813 1426 984 1483 Adam
1040 1426 1219 1498 primo
1276 1423 1499 1480 homine
1545 1437 1719 1493 usque
1777 1421 1845 1477 ad
1902 1422 2102 1477 Ninum

446 1529 652 1587 regem,
712 1516 935 1586 quando
993 1522 1155 1571 natus
1210 1513 1520 1578 Abraham,
1573 1516 1701 1567 sunt
1756 1511 1883 1566 anni
1938 1509 2100 1580 3084,

448 1604 543 1675 qui
609 1604 679 1658 ab
746 1603 1005 1660 omnibus
1069 1600 1534 1672 historiographis
1599 1605 2007 1669 nuncupantur.
2061 1600 2105 1651 A

449 1693 594 1748 Nino
651 1692 764 1747 sive
820 1693 888 1747 ab
934 1691 1205 1747 Abraham
1262 1703 1435 1759 usque
1494 1688 1561 1743 ad
1618 1690 1888 1744 Caesarem
1927 1690 2107 1757 Augu-

2253 1422 2378 1480 998.
2418 1424 2566 1479 Obiit
2612 1422 2882 1479 Ricardus
2928 1421 3040 1477 dux
3085 1422 3544 1489 Normannorum,
3584 1419 3846 1476 succedit

2190 1511 2461 1568 Ricardus
2495 1512 2641 1568 ﬁlius
2671 1513 2807 1580 ejus.

2262 1600 2418 1654 1001.
2459 1601 2774 1657 Willermns
2804 1600 3013 1670 primus
3041 1599 3211 1655 abbas
3239 1599 3530 1669 Fiscampi.

2264 1689 2418 1746 1014.
2457 1690 2667 1761 (Scribe
2701 1688 2853 1760 1024)
2883 1689 3032 1745 Obiit
3075 1687 3345 1745 Henricus
3391 1688 3548 1758 imp.,
3588 1687 3845 1743 succedit

453 1788 618 1847 stum,
651 1780 705 1835 id
754 1786 838 1836 est
884 1794 1055 1850 usque
1094 1779 1162 1835 ad
1210 1777 1557 1833 Nativitatem
1604 1776 1809 1832 Christi
1849 1789 1973 1845 quae
2003 1772 2490 1854 fuitBConradus.

452 1876 701 1938 tempore
758 1871 897 1938 ejus,
958 1882 1091 1938 pace
1149 1866 1291 1922 facta
1347 1880 1471 1921 cum
1528 1865 1773 1930 Parthis,
1833 1863 2105 1932 bellisque

453 1959 574 2013 toto
621 1956 756 2013 orbe
804 1956 1167 2022 cessantibus,
1197 1953 1420 2010 fuerunt
1448 1955 1575 2009 anni
1606 1952 1767 2019 2015,
1800 1953 1856 2007 in
1905 1951 2107 2021 quibus

452 2045 599 2100 inter
643 2058 703 2100 se
760 2045 1062 2115 scriptores
1116 2045 1313 2099 artium
1367 2043 1480 2099 otia
1543 2042 1875 2112 negotiaque
1943 2040 2106 2095 trive-

456 2138 605 2189 runt.
665 2135 822 2188 Anno
882 2132 957 2211 ab
1024 2131 1168 2188 Urbe
1234 2131 1458 2186 condita
1517 2129 1644 2197 752,
1699 2130 1762 2184 D.
1817 2129 1882 2183 N.
1942 2127 2107 2196 Virgo

456 2220 770 2276 beatissima
818 2219 1035 2290 peperit
1062 2220 1124 2275 Ι).
1157 2220 1222 2274 Ν.
1252 2221 1437 2274 Iesum
1482 2217 1778 2283 Christum,
1827 2214 2108 2271 Octaviani

456 2309 690 2365 Caesaris
716 2308 806 2364 42.

532 2508 735 2561 Scelera
782 2519 897 2574 qua:
937 2508 1221 2573 sequuntur
1238 2572 1249 2574 _
1265 2500 1505 2574 vulgaria
1551 2506 1691 2574 sunt,
1737 2504 1791 2574 et
1829 2514 2112 2574 amanuen-

460 2575 535 2629 sis
563 2570 1132 2645 imperiti-negligentia
1181 2572 1264 2645 ad
1297 2571 1533 2645 epochas
1568 2571 1840 2645 chronicas
1885 2570 2111 2645 vitiosis-

465 2647 595 2700 sime
633 2640 901 2713 ittigataf
930 2640 985 2699 ut
1039 2658 1177 2714 saepe
1233 2640 1425 2709 decem,
1484 2642 1684 2710 viginti,
1743 2646 1833 2696 aut
1883 2640 2113 2766 {aurium

469 2717 626 2766 etiam
671 2729 925 2766 annorum
969 2712 1277 2766 immanibus
1331 2712 1771 2766 narachronismis
1820 2727 1881 2766 ve
1954 2717 2113 2766 mela-

469 2717 626 2771 etiam
671 2712 925 2770 minorum
969 2712 1277 2769 immanibus
1329 2712 1771 2784 peracta-animis
1820 2712 1901 2767 vet
1954 2717 2114 2767 mela-

465 2785 773 2841 chronismis
829 2802 864 2841 a
917 2790 1057 2841 recto
1112 2782 1344 2840 veritatis
1400 2787 1605 2839 tramite
1651 2782 1877 2838 aberret.
1928 2784 2109 2838 Pauca

465 2857 725 2913 duntaxat
751 2856 989 2926 seligant,
1021 2860 1176 2927 atque
1214 2871 1279 2911 ea
1311 2857 1602 2927 praesertim
1631 2869 1745 2927 qua:
1783 2854 1854 2910 ad
1880 2855 2116 2909 Fiscam-

462 2942 649 2983 nenses
705 2927 921 2983 abbates
987 2942 1051 2982 ac
1105 2928 1485 2985 Normanicam
1529 2926 1801 2980 historiam
1854 2928 2110 2995 spectant,

466 3014 581 3068 qua:
607 2999 776 3069 fusius
804 3004 1011 3069 repetas
1035 3012 1105 3052 ex
1140 2997 1392 3053 Chronico
1422 2996 1809 3064 Rotomagensi.

2126 3112 2171 3171 G

532 3192 660 3247 415.
701 3192 800 3248 His
845 3191 1040 3247 diebus
1096 3204 1196 3262 per
1245 3195 1495 3245 sanctum
1530 3190 1880 3246 Gamalielem
1930 3190 2117 3247 Lucia-

465 3295 539 3339 no
595 3280 920 3351 presbytero
978 3279 1274 3335 revelatum
1332 3284 1412 3334 est
1470 3291 1674 3348 corpus
1720 3279 1775 3333 S.
1834 3277 2119 3348 Stephani,

471 3378 527 3428 et
564 3385 664 3442 per
708 3370 898 3441 plures
935 3369 1200 3426 ecclesias
1236 3368 1554 3424 Occidentis
1601 3367 1800 3424 delata
1838 3374 1968 3422 sunt
2005 3370 2124 3436 ejus

472 3458 743 3530 reliquiae.
1438 3456 1450 3463 ’

540 3547 666 3604 486.
717 3547 855 3619 (lege
900 3545 1033 3618 496)
1083 3546 1396 3616 Baptizatur
1440 3544 1748 3601 Clodoveus
1785 3560 1816 3600 a
1854 3546 1912 3600 B.
1945 3544 2126 3601 Remi-

469 3639 561 3709 gio
592 3637 849 3693 Remensi
878 3634 1320 3705 archiepiscopo.
1478 3683 1484 3693 .

541 3724 667 3781 544.
698 3725 847 3781 Obiit
876 3726 931 3780 S.
964 3724 1296 3780 Benedictus
1325 3723 1487 3777 Pater
1524 3721 1943 3778 monachorum.

542 3813 668 3869 584.
727 3813 1001 3870 Clotarius
1056 3812 1201 3867 ﬁlius
1256 3810 1554 3881 Chilperici
1610 3826 1709 3866 rex
1758 3817 1841 3866 est
1888 3812 2127 3867 Franco-

471 3916 614 3957 rum.

542 3988 668 4044 636.
714 3988 852 4060 (lege
879 3987 1013 4060 646)
1055 3990 1110 4044 S.
1142 3987 1440 4044 Audoenus
1482 3988 1774 4045 ordinatur
1810 3989 2123 4059 episcopus.

545 4077 670 4133 679.
710 4077 859 4133 Obiit
886 4077 1281 4143 Theodoricus,
1313 4076 1562 4131 succedit
1588 4077 1915 4133 Clodoveus.

544 4168 669 4224 876.
713 4168 874 4224 Venit
919 4166 1080 4223 Rollo
1138 4166 1250 4222 dux
1305 4166 1489 4223 Dania:
1536 4167 1592 4222 in
1649 4168 1959 4223 Neustriam
2003 4181 2126 4223 cum

473 4257 608 4325 suis,
641 4256 832 4313 volens
860 4271 978 4313 eam
1010 4255 1117 4311 sibi
1145 4256 1454 4325 acquirere.

544 4345 669 4403 898.
709 4346 938 4403 Obsedit
983 4345 1144 4402 Rollo
1193 4346 1528 4412 Carnotnm,
1577 4343 1674 4401 sed
1729 4358 1818 4414 ep.
1864 4346 2130 4415 Wasque-

2262 1865 2419 1921 1026.
2459 1866 2608 1922 Obiit
2638 1866 2906 1922 Ricardus
2935 1864 3046 1921 dux
3092 1866 3549 1932 Normannorum,
3590 1863 3845 1919 succedit

2186 1953 2358 2010 frater
2386 1956 2525 2025 ejus.

2267 2043 2420 2099 1028.
2459 2045 2699 2100 Joannes
2725 2043 2896 2099 abbas
2925 2043 3196 2113 Fiscampi
3224 2041 3522 2099 secundus.

2265 2131 2419 2186 1031.
2460 2132 2607 2188 Obiit
2662 2133 2937 2188 Robertus
2994 2146 3092 2187 rex
3156 2133 3487 2188 Francorum
3513 2173 3527 2196 ,
3592 2130 3844 2186 succedit

2191 2222 2461 2277 Henricus
2488 2221 2635 2278 ﬁlius
2664 2224 2804 2292 ejus.

2268 2308 2423 2364 1035.
2463 2311 2611 2367 Obiit
2639 2311 2915 2367 Robertus
2943 2309 3054 2365 dux
3090 2311 3552 2377 Normannorum,
3591 2305 3843 2363 succedit

2191 2398 2499 2455 Willelmus
2528 2398 2673 2455 ﬁlius
2703 2401 2824 2469 ejus
2865 2399 3109 2469 spurius,
3141 2398 3235 2469 qui
3267 2412 3333 2454 eo
3363 2397 3511 2468 quod
3542 2401 3692 2453 esset
3718 2407 3845 2464 cog-

2193 2494 2356 2544 natus
2382 2488 2528 2558 regis
2556 2488 2818 2552 Eduardi,
2848 2487 3095 2558 Angliam
3125 2487 3434 2557 acquisivit.

2271 2577 2424 2633 1039.
2467 2577 2615 2633 Obiit
2642 2577 2928 2634 Conradus
2957 2577 3115 2647 imp.,
3136 2577 3386 2633 succedit
3414 2575 3686 2631 Henricus
3702 2572 3843 2628 ﬁlius

2195 2681 2334 2737 ejus.

2272 2755 2426 2811 1056.
2466 2755 2679 2825 Incepit
2708 2755 2863 2811 locus
2891 2754 2960 2811 de
3000 2755 3262 2811 Karitate.

2275 2843 2429 2899 1058.
2469 2845 2633 2899 Facta
2661 2849 2746 2900 est
2771 2845 3004 2900 Donatio
3035 2843 3212 2902 sancti
3248 2841 3538 2898 Gabrielis.

2275 2932 2429 2989 1060.
2470 2934 2617 2989 Obiit
2647 2934 2915 2989 Henricus
2942 2948 3041 2989 rex
3060 2935 3413 2996 Francorum,
3435 2930 3688 2987 succedit
3714 2930 3845 2985 Phi-

2198 3022 2382 3094 lippus
2410 3022 2556 3078 ﬁlius
2586 3024 2724 3092 ejus.

2267 3111 2422 3167 1064.
2471 3112 2802 3168 Cenomanis
2830 3111 3118 3181 subjugata
3149 3116 3235 3166 est
3262 3122 3292 3164 a
3321 3108 3673 3165 Normannis.

2280 3201 2435 3258 1067.
2471 3200 2788 3257 Willermus
2828 3200 2940 3257 dux
2967 3202 3154 3257 Norm.
3197 3213 3295 3256 rex
3330 3200 3391 3255 ﬁt
3417 3199 3626 3270 Anglia;
3664 3198 3847 3255 occiso

2204 3290 2468 3346 Haroldo.

2280 3377 2436 3433 1068.
2511 3377 2792 3435 Maurilius
2861 3376 3015 3434 arch.
3090 3377 3257 3433 Roth.
3332 3377 3532 3443 obiit,

2204 3470 2467 3525 Joannes.

2284 3555 2438 3612 1078.
2478 3556 2624 3611 Obiit
2651 3558 2891 3612 Joannes
2920 3555 3090 3611 abbas
3119 3555 3411 3624 Fiscampi,
3451 3553 3704 3610 succedit
3731 3554 3853 3609 Wil-

2208 3644 2405 3701 lelmus
2433 3644 2604 3699 abbas
2632 3643 2849 3700 tertius.

2285 3733 2438 3790 1083.
2481 3734 2628 3790 Obiit
2675 3733 2952 3790 Mathildis
2995 3733 3186 3804 regina
3212 3733 3533 3803 Anglorum,
3565 3744 3709 3787 uxor
3730 3730 3853 3785 Wil-

2208 3823 2365 3880 lermi
2392 3824 2559 3894 regis,
2600 3822 2713 3878 ﬁlia
2740 3822 2992 3878 Balduini
3022 3822 3241 3878 comitis
3269 3821 3565 3877 Flandriaa.

2286 3910 2444 3965 1087.
2483 3912 2634 3967 Obiit
2661 3911 2978 3967 Willermns
3015 3925 3114 3967 rex
3149 3912 3243 3982 qui
3273 3909 3520 3981 Angliam
3551 3908 3856 3979 acquisivit,

2209 4001 2461 4056 succedit
2490 3999 2807 4056 Willermns
2843 3999 2988 4056 ﬁlius
3016 4001 3156 4070 ejus.

2284 4088 2444 4144 1090.
2486 4090 2766 4145 Venerunt
2793 4088 3052 4145 monachi
3081 4088 3152 4145 de
3182 4088 3544 4144 Karitate.....

2285 4177 2443 4234 1093.
2484 4179 2836 4234 Constructio
2867 4181 3082 4235 Sanctae
3114 4178 3266 4235 Fidei
3298 4176 3670 4249 Longaavillae.

3607 3374 3853 3431 succedit

2284 4265 2442 4320 1099.
2482 4267 2653 4337 Capta
2682 4272 2766 4322 est
2792 4266 3116 4323 Jerusalem.
3146 4266 3297 4322 Obiit
3315 4266 3635 4321 Willermns
3657 4265 3857 4336 jnnior,

2209 4354 2460 4411 succedit
2488 4355 2778 4411 Henricus.

476 4436 656 4503 linus,
720 4435 1018 4492 Ricardum
1084 4434 1413 4505 Βυτςιιῐιάίω
1473 4433 1666 4489 ducem
1735 4440 1791 4488 θῐ
1856 4433 2193 4503 EbaldumD
2274 4443 2427 4500 1104.
2468 4443 2631 4500 Venit
2660 4444 2936 4499 Robertus
2964 4444 3075 4500 dux
3104 4444 3159 4499 in
3198 4442 3466 4514 Angliam,
3497 4442 3697 4499 volens
3735 4455 3844 4497 eam

474 4525 850 4581 Pictavensem
914 4525 1168 4581 comitem
1234 4523 1293 4578 in
1357 4537 1514 4579 suum
1571 4521 1831 4578 auxilium
1885 4536 2128 4590 vocans,

477 4614 755 4670 camisiam
803 4615 860 4669 S.
910 4614 1093 4669 Mariae
1140 4612 1198 4667 in
1247 4611 1498 4667 manibus
1544 4610 1728 4667 ferens
1772 4610 1979 4683 fugavit
2006 4611 2133 4667 Rol-

478 4702 686 4760 lonem.

544 4791 673 4847 912.
716 4793 879 4848 Facta
927 4796 1011 4847 est
1060 4804 1166 4860 pax
1214 4789 1360 4845 inter
1409 4787 1670 4844 Karolum
1715 4794 1771 4844 et
1816 4788 2130 4853 Rollonem,

479 4879 743 4950 deditque
791 4880 842 4935 ei
892 4878 1127 4936 Karolus
1174 4877 1341 4934 ﬁliam
1379 4891 1563 4946 suam,
1620 4877 1689 4933 de
1751 4892 1860 4948 qua
1919 4877 2133 4935 nullum

478 4968 670 5024 habuit
708 4968 901 5024 ﬁlium.
1424 5000 1425 5003 η

548 5056 674 5113 918.
715 5057 863 5113 Obiit
909 5056 1217 5113 Willelmus
1264 5056 1377 5113 dux
1422 5056 1824 5126 Aquitanorum
1874 5055 1969 5125 qui
2007 5056 2134 5112 Clu-

481 5146 696 5203 niacum
738 5147 1044 5202 construxit
1089 5145 1480 5202 monasterium
1520 5145 1577 5200 in
1625 5145 1836 5201 honore
1882 5145 2030 5201 Petri
2079 5152 2135 5202 et

483 5235 654 5291 Pauli.

555 5323 680 5378 943.
721 5324 1026 5381 Willelmus
1072 5324 1184 5381 dux
1229 5325 1667 5380 Normannorum
1696 5321 1827 5380 dolo
1859 5323 2135 5379 occiditur

488 5411 557 5467 ab
609 5412 838 5470 Arnulfo
894 5414 1094 5471 comite
1150 5413 1470 5469 Flandrensi
1495 5454 1510 5479 ,
1560 5411 1810 5469 succedit
1866 5413 2137 5470 Ricardus

492 5500 636 5556 ﬁlius
663 5504 802 5572 ejus.

567 5588 692 5645 963.
730 5590 990 5648 Girardus
1015 5591 1186 5648 abbas
1213 5590 1353 5647 obiit
1378 5590 1523 5660 apud
1551 5589 1889 5650 Cluniacum.

2211 4532 2317 4588 sibi
2346 4533 2656 4603 acquirere.

2290 4621 2446 4677 1105.
2482 4621 2768 4678 Dedicatio
2820 4622 2888 4677 de
2937 4621 3179 4678 Karitate
3224 4636 3256 4677 a
3304 4619 3551 4677 Paschali
3593 4634 3756 4690 papa,
3788 4633 3856 4673 vn

2214 4710 2344 4766 ldus
2370 4711 2566 4767 Martii.

2292 4799 2447 4855 1106.
2490 4799 2761 4855 Henricus
2790 4812 2889 4855 rex
2921 4798 3220 4871 Anglorum
3254 4798 3405 4869 cepit
3432 4798 3738 4855 Robertum
3767 4797 3862 4853 du-

2215 4902 2334 4944 cem
2363 4888 2588 4945 fratrem
2619 4902 2799 4944 suum.

2293 4976 2446 5034 1108.
2487 4978 2638 5033 Obiit
2666 4976 2954 5048 Philippus
2992 4991 3089 5033 rex
3117 4977 3386 5046 Francia},
3411 4976 3666 5034 succedit
3694 4975 3862 5033 Ludo-

2213 5067 2367 5122 vicus
2395 5066 2542 5122 ﬁlius
2570 5068 2711 5136 ejus.

2293 5154 2448 5209 1116.
2490 5153 2797 5210 Willelmus
2824 5166 3009 5209 comes
3035 5152 3387 5209 Nivernensis
3414 5158 3611 5223 captus
3639 5158 3744 5208 est.

2293 5240 2448 5297 1120.
2489 5241 2779 5298 Redeunte
2810 5256 2939 5313 rege
2978 5242 3217 5297 Henrico
3256 5241 3313 5297 in
3351 5240 3620 5312 Angliam,
3654 5239 3865 5297 Willer-

2217 5345 2338 5388 uius
2385 5329 2530 5385 ﬁlius
2566 5330 2685 5399 ejus
2730 5344 2853 5385 cum
2902 5329 3076 5386 electa
3121 5328 3409 5385 nobilitate
3456 5329 3693 5385 militum
3739 5327 3865 5384 sub-

2218 5430 2430 5476 mersus
2459 5424 2543 5474 est
2569 5418 2626 5473 in
2666 5418 2821 5473 mari.

2298 5506 2451 5561 1127.
2490 5506 2780 5563 Gaufridus
2816 5519 3004 5564 comes
3037 5506 3445 5577 Andegavensis
3489 5504 3649 5562 duxit
3693 5505 3865 5576 impe«

2220 5598 2476 5654 ratricem
2505 5595 2837 5654 Mathildem.
