4014 6176
236 256 321 311 481

1437 257 1820 313 CHRONICON
1860 258 2334 314 FlSCAMiVENSE.

3466 265 3574 321 482

300 376 438 431 1128.
475 374 622 430 Obiit
641 374 956 432 Willermus
973 380 1321 434 Normannus
1346 391 1531 435 comes
1551 380 1914 448 Flandria,A
2006 380 2160 436 1179.
2202 378 2509 436 Ludovicus
2545 394 2642 435 rex
2676 379 2824 436 venit
2852 381 2920 436 ad
2951 384 3004 438 S.
3047 385 3328 455 Thomam,
3378 399 3434 447 et
3472 406 3574 448 co-

234 476 280 524 et
305 464 588 522 Gaufredus
617 465 784 520 Roth.
816 467 992 534 arch.,
1026 469 1273 524 succedit
1302 470 1478 539 Hugo.

298 554 436 609 1130.
501 555 773 611 Henricus
850 555 1027 612 factus
1109 564 1192 613 est
1253 558 1656 614 Wintoniensis
1719 559 1844 629 epi-

229 659 425 714 scapus.

293 731 434 787 1131.
475 731 757 789 Dedicatio
788 733 1038 790 ecclesia
1069 735 1448 792 Cluniacensis
1480 738 1548 792 ab
1578 739 1846 792 Innocen-

229 822 295 876 tio
322 834 451 890 papa
479 821 546 875 11.

291 908 434 962 1133.
472 910 646 964 Natus
693 914 776 966 est
827 910 1097 967 Henricus
1139 913 1541 985 primogenitus
1589 914 1844 971 Gaufredi

228 996 424 1052 comitis
452 1000 506 1051 et
535 996 813 1052 Mathildis
843 998 1209 1068 imperatricis
1238 1015 1424 1057 mense
1453 1003 1664 1058 Martio.

288 1081 432 1139 1134.
485 1085 636 1140 Obiit
710 1085 986 1142 Robertus
1050 1088 1351 1145 Cortehuse
1385 1132 1399 1156 ,
1466 1089 1635 1146 frater
1701 1091 1846 1161 regis

223 1172 422 1228 Henrici
450 1172 597 1242 apud
627 1172 1006 1229 Glocestriam.

284 1258 430 1316 1135.
470 1261 623 1316 Obiit
653 1263 922 1318 Henricus
971 1278 1066 1319 rex
1096 1265 1416 1336 Anglorum,
1449 1267 1699 1323 succedit
1728 1270 1846 1324 Ste-

219 1347 412 1418 phanus
439 1363 614 1416 nepos
647 1351 786 1419 ejus.

284 1437 429 1492 1137.
469 1439 623 1494 Obiit
678 1439 989 1497 Ludovicus
1037 1457 1132 1498 rex
1190 1445 1544 1513 Francorum,
1595 1447 1844 1504 succedit

219 1525 506 1582 Ludovicus
545 1527 690 1582 ﬁlius
719 1529 858 1597 ejus.

284 1612 427 1669 1139.
469 1616 753 1672 Mathildis
797 1618 928 1687 imp.
963 1619 1112 1674 venit
1160 1621 1214 1674 in
1261 1621 1483 1677 Galliam
1524 1637 1645 1678 cum
1677 1622 1843 1679 fratre

218 1717 305 1758 suo
334 1704 578 1760 Roberto
599 1707 800 1762 comite
829 1707 1168 1764 Glocestria.

284 1790 427 1848 1141.
468 1795 674 1864 Captus
705 1802 788 1851 est
834 1810 928 1851 rex
959 1797 1267 1867 Stephanus
1299 1815 1349 1854 1v
1387 1800 1505 1855 Kal.
1549 1801 1732 1868 Febr.,
1793 1807 1847 1856 et

217 1879 320 1935 Kal.
357 1883 682 1938 Novembris
720 1884 985 1940 liberatus
1022 1893 1106 1941 est
1153 1902 1253 1957 per
1291 1889 1581 1945 Henricum
1623 1889 1846 1945 fratrem

213 1983 354 2025 suum
384 1972 824 2030 Wintoniensem
856 1976 1201 2046 episcopum.

276 2057 426 2116 1144.
487 2063 791 2120 Cruciﬁxus
838 2072 921 2120 est
960 2079 1098 2135 puer
1126 2066 1346 2136 quidam
1387 2082 1418 2123 a
1452 2068 1658 2125 Judais
1698 2069 1842 2138 apud

207 2145 508 2204 Norvicum.

275 2235 431 2290 1147.
473 2238 621 2295 Obiit
648 2239 964 2297 Willermus
995 2255 1181 2298 comes
1209 2245 1582 2301 Nivernensis.

269 2321 427 2380 1151.
469 2326 618 2382 Obiit
645 2327 948 2385 Gaufredus
985 2344 1171 2387 comes
1198 2333 1626 2403 Andegavensis.

265 2411 427 2469 1155.
469 2415 619 2470 Obiit
648 2429 835 2472 comes
863 2418 1230 2476 Theobaldus.

265 2500 429 2554 1154.
499 2502 646 2558 Obiit
692 2505 1002 2573 Stephanus
1059 2521 1155 2562 rex
1219 2509 1540 2580 Anglorum,
1601 2512 1850 2567 succedit

192 2589 470 2645 Henricus
499 2590 644 2646 ﬁlius
671 2592 910 2648 Matildis
938 2595 1072 2665 imp.
1105 2595 1230 2652 ﬁlia
1270 2598 1418 2669 regis
1460 2600 1707 2655 Henrici.

268 2675 429 2733 1157.
486 2679 759 2735 Henricus
814 2695 911 2737 rex
966 2682 1122 2739 duxit
1178 2686 1480 2742 exercitum
1539 2687 1595 2742 in
1649 2690 1851 2744 Grave-

201 2763 392 2836 ﬁnges.

271 2853 429 2908 1158.
497 2857 614 2912 Rex
669 2859 914 2914 Francia
969 2860 1125 2917 dedit
1181 2861 1342 2918 ﬁliam
1402 2877 1555 2919 suam
1613 2865 1851 2920 Henrico

206 2940 310 2998 ﬁlio
338 2943 491 3015 regis
517 2944 749 3016 Anglia.

1928 476 2155 524 renatus
2203 476 2286 524 est
2334 468 2620 538 Philippus
2665 467 2808 523 ﬁlius
2855 471 2995 538 ejus.
3039 472 3125 527 Fit
3172 488 3308 530 nova
3354 486 3574 535 moneta

1926 559 1984 614 in
2022 558 2234 628 Anglia.

2004 647 2158 702 1180.
2200 646 2348 701 Obiit
2394 644 2741 711 Ludovicus,
2801 659 2895 700 rex
2942 647 3293 716 Francorum,
3325 653 3573 709 succedit

1927 734 2213 803 Philippus
2244 734 2388 789 ﬁlius
2418 736 2557 803 ejus.

2004 822 2157 876 1183.
2198 823 2346 878 Obiit
2372 824 2594 878 Juvenis
2623 839 2717 882 rex
2749 825 3036 881 Henricus.

2004 910 2156 967 1185.
2198 912 2345 967 Obiit
2382 913 2659 968 Robertus
2689 915 2758 970 de
2789 914 3088 970 Stotevilla.

2003 999 2155 1055 1188.
2197 1001 2483 1055 Discordia
2530 1002 2677 1057 inter
2724 1017 2882 1073 reges
2934 1003 3242 1074 Philippum
3289 1009 3343 1060 et
3382 1004 3574 1061 Henri-

1927 1103 2070 1144 cum.
2103 1091 2308 1145 Cruces
2331 1103 2431 1159 pro
2453 1105 2588 1159 pace
2626 1099 2997 1160 sumpserunt.

2001 1178 2151 1234 1189.
2192 1180 2340 1234 Obiit
2369 1180 2657 1247 Henricus,
2700 1181 2950 1236 succedit
2976 1182 3247 1238 Ricardus
3287 1183 3454 1240 ﬁlius.

1999 1267 2150 1320 1190.
2193 1269 2308 1323 Rex
2337 1267 2622 1337 Philippus
2671 1276 2725 1323 et
2755 1283 2850 1324 rex
2890 1269 3160 1325 Ricardus
3188 1271 3373 1327 ierunt
3408 1274 3569 1328 Jeru-

1924 1355 2090 1412 salem
2122 1370 2243 1411 cum
2283 1355 2457 1411 electa
2489 1355 2774 1411 nobilitate
2805 1356 3059 1413 militum.

2002 1445 2154 1500 1192.
2203 1445 2387 1501 Rediit
2417 1459 2513 1500 rex
2549 1444 2834 1514 Philippus
2879 1446 2947 1502 de
2996 1448 3298 1504 Jerusalem
3332 1455 3388 1505 et
3417 1452 3569 1522 cepit

1926 1540 2164 1590 castrum
2209 1535 2457 1602 Cizortii,
2491 1540 2546 1590 et
2575 1534 2680 1588 alia
2711 1535 2916 1604 oppida
2957 1536 3013 1590 in
3042 1537 3396 1592 Normauuia.

2005 1623 2158 1679 1193.
2201 1627 2402 1694 Captus
2430 1623 2533 1680 fuit
2562 1639 2659 1679 rex
2687 1624 2956 1679 Ricardus
2985 1624 3041 1678 in
3072 1625 3372 1680 Alemania.

1862 1709 1909 1766 B
2007 1713 2160 1769 1195.
2202 1715 2388 1770 Rediit
2419 1730 2513 1770 rex
2559 1714 2828 1770 Ricardus
2857 1713 3122 1770 liberatus
3166 1729 3198 1769 a
3236 1729 3480 1784 carcere,
3522 1723 3579 1772 et

1928 1803 2181 1860 liberavit
2210 1810 2388 1860 castra
2435 1819 2534 1860 sua
2575 1804 2630 1858 in
2676 1803 2868 1874 Anglia
2917 1803 2985 1858 de
3026 1818 3186 1858 manu
3215 1803 3443 1859 Joannis
3472 1803 3576 1860 fra-

1929 1893 2029 1948 tris
2057 1893 2142 1949 sui
2173 1893 2266 1963 qui
2299 1908 2362 1949 ea
2392 1893 2633 1958 tenebat,
2676 1899 2731 1948 et
2779 1891 2982 1963 fugavit
3029 1906 3213 1963 regem
3263 1892 3576 1962 Philippum

1928 1984 2023 2052 qui
2072 1984 2372 2038 intraverat
2414 1981 2820 2038 Normauuiam.
2861 1983 3064 2051 Captus
3120 1979 3223 2036 fuit
3279 1981 3578 2052 episcopus

1927 2071 2292 2127 Belvacensis.

2006 2158 2161 2214 1199.
2229 2160 2344 2213 Rex
2399 2157 2668 2213 Ricardus
2723 2157 2997 2214 occiditur
3051 2157 3196 2228 apud
3255 2158 3571 2214 Limoziam.

1927 2247 2186 2304 Succedit
2219 2249 2457 2301 Joannes
2489 2244 2676 2300 frater.

2005 2335 2160 2389 1200.
2203 2337 2365 2390 Facta
2411 2338 2495 2388 est
2533 2331 2810 2388 discordia
2859 2332 3006 2388 inter
3045 2347 3204 2403 reges
3257 2333 3568 2402 Philippum

1930 2431 1985 2481 et
2019 2427 2306 2482 Joannem.
2353 2423 2648 2479 Combusta
2704 2428 2788 2478 est
2835 2421 3070 2478 ecclesia
3117 2421 3577 2492 Rothomagensis

1931 2530 2051 2570 cum
2085 2514 2326 2569 civitate.

2013 2601 2164 2656 1201.
2207 2601 2514 2656 Ludovicus
2543 2599 2686 2654 ﬁlius
2716 2599 2954 2669 Philippi
2986 2598 3131 2670 regis
3162 2599 3317 2654 duxit
3342 2613 3568 2656 uxorem

1936 2705 2036 2760 pro
2066 2705 2199 2759 pace
2239 2698 2456 2758 neptem
2483 2690 2710 2745 Joannis
2739 2690 2904 2758 regis,
2937 2695 2992 2744 et
3021 2689 3081 2744 ﬁt
3111 2703 3235 2759 pax.

2011 2777 2166 2832 1202.
2208 2780 2402 2833 Comes
2424 2777 2694 2832 Flandria
2715 2776 3012 2831 Balduinus
3042 2776 3172 2832 fecit
3203 2789 3408 2832 moram
3429 2777 3574 2845 apud

1934 2867 2208 2932 Venetias,
2277 2865 2469 2921 volens
2552 2865 2632 2920 ire
2706 2864 3027 2920 Jerusalem.
3086 2865 3186 2919 Hic
3257 2865 3456 2920 iterum
3515 2864 3574 2918 ﬁt

1934 2971 2131 3027 guerra
2187 2956 2333 3010 inter
2371 2968 2528 3024 reges
2556 2953 2869 3024 Philippum
2917 2958 2973 3008 et
3015 2954 3299 3009 Joannem.
3351 2953 3576 3022 Capitur

276 3028 428 3087 1159.
497 3034 770 3091 Henricus
824 3051 922 3093 rex
978 3037 1136 3094 duxit
1191 3041 1494 3096 exercitum
1551 3041 1618 3096 ad
1679 3030 2181 3100 Tolo-CArturus.

209 3131 332 3174 sam.

273 3211 424 3266 1160.
465 3213 636 3268 Maria
664 3213 961 3282 abbatissa,
993 3215 1103 3272 ﬁlia
1152 3217 1298 3290 regis
1343 3217 1626 3290 Stephani,
1659 3222 1847 3291 nupsit

207 3299 467 3366 Matthao,
499 3302 694 3357 comiti
725 3303 989 3360 Bolonia.

271 3388 417 3444 1162.
461 3389 703 3446 Thomas
747 3393 1118 3450 Cancellarius
1165 3402 1523 3452 consecratus
1570 3406 1652 3454 est
1689 3400 1843 3456 arch.

205 3477 624 3535 Cantuariensis.

269 3565 416 3621 1163.
459 3567 756 3625 Dominica
804 3571 978 3640 prima
1028 3577 1154 3642 post
1200 3575 1566 3631 Pentecosten
1614 3578 1849 3633 Turonis

204 3655 479 3712 concilium
516 3656 833 3714 celebratur
861 3660 929 3714 ab
958 3660 1270 3717 Alexandro
1301 3676 1460 3732 papa.

266 3743 416 3798 1164.
456 3746 519 3801 S.
567 3746 802 3802 Thomas
830 3749 1002 3804 subiit
1037 3749 1310 3806 exsilium.

265 3830 414 3889 1165.
483 3834 668 3889 Natus
724 3841 808 3892 est
874 3837 1184 3908 Philippus,
1247 3837 1392 3894 illius
1448 3840 1595 3910 regis
1659 3841 1847 3898 Ludo-

203 3924 317 3982 vici,
562 3924 569 3936 '

270 4014 416 4074 1167.
479 4015 749 4083 Matildis,
809 4015 919 4071 ﬁlia
967 4016 1133 4086 regis,
1184 4016 1370 4086 nupsit
1419 4017 1677 4085 Henrico,
1721 4018 1847 4074 duci

202 4102 456 4165 Saxonia.

271 4191 419 4252 1169.
481 4193 739 4253 Fundata
786 4199 869 4249 est
913 4193 1131 4249 abbatia
1171 4195 1383 4249 Sancta
1414 4194 1596 4250 Maria
1625 4194 1694 4250 de
1724 4197 1849 4250 Wa-

205 4277 396 4341 lemont
422 4301 454 4342 a
488 4283 727 4342 Nicolao
757 4283 825 4338 de
855 4282 1155 4339 Stotevilla.

273 4371 420 4430 1170.
464 4374 767 4431 Heinricus
821 4372 1220 4441 primogenitus
1274 4371 1518 4427 Heinrici
1567 4373 1713 4443 regis
1759 4385 1851 4429 co-

209 4470 420 4520 ronatus
448 4469 544 4521 est
573 4478 602 4518 a
631 4461 871 4532 Rogerio
903 4460 1235 4516 Eboracensi
1265 4460 1705 4530 archiepiscopo.

277 4548 425 4609 1171.
468 4556 533 4609 S.
575 4551 809 4607 Thomas
837 4551 994 4605 Cant.
1027 4549 1177 4603 arch.
1213 4549 1409 4620 migrat
1456 4549 1523 4604 ad
1554 4549 1849 4606 Christum.

280 4637 429 4694 1172.
489 4640 647 4697 Obiit
699 4639 989 4694 Heinricus
1044 4636 1444 4692 Wintoniensis
1491 4652 1606 4707 ep.,
1657 4643 1712 4693 et
1760 4652 1853 4693 rex

213 4727 578 4785 transfretavit
623 4727 681 4782 in
721 4727 1038 4783 Hiberniam
1086 4732 1211 4796 post
1273 4724 1470 4781 festum
1527 4725 1701 4781 sancti
1750 4726 1851 4781 Mi-

212 4811 428 4882 chaelis,
466 4815 706 4873 Nicolai.

279 4901 431 4960 1173.
475 4907 753 4962 Reversus
800 4907 884 4959 est
935 4917 1050 4959 rex.
1083 4904 1152 4960 de
1201 4902 1463 4960 Hibernia
1502 4909 1558 4959 et
1595 4903 1855 4960 transfre-

214 4989 336 5046 tavit
371 4993 428 5048 in
467 4992 878 5050 Normauuiam.
910 4993 1192 5050 Dedicatio
1221 4992 1472 5050 ecclesia
1522 4993 1592 5048 de
1648 4993 1856 5050 Walle-

216 5087 376 5136 1110111.

285 5166 438 5224 1174.
479 5172 598 5227 Rex
627 5171 826 5227 Scotia
861 5177 1054 5241 captus
1083 5175 1184 5226 est.

283 5255 436 5312 1175.
500 5259 808 5315 Ludovicus
865 5274 962 5314 rex
1021 5265 1075 5313 et
1133 5259 1424 5314 Ileinricus
1478 5259 1702 5314 Juvenis
1757 5273 1854 5314 rex

216 5343 549 5403 obsederunt
605 5349 1005 5419 Rothomagum
1073 5361 1196 5402 cum
1262 5348 1549 5402 nobilitate
1617 5349 1855 5404 Franco-

218 5444 348 5489 rum.

288 5520 443 5578 1176.
491 5525 650 5582 Facta
680 5534 764 5582 est
794 5542 897 5596 pax
927 5525 1071 5580 inter
1099 5537 1282 5594 regem
1315 5530 1369 5578 et
1400 5522 1542 5578 ﬁlios
1570 5537 1718 5580 suos.

2007 3132 2160 3187 1204.
2203 3133 2318 3187 Rex
2371 3133 2610 3187 Joannes
2657 3130 2903 3200 perrexit
2949 3130 3004 3185 in
3056 3129 3324 3200 Angliam,
3378 3134 3434 3185 et
3479 3144 3576 3186 rex

1928 3221 2214 3291 Philippus
2243 3219 2465 3275 intravit
2493 3220 2881 3275 Normauuiam
2921 3226 2975 3274 et
3006 3218 3222 3274 reddita
3253 3223 3337 3274 est
3367 3219 3440 3274 ei.

2005 3309 2160 3363 1207.
2202 3309 2387 3364 Rediit
2416 3321 2514 3363 rex
2539 3310 2780 3364 Joannes
2818 3307 2874 3361 in
2904 3307 3274 3376 Aquitaniam,
3325 3312 3382 3361 et
3429 3306 3579 3374 cepit

1929 3398 2133 3469 oppida
2162 3398 2351 3453 multa.

2007 3486 2162 3540 1209.
2233 3484 2540 3540 Ludovicus
2592 3495 2767 3537 novus
2819 3480 2998 3535 miles.
3056 3479 3349 3536 Christiani
3398 3479 3584 3534 ierunt

1931 3581 2124 3630 contra
2153 3572 2496 3641 Albigenses,
2539 3574 2593 3623 et
2622 3566 2842 3637 prafuit
2871 3568 2972 3622 eis.

2006 3659 2162 3714 1214.
2204 3659 2346 3713 Vicit
2394 3657 2681 3726 Philippus
2710 3669 2807 3710 rex
2853 3657 3186 3710 Francorum
3245 3653 3579 3709 Ferrandum

1933 3749 2186 3806 comitem
2244 3745 2515 3801 Flaudria
2565 3751 2620 3799 et
2654 3744 2924 3799 Othonem
2965 3743 3059 3812 qui
3108 3741 3211 3798 fuit
3256 3742 3577 3812 imperator.

2008 3836 2160 3892 1215.
2203 3835 2456 3907 Synodus
2502 3832 2824 3889 universalis
2872 3833 3060 3888 Roma
3107 3831 3208 3887 sub
3254 3831 3579 3888 Innocentio

1933 3942 2163 4069 Ρὶι1ἒ20.
2238 4012 2542 4068 Translatio
2618 4010 2795 4068 sancti
2859 4009 3081 4066 Thoma
3174 4011 3583 4067 Cantuariensis

1937 4103 2338 4174 archiepiscopi
2384 4102 2556 4156 Nonis
2602 4101 2751 4155 Julii.

2007 4249 2154 4320 (Hac
2228 4247 2496 4302 Fiscamni
2547 4249 2636 4299 aut
2691 4245 2831 4314 apud
2905 4243 3341 4298 Waltemontense
3399 4258 3579 4298 can-o-

1867 4365 1917 4422 Β
1940 4339 2077 4394 bium
2129 4337 2353 4408 primum
2397 4337 2625 4388 ert-arata
2682 4331 2860 4386 delata
2915 4336 3033 4384 sunt
3092 4334 3440 4395 Brennacum,
3496 4329 3584 4382 ubi

1937 4442 2051 4500 qua:
2103 4428 2407 4496 sequuntur,
2469 4421 2622 4476 dubio
2695 4417 2878 4490 procul
2943 4418 3080 4472 omni
3143 4418 3407 4488 descripta
3461 4423 3582 4472 sunt

1936 4519 2146 4572 diversa
2186 4526 2406 4584 prorsus
2452 4524 2610 4565 manu
2656 4525 2689 4564 a
2727 4505 3182 4580 praedantibus).

2012 4637 2166 4693 1204.
2206 4635 2355 4693 Obiit
2390 4638 2570 4705 Agnes
2608 4633 2887 4690 comitissa
2915 4633 3126 4686 Brana.

2013 4727 2169 4782 1218.
2210 4726 2352 4781 Obiit
2397 4724 2674 4780 Robertus
2721 4736 2906 4778 comes
2953 4718 3247 4775 Drocensis
3284 4724 3340 4773 et
3367 4720 3580 4784 Brana,

1937 4819 2081 4875 ﬁlius
2109 4815 2334 4888 Agnetis
2381 4812 2698 4877 comitissa,
2741 4817 2794 4866 et
2844 4807 3095 4864 succedit
3135 4807 3410 4862 Robertus
3439 4805 3583 4862 ﬁlius

1937 4923 2168 5049 e"11182.23.
2211 4991 2516 5061 Philippus,
2550 5002 2646 5044 rex
2674 4986 2940 5052 Francia,
2973 4983 3152 5050 obiit;
3207 4984 3456 5040 succedit
3482 4986 3583 5040 Lu-

1939 5086 2166 5143 dovicus
2195 5083 2360 5138 ﬁlius.

2013 5174 2169 5228 1226.
2210 5167 2519 5226 Ludovicus
2566 5164 2725 5230 obiit,
2765 5161 3014 5218 succedit
3060 5159 3386 5226 Ludovicus,
3437 5159 3581 5216 filius

1938 5262 2185 5335 ejusdem
2219 5254 2503 5314 Ludovici.

2015 5350 2168 5404 1227.
2213 5345 2542 5409 Heinricus,
2600 5340 2744 5394 ﬁlius
2794 5338 3024 5394 Roberti
3082 5335 3300 5393 comitis
3365 5339 3576 5408 Brana,

1938 5443 2147 5498 electus
2177 5443 2260 5493 est
2290 5437 2344 5490 in
2375 5432 2526 5488 arch.
2561 5433 2904 5486 Remensem.

2013 5528 2172 5585 1229.
2213 5529 2374 5582 Facta
2403 5527 2486 5578 est
2513 5518 2789 5576 discordia
2827 5517 2973 5572 inter
3028 5515 3269 5587 reginam
3321 5520 3378 5571 et
3414 5516 3580 5573 cleri-
