4014 6176
298 1270 315 1280 ,
403 1216 549 1272 tibus
574 1217 627 1269 et
665 1212 733 1267 de
763 1211 1024 1277 Sesanna,
1058 1210 1114 1262 et
1135 1203 1393 1276 fugarunt
1424 1202 1681 1258 comitem
1709 1199 2044 1269 Campania,

399 290 506 344 483
1163 278 1446 336 APPEND.
1486 278 1573 332 AD
1609 272 1792 330 JOAN.
1834 264 2138 327 FISCAMN.
2177 300 2249 310 ——
2286 268 2604 326 CATALOG.
2646 270 2792 325 ΑΒΒ.
2838 271 2997 325 FISC.
3659 262 3762 319 484

401 430 498 473 cos
516 412 873 477 Parisienses,
899 413 953 464 et
974 405 1130 463 multi
1152 402 1418 461 submersi
1440 400 1662 457 fuerunt
1681 399 1737 454 in
1767 394 2106 468 Sequana.A
2198 392 2354 453 1239.
2397 396 2544 453 Obiit
2593 394 2862 452 Henricus
2927 391 2996 451 de
3063 392 3256 462 Brana,
3316 390 3762 462 archiepiscopus

474 502 631 559 I230.
675 503 837 557 Facta
866 504 949 555 est
980 494 1257 553 discordia
1287 494 1433 548 inter
1480 500 1664 561 regem
1712 486 1956 544 Francia
1986 492 2042 542 et
2127 489 2432 545 Remensis.

402 598 643 659 Petrum,
694 590 950 647 comitem
998 584 1314 647 Britannia,
1365 587 1420 636 et
1475 579 1580 635 fuit
1624 593 1720 634 rex
1767 591 1891 634 cum
1930 581 2045 632 tota
2204 578 2357 633 I242.
2401 578 2563 633 Facta
2609 581 2693 632 est
2736 572 3012 631 discordia
3051 574 3196 629 inter
3225 584 3407 643 regem
3438 570 3684 626 Francia
3712 577 3766 626 et

402 681 691 739 nobilitate
757 680 1089 733 Francorum
1148 678 1202 727 et
1259 668 1667 731 Britannorum,
1728 671 1783 722 et
1846 665 2045 721 iterum
2129 670 2383 725 comitem
2423 668 2491 723 de
2544 665 2801 733 Marchia,
2834 671 2889 721 et
2942 679 3038 719 rex
3095 662 3337 718 Francia)
3385 674 3509 717 cum
3539 659 3768 715 maxima

407 771 550 828 facta
580 775 664 825 est
701 782 805 837 pax
852 766 996 819 inter
1025 774 1207 831 regem
1248 765 1303 814 et
1342 757 1617 814 comitem.
1659 752 1864 811 Eodem
1901 767 2045 810 anno
2129 757 2415 814 nobilitate
2474 758 2806 811 Francorum
2874 752 2972 809 ivit
3030 748 3085 807 in
3135 746 3446 817 Marchiam,
3511 755 3566 804 et
3621 748 3771 819 cepit

404 862 545 918 facta
575 864 658 915 est
687 853 964 912 discordia
993 853 1139 906 inter
1168 848 1423 904 comitem
1475 840 1784 915 Campania
1831 848 1885 899 et
1924 843 2047 897 Phi-
2130 848 2332 918 oppida
2370 846 2558 912 multa,
2600 851 2654 900 et
2689 846 2887 900 iterum
2925 841 3068 898 facta
3107 846 3190 897 est
3239 853 3342 909 pax
3389 839 3536 894 inter
3580 849 3769 908 regem

404 952 614 1021 lippum
644 946 897 1003 comitem
926 940 1191 1006 Bolonia,
1225 942 1279 993 et
1309 936 1564 993 comitem
1603 934 1926 999 Bobertum,
1993 935 2049 986 et

2156 944 2185 993 ιι
2249 936 2525 992 comitem.
2607 933 2810 989 Eodem
2876 944 3020 987 anno
3086 928 3439 1000 desponsavit
3508 929 3769 992 Joannes,

404 1016 543 1095 alios
571 1036 784 1093 nobiles
813 1031 1077 1097 Francia,
1121 1028 1215 1098 qui
1246 1026 1585 1082 transierunt
1621 1022 1942 1088 Matronam,
1992 1024 2047 1075 et

2156 1036 2315 1084 emes
2344 1029 2555 1093 Brana,
2586 1024 2750 1080 tiliam
2781 1016 3165 1080 Erchembaldi
3195 1019 3264 1077 de
3290 1018 3587 1077 Borbonio.

404 1127 822 1184 combusserunt
867 1126 1013 1176 totas
1058 1112 1215 1172 villas
1272 1115 1339 1171 dc
1395 1116 1695 1184 Sparnaco,
1750 1104 1820 1166 tle
1869 1111 2048 1166 Virtu—
2206 1115 2361 1172 1245,
2404 1115 2689 1172 Celebrata
2742 1116 2827 1169 est
2872 1116 3059 1168 sancta
3109 1110 3354 1181 synodus
3391 1106 3776 1179 Lugdunensis

2131 1222 2159 1263 a
2188 1208 2418 1264 Domino
2449 1203 2772 1261 Innocentio
2803 1216 2941 1272 papa
2970 1196 3058 1268 IV,
3090 1196 3146 1255 in
3172 1197 3407 1255 ecclesia
3437 1198 3490 1253 8.
3521 1196 3775 1261 Joannis,

405 1309 460 1361 61.
488 1304 544 1359 ill
602 1301 785 1358 ι’θάίῐυ
842 1296 1182 1354 obsederunt
1227 1298 1404 1350 castra
1452 1291 1613 1347 (18....
1665 1289 1817 1345 etde
1847 1289 2047 1344 Fimes.
2131 1303 2187 1354 et,
2233 1295 2558 1356 Fredericus
2613 1299 2876 1360 cassatus,
2932 1295 2987 1347 et
3036 1305 3131 1346 rex
3176 1288 3420 1344 Francia
3477 1299 3646 1342 cruce
3693 1285 3777 1340 si-

405 1400 459 1450 et
490 1397 757 1462 ceperunt
782 1402 865 1456 ea,
899 1392 954 1443 et
982 1397 1249 1441 succensa
1281 1386 1363 1438 est
1389 1379 1556 1436 turris
1584 1378 1653 1435 de
1683 1378 1880 1434 Fimes.
2130 1392 2347 1458 gnatus,

480 1456 634 1538 1233.
675 1478 824 1536 Obiit
868 1476 1175 1545 Philippus,
1226 1484 1410 1528 comes
1448 1468 1715 1535 BOlOIIiIB,
1758 1473 1813 1523 et
1863 1466 1920 1521 in
1959 1466 2049 1522 die
2141 1456 2153 1458 _
2208 1471 2362 1529 1246,
2422 1472 2763 1529 Translatum
2830 1474 2913 1526 est,
2979 1483 3181 1539 corpus
3236 1465 3411 1522 sancti
3466 1456 3665 1520 EvOdii
3723 1462 3780 1517 in

404 1568 823 1643 quadragesimo
854 1570 978 1637 post
1008 1574 1192 1619 comes
1220 1561 1515 1626 Robertus,
1548 1557 1805 1614 dominus
1835 1557 2046 1624 Brana,

2156 1564 2468 1622 nonasterio
2542 1560 2716 1617 Castri
2777 1561 2968 1619 Brana
3022 1572 3121 1629 per
3175 1552 3522 1611 venerabiles
3585 1552 3781 1607 Patres

407 1662 566 1726 Obiit,
607 1665 661 1715 εἰ
685 1654 933 1714 succedit
960 1656 1200 1709 30311095
1230 1650 1372 1706 ﬁlius
1410 1651 1548 1719 einS-
1713 1681 1717 1685 ν
2078 1724 2085 1726 _
2135 1655 2583 1712 Suessionensem
2626 1654 2681 1706 et
2730 1647 3147 1705 Laudunensem
3206 1645 3523 1716 episcopos,
3579 1653 3783 1711 procu-

486 1724 641 1802 1233-
710 1748 905 1802 Comes
959 1739 1289 1811 Campaniae,
1342 1752 1527 1795 Comes
1573 1735 1889 1801 Βΐίῐὲηῐιίω,
1939 1724 2287 1801 duXBrante
2318 1743 2520 1800 domno
2548 1739 2788 1797 Gerardo
2817 1737 3014 1793 abbate
3063 1734 3196 1791 dicti
3256 1728 3384 1801 loci,
3444 1732 3500 1788 in
3556 1741 3781 1801 capsam

408 1832 760 1908 Burgundia,
794 1837 847 1889 et
878 1832 970 1888 alii
1002 1810 1220 1887 nobiles
1249 1826 1495 1885 Francia
1524 1827 1709 1882 ierunt
1731 1825 1875 1881 ultra
1903 1836 2051 1879 mare
2134 1849 2297 1906 quam
2345 1832 2473 1888 fecit
2512 1829 2657 1886 idem
2702 1827 2964 1886 cirardus
3006 1825 3148 1894 ﬁeri,
3187 1824 3398 1881 astante
3428 1810 3610 1892 plebis
3639 1820 3784 1876 mu].

410 1932 602 1983 contra
643 1936 901 1994 paganos,
951 1924 1006 1976 et
1045 1919 1192 1990 capti
1249 1916 1473 1974 fuerunt
1532 1929 1721 1972 comes
1766 1913 1940 1980 Barri,
1999 1915 2055 1968 et
2136 1920 2372 1982 “tudine
2402 1920 2647 1991 copiosa,

410 2030 596 2074 comes
623 2010 1001 2070 Montisiortis.

1007 2384 1655 2476 CATALOGUS
1720 2376 2253 2466 ABBATUM
2318 2360 3197 2459 FISCAMNENSIUM

411 2616 510 2683 Ab
551 2628 724 2682 anno
763 2612 1025 2678 circiter
1062 2626 1205 2676 certe
1236 2608 1631 2677 Christiana:
1656 2604 2032 2679 millesimo,
2067 2622 2143 2666 ωε
2186 2596 2501 2665 veteribus
2544 2593 2799 2661 schedia
2839 2592 3197 2674 exscriptus
3233 2598 3291 2653 et
3328 2587 3647 2654 deductus
3693 2590 3785 2654 ad

1668 2703 1964 2760 nostram
1999 2709 2202 2776 usque
2250 2697 2520 2753 atatem.

1653 2886 1874 2955 (Lassa.
1905 2879 2154 2939 Biblioth.
2186 2895 2281 2936 ms.
2316 2879 2359 2947 Ι,
2389 2872 2541 2948 328.)

1900 3014 2296 3027 ῤ’

487 3165 528 3219 I.
592 3161 1122 3219 Willermus‘abbas
1180 3158 1569 3217 monasterium
1629 3161 1771 3217 rexit
1820 3174 1919 3231 per
1968 3160 2124 3218 an~C
2218 3157 2353 3212 VIII.
2376 3152 2645 3210 Ricardus
2664 3146 3029 3217 Morin,apud
3069 3145 3263 3201 Palues
3284 3150 3443 3200 natus
3471 3144 3529 3198 in
3557 3141 3796 3198 diacesi

413 3265 513 3307 nos
550 3251 641 3321 29,
697 3253 752 3307 in
797 3243 991 3308 eodem
1046 3250 1316 3322 sepultus,
1376 3250 1435 3307 in
1491 3249 1705 3321 capella
1756 3252 1812 3306 S.
1872 3248 2056 3305 Maria
2144 3242 2555 3314 Rotomagensi,
2584 3241 2668 3296 Vir
2695 3236 2852 3294 valde
2899 3234 3152 3307 simplex,
3185 3237 3310 3305 post
3338 3240 3514 3322 annos
3543 3231 3798 3322 quinque

417 3312 769 3413 Magdalena.
1109 3312 1126 3322 .
1302 3312 1312 3318 I
1561 3312 1574 3321 ’
2144 3339 2368 3391 coactus
2387 3312 2719 3402 iresignavit.
2760 3329 2873 3413 _Per
2925 3328 3229 3381 Romanum
3277 3314 3501 3380 nomine
3550 3312 3799 3392 legatum

485 3408 556 3486 Ii.
595 3433 835 3487 Joannes
890 3430 1078 3501 Dalye,
1130 3429 1283 3484 Italia
1341 3429 1681 3500 progenitus,
1740 3428 2061 3498 Hierosoly-
2146 3424 2269 3493 post
2296 3420 2506 3491 aliquas
2536 3408 2909 3474 dissensiones
2956 3413 3166 3470 electus
3211 3417 3295 3469 est
3332 3418 3641 3468 successor.
3687 3412 3798 3467 Se-

414 3526 555 3576 mam
586 3519 889 3591 proiectus,
921 3519 1110 3589 ibique
1161 3514 1256 3574 diu
1306 3517 1563 3574 detentus
1610 3518 1667 3574 in
1715 3532 1958 3585 carcere,
1992 3517 2061 3572 ad

416 3611 808 3666 monasterium
856 3608 1042 3677 rediit,
1102 3607 1350 3678 obiitque
1399 3614 1544 3664 anno
1592 3604 1683 3677 51,
1724 3606 1974 3679 sepultus
2002 3608 2059 3663 in

412 3698 623 3769 capella
675 3701 735 3756 B.
783 3699 1009 3754 Joannis
1069 3697 1353 3768 Baptista.

480 3784 573 3843 III.
640 3787 955 3843 Willermus
1010 3787 1064 3841 Ia
1110 3785 1353 3853 Pucelle,
1414 3786 1728 3857 Bajocensis
1779 3783 2055 3851 diacesis,

410 3874 727 3944 Bajocensis
765 3872 1208 3943 archidiaconus,
1240 3876 1432 3944 postea
1480 3873 1703 3931 Cadomi
1736 3873 2056 3941 monachus,

414 3968 528 4018 tum
556 3963 727 4018 abbas
783 3962 1185 4018 Fiscamnensis
1242 3963 1516 4019 electione
1564 3962 1837 4019 Guillelmi
1891 3962 2056 4033 regis,

414 4049 700 4106 maximam
750 4051 999 4108 ecclesia
1060 4057 1271 4121 partem
1319 4051 1661 4123 complevit:
1697 4050 1917 4123 praiuit
1954 4066 2057 4107 an-

412 4140 500 4196 nis
527 4140 618 4208 29,
674 4139 923 4209 sepultus
969 4139 1026 4195 in
1081 4136 1289 4211 capella
1337 4142 1396 4197 B.
1430 4141 1612 4197 Maria
1655 4138 1912 4212 Virginis.

483 4231 570 4288 IV.
612 4231 863 4301 Rogerus
890 4272 905 4297 ,
966 4229 1111 4300 apud
1167 4233 1456 4302 Argentias
1503 4236 1660 4287 ortus
1714 4230 1771 4285 in
1830 4229 2057 4286 diacesi

410 4319 724 4389 Bajocensi,
776 4318 920 4375 rexit
968 4332 1146 4375 annos
1199 4317 1265 4374 31
1324 4319 1738 4385 monasterium,
1799 4318 1868 4374 de
1917 4333 2060 4389 pra-

410 4408 724 4466 decessoris
777 4408 863 4464 sui
909 4408 1161 4466 absentia
1211 4409 1541 4475 desolatam,
1591 4407 1845 4479 sepultus
1872 4408 1929 4463 in
1961 4422 2056 4464 ca-

411 4497 554 4557 Della
583 4499 638 4553 8.
681 4498 896 4553 Martini
1705 4509 1720 4520 ο

483 4588 545 4641 V.
588 4586 860 4642 Henricus
906 4586 975 4642 de
1022 4586 1233 4657 Suilly,
1283 4601 1350 4641 ex
1410 4600 1604 4643 sorore
1653 4587 1803 4658 regis
1850 4587 2061 4659 Anglia

412 4676 637 4732 Henrici
697 4679 718 4731 l
775 4676 1137 4748 progenitus,
1196 4674 1453 4731 dominus
1499 4682 1554 4733 et
1601 4677 1779 4733 harcs
1835 4676 1938 4734 fuit
1993 4677 2062 4733 de

411 4764 610 4836 Suleyo
646 4786 658 4821 τ
693 4766 927 4822 moritur
956 4779 1102 4821 anno
1132 4780 1247 4821 sua
1278 4765 1646 4823 ordinationis
1691 4764 1782 4834 49,
1814 4766 2062 4837 sepultus

412 4853 470 4909 in
504 4854 716 4924 capella
753 4856 808 4910 S.
851 4854 1021 4911 Petri.

484 4943 569 4997 VI.
640 4941 927 5009 Radulfus,
979 4948 1137 4998 ortus
1184 4943 1330 5012 apud
1382 4944 1671 5014 Argentias
1728 4943 1783 4998 in
1833 4942 2061 5000 diacesi

412 5026 720 5101 Bajocensi,
762 5029 1111 5087 medietatem
1140 5032 1293 5087 navis
1322 5032 1595 5101 ecclesia,
1629 5039 1684 5087 et
1714 5032 1851 5088 duas
1881 5036 2063 5089 turres

411 5134 730 5177 acervorum
762 5121 1107 5188 construxit;
1141 5123 1284 5177 rexit
1310 5122 1470 5177 annis
1497 5121 1588 5190 30,
1620 5121 1870 5191 sepultus
1890 5136 2060 5192 prope

412 5206 583 5265 altare
614 5210 669 5266 S.
712 5208 958 5275 Taurini,
1009 5208 1110 5264 sub
1154 5209 1340 5265 tumba
1394 5225 1538 5267 area
1586 5225 1617 5265 a
1664 5209 1784 5266 solo
1829 5210 2057 5267 elevata.

486 5297 593 5351 VII.
662 5294 951 5368 Aigardus,
1010 5294 1224 5351 Badulﬁ
1275 5309 1450 5367 nepos
1501 5298 1556 5351 et
1614 5295 1941 5366 discipulus,
2002 5296 2060 5351 in

412 5384 601 5443 eadem
631 5383 760 5440 villa
788 5385 1131 5455 progenitus,
1166 5385 1308 5441 rexit
1364 5400 1539 5442 annos
1585 5391 1794 5442 tantum
1836 5386 1977 5442 duos
2006 5394 2061 5443 et

413 5474 720 5541 dimidium,
752 5472 1003 5542 sepultus
1037 5474 1091 5528 in
1131 5472 1339 5543 capella
1391 5476 1445 5531 S.
1479 5474 1708 5531 Nicolai.
1742 5475 2059 5532 Portionem

410 5562 522 5619 vini
552 5560 715 5620 tertia
749 5565 902 5629 parte
933 5561 1217 5617 monachis
1245 5564 1414 5619 auxit.

2146 3512 2330 3583 pultus
2359 3516 2443 3566 est
2472 3509 2527 3564 in
2559 3506 2769 3577 capella
2798 3507 2854 3561 S.
2885 3503 3120 3559 Martini.

2214 3601 2302 3656 IX.
2342 3595 2661 3655 Guillelmus
2716 3592 2953 3664 Vaspail,
3012 3606 3079 3647 ex
3143 3582 3328 3662 priore
3402 3590 3455 3645 8.
3534 3580 3795 3645 Audoeni

2142 3688 2561 3759 Rotomagensis
2626 3683 2854 3750 electus,
2919 3682 3081 3737 natus
3147 3688 3319 3751 prope
3375 3674 3675 3734 Cadomum
3740 3678 3797 3732 in

2141 3765 2458 3837 villa-Bos.
2501 3774 2817 3848 Bajocensis
2863 3766 3140 3839 diaces‘is,
3188 3772 3272 3826 vir
3326 3760 3574 3840 apprime
3634 3767 3798 3824 litte-

2143 3876 2314 3937 ratus,
2346 3866 2489 3925 rexit
2519 3858 2678 3922 annis
2722 3863 2813 3918 31.
2864 3862 3101 3920 Vocatus
3146 3858 3214 3916 ad
3261 3856 3553 3920 concilium
3593 3863 3796 3914 contra

2141 3957 2480 4016 Fridericum
2529 3957 2939 4027 imperatorem,
2998 3952 3067 4007 ab
3115 3965 3183 4007 eo
3239 3963 3361 4005 cum
3420 3947 3543 4004 aliis
3598 3947 3797 4003 incar-

2141 4054 2360 4105 ceratus
2443 4044 2787 4116 pecuniaque
2861 4038 3181 4119 redemptus
3251 4037 3319 4094 ad
3389 4028 3793 4093 monasterium

2139 4138 2327 4194 rediit.
2377 4135 2521 4191 Misit
2568 4132 2809 4188 Parisius
2844 4129 3206 4186 scholasticos
3247 4128 3425 4183 bonos
3462 4132 3519 4183 et
3548 4123 3801 4183 famosos

2140 4226 2343 4298 quibus
2382 4237 2442 4280 se
2487 4221 2629 4278 bene
2678 4218 3005 4277 monetalem
3049 4210 3385 4288 [prabuit]..
3424 4208 3688 4301 Sepultus
3739 4217 3797 4271 in

2140 4315 2352 4387 capella
2380 4315 2441 4369 B.
2482 4311 2663 4367 Maria
2692 4318 2882 4366 versus
2911 4304 3175 4378 capellam
3205 4305 3391 4361 Sancti
3419 4302 3654 4360 Andreae

2210 4408 2274 4462 X.
2317 4401 2586 4460 Ricardus
2637 4397 2705 4456 de
2751 4397 3000 4469 Treigoz,
3034 4395 3181 4465 apud
3210 4393 3390 4450 villam
3440 4392 3559 4464 ejus
3615 4395 3803 4449 nomi-

2080 4495 2236 4553 Dnis
2290 4498 2446 4550 ortus
2497 4490 2553 4546 in
2612 4488 2837 4545 dioecesi
2885 4482 3312 4551 Constantiensi,
3364 4480 3584 4555 prafuit
3630 4484 3802 4539 annis

2144 4584 2235 4649 26,
2268 4576 2517 4653 sepultus
2545 4579 2601 4634 in
2632 4576 2842 4646 capella
2882 4577 2940 4631 Β.
2983 4574 3165 4630 Maria
3209 4571 3278 4629 ad
3327 4572 3605 4628 sinistram
3653 4586 3798 4642 par-

2145 4678 2305 4817 tenlii.
2343 4754 2667 4816 Guillelmus
2696 4755 2765 4811 de
2794 4755 2978 4819 Putot,
3011 4756 3173 4807 natus
3218 4749 3363 4820 apud
3404 4748 3586 4805 villam
3624 4746 3800 4805 Putat

2143 4850 2459 4923 Bajocensis
2494 4844 2786 4911 dioecesis,
2831 4840 3051 4913 prafuit
3090 4840 3249 4895 annis
3292 4834 3387 4906 l2;
3436 4839 3693 4908 sepultus
3737 4840 3801 4895 In

2144 4922 2355 5013 capella
2384 4942 2438 4995 S.
2478 4935 2712 4992 Andrea
2742 4944 2933 4989 versus
2962 4922 3227 5000 capellam
3272 4929 3330 4983 Β.
3368 4928 3589 5013 Maria.

2215 5032 2331 5086 XII.
2373 5027 2650 5091 Thomas,
2700 5023 2755 5077 in
2806 5019 3129 5090 episcopatu
3185 5014 3594 5073 Constantiensi
3642 5017 3803 5086 apud

2143 5122 2198 5176 S.
2240 5116 2595 5175 Benedictum
2630 5113 2687 5167 in
2728 5109 2945 5166 Umbris
2982 5112 3144 5163 natus
3171 5148 3187 5173 ,
3244 5104 3454 5175 primus
3501 5103 3607 5160 fuit
3642 5105 3802 5176 apud

2147 5211 2444 5264 Romanam
2516 5201 2721 5257 curiam
2797 5194 3162 5269 personaliter
3227 5193 3600 5261 conﬁrmatas,
3659 5192 3806 5250 licet

2144 5293 2536 5355 monasterium
2577 5288 2959 5347 Fiscamnense
3001 5286 3069 5342 ad
3118 5298 3237 5342 eam
3282 5283 3434 5340 nullo
3465 5280 3631 5339 modo
3672 5297 3807 5353 per.

2143 5390 2356 5447 tineat:
2392 5383 2535 5440 rexit
2581 5393 2757 5437 annos
2804 5378 2994 5435 decem
3042 5381 3098 5433 et
3145 5374 3481 5441 dimidium;
3540 5372 3807 5444 Sepultus

2144 5481 2201 5536 in
2232 5475 2442 5548 capella
2473 5476 2529 5530 S.
2567 5470 2795 5528 Joannis
2838 5467 2906 5524 ad
2947 5467 3221 5523 dextram.

2216 5564 2351 5624 XIII.
2415 5563 2690 5620 Robertus
2739 5558 2807 5614 de
2857 5557 3055 5621 Putot,
3116 5560 3270 5610 ortus
3318 5552 3460 5622 apud
3522 5553 3679 5608 Puto!
3734 5554 3799 5608 in
