4014 6176
264 240 357 299 486

260 458 522 530 religiosa.
571 456 797 514 Praefuit
843 458 1002 514 annis
1062 457 1164 526 19;
1221 458 1471 528 sepultus
1516 456 1663 511 inter
1700 452 1890 524 capel-

258 549 351 605 lam
378 549 431 603 8.
463 546 696 603 Andreae
726 550 782 602 et
811 547 1074 616 capellam
1106 549 1160 602 S.
1187 545 1413 601 Joannis
1441 546 1721 615 Baptistae.

318 637 444 693 XIV.
511 637 706 691 Petrus
761 636 985 707 Bogerii
1009 679 1023 704 ,
1084 630 1153 691 de
1213 634 1439 690 dioecesi
1494 630 1890 698 Lemovicensi,

254 729 303 784 in
339 739 490 783 sacra
537 726 735 798 pagina
780 705 1045 782 solemnis
1071 725 1269 782 doctor
1294 729 1349 781 et
1377 724 1709 795 praedicator
1735 721 1890 779 valde

253 816 572 883 nominatus,
622 815 708 870 vir
752 816 992 885 sapiens.
1022 816 1170 871 'Post
1215 815 1419 871 multos
1463 828 1639 871 annos
1683 812 1752 869 ad
1790 814 1892 868 Ec-

250 906 463 964 clesiam
520 904 957 961 Attrebatensem
1014 904 1313 960 translatus
1338 947 1353 972 ,
1409 919 1474 960 ac
1538 903 1702 975 paulo
1764 905 1891 974 post

249 994 669 1054 Cenomanensis
692 1037 706 1061 ,
763 997 878 1050 tum
932 995 1355 1065 Retomagensis
1409 999 1627 1050 creatus
1676 995 1891 1064 episco-

247 1100 379 1158 pus,
439 1085 661 1141 tandem
709 1083 1042 1150 cardinalis,
1095 1084 1334 1154 denique
1378 1084 1552 1140 Nonis
1588 1084 1709 1139 Maii
1755 1081 1890 1137 1342

246 1173 490 1245 pontifex
526 1174 804 1229 Avenione
852 1178 1070 1228 creatus
1116 1180 1237 1240 est,
1286 1172 1539 1229 Clemens
1584 1174 1647 1228 VI
1692 1172 1886 1242 appel‘

242 1264 395 1319 latus.
431 1264 662 1319 Moritur
690 1264 988 1318 Avenione.

292 1340 412 1409 ‘XV.
452 1352 757 1422 Philippus,
801 1352 1023 1408 natione
1073 1351 1414 1424 Burgundus,
1450 1351 1604 1421 prior
1629 1350 1699 1406 de
1746 1352 1887 1405 Lon-

236 1442 449 1514 gavilla,
509 1442 812 1511 apostolica
869 1442 1197 1498 auctoritate
1251 1447 1515 1508 vocatus,
1572 1439 1717 1496 sedit
1772 1445 1887 1494 tres

237 1544 471 1598 menses,
496 1530 885 1586 benedictione
917 1545 1027 1587 non
1058 1534 1313 1601 suscepta
1352 1532 1600 1584 mortuus
1629 1533 1731 1584 est.

300 1616 434 1677 XVI.
497 1618 772 1675 Robertus
818 1620 888 1676 de
935 1619 1188 1683 Brechio,
1242 1618 1558 1687 Bajocensis
1605 1615 1880 1681 diaeresis,

914 246 1139 302 BRUNO
1174 242 1604 302 MAGDEBURG.
1642 238 1988 298 CLERIGUS.
2027 264 2100 279 —--
2135 240 2403 298 NOTITIA
2438 244 2610 298 HIST.
2650 244 2734 299 ET
2774 247 2945 301 LITT.

266 370 552 441 anocensi.
603 369 789 426 Floret
828 371 931 425 sub
979 380 1048 426 eo
1098 369 1490 426 monasterium
1519 367 1576 424 in
1607 365 1967 446 disciplina;

3512 254 3619 310 486

2052 367 2187 422 XXI.
2220 366 2504 437 Philippus
2532 368 2604 423 du
2635 370 2834 434 Fossé,
2878 370 3021 426 rexit
3061 373 3221 427 annis
3249 375 3320 442 9;
3368 378 3619 449 sepultus

1976 454 2069 509 ubi
2098 456 2348 525 quotidie
2396 458 2559 513 missa
2609 457 2951 514 matutinalis
3010 458 3342 529 celebratur,
3392 467 3460 521 ad
3490 468 3619 525 dex-

1975 548 2113 599 tram
2142 550 2377 614 partem.

2044 636 2204 690 XXII.
2236 636 2431 692 Petrus
2475 637 2765 707 Corvesye,
2808 641 2968 693 natus
3023 637 3080 692 in
3131 637 3453 708 episcopatu
3506 642 3617 699 Ro-

1973 726 2299 795 tomagensi,
2357 725 2485 781 villa
2538 726 2756 793 Rivilia,
2797 726 3040 783 millibus
3068 727 3314 798 quinque
3372 727 3614 788 distante

1971 812 2041 867 ab
2079 814 2185 869 hoc
2214 815 2568 881 monasterio,
2594 816 2736 871 rexit
2762 828 2938 872 annos
2975 829 3204 882 novem;
3239 816 3491 887 sepultus
3529 822 3618 875 est

1969 900 2028 955 in
2057 902 2267 970 capella
2303 904 2364 959 S.
2403 903 2551 959 Petri
2590 904 2659 959 ad
2690 903 2881 961 laevam
2909 919 3083 976 prope
3112 905 3399 975 parietem.

2041 990 2227 1046 XXIII.
2278 992 2520 1048 Estodus
2548 993 2618 1049 de
2665 995 3045 1062 Estoutevilla,
3093 994 3148 1051 in
3183 996 3308 1064 jure
3346 996 3614 1052 canonico

1969 1078 2168 1135 doctor
2195 1080 2468 1152 egregius,
2511 1083 2729 1138 missam
2759 1084 3087 1141 clericorum
3114 1083 3362 1141 fundavit
3399 1090 3456 1142 et
3482 1084 3614 1142 cho-

1969 1169 2150 1237 ristas,
2191 1170 2333 1225 rexit
2396 1184 2573 1227 annos
2616 1170 2724 1231 33:
2772 1174 3026 1242 sepultus
3070 1174 3127 1229 in
3174 1175 3298 1230 navi
3338 1174 3612 1243 ecclesiae,

1970 1256 2161 1313 humili
2190 1258 2473 1329 sepultura
2503 1266 2818 1316 contentus.

2040 1349 2217 1403 XXIV.
2258 1349 2506 1427 [Egidius
2534 1350 2604 1405 de
2632 1352 2922 1406 Duremort
2960 1351 3102 1406 rexit
3128 1352 3289 1407 annis
3315 1351 3407 1405 22.

2049 1436 2202 1499 XXV.
2231 1442 2473 1495 Joannes
2517 1439 2587 1495 de
2624 1439 2853 1495 Haneiia
2900 1441 3059 1496 annis
3104 1440 3204 1507 25;
3252 1440 3504 1511 sepultus
3555 1440 3614 1496 in

1968 1533 2089 1589 navi
2119 1529 2390 1587 ecclesiae.

2040 1622 2220 1677 XXVI.
2250 1621 2489 1674 Joannes
2511 1618 2696 1674 Baliue
2726 1617 2885 1673 annis
2918 1616 3004 1670 I2.

234 1710 299 1765 de
354 1706 680 1767 suburbano
730 1709 949 1776 Brechi,
1001 1709 1142 1765 rexit
1198 1721 1373 1763 annos
1429 1707 1611 1772 duos,
1673 1701 1949 1761 mensesB
2041 1711 2244 1766 XXVII.
2286 1708 2557 1764 Antenius
2590 1708 2658 1762 de
2697 1706 2749 1762 la
2778 1708 2947 1777 Haye,
3006 1720 3073 1761 ex
3112 1706 3284 1776 regali
3332 1708 3611 1776 prosapia,

232 1808 464 1865 novem;
520 1796 770 1868 sepultus
815 1802 941 1853 ante
983 1796 1153 1854 altare
1200 1798 1255 1853 8.
1305 1796 1524 1853 Taurini
1576 1796 1644 1851 ad
1693 1795 1881 1851 laevam

231 1902 400 1959 pmpe
436 1888 722 1959 parietem.

300 1974 462 2032 XVII.
517 1974 838 2032 Guillelmus
884 1974 1141 2046 Bourget,
1192 1976 1260 2032 de
1308 1974 1434 2031 villa
1480 1973 1734 2040 Cadomi,
1785 1976 1881 2028 Βε-

224 2064 475 2135 jocensis
526 2065 804 2129 diwcesis,
844 2064 987 2121 rexit
1025 2078 1202 2121 annos
1242 2064 1402 2121 duos.
1452 2062 1709 2134 Sepultus
1755 2068 1881 2119 ante

228 2154 401 2211 altare
432 2157 488 2211 S.
521 2155 742 2211 Taurini
774 2154 842 2210 ad
872 2153 1059 2210 laevam
1095 2169 1266 2225 prope
1292 2154 1575 2224 parietem.

298 2240 485 2300 XVIII.
516 2230 838 2300 Guiileimus
873 2245 1184 2314 Chouquet,
1218 2244 1288 2299 de
1335 2244 1554 2299 civitate
1600 2243 1881 2312 Bajocensi

224 2338 410 2401 ortus,
463 2334 606 2391 rexit
651 2347 827 2390 annos
871 2348 1085 2389 novem.
1126 2331 1383 2403 Sepultus
1411 2335 1536 2388 ante
1564 2332 1755 2399 altare,
1787 2333 1882 2388 ubi

219 2422 484 2493 quotidie
513 2423 828 2479 celebratur
856 2422 1021 2478 missa
1048 2422 1386 2479 matutinaiis
1408 2420 1476 2477 ad
1498 2420 1687 2478 laevam
1709 2434 1881 2491 prope

212 2511 521 2581 parietem.

288 2600 439 2655 XIX.
492 2598 751 2656 Nicolaus
792 2599 862 2655 de
909 2599 1129 2656 Vcrneii
1179 2598 1316 2655 alias
1362 2599 1430 2655 de
1468 2599 1704 2666 Hautell,
1753 2599 1884 2655 olim

213 2687 396 2744 abbas
448 2690 503 2744 S.
551 2687 793 2744 Medardi
842 2687 1275 2755 Suessionensis,
1317 2701 1417 2757 per
1456 2686 1790 2743 Clementem
1820 2689 1881 2742 VI

215 2776 549 2834 translatus.
598 2772 777 2833 Durus
812 2777 869 2832 in
909 2777 1162 2834 subditos
1189 2776 1453 2833 vassailos
1479 2783 1536 2833 et
1564 2776 1883 2845 monachos,

219 2881 251 2922 a
293 2867 505 2938 quibus
550 2868 608 2922 in
655 2864 899 2922 Romana
937 2867 1089 2922 curia
1136 2865 1366 2934 citatus,
1417 2866 1713 2938 resignavit
1759 2871 1885 2936 post

222 2970 402 3013 annos
442 2955 508 3009 l4
537 2954 838 3025 regiminis.
874 2955 1104 3010 Moritur
1130 2955 1427 3011 Avenione.

1963 1815 2135 1857 sacrae
2162 1800 2374 1869 paginae
2412 1796 2711 1867 professor,
2746 1796 2888 1853 rexit
2931 1795 3091 1851 annis
3132 1794 3216 1851 10.
3249 1796 3349 1851 Cui
3393 1809 3614 1852 succes-

1964 1892 2036 1946 sit
2064 1888 2332 1945 Antonius
2370 1885 2532 1951 Rufii,
2565 1886 2736 1942 abbas
2782 1886 2838 1941 S.
2868 1886 3087 1956 Georgii
3130 1885 3198 1941 de
3245 1884 3610 1955 Boquerviila,

1965 1993 2139 2050 prope
2187 1976 2610 2046 Rothomagnm,
2668 1971 2965 2045 theologia:
3020 1972 3302 2044 professor
3354 1972 3613 2029 eruditis-

1965 2069 2158 2133 simus,
2210 2080 2240 2120 a
2288 2069 2404 2120 tota
2462 2062 2873 2129 communitate,
2917 2074 3028 2119 uno
3057 2067 3311 2132 excepto,
3343 2066 3607 2119 creatus:

1965 2157 2063 2212 sed
2093 2168 2191 2209 rex
2221 2154 2465 2209 Francia;
2505 2151 2811 2221 praevaluit.

2037 2245 2266 2300 XXVIII.
2306 2241 2579 2297 Antonius
2626 2243 2840 2309 Bouyer
2884 2239 3075 2305 abbas,
3125 2239 3242 2309 qui,
3283 2239 3416 2295 licet
3451 2245 3613 2296 natus

1969 2349 2035 2391 ex
2071 2332 2266 2388 humili
2296 2331 2441 2395 loco,
2475 2329 2644 2385 abbas
2671 2327 2777 2383 fuit
2806 2330 2861 2383 S.
2909 2327 3159 2384 Audoeni
3189 2334 3245 2383 et
3280 2328 3447 2396 hujus
3478 2327 3609 2395 ioci,

1965 2428 2020 2479 et
2060 2421 2514 2491 archiepiscopus
2566 2417 2926 2474 Bituricensis
2969 2422 3026 2473 et
3076 2416 3409 2482 cardinalis;
3470 2417 3612 2473 rexit

1966 2514 2124 2568 annis
2159 2510 2241 2567 i5.

2036 2603 2217 2656 XXIX.
2258 2599 2566 2655 Hadrianus
2598 2598 2667 2654 de
2714 2597 2874 2667 Boisy
2923 2595 3065 2651 rexit
3091 2595 3252 2650 annis
3276 2595 3350 2663 5;
3384 2596 3610 2667 presby-

1968 2695 2053 2745 ter
2080 2687 2376 2743 cardinalis
2413 2686 2913 2764 commend‘atarius
2940 2690 3067 2755 post
3095 2684 3324 2740 eiectos.

2037 2779 2195 2833 XXX.
2234 2778 2474 2832 Joannes
2510 2775 2580 2831 de
2610 2774 2873 2845 Lorraine
2911 2774 3071 2829 annis
3097 2773 3188 2838 26,
3234 2774 3516 2830 mensibus
3552 2773 3606 2828 8.

2037 2868 2218 2922 XXXI.
2249 2864 2478 2920 Carolus
2508 2864 2577 2919 de
2608 2863 2889 2930 Lorraine,
2932 2861 3249 2918 cardinalis.

2037 2955 2243 3011 XXXII.
2275 2954 2585 3010 Ludovicus
2603 2952 2672 3008 de
2695 2952 2977 3017 Lorraine,
3004 2949 3301 3006 cardinalis
3328 2964 3359 3005 a
3398 2950 3603 3007 Guisia.

292 3047 405 3101 XX.
460 3021 701 3101 Joannes
746 3045 815 3100 de
860 3044 1122 3114 Grangia,
1174 3044 1553 3115 Lugdunensis
1598 3021 1936 3110 dimcesisﬁ
2030 3045 2259 3100 XXXIII.
2287 3042 2613 3097 Franciscus
2650 3041 2719 3095 de
2748 3041 3002 3109 Joyeuse,
3037 3037 3353 3095 cardinalis.

222 3132 287 3190 de
315 3135 445 3190 vico
479 3133 731 3205 Grangia,
777 3130 1049 3188 abbatiam
1088 3131 1369 3188 fortificari
1399 3130 1549 3188 fecit.
1596 3133 1878 3188 Gratiosus

220 3224 331 3294 regi
384 3223 694 3279 translatus
740 3221 795 3277 in
854 3221 1230 3292 episcopatum
1278 3221 1693 3277 Ambianensem
1753 3226 1878 3292 post

219 3324 393 3370 annos
430 3311 509 3366 15
536 3310 855 3384 regiminis;
887 3310 948 3366 ﬁt
976 3310 1289 3367 cardinalis.

2030 3134 2256 3189 XXXIV.
2290 3133 2557 3187 iienricus
2585 3129 2655 3185 de
2686 3129 2968 3195 Lorraine,
3000 3128 3246 3199 archiep.
3296 3128 3602 3184 Remensis.

2031 3223 2232 3278 XXXV.
2302 3221 2572 3276 Ilenricus
2623 3218 2967 3283 Borbonius,
3036 3217 3296 3287 princeps
3348 3231 3439 3286 ep.
3498 3219 3606 3272 Me-

1962 3313 2153 3369 tensis.

214 3476 3594 3525 Μ

1612 3685 1770 3727 CIRCA
1802 3684 2023 3726 BUMDEM
2053 3683 2238 3724 ANNUM

1015 4169 2132 4288 MAGDEBURGENSIS
2227 4166 2822 4282 CLERIGUS

1713 4368 2093 4388 ὼ

1302 4512 1476 4634 ΙΝ
1570 4507 2536 4633 BRUNONEM

906 4720 1358 4811 NOTITIA
1422 4718 2003 4805 HISTORICA
2067 4714 2204 4804 ET
2268 4712 2929 4802 LITTERARIA

1154 4895 1369 4964 (Psurz,
1396 4895 1618 4949 Donum.
1653 4893 1828 4949 Germ.
1869 4890 2069 4962 Script.
2103 4898 2235 4947 tom.
2267 4890 2332 4957 V,
2372 4900 2495 4960 pag.
2526 4887 2677 4958 327.)

288 5058 512 5121 Bruno,
572 5052 794 5108 natione
850 5051 1021 5116 Saxo,
1086 5043 1568 5117 Magdeburgensis
1614 5040 1875 5098 Ecclesiae

1961 5043 2272 5111 praecipuus
2310 5046 2524 5106 auctor,
2564 5055 2614 5094 a.
2664 5036 2799 5091 1075
2828 5050 2951 5091 cum
2982 5035 3210 5106 reliquis
3260 5033 3603 5105 principibus

220 5143 368 5201 clero
418 5140 701 5211 ascriptus
749 5136 877 5209 (1),
934 5134 1219 5190 familiaris
1279 5132 1365 5204 (2)
1426 5130 1529 5187 fuit
1564 5129 1877 5186 Werinberi
1959 5138 2157 5200 sponte
2189 5145 2283 5185 sua
2314 5128 2429 5198 regi
2460 5143 2518 5183 se
2550 5126 2797 5192 tradidit,
2849 5131 2903 5180 et
2934 5130 3222 5195 postquam
3270 5124 3327 5179 in
3370 5123 3600 5194 patriam

217 5230 653 5303 archiepiscopi,
702 5227 795 5297 qui
845 5222 976 5280 belli
1030 5222 1174 5277 inter
1225 5220 1538 5277 Heinricum
1589 5218 1653 5274 iV
1694 5232 1875 5289 regem

1961 5221 2152 5285 redux,
2195 5235 2245 5274 a.
2294 5218 2427 5271 1077
2474 5214 2769 5272 Rodulfum
2818 5216 3116 5270 Suevorum
3164 5211 3359 5269 ducem
3406 5214 3461 5268 in
3518 5226 3600 5267 re-

219 5330 273 5378 et
318 5298 611 5393 principes
651 5314 903 5373 Saxoniaa
952 5310 1130 5368 exorti
1177 5324 1285 5366 una
1333 5323 1457 5365 cum
1495 5310 1695 5365 Ottone
1736 5306 1876 5363 duce
1958 5322 2123 5378 gnum
2156 5307 2481 5371 elevaverat,
2522 5317 2572 5358 a.
2619 5302 2755 5356 1078
2784 5317 2851 5357 ex
2890 5314 3069 5373 pugna
3102 5298 3598 5358 Meirichestadensi

1811 5414 2028 5471 ΝΟΤλιΕ.

290 5535 365 5605 (ι)
408 5535 475 5589 c.
520 5531 610 5601 38,
650 5529 743 5598 39,
786 5528 876 5583 4o.

2037 5520 2124 5592 (2)
2157 5520 2219 5577 C.
2240 5518 2311 5573 38
2330 5523 2386 5576 et
2403 5516 2494 5573 52.
