  <div class='ocr_page' id='page_1' title='image "/cluster/home/n/w/nwhite01/storage/ocr_20150623/147/hvd.32044073505281/249.png"; bbox 0 0 4014 6176; ppageno 0'>
   <div class='ocr_carea' id='block_1_1' title="bbox 374 293 479 347">
    <p class='ocr_par' dir='ltr' id='par_1_1' title="bbox 374 293 479 347">
     <span class='ocr_line' id='line_1_1' title="bbox 374 293 479 347; baseline -0.029 0"><span class='ocrx_word' id='word_1_1' title='bbox 374 293 479 347; x_wconf 86' lang='grc'>487</span> 
     </span>
    </p>
   </div>
   <div class='ocr_carea' id='block_1_2' title="bbox 1511 278 2609 338">
    <p class='ocr_par' dir='ltr' id='par_1_2' title="bbox 1511 278 2609 338">
     <span class='ocr_line' id='line_1_2' title="bbox 1511 278 2609 338; baseline -0.003 0"><span class='ocrx_word' id='word_1_2' title='bbox 1511 279 1844 338; x_wconf 84' lang='lat' dir='ltr'><strong>BRUNONIS</strong></span> <span class='ocrx_word' id='word_1_3' title='bbox 1881 278 2304 336; x_wconf 80' lang='lat' dir='ltr'><strong>MAGDEBURG.</strong></span> <span class='ocrx_word' id='word_1_4' title='bbox 2345 281 2609 337; x_wconf 82' lang='lat' dir='ltr'><strong>CLERICI</strong></span> 
     </span>
    </p>
   </div>
   <div class='ocr_carea' id='block_1_3' title="bbox 3640 281 3744 336">
    <p class='ocr_par' dir='ltr' id='par_1_3' title="bbox 3640 281 3744 336">
     <span class='ocr_line' id='line_1_3' title="bbox 3640 281 3744 336; baseline 0 0"><span class='ocrx_word' id='word_1_5' title='bbox 3640 281 3744 336; x_wconf 82' lang='lat'><strong>488</strong></span> 
     </span>
    </p>
   </div>
   <div class='ocr_carea' id='block_1_4' title="bbox 377 402 3746 487">
    <p class='ocr_par' dir='ltr' id='par_1_4' title="bbox 377 402 3746 487">
     <span class='ocr_line' id='line_1_4' title="bbox 377 402 3746 487; baseline -0.003 -15"><span class='ocrx_word' id='word_1_6' title='bbox 377 415 640 487; x_wconf 81' lang='lat' dir='ltr'><strong>profugus</strong></span> <span class='ocrx_word' id='word_1_7' title='bbox 669 414 814 470; x_wconf 90' lang='lat' dir='ltr'><strong>inter</strong></span> <span class='ocrx_word' id='word_1_8' title='bbox 852 411 1188 466; x_wconf 90' lang='lat' dir='ltr'><strong>rusticorum</strong></span> <span class='ocrx_word' id='word_1_9' title='bbox 1219 421 1411 463; x_wconf 91' lang='lat' dir='ltr'><strong>manus</strong></span> <span class='ocrx_word' id='word_1_10' title='bbox 1439 404 1719 472; x_wconf 89' lang='lat' dir='ltr'><strong>occubuit.</strong></span> <span class='ocrx_word' id='word_1_11' title='bbox 1749 402 1848 458; x_wconf 88' lang='lat' dir='ltr'><strong>Cui</strong></span> <span class='ocrx_word' id='word_1_12' title='bbox 1876 403 2304 472; x_wconf 83' lang='lat' dir='ltr'><strong>aunoAcripla,</strong></span> <span class='ocrx_word' id='word_1_13' title='bbox 2372 403 2491 460; x_wconf 90' lang='lat' dir='ltr'><strong>foll.</strong></span> <span class='ocrx_word' id='word_1_14' title='bbox 2558 403 2723 458; x_wconf 91' lang='lat'><strong>66-73</strong></span> <span class='ocrx_word' id='word_1_15' title='bbox 2765 409 3025 472; x_wconf 74' lang='lat' dir='ltr'><strong>excerpta</strong></span> <span class='ocrx_word' id='word_1_16' title='bbox 3075 418 3145 459; x_wconf 85' lang='lat' dir='ltr'><strong>ex</strong></span> <span class='ocrx_word' id='word_1_17' title='bbox 3202 405 3526 460; x_wconf 81' lang='lat' dir='ltr'><strong>Ekkehardo</strong></span> <span class='ocrx_word' id='word_1_18' title='bbox 3582 407 3746 462; x_wconf 47' lang='lat' dir='ltr'><strong>Urau‘</strong></span> 
     </span>
    </p>
   </div>
   <div class='ocr_carea' id='block_1_5' title="bbox 383 491 2014 572">
    <p class='ocr_par' dir='ltr' id='par_1_5' title="bbox 383 491 2014 572">
     <span class='ocr_line' id='line_1_5' title="bbox 383 491 2014 572; baseline -0.008 -14"><span class='ocrx_word' id='word_1_19' title='bbox 383 503 518 558; x_wconf 85' lang='lat'><strong>1079</strong></span> <span class='ocrx_word' id='word_1_20' title='bbox 565 501 857 572; x_wconf 85' lang='lat' dir='ltr'><strong>Hardwigo</strong></span> <span class='ocrx_word' id='word_1_21' title='bbox 924 499 1343 567; x_wconf 87' lang='lat' dir='ltr'><strong>archiepiscopo</strong></span> <span class='ocrx_word' id='word_1_22' title='bbox 1399 493 1650 558; x_wconf 76' lang='lat' dir='ltr'><strong>suffecto,</strong></span> <span class='ocrx_word' id='word_1_23' title='bbox 1718 494 1898 546; x_wconf 88' lang='lat' dir='ltr'><strong>Bruno</strong></span> <span class='ocrx_word' id='word_1_24' title='bbox 1945 491 2014 546; x_wconf 91' lang='lat' dir='ltr'><strong>ad</strong></span> 
     </span>
    </p>
   </div>
   <div class='ocr_carea' id='block_1_6' title="bbox 378 581 2018 657">
    <p class='ocr_par' dir='ltr' id='par_1_6' title="bbox 378 581 2018 657">
     <span class='ocr_line' id='line_1_6' title="bbox 378 581 2018 657; baseline -0.009 -8"><span class='ocrx_word' id='word_1_25' title='bbox 378 592 761 649; x_wconf 78' lang='lat' dir='ltr'><strong>&#39;Werinherum</strong></span> <span class='ocrx_word' id='word_1_26' title='bbox 825 589 1325 657; x_wconf 84' lang='lat' dir='ltr'><strong>Merseburgensem</strong></span> <span class='ocrx_word' id='word_1_27' title='bbox 1391 583 1732 653; x_wconf 89' lang='lat' dir='ltr'><strong>episcopum,</strong></span> <span class='ocrx_word' id='word_1_28' title='bbox 1801 581 2018 651; x_wconf 78' lang='lat' dir='ltr'><strong>patroni</strong></span> 
     </span>
    </p>
   </div>
   <div class='ocr_carea' id='block_1_7' title="bbox 375 673 2020 742">
    <p class='ocr_par' dir='ltr' id='par_1_7' title="bbox 375 673 2020 742">
     <span class='ocr_line' id='line_1_7' title="bbox 375 673 2020 742; baseline -0.009 -3"><span class='ocrx_word' id='word_1_29' title='bbox 375 682 460 739; x_wconf 91' lang='lat' dir='ltr'><strong>sui</strong></span> <span class='ocrx_word' id='word_1_30' title='bbox 517 680 761 737; x_wconf 76' lang='lat' dir='ltr'><strong>defuncti</strong></span> <span class='ocrx_word' id='word_1_31' title='bbox 825 679 1055 734; x_wconf 91' lang='lat' dir='ltr'><strong>amicum</strong></span> <span class='ocrx_word' id='word_1_32' title='bbox 1115 681 1169 731; x_wconf 90' lang='lat' dir='ltr'><strong>et</strong></span> <span class='ocrx_word' id='word_1_33' title='bbox 1224 675 1281 729; x_wconf 91' lang='lat' dir='ltr'><strong>in</strong></span> <span class='ocrx_word' id='word_1_34' title='bbox 1320 673 1574 728; x_wconf 91' lang='lat' dir='ltr'><strong>omnibus</strong></span> <span class='ocrx_word' id='word_1_35' title='bbox 1630 685 1755 742; x_wconf 90' lang='lat' dir='ltr'><strong>qua</strong></span> <span class='ocrx_word' id='word_1_36' title='bbox 1805 685 1906 740; x_wconf 90' lang='lat' dir='ltr'><strong>pro</strong></span> <span class='ocrx_word' id='word_1_37' title='bbox 1936 685 2020 726; x_wconf 89' lang='lat' dir='ltr'><strong>re-</strong></span> 
     </span>
    </p>
   </div>
   <div class='ocr_carea' id='block_1_8' title="bbox 382 758 2016 842">
    <p class='ocr_par' dir='ltr' id='par_1_8' title="bbox 382 758 2016 842">
     <span class='ocr_line' id='line_1_8' title="bbox 382 758 2016 842; baseline -0.01 -14"><span class='ocrx_word' id='word_1_38' title='bbox 382 771 602 842; x_wconf 88' lang='lat' dir='ltr'><strong>publica</strong></span> <span class='ocrx_word' id='word_1_39' title='bbox 655 773 841 839; x_wconf 89' lang='lat' dir='ltr'><strong>egerat</strong></span> <span class='ocrx_word' id='word_1_40' title='bbox 879 766 1110 830; x_wconf 90' lang='lat' dir='ltr'><strong>socium,</strong></span> <span class='ocrx_word' id='word_1_41' title='bbox 1168 777 1227 817; x_wconf 91' lang='lat' dir='ltr'><strong>se</strong></span> <span class='ocrx_word' id='word_1_42' title='bbox 1277 761 1530 827; x_wconf 79' lang='lat' dir='ltr'><strong>contulit,</strong></span> <span class='ocrx_word' id='word_1_43' title='bbox 1573 766 1628 816; x_wconf 91' lang='lat' dir='ltr'><strong>et</strong></span> <span class='ocrx_word' id='word_1_44' title='bbox 1675 760 1730 814; x_wconf 93' lang='lat' dir='ltr'><strong>in</strong></span> <span class='ocrx_word' id='word_1_45' title='bbox 1762 758 2016 814; x_wconf 86' lang='lat' dir='ltr'><strong>familiam</strong></span> 
     </span>
    </p>
   </div>
   <div class='ocr_carea' id='block_1_9' title="bbox 383 849 2018 930">
    <p class='ocr_par' dir='ltr' id='par_1_9' title="bbox 383 849 2018 930">
     <span class='ocr_line' id='line_1_9' title="bbox 383 849 2018 930; baseline -0.009 -14"><span class='ocrx_word' id='word_1_46' title='bbox 383 860 629 930; x_wconf 88' lang='lat' dir='ltr'><strong>episcopi</strong></span> <span class='ocrx_word' id='word_1_47' title='bbox 665 863 920 925; x_wconf 84' lang='lat' dir='ltr'><strong>receptus</strong></span> <span class='ocrx_word' id='word_1_48' title='bbox 963 852 1064 924; x_wconf 90' lang='lat'><strong>(3),</strong></span> <span class='ocrx_word' id='word_1_49' title='bbox 1097 851 1321 907; x_wconf 90' lang='lat' dir='ltr'><strong>domino</strong></span> <span class='ocrx_word' id='word_1_50' title='bbox 1361 863 1462 906; x_wconf 91' lang='lat' dir='ltr'><strong>suo</strong></span> <span class='ocrx_word' id='word_1_51' title='bbox 1509 849 1867 905; x_wconf 87' lang='lat' dir='ltr'><strong>dilectissimo</strong></span> <span class='ocrx_word' id='word_1_52' title='bbox 1897 861 2018 918; x_wconf 87' lang='lat' dir='ltr'><strong>gra-</strong></span> 
     </span>
    </p>
   </div>
   <div class='ocr_carea' id='block_1_10' title="bbox 382 937 2017 1010">
    <p class='ocr_par' dir='ltr' id='par_1_10' title="bbox 382 937 2017 1010">
     <span class='ocr_line' id='line_1_10' title="bbox 382 937 2017 1010; baseline -0.009 -6"><span class='ocrx_word' id='word_1_53' title='bbox 382 954 496 1003; x_wconf 91' lang='lat' dir='ltr'><strong>tum</strong></span> <span class='ocrx_word' id='word_1_54' title='bbox 527 948 762 1002; x_wconf 90' lang='lat' dir='ltr'><strong>animum</strong></span> <span class='ocrx_word' id='word_1_55' title='bbox 787 949 1127 1006; x_wconf 89' lang='lat' dir='ltr'><strong>ostensurus,</strong></span> <span class='ocrx_word' id='word_1_56' title='bbox 1151 953 1295 994; x_wconf 88' lang='lat' dir='ltr'><strong>anno</strong></span> <span class='ocrx_word' id='word_1_57' title='bbox 1322 937 1458 992; x_wconf 87' lang='lat'><strong>1082</strong></span> <span class='ocrx_word' id='word_1_58' title='bbox 1483 938 1562 1010; x_wconf 91' lang='lat'><strong>(4)</strong></span> <span class='ocrx_word' id='word_1_59' title='bbox 1582 937 1731 1008; x_wconf 90' lang='lat' dir='ltr'><strong>quod</strong></span> <span class='ocrx_word' id='word_1_60' title='bbox 1753 937 2017 1006; x_wconf 90' lang='lat' dir='ltr'><strong>optimum</strong></span> 
     </span>
    </p>
   </div>
   <div class='ocr_carea' id='block_1_11' title="bbox 383 1025 2018 1106">
    <p class='ocr_par' dir='ltr' id='par_1_11' title="bbox 383 1025 2018 1106">
     <span class='ocr_line' id='line_1_11' title="bbox 383 1025 2018 1106; baseline -0.009 -14"><span class='ocrx_word' id='word_1_61' title='bbox 383 1041 619 1106; x_wconf 86' lang='lat' dir='ltr'><strong>poterat,</strong></span> <span class='ocrx_word' id='word_1_62' title='bbox 681 1034 876 1087; x_wconf 88' lang='lat' dir='ltr'><strong>librum</strong></span> <span class='ocrx_word' id='word_1_63' title='bbox 933 1029 1000 1084; x_wconf 93' lang='lat' dir='ltr'><strong>de</strong></span> <span class='ocrx_word' id='word_1_64' title='bbox 1052 1027 1200 1083; x_wconf 91' lang='lat' dir='ltr'><strong>bello</strong></span> <span class='ocrx_word' id='word_1_65' title='bbox 1255 1029 1528 1082; x_wconf 85' lang='lat' dir='ltr'><strong>Saxonum</strong></span> <span class='ocrx_word' id='word_1_66' title='bbox 1584 1040 1706 1081; x_wconf 90' lang='lat' dir='ltr'><strong>cum</strong></span> <span class='ocrx_word' id='word_1_67' title='bbox 1759 1025 2018 1080; x_wconf 88' lang='lat' dir='ltr'><strong>Heinrico</strong></span> 
     </span>
    </p>
   </div>
   <div class='ocr_carea' id='block_1_12' title="bbox 382 1113 2019 1190">
    <p class='ocr_par' dir='ltr' id='par_1_12' title="bbox 382 1113 2019 1190">
     <span class='ocr_line' id='line_1_12' title="bbox 382 1113 2019 1190; baseline -0.008 -10"><span class='ocrx_word' id='word_1_68' title='bbox 382 1124 601 1179; x_wconf 88' lang='lat' dir='ltr'><strong>obtulit.</strong></span> <span class='ocrx_word' id='word_1_69' title='bbox 633 1119 912 1190; x_wconf 87' lang='lat' dir='ltr'><strong>Ejusmodi</strong></span> <span class='ocrx_word' id='word_1_70' title='bbox 951 1117 1156 1172; x_wconf 91' lang='lat' dir='ltr'><strong>donum</strong></span> <span class='ocrx_word' id='word_1_71' title='bbox 1179 1116 1296 1171; x_wconf 91' lang='lat' dir='ltr'><strong>viro</strong></span> <span class='ocrx_word' id='word_1_72' title='bbox 1321 1129 1482 1185; x_wconf 89' lang='lat' dir='ltr'><strong>quem</strong></span> <span class='ocrx_word' id='word_1_73' title='bbox 1522 1113 1816 1170; x_wconf 88' lang='lat' dir='ltr'><strong>&#39;l‘hietmari</strong></span> <span class='ocrx_word' id='word_1_74' title='bbox 1847 1113 2019 1168; x_wconf 90' lang='lat' dir='ltr'><strong>libros</strong></span> 
     </span>
    </p>
   </div>
   <div class='ocr_carea' id='block_1_13' title="bbox 378 1203 2018 1276">
    <p class='ocr_par' dir='ltr' id='par_1_13' title="bbox 378 1203 2018 1276">
     <span class='ocr_line' id='line_1_13' title="bbox 378 1203 2018 1276; baseline -0.008 -8"><span class='ocrx_word' id='word_1_75' title='bbox 378 1212 628 1268; x_wconf 91' lang='lat' dir='ltr'><strong>manibus</strong></span> <span class='ocrx_word' id='word_1_76' title='bbox 683 1207 898 1262; x_wconf 79' lang='lat' dir='ltr'><strong>trivisse</strong></span> <span class='ocrx_word' id='word_1_77' title='bbox 936 1206 1186 1261; x_wconf 90' lang='lat' dir='ltr'><strong>novimus</strong></span> <span class='ocrx_word' id='word_1_78' title='bbox 1245 1203 1332 1276; x_wconf 88' lang='lat'><strong>(5)</strong></span> <span class='ocrx_word' id='word_1_79' title='bbox 1371 1209 1584 1274; x_wconf 88' lang='lat' dir='ltr'><strong>gratum</strong></span> <span class='ocrx_word' id='word_1_80' title='bbox 1641 1208 1696 1257; x_wconf 90' lang='lat' dir='ltr'><strong>et</strong></span> <span class='ocrx_word' id='word_1_81' title='bbox 1733 1209 2018 1271; x_wconf 89' lang='lat' dir='ltr'><strong>acceptum</strong></span> 
     </span>
    </p>
   </div>
   <div class='ocr_carea' id='block_1_14' title="bbox 377 1291 2019 1364">
    <p class='ocr_par' dir='ltr' id='par_1_14' title="bbox 377 1291 2019 1364">
     <span class='ocr_line' id='line_1_14' title="bbox 377 1291 2019 1364; baseline -0.005 -10"><span class='ocrx_word' id='word_1_82' title='bbox 377 1297 566 1364; x_wconf 89' lang='lat' dir='ltr'><strong>fuisse,</strong></span> <span class='ocrx_word' id='word_1_83' title='bbox 609 1295 766 1351; x_wconf 88' lang='lat' dir='ltr'><strong>facile</strong></span> <span class='ocrx_word' id='word_1_84' title='bbox 797 1295 1061 1350; x_wconf 90' lang='lat' dir='ltr'><strong>creditur.</strong></span> <span class='ocrx_word' id='word_1_85' title='bbox 1096 1295 1277 1349; x_wconf 90' lang='lat' dir='ltr'><strong>Bruno</strong></span> <span class='ocrx_word' id='word_1_86' title='bbox 1329 1310 1356 1343; x_wconf 74' lang='grc' dir='ltr'>(ι</span> <span class='ocrx_word' id='word_1_87' title='bbox 1402 1292 1642 1347; x_wconf 85' lang='lat' dir='ltr'><strong>breviter</strong></span> <span class='ocrx_word' id='word_1_88' title='bbox 1669 1296 1723 1346; x_wconf 92' lang='lat' dir='ltr'><strong>et</strong></span> <span class='ocrx_word' id='word_1_89' title='bbox 1751 1291 2019 1346; x_wconf 82' lang='lat' dir='ltr'><strong>veraciter</strong></span> 
     </span>
    </p>
   </div>
   <div class='ocr_carea' id='block_1_15' title="bbox 377 1380 2018 1454">
    <p class='ocr_par' dir='ltr' id='par_1_15' title="bbox 377 1380 2018 1454">
     <span class='ocr_line' id='line_1_15' title="bbox 377 1380 2018 1454; baseline -0.004 -12"><span class='ocrx_word' id='word_1_90' title='bbox 377 1387 520 1443; x_wconf 90' lang='lat' dir='ltr'><strong>sicut</strong></span> <span class='ocrx_word' id='word_1_91' title='bbox 556 1386 624 1440; x_wconf 90' lang='lat' dir='ltr'><strong>ab</strong></span> <span class='ocrx_word' id='word_1_92' title='bbox 665 1385 752 1440; x_wconf 90' lang='lat' dir='ltr'><strong>his</strong></span> <span class='ocrx_word' id='word_1_93' title='bbox 789 1385 884 1454; x_wconf 90' lang='lat' dir='ltr'><strong>qui</strong></span> <span class='ocrx_word' id='word_1_94' title='bbox 914 1383 1081 1438; x_wconf 87' lang='lat' dir='ltr'><strong>rebus</strong></span> <span class='ocrx_word' id='word_1_95' title='bbox 1109 1380 1470 1437; x_wconf 89' lang='lat' dir='ltr'><strong>interfuerant</strong></span> <span class='ocrx_word' id='word_1_96' title='bbox 1499 1394 1834 1451; x_wconf 82' lang='lat' dir='ltr'><strong>cognoscere</strong></span> <span class='ocrx_word' id='word_1_97' title='bbox 1863 1385 2018 1450; x_wconf 82' lang='lat' dir='ltr'><strong>pote-</strong></span> 
     </span>
    </p>
   </div>
   <div class='ocr_carea' id='block_1_16' title="bbox 377 1469 2016 1540">
    <p class='ocr_par' dir='ltr' id='par_1_16' title="bbox 377 1469 2016 1540">
     <span class='ocr_line' id='line_1_16' title="bbox 377 1469 2016 1540; baseline -0.002 -12"><span class='ocrx_word' id='word_1_98' title='bbox 377 1479 462 1529; x_wconf 89' lang='lat' dir='ltr'><strong>rat</strong></span> <span class='ocrx_word' id='word_1_99' title='bbox 500 1495 526 1524; x_wconf 73' lang='grc' dir='ltr'><strong>ιι</strong></span> <span class='ocrx_word' id='word_1_100' title='bbox 588 1472 939 1529; x_wconf 88' lang='lat' dir='ltr'><strong>scribendum</strong></span> <span class='ocrx_word' id='word_1_101' title='bbox 989 1471 1094 1526; x_wconf 90' lang='lat' dir='ltr'><strong>sibi</strong></span> <span class='ocrx_word' id='word_1_102' title='bbox 1126 1470 1416 1540; x_wconf 90' lang='lat' dir='ltr'><strong>proposuit</strong></span> <span class='ocrx_word' id='word_1_103' title='bbox 1475 1469 1586 1540; x_wconf 88' lang='lat'><strong>(6).</strong></span> <span class='ocrx_word' id='word_1_104' title='bbox 1623 1471 1745 1539; x_wconf 87' lang='lat' dir='ltr'><strong>Ipse</strong></span> <span class='ocrx_word' id='word_1_105' title='bbox 1794 1469 2016 1539; x_wconf 90' lang='lat' dir='ltr'><strong>quidem</strong></span> 
     </span>
    </p>
   </div>
   <div class='ocr_carea' id='block_1_17' title="bbox 377 1557 2014 1631">
    <p class='ocr_par' dir='ltr' id='par_1_17' title="bbox 377 1557 2014 1631">
     <span class='ocr_line' id='line_1_17' title="bbox 377 1557 2014 1631; baseline -0.004 -12"><span class='ocrx_word' id='word_1_106' title='bbox 377 1563 611 1619; x_wconf 88' lang='lat' dir='ltr'><strong>duorum</strong></span> <span class='ocrx_word' id='word_1_107' title='bbox 657 1563 1068 1631; x_wconf 89' lang='lat' dir='ltr'><strong>episcoporum,</strong></span> <span class='ocrx_word' id='word_1_108' title='bbox 1119 1559 1213 1628; x_wconf 91' lang='lat' dir='ltr'><strong>qui</strong></span> <span class='ocrx_word' id='word_1_109' title='bbox 1253 1572 1447 1629; x_wconf 87' lang='lat' dir='ltr'><strong>magna</strong></span> <span class='ocrx_word' id='word_1_110' title='bbox 1492 1572 1618 1628; x_wconf 90' lang='lat' dir='ltr'><strong>pars</strong></span> <span class='ocrx_word' id='word_1_111' title='bbox 1665 1557 1798 1613; x_wconf 89' lang='lat' dir='ltr'><strong>belli</strong></span> <span class='ocrx_word' id='word_1_112' title='bbox 1838 1563 2014 1624; x_wconf 89' lang='lat' dir='ltr'><strong>erant,</strong></span> 
     </span>
    </p>
   </div>
   <div class='ocr_carea' id='block_1_18' title="bbox 377 1645 2016 1720">
    <p class='ocr_par' dir='ltr' id='par_1_18' title="bbox 377 1645 2016 1720">
     <span class='ocr_line' id='line_1_18' title="bbox 377 1645 2016 1720; baseline -0.003 -13"><span class='ocrx_word' id='word_1_113' title='bbox 377 1651 610 1707; x_wconf 92' lang='lat' dir='ltr'><strong>consilio</strong></span> <span class='ocrx_word' id='word_1_114' title='bbox 639 1664 874 1720; x_wconf 89' lang='lat' dir='ltr'><strong>opereve</strong></span> <span class='ocrx_word' id='word_1_115' title='bbox 903 1648 981 1719; x_wconf 88' lang='lat'><strong>(7)</strong></span> <span class='ocrx_word' id='word_1_116' title='bbox 1011 1648 1250 1718; x_wconf 89' lang='lat' dir='ltr'><strong>adjutor,</strong></span> <span class='ocrx_word' id='word_1_117' title='bbox 1291 1662 1414 1717; x_wconf 89' lang='lat' dir='ltr'><strong>qua</strong></span> <span class='ocrx_word' id='word_1_118' title='bbox 1445 1661 1566 1703; x_wconf 92' lang='lat' dir='ltr'><strong>cum</strong></span> <span class='ocrx_word' id='word_1_119' title='bbox 1605 1648 1740 1717; x_wconf 94' lang='lat' dir='ltr'><strong>ipsis</strong></span> <span class='ocrx_word' id='word_1_120' title='bbox 1763 1645 1841 1719; x_wconf 89' lang='lat'><strong>(8)</strong></span> <span class='ocrx_word' id='word_1_121' title='bbox 1871 1647 2016 1702; x_wconf 91' lang='lat' dir='ltr'><strong>aliis-</strong></span> 
     </span>
    </p>
   </div>
   <div class='ocr_carea' id='block_1_19' title="bbox 379 1736 2015 1809">
    <p class='ocr_par' dir='ltr' id='par_1_19' title="bbox 379 1736 2015 1809">
     <span class='ocr_line' id='line_1_19' title="bbox 379 1736 2015 1809; baseline -0.002 -15"><span class='ocrx_word' id='word_1_122' title='bbox 379 1754 487 1809; x_wconf 84' lang='lat' dir='ltr'><strong>que</strong></span> <span class='ocrx_word' id='word_1_123' title='bbox 535 1752 645 1794; x_wconf 92' lang='lat' dir='ltr'><strong>non</strong></span> <span class='ocrx_word' id='word_1_124' title='bbox 695 1738 872 1794; x_wconf 91' lang='lat' dir='ltr'><strong>solum</strong></span> <span class='ocrx_word' id='word_1_125' title='bbox 929 1739 1200 1792; x_wconf 89' lang='lat' dir='ltr'><strong>Saxonum</strong></span> <span class='ocrx_word' id='word_1_126' title='bbox 1264 1737 1361 1791; x_wconf 91' lang='lat' dir='ltr'><strong>sed</strong></span> <span class='ocrx_word' id='word_1_127' title='bbox 1428 1743 1483 1791; x_wconf 91' lang='lat' dir='ltr'><strong>et</strong></span> <span class='ocrx_word' id='word_1_128' title='bbox 1547 1736 2015 1792; x_wconf 88' lang='lat' dir='ltr'><strong>Heinricianarum</strong></span> 
     </span>
    </p>
   </div>
   <div class='ocr_carea' id='block_1_20' title="bbox 380 1825 2017 1897">
    <p class='ocr_par' dir='ltr' id='par_1_20' title="bbox 380 1825 2017 1897">
     <span class='ocr_line' id='line_1_20' title="bbox 380 1825 2017 1897; baseline -0.002 -16"><span class='ocrx_word' id='word_1_129' title='bbox 380 1827 618 1897; x_wconf 87' lang='lat' dir='ltr'><strong>partium</strong></span> <span class='ocrx_word' id='word_1_130' title='bbox 686 1825 1032 1896; x_wconf 88' lang='lat' dir='ltr'><strong>principibus</strong></span> <span class='ocrx_word' id='word_1_131' title='bbox 1101 1825 1181 1896; x_wconf 90' lang='lat'><strong>(9)</strong></span> <span class='ocrx_word' id='word_1_132' title='bbox 1263 1825 1572 1880; x_wconf 88' lang='lat' dir='ltr'><strong>collocutus</strong></span> <span class='ocrx_word' id='word_1_133' title='bbox 1635 1830 2017 1894; x_wconf 87' lang='lat' dir='ltr'><strong>compererat,</strong></span> 
     </span>
    </p>
   </div>
   <div class='ocr_carea' id='block_1_21' title="bbox 375 1912 2022 1986">
    <p class='ocr_par' dir='ltr' id='par_1_21' title="bbox 375 1912 2022 1986">
     <span class='ocr_line' id='line_1_21' title="bbox 375 1912 2022 1986; baseline -0.002 -15"><span class='ocrx_word' id='word_1_134' title='bbox 375 1930 564 1986; x_wconf 87' lang='lat' dir='ltr'><strong>quave</strong></span> <span class='ocrx_word' id='word_1_135' title='bbox 617 1915 735 1985; x_wconf 90' lang='lat' dir='ltr'><strong>ipse</strong></span> <span class='ocrx_word' id='word_1_136' title='bbox 762 1918 765 1919; x_wconf 66' lang='grc'><strong><em>⁷</em></strong></span> <span class='ocrx_word' id='word_1_137' title='bbox 793 1928 1039 1985; x_wconf 86' lang='lat' dir='ltr'><strong>prasens</strong></span> <span class='ocrx_word' id='word_1_138' title='bbox 1102 1913 1317 1969; x_wconf 88' lang='lat' dir='ltr'><strong>viderat</strong></span> <span class='ocrx_word' id='word_1_139' title='bbox 1377 1912 1488 1984; x_wconf 92' lang='lat'><strong>(10)</strong></span> <span class='ocrx_word' id='word_1_140' title='bbox 1541 1912 1626 1969; x_wconf 92' lang='lat' dir='ltr'><strong>vel</strong></span> <span class='ocrx_word' id='word_1_141' title='bbox 1690 1913 1747 1968; x_wconf 91' lang='lat' dir='ltr'><strong>in</strong></span> <span class='ocrx_word' id='word_1_142' title='bbox 1786 1913 2022 1982; x_wconf 88' lang='lat' dir='ltr'><strong>publicis</strong></span> 
     </span>
    </p>
   </div>
   <div class='ocr_carea' id='block_1_22' title="bbox 377 2001 2021 2072">
    <p class='ocr_par' dir='ltr' id='par_1_22' title="bbox 377 2001 2021 2072">
     <span class='ocr_line' id='line_1_22' title="bbox 377 2001 2021 2072; baseline -0.002 -12"><span class='ocrx_word' id='word_1_143' title='bbox 377 2005 704 2060; x_wconf 88' lang='lat' dir='ltr'><strong>indubitata</strong></span> <span class='ocrx_word' id='word_1_144' title='bbox 779 2003 906 2058; x_wconf 91' lang='lat' dir='ltr'><strong>ﬁdei</strong></span> <span class='ocrx_word' id='word_1_145' title='bbox 981 2002 1205 2072; x_wconf 89' lang='lat' dir='ltr'><strong>scriptis</strong></span> <span class='ocrx_word' id='word_1_146' title='bbox 1261 2001 1374 2071; x_wconf 92' lang='grc'>(11)</span> <span class='ocrx_word' id='word_1_147' title='bbox 1437 2001 1664 2072; x_wconf 89' lang='lat' dir='ltr'><strong>legerat,</strong></span> <span class='ocrx_word' id='word_1_148' title='bbox 1743 2002 2021 2057; x_wconf 91' lang='lat' dir='ltr'><strong>memoria</strong></span> 
     </span>
    </p>
   </div>
   <div class='ocr_carea' id='block_1_23' title="bbox 378 2089 2020 2160">
    <p class='ocr_par' dir='ltr' id='par_1_23' title="bbox 378 2089 2020 2160">
     <span class='ocr_line' id='line_1_23' title="bbox 378 2089 2020 2160; baseline -0.003 -11"><span class='ocrx_word' id='word_1_149' title='bbox 378 2093 625 2149; x_wconf 89' lang='lat' dir='ltr'><strong>tradidit.</strong></span> <span class='ocrx_word' id='word_1_150' title='bbox 658 2094 769 2147; x_wconf 89' lang='lat' dir='ltr'><strong>Nec</strong></span> <span class='ocrx_word' id='word_1_151' title='bbox 800 2091 925 2146; x_wconf 91' lang='lat' dir='ltr'><strong>ﬁdei</strong></span> <span class='ocrx_word' id='word_1_152' title='bbox 974 2093 1093 2160; x_wconf 90' lang='lat' dir='ltr'><strong>ejus</strong></span> <span class='ocrx_word' id='word_1_153' title='bbox 1137 2091 1193 2145; x_wconf 92' lang='lat' dir='ltr'><strong>in</strong></span> <span class='ocrx_word' id='word_1_154' title='bbox 1254 2089 1565 2145; x_wconf 88' lang='lat' dir='ltr'><strong>universum</strong></span> <span class='ocrx_word' id='word_1_155' title='bbox 1622 2089 1813 2156; x_wconf 79' lang='lat' dir='ltr'><strong>ofﬁcit,</strong></span> <span class='ocrx_word' id='word_1_156' title='bbox 1871 2089 2020 2160; x_wconf 89' lang='lat' dir='ltr'><strong>quod</strong></span> 
     </span>
    </p>
   </div>
   <div class='ocr_carea' id='block_1_24' title="bbox 379 2179 2020 2252">
    <p class='ocr_par' dir='ltr' id='par_1_24' title="bbox 379 2179 2020 2252">
     <span class='ocr_line' id='line_1_24' title="bbox 379 2179 2020 2252; baseline -0.002 -14"><span class='ocrx_word' id='word_1_157' title='bbox 379 2183 572 2252; x_wconf 90' lang='lat' dir='ltr'><strong>patria</strong></span> <span class='ocrx_word' id='word_1_158' title='bbox 641 2194 826 2236; x_wconf 90' lang='lat' dir='ltr'><strong>amore</strong></span> <span class='ocrx_word' id='word_1_159' title='bbox 884 2185 939 2235; x_wconf 90' lang='lat' dir='ltr'><strong>et</strong></span> <span class='ocrx_word' id='word_1_160' title='bbox 993 2180 1123 2236; x_wconf 91' lang='lat' dir='ltr'><strong>odio</strong></span> <span class='ocrx_word' id='word_1_161' title='bbox 1190 2179 1469 2235; x_wconf 84' lang='lat' dir='ltr'><strong>servitutis</strong></span> <span class='ocrx_word' id='word_1_162' title='bbox 1505 2179 1702 2234; x_wconf 90' lang='lat' dir='ltr'><strong>ductus</strong></span> <span class='ocrx_word' id='word_1_163' title='bbox 1737 2179 1918 2234; x_wconf 88' lang='lat' dir='ltr'><strong>acrius</strong></span> <span class='ocrx_word' id='word_1_164' title='bbox 1961 2179 2020 2234; x_wconf 89' lang='lat' dir='ltr'><strong>in</strong></span> 
     </span>
    </p>
   </div>
   <div class='ocr_carea' id='block_1_25' title="bbox 378 2267 2023 2339">
    <p class='ocr_par' dir='ltr' id='par_1_25' title="bbox 378 2267 2023 2339">
     <span class='ocr_line' id='line_1_25' title="bbox 378 2267 2023 2339; baseline -0.002 -12"><span class='ocrx_word' id='word_1_165' title='bbox 378 2271 692 2326; x_wconf 87' lang='lat' dir='ltr'><strong>Heinricum</strong></span> <span class='ocrx_word' id='word_1_166' title='bbox 751 2269 1027 2324; x_wconf 90' lang='lat' dir='ltr'><strong>invehitur</strong></span> <span class='ocrx_word' id='word_1_167' title='bbox 1075 2267 1206 2339; x_wconf 90' lang='lat'><strong>(12),</strong></span> <span class='ocrx_word' id='word_1_168' title='bbox 1239 2282 1360 2323; x_wconf 91' lang='lat' dir='ltr'><strong>cum</strong></span> <span class='ocrx_word' id='word_1_169' title='bbox 1387 2268 1443 2323; x_wconf 90' lang='lat' dir='ltr'><strong>in</strong></span> <span class='ocrx_word' id='word_1_170' title='bbox 1481 2273 1632 2324; x_wconf 89' lang='lat' dir='ltr'><strong>tanta</strong></span> <span class='ocrx_word' id='word_1_171' title='bbox 1659 2282 1842 2324; x_wconf 91' lang='lat' dir='ltr'><strong>rerum</strong></span> <span class='ocrx_word' id='word_1_172' title='bbox 1873 2281 2023 2324; x_wconf 92' lang='lat' dir='ltr'><strong>com-</strong></span> 
     </span>
    </p>
   </div>
   <div class='ocr_carea' id='block_1_26' title="bbox 377 2356 2020 2426">
    <p class='ocr_par' dir='ltr' id='par_1_26' title="bbox 377 2356 2020 2426">
     <span class='ocr_line' id='line_1_26' title="bbox 377 2356 2020 2426; baseline -0.002 -11"><span class='ocrx_word' id='word_1_173' title='bbox 377 2361 622 2415; x_wconf 88' lang='lat' dir='ltr'><strong>motione</strong></span> <span class='ocrx_word' id='word_1_174' title='bbox 659 2360 743 2413; x_wconf 91' lang='lat' dir='ltr'><strong>vir</strong></span> <span class='ocrx_word' id='word_1_175' title='bbox 781 2357 918 2413; x_wconf 91' lang='lat' dir='ltr'><strong>nulli</strong></span> <span class='ocrx_word' id='word_1_176' title='bbox 966 2357 1110 2426; x_wconf 88' lang='lat' dir='ltr'><strong>parti</strong></span> <span class='ocrx_word' id='word_1_177' title='bbox 1148 2357 1403 2412; x_wconf 90' lang='lat' dir='ltr'><strong>addictus</strong></span> <span class='ocrx_word' id='word_1_178' title='bbox 1447 2356 1537 2411; x_wconf 86' lang='lat' dir='ltr'><strong>vix</strong></span> <span class='ocrx_word' id='word_1_179' title='bbox 1575 2371 1638 2412; x_wconf 91' lang='lat' dir='ltr'><strong>ac</strong></span> <span class='ocrx_word' id='word_1_180' title='bbox 1675 2370 1744 2412; x_wconf 92' lang='lat' dir='ltr'><strong>ne</strong></span> <span class='ocrx_word' id='word_1_181' title='bbox 1773 2358 1864 2412; x_wconf 87' lang='lat' dir='ltr'><strong>vix</strong></span> <span class='ocrx_word' id='word_1_182' title='bbox 1899 2357 2020 2426; x_wconf 90' lang='lat' dir='ltr'><strong>qui-</strong></span> 
     </span>
    </p>
   </div>
   <div class='ocr_carea' id='block_1_27' title="bbox 375 2445 2018 2518">
    <p class='ocr_par' dir='ltr' id='par_1_27' title="bbox 375 2445 2018 2518">
     <span class='ocr_line' id='line_1_27' title="bbox 375 2445 2018 2518; baseline -0.001 -15"><span class='ocrx_word' id='word_1_183' title='bbox 375 2448 500 2503; x_wconf 90' lang='lat' dir='ltr'><strong>dem</strong></span> <span class='ocrx_word' id='word_1_184' title='bbox 530 2448 763 2518; x_wconf 91' lang='lat' dir='ltr'><strong>reperiri</strong></span> <span class='ocrx_word' id='word_1_185' title='bbox 795 2447 1060 2516; x_wconf 90' lang='lat' dir='ltr'><strong>potuerit,</strong></span> <span class='ocrx_word' id='word_1_186' title='bbox 1111 2451 1167 2500; x_wconf 92' lang='lat' dir='ltr'><strong>et</strong></span> <span class='ocrx_word' id='word_1_187' title='bbox 1207 2451 1398 2501; x_wconf 91' lang='lat' dir='ltr'><strong>noster</strong></span> <span class='ocrx_word' id='word_1_188' title='bbox 1424 2445 1634 2501; x_wconf 89' lang='lat' dir='ltr'><strong>scelera</strong></span> <span class='ocrx_word' id='word_1_189' title='bbox 1662 2445 1730 2500; x_wconf 89' lang='lat' dir='ltr'><strong>ab</strong></span> <span class='ocrx_word' id='word_1_190' title='bbox 1760 2445 2018 2501; x_wconf 90' lang='lat' dir='ltr'><strong>Heinrico</strong></span> 
     </span>
    </p>
   </div>
   <div class='ocr_carea' id='block_1_28' title="bbox 370 2533 2017 2606">
    <p class='ocr_par' dir='ltr' id='par_1_28' title="bbox 370 2533 2017 2606">
     <span class='ocr_line' id='line_1_28' title="bbox 370 2533 2017 2606; baseline -0.002 -14"><span class='ocrx_word' id='word_1_191' title='bbox 370 2538 570 2605; x_wconf 87' lang='lat' dir='ltr'><strong>juvene</strong></span> <span class='ocrx_word' id='word_1_192' title='bbox 630 2536 740 2606; x_wconf 92' lang='lat'><strong>(13)</strong></span> <span class='ocrx_word' id='word_1_193' title='bbox 785 2540 1100 2604; x_wconf 74' lang='lat' dir='ltr'><strong>perpetrata</strong></span> <span class='ocrx_word' id='word_1_194' title='bbox 1155 2533 1238 2588; x_wconf 91' lang='lat' dir='ltr'><strong>vel</strong></span> <span class='ocrx_word' id='word_1_195' title='bbox 1296 2548 1326 2588; x_wconf 92' lang='lat' dir='ltr'><strong>a</strong></span> <span class='ocrx_word' id='word_1_196' title='bbox 1381 2533 1740 2589; x_wconf 85' lang='lat' dir='ltr'><strong>familiaribus</strong></span> <span class='ocrx_word' id='word_1_197' title='bbox 1793 2535 1912 2603; x_wconf 90' lang='lat' dir='ltr'><strong>ejus</strong></span> <span class='ocrx_word' id='word_1_198' title='bbox 1958 2548 2017 2588; x_wconf 92' lang='lat' dir='ltr'><strong>se</strong></span> 
     </span>
    </p>
   </div>
   <div class='ocr_carea' id='block_1_29' title="bbox 373 2623 2015 2695">
    <p class='ocr_par' dir='ltr' id='par_1_29' title="bbox 373 2623 2015 2695">
     <span class='ocr_line' id='line_1_29' title="bbox 373 2623 2015 2695; baseline -0.001 -15"><span class='ocrx_word' id='word_1_199' title='bbox 373 2625 653 2695; x_wconf 90' lang='lat' dir='ltr'><strong>accepisse</strong></span> <span class='ocrx_word' id='word_1_200' title='bbox 700 2624 1042 2694; x_wconf 84' lang='lat' dir='ltr'><strong>proﬁteatur.</strong></span> <span class='ocrx_word' id='word_1_201' title='bbox 1095 2623 1338 2678; x_wconf 89' lang='lat' dir='ltr'><strong>Heinrici</strong></span> <span class='ocrx_word' id='word_1_202' title='bbox 1401 2637 1490 2678; x_wconf 91' lang='lat' dir='ltr'><strong>res</strong></span> <span class='ocrx_word' id='word_1_203' title='bbox 1565 2637 1688 2678; x_wconf 91' lang='lat' dir='ltr'><strong>cum</strong></span> <span class='ocrx_word' id='word_1_204' title='bbox 1753 2623 2015 2694; x_wconf 88' lang='lat' dir='ltr'><strong>Gregorio</strong></span> 
     </span>
    </p>
   </div>
   <div class='ocr_carea' id='block_1_30' title="bbox 379 2711 2018 2782">
    <p class='ocr_par' dir='ltr' id='par_1_30' title="bbox 379 2711 2018 2782">
     <span class='ocr_line' id='line_1_30' title="bbox 379 2711 2018 2782; baseline 0 -14"><span class='ocrx_word' id='word_1_205' title='bbox 379 2715 463 2769; x_wconf 86' lang='lat' dir='ltr'><strong>Vll</strong></span> <span class='ocrx_word' id='word_1_206' title='bbox 487 2727 597 2769; x_wconf 92' lang='lat' dir='ltr'><strong>non</strong></span> <span class='ocrx_word' id='word_1_207' title='bbox 630 2713 733 2768; x_wconf 91' lang='lat' dir='ltr'><strong>nisi</strong></span> <span class='ocrx_word' id='word_1_208' title='bbox 767 2718 1030 2782; x_wconf 91' lang='lat' dir='ltr'><strong>quantum</strong></span> <span class='ocrx_word' id='word_1_209' title='bbox 1057 2712 1125 2767; x_wconf 91' lang='lat' dir='ltr'><strong>ad</strong></span> <span class='ocrx_word' id='word_1_210' title='bbox 1157 2711 1358 2766; x_wconf 91' lang='lat' dir='ltr'><strong>bellum</strong></span> <span class='ocrx_word' id='word_1_211' title='bbox 1388 2712 1712 2767; x_wconf 89' lang='lat' dir='ltr'><strong>Saxonicum</strong></span> <span class='ocrx_word' id='word_1_212' title='bbox 1744 2711 2018 2768; x_wconf 89' lang='lat' dir='ltr'><strong>faciebant</strong></span> 
     </span>
    </p>
   </div>
   <div class='ocr_carea' id='block_1_31' title="bbox 373 2801 2018 2874">
    <p class='ocr_par' dir='ltr' id='par_1_31' title="bbox 373 2801 2018 2874">
     <span class='ocr_line' id='line_1_31' title="bbox 373 2801 2018 2874; baseline -0.001 -16"><span class='ocrx_word' id='word_1_213' title='bbox 373 2803 575 2874; x_wconf 87' lang='lat' dir='ltr'><strong>attigit,</strong></span> <span class='ocrx_word' id='word_1_214' title='bbox 618 2808 673 2858; x_wconf 92' lang='lat' dir='ltr'><strong>et</strong></span> <span class='ocrx_word' id='word_1_215' title='bbox 701 2815 968 2857; x_wconf 90' lang='lat' dir='ltr'><strong>summum</strong></span> <span class='ocrx_word' id='word_1_216' title='bbox 1000 2801 1313 2871; x_wconf 88' lang='lat' dir='ltr'><strong>pontiﬁcem</strong></span> <span class='ocrx_word' id='word_1_217' title='bbox 1363 2801 1554 2869; x_wconf 86' lang='lat' dir='ltr'><strong>patria</strong></span> <span class='ocrx_word' id='word_1_218' title='bbox 1601 2815 1819 2870; x_wconf 90' lang='lat' dir='ltr'><strong>semper</strong></span> <span class='ocrx_word' id='word_1_219' title='bbox 1866 2807 2018 2872; x_wconf 88' lang='lat' dir='ltr'><strong>post-</strong></span> 
     </span>
    </p>
   </div>
   <div class='ocr_carea' id='block_1_32' title="bbox 373 2889 2014 2960">
    <p class='ocr_par' dir='ltr' id='par_1_32' title="bbox 373 2889 2014 2960">
     <span class='ocr_line' id='line_1_32' title="bbox 373 2889 2014 2960; baseline 0.001 -15"><span class='ocrx_word' id='word_1_220' title='bbox 373 2891 581 2947; x_wconf 88' lang='lat' dir='ltr'><strong>habuit.</strong></span> <span class='ocrx_word' id='word_1_221' title='bbox 624 2891 832 2946; x_wconf 89' lang='lat' dir='ltr'><strong>Bellum</strong></span> <span class='ocrx_word' id='word_1_222' title='bbox 887 2890 1057 2960; x_wconf 86' lang='lat' dir='ltr'><strong>igitur</strong></span> <span class='ocrx_word' id='word_1_223' title='bbox 1104 2889 1283 2956; x_wconf 91' lang='lat' dir='ltr'><strong>civile,</strong></span> <span class='ocrx_word' id='word_1_224' title='bbox 1333 2889 1493 2959; x_wconf 90' lang='lat' dir='ltr'><strong>quale</strong></span> <span class='ocrx_word' id='word_1_225' title='bbox 1523 2890 1766 2946; x_wconf 90' lang='lat' dir='ltr'><strong>nondum</strong></span> <span class='ocrx_word' id='word_1_226' title='bbox 1795 2903 2014 2960; x_wconf 89' lang='lat' dir='ltr'><strong>compo-</strong></span> 
     </span>
    </p>
   </div>
   <div class='ocr_carea' id='block_1_33' title="bbox 2099 491 3746 562">
    <p class='ocr_par' dir='ltr' id='par_1_33' title="bbox 2099 491 3746 562">
     <span class='ocr_line' id='line_1_33' title="bbox 2099 491 3746 562; baseline 0.002 -17"><span class='ocrx_word' id='word_1_227' title='bbox 2099 491 2274 560; x_wconf 89' lang='lat' dir='ltr'><strong>giensi</strong></span> <span class='ocrx_word' id='word_1_228' title='bbox 2305 492 2643 561; x_wconf 83' lang='lat' dir='ltr'><strong>complexus,</strong></span> <span class='ocrx_word' id='word_1_229' title='bbox 2675 492 2778 547; x_wconf 90' lang='lat' dir='ltr'><strong>hac</strong></span> <span class='ocrx_word' id='word_1_230' title='bbox 2825 491 3126 562; x_wconf 88' lang='lat' dir='ltr'><strong>epigrapha</strong></span> <span class='ocrx_word' id='word_1_231' title='bbox 3169 512 3182 546; x_wconf 86' lang='lat'>:</span> <span class='ocrx_word' id='word_1_232' title='bbox 3237 510 3266 543; x_wconf 91' lang='grc'><strong>‹‹</strong></span> <span class='ocrx_word' id='word_1_233' title='bbox 3306 493 3449 548; x_wconf 90' lang='lat' dir='ltr'><strong>Finit</strong></span> <span class='ocrx_word' id='word_1_234' title='bbox 3491 493 3560 548; x_wconf 90' lang='lat' dir='ltr'><strong>de</strong></span> <span class='ocrx_word' id='word_1_235' title='bbox 3598 493 3746 549; x_wconf 90' lang='lat' dir='ltr'><strong>bello</strong></span> 
     </span>
    </p>
   </div>
   <div class='ocr_carea' id='block_1_34' title="bbox 2100 581 3747 650">
    <p class='ocr_par' dir='ltr' id='par_1_34' title="bbox 2100 581 3747 650">
     <span class='ocr_line' id='line_1_34' title="bbox 2100 581 3747 650; baseline 0.002 -16"><span class='ocrx_word' id='word_1_236' title='bbox 2100 581 2408 647; x_wconf 89' lang='lat' dir='ltr'><strong>Saxonico;</strong></span> <span class='ocrx_word' id='word_1_237' title='bbox 2473 588 2528 636; x_wconf 91' lang='lat' dir='ltr'><strong>et</strong></span> <span class='ocrx_word' id='word_1_238' title='bbox 2592 581 2698 636; x_wconf 90' lang='lat' dir='ltr'><strong>ﬁne</strong></span> <span class='ocrx_word' id='word_1_239' title='bbox 2764 581 2990 635; x_wconf 88' lang='lat' dir='ltr'><strong>Henrici</strong></span> <span class='ocrx_word' id='word_1_240' title='bbox 3055 581 3236 650; x_wconf 89' lang='lat' dir='ltr'><strong>quarti</strong></span> <span class='ocrx_word' id='word_1_241' title='bbox 3300 581 3362 634; x_wconf 90' lang='lat'><strong>19</strong></span> <span class='ocrx_word' id='word_1_242' title='bbox 3425 581 3554 636; x_wconf 86' lang='lat' dir='ltr'><strong>Julii</strong></span> <span class='ocrx_word' id='word_1_243' title='bbox 3617 583 3747 638; x_wconf 90' lang='lat' dir='ltr'><strong>anni</strong></span> 
     </span>
    </p>
   </div>
   <div class='ocr_carea' id='block_1_35' title="bbox 2107 665 3744 738">
    <p class='ocr_par' dir='ltr' id='par_1_35' title="bbox 2107 665 3744 738">
     <span class='ocr_line' id='line_1_35' title="bbox 2107 665 3744 738; baseline 0.002 -19"><span class='ocrx_word' id='word_1_244' title='bbox 2107 665 2261 735; x_wconf 88' lang='grc'><strong>1500,</strong></span> <span class='ocrx_word' id='word_1_245' title='bbox 2295 683 2395 738; x_wconf 90' lang='lat' dir='ltr'><strong>per</strong></span> <span class='ocrx_word' id='word_1_246' title='bbox 2426 667 2649 724; x_wconf 90' lang='lat' dir='ltr'><strong>fratrem</strong></span> <span class='ocrx_word' id='word_1_247' title='bbox 2679 670 2748 724; x_wconf 85' lang='grc' dir='ltr'>Μ.</span> <span class='ocrx_word' id='word_1_248' title='bbox 2785 670 2841 723; x_wconf 82' lang='grc'>8.</span> <span class='ocrx_word' id='word_1_249' title='bbox 2873 670 3023 723; x_wconf 87' lang='lat' dir='ltr'><strong>Tunc</strong></span> <span class='ocrx_word' id='word_1_250' title='bbox 3054 671 3313 738; x_wconf 89' lang='lat' dir='ltr'><strong>priorem.</strong></span> <span class='ocrx_word' id='word_1_251' title='bbox 3345 670 3528 725; x_wconf 86' lang='lat' dir='ltr'><strong>Gratia</strong></span> <span class='ocrx_word' id='word_1_252' title='bbox 3556 671 3689 725; x_wconf 89' lang='lat' dir='ltr'><strong>Deo.</strong></span> <span class='ocrx_word' id='word_1_253' title='bbox 3716 687 3744 723; x_wconf 83' lang='grc'><strong>»</strong></span> 
     </span>
    </p>
   </div>
   <div class='ocr_carea' id='block_1_36' title="bbox 2099 755 3747 828">
    <p class='ocr_par' dir='ltr' id='par_1_36' title="bbox 2099 755 3747 828">
     <span class='ocr_line' id='line_1_36' title="bbox 2099 755 3747 828; baseline 0.003 -19"><span class='ocrx_word' id='word_1_254' title='bbox 2099 755 2239 810; x_wconf 85' lang='lat' dir='ltr'><strong>Foll.</strong></span> <span class='ocrx_word' id='word_1_255' title='bbox 2305 756 2466 810; x_wconf 85' lang='lat'><strong>74-83</strong></span> <span class='ocrx_word' id='word_1_256' title='bbox 2521 757 2662 812; x_wconf 91' lang='lat' dir='ltr'><strong>alius</strong></span> <span class='ocrx_word' id='word_1_257' title='bbox 2713 757 2890 812; x_wconf 88' lang='lat' dir='ltr'><strong>codex</strong></span> <span class='ocrx_word' id='word_1_258' title='bbox 2952 757 3215 828; x_wconf 88' lang='lat' dir='ltr'><strong>legendas</strong></span> <span class='ocrx_word' id='word_1_259' title='bbox 3267 757 3336 814; x_wconf 91' lang='lat' dir='ltr'><strong>de</strong></span> <span class='ocrx_word' id='word_1_260' title='bbox 3393 760 3448 814; x_wconf 93' lang='lat' dir='ltr'><strong>S.</strong></span> <span class='ocrx_word' id='word_1_261' title='bbox 3508 759 3747 814; x_wconf 83' lang='lat' dir='ltr'><strong>Antonio</strong></span> 
     </span>
    </p>
   </div>
   <div class='ocr_carea' id='block_1_37' title="bbox 2102 844 3746 916">
    <p class='ocr_par' dir='ltr' id='par_1_37' title="bbox 2102 844 3746 916">
     <span class='ocr_line' id='line_1_37' title="bbox 2102 844 3746 916; baseline 0.002 -18"><span class='ocrx_word' id='word_1_262' title='bbox 2102 844 2344 900; x_wconf 84' lang='lat' dir='ltr'><strong>exhibet.</strong></span> <span class='ocrx_word' id='word_1_263' title='bbox 2396 847 2646 915; x_wconf 88' lang='lat' dir='ltr'><strong>Scriptor</strong></span> <span class='ocrx_word' id='word_1_264' title='bbox 2691 845 2879 900; x_wconf 91' lang='lat' dir='ltr'><strong>multis</strong></span> <span class='ocrx_word' id='word_1_265' title='bbox 2927 846 3272 916; x_wconf 86' lang='lat' dir='ltr'><strong>compendiis</strong></span> <span class='ocrx_word' id='word_1_266' title='bbox 3319 861 3487 913; x_wconf 91' lang='lat' dir='ltr'><strong>usus,</strong></span> <span class='ocrx_word' id='word_1_267' title='bbox 3538 853 3746 902; x_wconf 85' lang='lat' dir='ltr'><strong>textum</strong></span> 
     </span>
    </p>
   </div>
   <div class='ocr_carea' id='block_1_38' title="bbox 2100 933 3748 1004">
    <p class='ocr_par' dir='ltr' id='par_1_38' title="bbox 2100 933 3748 1004">
     <span class='ocr_line' id='line_1_38' title="bbox 2100 933 3748 1004; baseline 0.003 -18"><span class='ocrx_word' id='word_1_268' title='bbox 2100 933 2155 986; x_wconf 91' lang='lat' dir='ltr'><strong>in</strong></span> <span class='ocrx_word' id='word_1_269' title='bbox 2209 934 2516 989; x_wconf 90' lang='lat' dir='ltr'><strong>universum</strong></span> <span class='ocrx_word' id='word_1_270' title='bbox 2569 933 2786 1003; x_wconf 90' lang='lat' dir='ltr'><strong>qualem</strong></span> <span class='ocrx_word' id='word_1_271' title='bbox 2833 940 3117 1004; x_wconf 89' lang='lat' dir='ltr'><strong>repererat</strong></span> <span class='ocrx_word' id='word_1_272' title='bbox 3145 934 3382 990; x_wconf 89' lang='lat' dir='ltr'><strong>ﬁdeliter</strong></span> <span class='ocrx_word' id='word_1_273' title='bbox 3409 941 3465 990; x_wconf 90' lang='lat' dir='ltr'><strong>et</strong></span> <span class='ocrx_word' id='word_1_274' title='bbox 3492 942 3748 992; x_wconf 88' lang='lat' dir='ltr'><strong>accurate</strong></span> 
     </span>
    </p>
   </div>
   <div class='ocr_carea' id='block_1_39' title="bbox 2099 1023 3752 1090">
    <p class='ocr_par' dir='ltr' id='par_1_39' title="bbox 2099 1023 3752 1090">
     <span class='ocr_line' id='line_1_39' title="bbox 2099 1023 3752 1090; baseline 0.002 -14"><span class='ocrx_word' id='word_1_275' title='bbox 2099 1028 2341 1090; x_wconf 91' lang='lat' dir='ltr'><strong>secutus,</strong></span> <span class='ocrx_word' id='word_1_276' title='bbox 2391 1023 2653 1078; x_wconf 90' lang='lat' dir='ltr'><strong>nonnulla</strong></span> <span class='ocrx_word' id='word_1_277' title='bbox 2701 1029 2882 1079; x_wconf 89' lang='lat' dir='ltr'><strong>tamen</strong></span> <span class='ocrx_word' id='word_1_278' title='bbox 2931 1023 3074 1078; x_wconf 89' lang='lat' dir='ltr'><strong>haud</strong></span> <span class='ocrx_word' id='word_1_279' title='bbox 3133 1024 3273 1080; x_wconf 91' lang='lat' dir='ltr'><strong>bene</strong></span> <span class='ocrx_word' id='word_1_280' title='bbox 3315 1024 3652 1080; x_wconf 87' lang='lat' dir='ltr'><strong>intellexisse</strong></span> <span class='ocrx_word' id='word_1_281' title='bbox 3693 1031 3752 1080; x_wconf 89' lang='lat' dir='ltr'><strong>et</strong></span> 
     </span>
    </p>
   </div>
   <div class='ocr_carea' id='block_1_40' title="bbox 2098 1109 3754 1184">
    <p class='ocr_par' dir='ltr' id='par_1_40' title="bbox 2098 1109 3754 1184">
     <span class='ocr_line' id='line_1_40' title="bbox 2098 1109 3754 1184; baseline 0.002 -20"><span class='ocrx_word' id='word_1_282' title='bbox 2098 1110 2155 1164; x_wconf 91' lang='lat' dir='ltr'><strong>in</strong></span> <span class='ocrx_word' id='word_1_283' title='bbox 2200 1109 2390 1166; x_wconf 89' lang='lat' dir='ltr'><strong>formis</strong></span> <span class='ocrx_word' id='word_1_284' title='bbox 2432 1113 2711 1167; x_wconf 88' lang='lat' dir='ltr'><strong>nominum</strong></span> <span class='ocrx_word' id='word_1_285' title='bbox 2760 1113 3108 1182; x_wconf 91' lang='lat' dir='ltr'><strong>propriorum</strong></span> <span class='ocrx_word' id='word_1_286' title='bbox 3140 1127 3297 1168; x_wconf 90' lang='lat' dir='ltr'><strong>suum</strong></span> <span class='ocrx_word' id='word_1_287' title='bbox 3328 1113 3513 1182; x_wconf 89' lang='lat' dir='ltr'><strong>potius</strong></span> <span class='ocrx_word' id='word_1_288' title='bbox 3533 1120 3754 1184; x_wconf 90' lang='lat' dir='ltr'><strong>tempus</strong></span> 
     </span>
    </p>
   </div>
   <div class='ocr_carea' id='block_1_41' title="bbox 2102 1201 3753 1270">
    <p class='ocr_par' dir='ltr' id='par_1_41' title="bbox 2102 1201 3753 1270">
     <span class='ocr_line' id='line_1_41' title="bbox 2102 1201 3753 1270; baseline 0.002 -17"><span class='ocrx_word' id='word_1_289' title='bbox 2102 1201 2439 1268; x_wconf 88' lang='lat' dir='ltr'><strong>expressisse</strong></span> <span class='ocrx_word' id='word_1_290' title='bbox 2486 1201 2721 1256; x_wconf 89' lang='lat' dir='ltr'><strong>videtur.</strong></span> <span class='ocrx_word' id='word_1_291' title='bbox 2781 1202 3032 1270; x_wconf 88' lang='lat' dir='ltr'><strong>Capitum</strong></span> <span class='ocrx_word' id='word_1_292' title='bbox 3087 1201 3305 1257; x_wconf 90' lang='lat' dir='ltr'><strong>initium</strong></span> <span class='ocrx_word' id='word_1_293' title='bbox 3352 1201 3536 1257; x_wconf 90' lang='lat' dir='ltr'><strong>littera</strong></span> <span class='ocrx_word' id='word_1_294' title='bbox 3583 1202 3753 1258; x_wconf 90' lang='lat' dir='ltr'><strong>rubra</strong></span> 
     </span>
    </p>
   </div>
   <div class='ocr_carea' id='block_1_42' title="bbox 2099 1287 2347 1352">
    <p class='ocr_par' dir='ltr' id='par_1_42' title="bbox 2099 1287 2347 1352">
     <span class='ocr_line' id='line_1_42' title="bbox 2099 1287 2347 1352; baseline 0.004 -10"><span class='ocrx_word' id='word_1_295' title='bbox 2099 1287 2309 1343; x_wconf 86' lang='lat' dir='ltr'><strong>indicat</strong></span> <span class='ocrx_word' id='word_1_296' title='bbox 2330 1304 2347 1352; x_wconf 87' lang='lat'><strong>;</strong></span> 
     </span>
    </p>
   </div>
   <div class='ocr_carea' id='block_1_43' title="bbox 2170 1377 3752 1450">
    <p class='ocr_par' dir='ltr' id='par_1_43' title="bbox 2170 1377 3752 1450">
     <span class='ocr_line' id='line_1_43' title="bbox 2170 1377 3752 1450; baseline 0.003 -18"><span class='ocrx_word' id='word_1_297' title='bbox 2170 1377 2274 1448; x_wconf 93' lang='lat' dir='ltr'><strong>1b.)</strong></span> <span class='ocrx_word' id='word_1_298' title='bbox 2331 1377 2644 1435; x_wconf 86' lang='lat' dir='ltr'><strong>Chronicon</strong></span> <span class='ocrx_word' id='word_1_299' title='bbox 2699 1379 3186 1450; x_wconf 81' lang='lat' dir='ltr'><strong>Magdeburgense,</strong></span> <span class='ocrx_word' id='word_1_300' title='bbox 3247 1379 3404 1448; x_wconf 87' lang='lat' dir='ltr'><strong>cujus</strong></span> <span class='ocrx_word' id='word_1_301' title='bbox 3461 1378 3640 1435; x_wconf 82' lang='lat' dir='ltr'><strong>codex</strong></span> <span class='ocrx_word' id='word_1_302' title='bbox 3692 1381 3752 1436; x_wconf 89' lang='lat' dir='ltr'><strong>in</strong></span> 
     </span>
    </p>
   </div>
   <div class='ocr_carea' id='block_1_44' title="bbox 2101 1466 3748 1537">
    <p class='ocr_par' dir='ltr' id='par_1_44' title="bbox 2101 1466 3748 1537">
     <span class='ocr_line' id='line_1_44' title="bbox 2101 1466 3748 1537; baseline 0.002 -17"><span class='ocrx_word' id='word_1_303' title='bbox 2101 1466 2415 1521; x_wconf 86' lang='lat' dir='ltr'><strong>membrana</strong></span> <span class='ocrx_word' id='word_1_304' title='bbox 2443 1467 2683 1536; x_wconf 88' lang='lat' dir='ltr'><strong>scriptus</strong></span> <span class='ocrx_word' id='word_1_305' title='bbox 2713 1481 2858 1524; x_wconf 91' lang='lat' dir='ltr'><strong>anno</strong></span> <span class='ocrx_word' id='word_1_306' title='bbox 2895 1466 3030 1521; x_wconf 88' lang='lat'><strong>1600</strong></span> <span class='ocrx_word' id='word_1_307' title='bbox 3057 1481 3088 1522; x_wconf 92' lang='lat' dir='ltr'><strong>a</strong></span> <span class='ocrx_word' id='word_1_308' title='bbox 3132 1467 3456 1537; x_wconf 88' lang='lat' dir='ltr'><strong>Marquardo</strong></span> <span class='ocrx_word' id='word_1_309' title='bbox 3501 1469 3748 1525; x_wconf 86' lang='lat' dir='ltr'><strong>Frehero</strong></span> 
     </span>
    </p>
   </div>
   <div class='ocr_carea' id='block_1_45' title="bbox 2099 1555 3753 1627">
    <p class='ocr_par' dir='ltr' id='par_1_45' title="bbox 2099 1555 3753 1627">
     <span class='ocr_line' id='line_1_45' title="bbox 2099 1555 3753 1627; baseline 0.002 -18"><span class='ocrx_word' id='word_1_310' title='bbox 2099 1555 2167 1609; x_wconf 89' lang='lat' dir='ltr'><strong>ad</strong></span> <span class='ocrx_word' id='word_1_311' title='bbox 2216 1555 2564 1610; x_wconf 85' lang='lat' dir='ltr'><strong>Meibomium</strong></span> <span class='ocrx_word' id='word_1_312' title='bbox 2614 1557 2968 1612; x_wconf 82' lang='lat' dir='ltr'><strong>transmissus</strong></span> <span class='ocrx_word' id='word_1_313' title='bbox 3002 1555 3121 1627; x_wconf 88' lang='lat'><strong>(16)</strong></span> <span class='ocrx_word' id='word_1_314' title='bbox 3177 1561 3232 1611; x_wconf 88' lang='lat' dir='ltr'><strong>et</strong></span> <span class='ocrx_word' id='word_1_315' title='bbox 3278 1563 3467 1626; x_wconf 88' lang='lat' dir='ltr'><strong>postea</strong></span> <span class='ocrx_word' id='word_1_316' title='bbox 3499 1562 3650 1613; x_wconf 90' lang='lat' dir='ltr'><strong>tomo</strong></span> <span class='ocrx_word' id='word_1_317' title='bbox 3680 1559 3753 1613; x_wconf 91' lang='lat'><strong>11.</strong></span> 
     </span>
    </p>
   </div>
   <div class='ocr_carea' id='block_1_46' title="bbox 2102 1645 3754 1716">
    <p class='ocr_par' dir='ltr' id='par_1_46' title="bbox 2102 1645 3754 1716">
     <span class='ocr_line' id='line_1_46' title="bbox 2102 1645 3754 1716; baseline 0.002 -17"><span class='ocrx_word' id='word_1_318' title='bbox 2102 1645 2193 1699; x_wconf 93' lang='lat' dir='ltr'><strong>SS.</strong></span> <span class='ocrx_word' id='word_1_319' title='bbox 2243 1647 2421 1700; x_wconf 88' lang='lat' dir='ltr'><strong>Germ.</strong></span> <span class='ocrx_word' id='word_1_320' title='bbox 2469 1645 2745 1701; x_wconf 86' lang='lat' dir='ltr'><strong>Meibomii</strong></span> <span class='ocrx_word' id='word_1_321' title='bbox 2784 1646 2927 1716; x_wconf 86' lang='lat' dir='ltr'><strong>typis</strong></span> <span class='ocrx_word' id='word_1_322' title='bbox 2968 1645 3249 1716; x_wconf 88' lang='lat' dir='ltr'><strong>evulgatus</strong></span> <span class='ocrx_word' id='word_1_323' title='bbox 3279 1651 3382 1714; x_wconf 89' lang='lat' dir='ltr'><strong>est,</strong></span> <span class='ocrx_word' id='word_1_324' title='bbox 3414 1647 3597 1702; x_wconf 86' lang='lat' dir='ltr'><strong>omnia</strong></span> <span class='ocrx_word' id='word_1_325' title='bbox 3625 1661 3754 1716; x_wconf 86' lang='lat' dir='ltr'><strong>qua</strong></span> 
     </span>
    </p>
   </div>
   <div class='ocr_carea' id='block_1_47' title="bbox 2103 1731 3756 1805">
    <p class='ocr_par' dir='ltr' id='par_1_47' title="bbox 2103 1731 3756 1805">
     <span class='ocr_line' id='line_1_47' title="bbox 2103 1731 3756 1805; baseline 0.002 -18"><span class='ocrx_word' id='word_1_326' title='bbox 2103 1731 2232 1787; x_wconf 91' lang='lat' dir='ltr'><strong>inde</strong></span> <span class='ocrx_word' id='word_1_327' title='bbox 2261 1747 2292 1786; x_wconf 91' lang='lat' dir='ltr'><strong>a</strong></span> <span class='ocrx_word' id='word_1_328' title='bbox 2321 1733 2517 1802; x_wconf 88' lang='lat' dir='ltr'><strong>pagina</strong></span> <span class='ocrx_word' id='word_1_329' title='bbox 2545 1732 2653 1786; x_wconf 88' lang='lat'><strong>288</strong></span> <span class='ocrx_word' id='word_1_330' title='bbox 2681 1747 2854 1802; x_wconf 92' lang='lat' dir='ltr'><strong>usque</strong></span> <span class='ocrx_word' id='word_1_331' title='bbox 2894 1732 2962 1788; x_wconf 90' lang='lat' dir='ltr'><strong>ad</strong></span> <span class='ocrx_word' id='word_1_332' title='bbox 3009 1748 3064 1803; x_wconf 92' lang='lat' dir='ltr'><strong>p.</strong></span> <span class='ocrx_word' id='word_1_333' title='bbox 3094 1733 3201 1788; x_wconf 92' lang='lat'><strong>319</strong></span> <span class='ocrx_word' id='word_1_334' title='bbox 3237 1734 3515 1805; x_wconf 88' lang='lat' dir='ltr'><strong>leguntur,</strong></span> <span class='ocrx_word' id='word_1_335' title='bbox 3548 1742 3756 1804; x_wconf 86' lang='lat' dir='ltr'><strong>prater</strong></span> 
     </span>
    </p>
   </div>
   <div class='ocr_carea' id='block_1_48' title="bbox 2101 1820 3758 1895">
    <p class='ocr_par' dir='ltr' id='par_1_48' title="bbox 2101 1820 3758 1895">
     <span class='ocr_line' id='line_1_48' title="bbox 2101 1820 3758 1895; baseline 0.004 -21"><span class='ocrx_word' id='word_1_336' title='bbox 2101 1820 2166 1874; x_wconf 92' lang='lat'><strong>21</strong></span> <span class='ocrx_word' id='word_1_337' title='bbox 2223 1821 2398 1876; x_wconf 90' lang='lat' dir='ltr'><strong>lineas</strong></span> <span class='ocrx_word' id='word_1_338' title='bbox 2446 1823 2661 1892; x_wconf 86' lang='lat' dir='ltr'><strong>pagina</strong></span> <span class='ocrx_word' id='word_1_339' title='bbox 2707 1821 2813 1875; x_wconf 93' lang='lat'><strong>313</strong></span> <span class='ocrx_word' id='word_1_340' title='bbox 2844 1828 2896 1878; x_wconf 87' lang='lat' dir='ltr'><strong>et</strong></span> <span class='ocrx_word' id='word_1_341' title='bbox 2927 1828 3042 1878; x_wconf 90' lang='lat' dir='ltr'><strong>tres</strong></span> <span class='ocrx_word' id='word_1_342' title='bbox 3082 1823 3255 1878; x_wconf 89' lang='lat' dir='ltr'><strong>lineas</strong></span> <span class='ocrx_word' id='word_1_343' title='bbox 3293 1825 3506 1895; x_wconf 86' lang='lat' dir='ltr'><strong>pagina</strong></span> <span class='ocrx_word' id='word_1_344' title='bbox 3529 1823 3658 1891; x_wconf 88' lang='lat'><strong>314,</strong></span> <span class='ocrx_word' id='word_1_345' title='bbox 3685 1839 3758 1880; x_wconf 81' lang='lat' dir='ltr'><strong>ex</strong></span> 
     </span>
    </p>
   </div>
   <div class='ocr_carea' id='block_1_49' title="bbox 2103 1910 3754 1981">
    <p class='ocr_par' dir='ltr' id='par_1_49' title="bbox 2103 1910 3754 1981">
     <span class='ocr_line' id='line_1_49' title="bbox 2103 1910 3754 1981; baseline 0.001 -15"><span class='ocrx_word' id='word_1_346' title='bbox 2103 1910 2380 1980; x_wconf 89' lang='lat' dir='ltr'><strong>capitibus</strong></span> <span class='ocrx_word' id='word_1_347' title='bbox 2428 1911 2701 1966; x_wconf 90' lang='lat' dir='ltr'><strong>Brunonis</strong></span> <span class='ocrx_word' id='word_1_348' title='bbox 2762 1910 2902 1978; x_wconf 91' lang='lat'><strong>1-41,</strong></span> <span class='ocrx_word' id='word_1_349' title='bbox 2952 1910 3136 1979; x_wconf 89' lang='lat'><strong>44-47,</strong></span> <span class='ocrx_word' id='word_1_350' title='bbox 3185 1911 3370 1979; x_wconf 88' lang='lat'><strong>52-58,</strong></span> <span class='ocrx_word' id='word_1_351' title='bbox 3417 1912 3606 1979; x_wconf 87' lang='lat'><strong>60-65,</strong></span> <span class='ocrx_word' id='word_1_352' title='bbox 3656 1912 3754 1981; x_wconf 88' lang='lat'><strong>68,</strong></span> 
     </span>
    </p>
   </div>
   <div class='ocr_carea' id='block_1_50' title="bbox 2100 1998 3758 2072">
    <p class='ocr_par' dir='ltr' id='par_1_50' title="bbox 2100 1998 3758 2072">
     <span class='ocr_line' id='line_1_50' title="bbox 2100 1998 3758 2072; baseline 0.005 -21"><span class='ocrx_word' id='word_1_353' title='bbox 2100 1998 2322 2067; x_wconf 91' lang='lat'><strong>74-102,</strong></span> <span class='ocrx_word' id='word_1_354' title='bbox 2382 1998 2501 2067; x_wconf 90' lang='lat'>117,</span> <span class='ocrx_word' id='word_1_355' title='bbox 2559 1999 2807 2066; x_wconf 87' lang='lat'>121-131,</span> <span class='ocrx_word' id='word_1_356' title='bbox 2847 2001 3194 2057; x_wconf 89' lang='lat' dir='ltr'><strong>documentis</strong></span> <span class='ocrx_word' id='word_1_357' title='bbox 3239 2001 3456 2058; x_wconf 87' lang='lat' dir='ltr'><strong>scilicet</strong></span> <span class='ocrx_word' id='word_1_358' title='bbox 3500 2001 3758 2072; x_wconf 88' lang='lat' dir='ltr'><strong>plurimis</strong></span> 
     </span>
    </p>
   </div>
   <div class='ocr_carea' id='block_1_51' title="bbox 2103 2088 3754 2158">
    <p class='ocr_par' dir='ltr' id='par_1_51' title="bbox 2103 2088 3754 2158">
     <span class='ocr_line' id='line_1_51' title="bbox 2103 2088 3754 2158; baseline 0.002 -15"><span class='ocrx_word' id='word_1_359' title='bbox 2103 2088 2506 2158; x_wconf 90' lang='lat' dir='ltr'><strong>pratermissis,</strong></span> <span class='ocrx_word' id='word_1_360' title='bbox 2549 2090 2760 2158; x_wconf 86' lang='lat' dir='ltr'><strong>petivit.</strong></span> <span class='ocrx_word' id='word_1_361' title='bbox 2811 2090 3012 2146; x_wconf 90' lang='lat' dir='ltr'><strong>Textus</strong></span> <span class='ocrx_word' id='word_1_362' title='bbox 3058 2090 3115 2144; x_wconf 90' lang='lat' dir='ltr'><strong>in</strong></span> <span class='ocrx_word' id='word_1_363' title='bbox 3162 2091 3400 2148; x_wconf 89' lang='lat' dir='ltr'><strong>minimis</strong></span> <span class='ocrx_word' id='word_1_364' title='bbox 3437 2091 3601 2146; x_wconf 89' lang='lat' dir='ltr'><strong>etiam</strong></span> <span class='ocrx_word' id='word_1_365' title='bbox 3638 2098 3754 2147; x_wconf 87' lang='lat' dir='ltr'><strong>tam</strong></span> 
     </span>
    </p>
   </div>
   <div class='ocr_carea' id='block_1_52' title="bbox 2103 2177 3758 2246">
    <p class='ocr_par' dir='ltr' id='par_1_52' title="bbox 2103 2177 3758 2246">
     <span class='ocr_line' id='line_1_52' title="bbox 2103 2177 3758 2246; baseline 0.003 -15"><span class='ocrx_word' id='word_1_366' title='bbox 2103 2191 2292 2246; x_wconf 91' lang='lat' dir='ltr'><strong>presse</strong></span> <span class='ocrx_word' id='word_1_367' title='bbox 2340 2178 2406 2232; x_wconf 91' lang='lat' dir='ltr'><strong>ad</strong></span> <span class='ocrx_word' id='word_1_368' title='bbox 2457 2177 2753 2233; x_wconf 90' lang='lat' dir='ltr'><strong>lectionem</strong></span> <span class='ocrx_word' id='word_1_369' title='bbox 2782 2178 2992 2234; x_wconf 89' lang='lat' dir='ltr'><strong>codicis</strong></span> <span class='ocrx_word' id='word_1_370' title='bbox 3026 2179 3048 2231; x_wconf 95' lang='lat'><strong>1</strong></span> <span class='ocrx_word' id='word_1_371' title='bbox 3083 2178 3318 2246; x_wconf 86' lang='lat' dir='ltr'><strong>accedit,</strong></span> <span class='ocrx_word' id='word_1_372' title='bbox 3355 2185 3415 2235; x_wconf 93' lang='lat' dir='ltr'><strong>ut</strong></span> <span class='ocrx_word' id='word_1_373' title='bbox 3444 2193 3553 2236; x_wconf 92' lang='lat' dir='ltr'><strong>non</strong></span> <span class='ocrx_word' id='word_1_374' title='bbox 3587 2195 3656 2235; x_wconf 83' lang='lat' dir='ltr'><strong>ex</strong></span> <span class='ocrx_word' id='word_1_375' title='bbox 3684 2194 3758 2236; x_wconf 91' lang='lat' dir='ltr'><strong>eo</strong></span> 
     </span>
    </p>
   </div>
   <div class='ocr_carea' id='block_1_53' title="bbox 2102 2267 3763 2334">
    <p class='ocr_par' dir='ltr' id='par_1_53' title="bbox 2102 2267 3763 2334">
     <span class='ocr_line' id='line_1_53' title="bbox 2102 2267 3763 2334; baseline 0.002 -13"><span class='ocrx_word' id='word_1_376' title='bbox 2102 2267 2326 2334; x_wconf 90' lang='lat' dir='ltr'><strong>quidem</strong></span> <span class='ocrx_word' id='word_1_377' title='bbox 2355 2267 2452 2322; x_wconf 92' lang='lat' dir='ltr'><strong>sed</strong></span> <span class='ocrx_word' id='word_1_378' title='bbox 2500 2281 2566 2322; x_wconf 88' lang='lat' dir='ltr'><strong>ex</strong></span> <span class='ocrx_word' id='word_1_379' title='bbox 2613 2268 2888 2323; x_wconf 89' lang='lat' dir='ltr'><strong>communi</strong></span> <span class='ocrx_word' id='word_1_380' title='bbox 2927 2281 3049 2323; x_wconf 90' lang='lat' dir='ltr'><strong>cum</strong></span> <span class='ocrx_word' id='word_1_381' title='bbox 3089 2282 3156 2324; x_wconf 92' lang='lat' dir='ltr'><strong>eo</strong></span> <span class='ocrx_word' id='word_1_382' title='bbox 3193 2267 3344 2324; x_wconf 88' lang='lat' dir='ltr'><strong>fonte</strong></span> <span class='ocrx_word' id='word_1_383' title='bbox 3374 2270 3594 2325; x_wconf 84' lang='lat' dir='ltr'><strong>ﬂuxisse</strong></span> <span class='ocrx_word' id='word_1_384' title='bbox 3625 2283 3763 2326; x_wconf 88' lang='lat' dir='ltr'><strong>cen-</strong></span> 
     </span>
    </p>
   </div>
   <div class='ocr_carea' id='block_1_54' title="bbox 2101 2356 3766 2428">
    <p class='ocr_par' dir='ltr' id='par_1_54' title="bbox 2101 2356 3766 2428">
     <span class='ocr_line' id='line_1_54' title="bbox 2101 2356 3766 2428; baseline 0.002 -17"><span class='ocrx_word' id='word_1_385' title='bbox 2101 2356 2306 2411; x_wconf 90' lang='lat' dir='ltr'><strong>sendus</strong></span> <span class='ocrx_word' id='word_1_386' title='bbox 2333 2357 2426 2411; x_wconf 87' lang='lat' dir='ltr'><strong>sit.</strong></span> <span class='ocrx_word' id='word_1_387' title='bbox 2475 2358 2613 2411; x_wconf 89' lang='lat' dir='ltr'><strong>Sunt</strong></span> <span class='ocrx_word' id='word_1_388' title='bbox 2660 2357 2805 2412; x_wconf 77' lang='lat' dir='ltr'><strong>enhn</strong></span> <span class='ocrx_word' id='word_1_389' title='bbox 2852 2357 2961 2413; x_wconf 90' lang='lat' dir='ltr'><strong>loci</strong></span> <span class='ocrx_word' id='word_1_390' title='bbox 3009 2357 3280 2425; x_wconf 90' lang='lat' dir='ltr'><strong>nonnulli,</strong></span> <span class='ocrx_word' id='word_1_391' title='bbox 3323 2359 3526 2428; x_wconf 92' lang='lat' dir='ltr'><strong>quibus</strong></span> <span class='ocrx_word' id='word_1_392' title='bbox 3553 2359 3766 2415; x_wconf 86' lang='lat' dir='ltr'><strong>utrius-</strong></span> 
     </span>
    </p>
   </div>
   <div class='ocr_carea' id='block_1_55' title="bbox 2101 2445 3763 2514">
    <p class='ocr_par' dir='ltr' id='par_1_55' title="bbox 2101 2445 3763 2514">
     <span class='ocr_line' id='line_1_55' title="bbox 2101 2445 3763 2514; baseline 0.002 -14"><span class='ocrx_word' id='word_1_393' title='bbox 2101 2459 2208 2514; x_wconf 92' lang='lat' dir='ltr'><strong>que</strong></span> <span class='ocrx_word' id='word_1_394' title='bbox 2255 2445 2556 2514; x_wconf 89' lang='lat' dir='ltr'><strong>scriptores</strong></span> <span class='ocrx_word' id='word_1_395' title='bbox 2594 2445 2738 2501; x_wconf 90' lang='lat' dir='ltr'><strong>idem</strong></span> <span class='ocrx_word' id='word_1_396' title='bbox 2774 2446 3099 2502; x_wconf 90' lang='lat' dir='ltr'><strong>vocabulum</strong></span> <span class='ocrx_word' id='word_1_397' title='bbox 3149 2447 3364 2502; x_wconf 88' lang='lat' dir='ltr'><strong>diverse</strong></span> <span class='ocrx_word' id='word_1_398' title='bbox 3416 2446 3763 2504; x_wconf 84' lang='lat' dir='ltr'><strong>intellexisse</strong></span> 
     </span>
    </p>
   </div>
   <div class='ocr_carea' id='block_1_56' title="bbox 2101 2534 3766 2607">
    <p class='ocr_par' dir='ltr' id='par_1_56' title="bbox 2101 2534 3766 2607">
     <span class='ocr_line' id='line_1_56' title="bbox 2101 2534 3766 2607; baseline 0.002 -18"><span class='ocrx_word' id='word_1_399' title='bbox 2101 2540 2155 2589; x_wconf 89' lang='lat' dir='ltr'><strong>et</strong></span> <span class='ocrx_word' id='word_1_400' title='bbox 2199 2535 2533 2604; x_wconf 88' lang='lat' dir='ltr'><strong>expressisse</strong></span> <span class='ocrx_word' id='word_1_401' title='bbox 2583 2540 2751 2603; x_wconf 89' lang='lat' dir='ltr'><strong>patet,</strong></span> <span class='ocrx_word' id='word_1_402' title='bbox 2805 2549 2855 2590; x_wconf 92' lang='lat' dir='ltr'><strong>e.</strong></span> <span class='ocrx_word' id='word_1_403' title='bbox 2901 2550 2954 2604; x_wconf 89' lang='lat' dir='ltr'><strong>g.</strong></span> <span class='ocrx_word' id='word_1_404' title='bbox 3007 2550 3128 2605; x_wconf 90' lang='lat' dir='ltr'><strong>cap.</strong></span> <span class='ocrx_word' id='word_1_405' title='bbox 3172 2534 3265 2602; x_wconf 88' lang='lat'><strong>40,</strong></span> <span class='ocrx_word' id='word_1_406' title='bbox 3303 2537 3398 2592; x_wconf 90' lang='lat' dir='ltr'><strong>ubi</strong></span> <span class='ocrx_word' id='word_1_407' title='bbox 3450 2537 3766 2607; x_wconf 87' lang='lat' dir='ltr'><strong>Lipsiensis</strong></span> 
     </span>
    </p>
   </div>
   <div class='ocr_carea' id='block_1_57' title="bbox 2101 2623 3760 2694">
    <p class='ocr_par' dir='ltr' id='par_1_57' title="bbox 2101 2623 3760 2694">
     <span class='ocr_line' id='line_1_57' title="bbox 2101 2623 3760 2694; baseline 0.002 -16"><span class='ocrx_word' id='word_1_408' title='bbox 2101 2623 2266 2679; x_wconf 89' lang='lat' dir='ltr'><strong>lectio</strong></span> <span class='ocrx_word' id='word_1_409' title='bbox 2315 2638 2484 2694; x_wconf 84' lang='lat' dir='ltr'><strong>ymmo</strong></span> <span class='ocrx_word' id='word_1_410' title='bbox 2533 2637 2600 2677; x_wconf 92' lang='lat' dir='ltr'><strong>ex</strong></span> <span class='ocrx_word' id='word_1_411' title='bbox 2655 2623 3138 2694; x_wconf 84' lang='lat' dir='ltr'><strong>Magdeburgensis</strong></span> <span class='ocrx_word' id='word_1_412' title='bbox 3193 2625 3351 2680; x_wconf 80' lang='lat' dir='ltr'><strong>nimio</strong></span> <span class='ocrx_word' id='word_1_413' title='bbox 3409 2626 3760 2682; x_wconf 89' lang='lat' dir='ltr'><strong>emendanda</strong></span> 
     </span>
    </p>
   </div>
   <div class='ocr_carea' id='block_1_58' title="bbox 2105 2713 3761 2790">
    <p class='ocr_par' dir='ltr' id='par_1_58' title="bbox 2105 2713 3761 2790">
     <span class='ocr_line' id='line_1_58' title="bbox 2105 2713 3761 2790; baseline 0.003 -22"><span class='ocrx_word' id='word_1_414' title='bbox 2105 2719 2243 2790; x_wconf 74' lang='lat' dir='ltr'><strong>erat.</strong></span> <span class='ocrx_word' id='word_1_415' title='bbox 2293 2715 2426 2769; x_wconf 88' lang='lat' dir='ltr'><strong>Cum</strong></span> <span class='ocrx_word' id='word_1_416' title='bbox 2473 2718 2654 2768; x_wconf 89' lang='lat' dir='ltr'><strong>autem</strong></span> <span class='ocrx_word' id='word_1_417' title='bbox 2701 2713 2805 2768; x_wconf 92' lang='lat' dir='ltr'><strong>alia</strong></span> <span class='ocrx_word' id='word_1_418' title='bbox 2854 2713 2910 2767; x_wconf 90' lang='lat' dir='ltr'><strong>in</strong></span> <span class='ocrx_word' id='word_1_419' title='bbox 2943 2719 3177 2782; x_wconf 90' lang='lat' dir='ltr'><strong>utroque</strong></span> <span class='ocrx_word' id='word_1_420' title='bbox 3207 2715 3400 2770; x_wconf 89' lang='lat' dir='ltr'><strong>eodem</strong></span> <span class='ocrx_word' id='word_1_421' title='bbox 3431 2716 3596 2772; x_wconf 91' lang='lat' dir='ltr'><strong>modo</strong></span> <span class='ocrx_word' id='word_1_422' title='bbox 3629 2731 3761 2786; x_wconf 84' lang='lat' dir='ltr'><strong>pec-</strong></span> 
     </span>
    </p>
   </div>
   <div class='ocr_carea' id='block_1_59' title="bbox 2097 2802 3758 2876">
    <p class='ocr_par' dir='ltr' id='par_1_59' title="bbox 2097 2802 3758 2876">
     <span class='ocr_line' id='line_1_59' title="bbox 2097 2802 3758 2876; baseline 0.002 -17"><span class='ocrx_word' id='word_1_423' title='bbox 2097 2809 2312 2870; x_wconf 89' lang='lat' dir='ltr'><strong>centur,</strong></span> <span class='ocrx_word' id='word_1_424' title='bbox 2363 2817 2413 2858; x_wconf 90' lang='lat' dir='ltr'><strong>e.</strong></span> <span class='ocrx_word' id='word_1_425' title='bbox 2461 2818 2515 2873; x_wconf 86' lang='lat' dir='ltr'><strong>g.</strong></span> <span class='ocrx_word' id='word_1_426' title='bbox 2567 2816 2688 2872; x_wconf 92' lang='lat' dir='ltr'><strong>cap.</strong></span> <span class='ocrx_word' id='word_1_427' title='bbox 2734 2802 2842 2869; x_wconf 92' lang='lat'><strong>56,</strong></span> <span class='ocrx_word' id='word_1_428' title='bbox 2896 2803 2991 2858; x_wconf 89' lang='lat' dir='ltr'><strong>ubi</strong></span> <span class='ocrx_word' id='word_1_429' title='bbox 3039 2811 3273 2874; x_wconf 90' lang='lat' dir='ltr'><strong>uterque</strong></span> <span class='ocrx_word' id='word_1_430' title='bbox 3331 2818 3396 2860; x_wconf 88' lang='lat' dir='ltr'><strong>ex</strong></span> <span class='ocrx_word' id='word_1_431' title='bbox 3443 2804 3595 2861; x_wconf 89' lang='lat' dir='ltr'><strong>fonte</strong></span> <span class='ocrx_word' id='word_1_432' title='bbox 3638 2808 3758 2876; x_wconf 89' lang='lat' dir='ltr'><strong>jam</strong></span> 
     </span>
    </p>
   </div>
   <div class='ocr_carea' id='block_1_60' title="bbox 2096 2891 3760 2962">
    <p class='ocr_par' dir='ltr' id='par_1_60' title="bbox 2096 2891 3760 2962">
     <span class='ocr_line' id='line_1_60' title="bbox 2096 2891 3760 2962; baseline 0.002 -14"><span class='ocrx_word' id='word_1_433' title='bbox 2096 2898 2359 2962; x_wconf 90' lang='lat' dir='ltr'><strong>corrupto</strong></span> <span class='ocrx_word' id='word_1_434' title='bbox 2425 2891 2704 2946; x_wconf 86' lang='lat' dir='ltr'><strong>Ekkiberti</strong></span> <span class='ocrx_word' id='word_1_435' title='bbox 2769 2892 3103 2948; x_wconf 88' lang='lat' dir='ltr'><strong>marchionis</strong></span> <span class='ocrx_word' id='word_1_436' title='bbox 3169 2907 3367 2950; x_wconf 88' lang='lat' dir='ltr'><strong>nomen</strong></span> <span class='ocrx_word' id='word_1_437' title='bbox 3422 2895 3760 2951; x_wconf 80' lang='lat' dir='ltr'><strong>Erribertum</strong></span> 
     </span>
    </p>
   </div>
   <div class='ocr_carea' id='block_1_61' title="bbox 373 2978 3758 3052">
    <p class='ocr_par' dir='ltr' id='par_1_61' title="bbox 373 2978 3758 3052">
     <span class='ocr_line' id='line_1_61' title="bbox 373 2978 3758 3052; baseline 0.002 -17"><span class='ocrx_word' id='word_1_438' title='bbox 373 2981 537 3035; x_wconf 92' lang='lat' dir='ltr'><strong>situm</strong></span> <span class='ocrx_word' id='word_1_439' title='bbox 585 2982 856 3035; x_wconf 89' lang='lat' dir='ltr'><strong>Saxonum</strong></span> <span class='ocrx_word' id='word_1_440' title='bbox 912 2978 1257 3047; x_wconf 77' lang='lat' dir='ltr'><strong>principibus</strong></span> <span class='ocrx_word' id='word_1_441' title='bbox 1312 2979 1584 3047; x_wconf 86' lang='lat' dir='ltr'><strong>apparuit,</strong></span> <span class='ocrx_word' id='word_1_442' title='bbox 1639 2981 1821 3035; x_wconf 89' lang='lat' dir='ltr'><strong>Bruno</strong></span> <span class='ocrx_word' id='word_1_443' title='bbox 1878 2980 2015 3035; x_wconf 92' lang='lat' dir='ltr'><strong>scri-</strong></span> <span class='ocrx_word' id='word_1_444' title='bbox 2055 2981 2276 3052; x_wconf 22' lang='lat' dir='ltr'><strong>“effert,</strong></span> <span class='ocrx_word' id='word_1_445' title='bbox 2326 2980 2710 3052; x_wconf 88' lang='lat' dir='ltr'><strong>gratulandum</strong></span> <span class='ocrx_word' id='word_1_446' title='bbox 2760 2987 2862 3046; x_wconf 92' lang='lat' dir='ltr'><strong>est,</strong></span> <span class='ocrx_word' id='word_1_447' title='bbox 2918 2981 3068 3051; x_wconf 89' lang='lat' dir='ltr'><strong>quod</strong></span> <span class='ocrx_word' id='word_1_448' title='bbox 3117 2981 3173 3037; x_wconf 93' lang='lat' dir='ltr'><strong>in</strong></span> <span class='ocrx_word' id='word_1_449' title='bbox 3223 2988 3373 3039; x_wconf 87' lang='lat' dir='ltr'><strong>textu</strong></span> <span class='ocrx_word' id='word_1_450' title='bbox 3405 2984 3758 3042; x_wconf 86' lang='lat' dir='ltr'><strong>restituendo</strong></span> 
     </span>
    </p>
   </div>
   <div class='ocr_carea' id='block_1_62' title="bbox 377 3050 2229 3140">
    <p class='ocr_par' dir='ltr' id='par_1_62' title="bbox 377 3050 2229 3140">
     <span class='ocr_line' id='line_1_62' title="bbox 377 3050 2229 3140; baseline 0.002 -17"><span class='ocrx_word' id='word_1_451' title='bbox 377 3068 616 3123; x_wconf 91' lang='lat' dir='ltr'><strong>bendum</strong></span> <span class='ocrx_word' id='word_1_452' title='bbox 664 3068 770 3123; x_wconf 92' lang='lat' dir='ltr'><strong>sibi</strong></span> <span class='ocrx_word' id='word_1_453' title='bbox 828 3066 1138 3135; x_wconf 88' lang='lat' dir='ltr'><strong>proposuit.</strong></span> <span class='ocrx_word' id='word_1_454' title='bbox 1199 3066 1415 3121; x_wconf 90' lang='lat' dir='ltr'><strong>Eminet</strong></span> <span class='ocrx_word' id='word_1_455' title='bbox 1479 3067 1620 3122; x_wconf 90' lang='lat' dir='ltr'><strong>liber</strong></span> <span class='ocrx_word' id='word_1_456' title='bbox 1675 3050 2081 3124; x_wconf 74' lang='lat' dir='ltr'><strong>documentisc</strong></span> <span class='ocrx_word' id='word_1_457' title='bbox 2104 3085 2229 3140; x_wconf 91' lang='lat' dir='ltr'><strong>ope.</strong></span> 
     </span>
    </p>
   </div>
   <div class='ocr_carea' id='block_1_63' title="bbox 375 3154 2021 3228">
    <p class='ocr_par' dir='ltr' id='par_1_63' title="bbox 375 3154 2021 3228">
     <span class='ocr_line' id='line_1_63' title="bbox 375 3154 2021 3228; baseline 0.001 -15"><span class='ocrx_word' id='word_1_458' title='bbox 375 3156 708 3213; x_wconf 89' lang='lat' dir='ltr'><strong>authenticis</strong></span> <span class='ocrx_word' id='word_1_459' title='bbox 735 3156 978 3221; x_wconf 87' lang='lat' dir='ltr'><strong>insertis,</strong></span> <span class='ocrx_word' id='word_1_460' title='bbox 1010 3154 1290 3210; x_wconf 89' lang='lat' dir='ltr'><strong>scribendi</strong></span> <span class='ocrx_word' id='word_1_461' title='bbox 1335 3156 1546 3211; x_wconf 87' lang='lat' dir='ltr'><strong>ratione</strong></span> <span class='ocrx_word' id='word_1_462' title='bbox 1577 3157 1774 3224; x_wconf 84' lang='lat' dir='ltr'><strong>vivida,</strong></span> <span class='ocrx_word' id='word_1_463' title='bbox 1813 3157 2021 3228; x_wconf 90' lang='lat' dir='ltr'><strong>aliquo-</strong></span> 
     </span>
    </p>
   </div>
   <div class='ocr_carea' id='block_1_64' title="bbox 377 3243 2020 3314">
    <p class='ocr_par' dir='ltr' id='par_1_64' title="bbox 377 3243 2020 3314">
     <span class='ocr_line' id='line_1_64' title="bbox 377 3243 2020 3314; baseline 0 -12"><span class='ocrx_word' id='word_1_464' title='bbox 377 3247 482 3302; x_wconf 91' lang='lat' dir='ltr'><strong>ties</strong></span> <span class='ocrx_word' id='word_1_465' title='bbox 537 3245 712 3301; x_wconf 87' lang='lat' dir='ltr'><strong>faceta</strong></span> <span class='ocrx_word' id='word_1_466' title='bbox 768 3251 823 3299; x_wconf 93' lang='lat' dir='ltr'><strong>et</strong></span> <span class='ocrx_word' id='word_1_467' title='bbox 855 3245 1046 3314; x_wconf 89' lang='lat' dir='ltr'><strong>jocosa</strong></span> <span class='ocrx_word' id='word_1_468' title='bbox 1085 3243 1208 3313; x_wconf 87' lang='lat'><strong>(14),</strong></span> <span class='ocrx_word' id='word_1_469' title='bbox 1244 3243 1385 3314; x_wconf 80' lang='lat' dir='ltr'><strong>stylo</strong></span> <span class='ocrx_word' id='word_1_470' title='bbox 1429 3245 1688 3314; x_wconf 88' lang='lat' dir='ltr'><strong>simplici,</strong></span> <span class='ocrx_word' id='word_1_471' title='bbox 1729 3249 2020 3304; x_wconf 87' lang='lat' dir='ltr'><strong>sententiis</strong></span> 
     </span>
    </p>
   </div>
   <div class='ocr_carea' id='block_1_65' title="bbox 377 3333 2016 3406">
    <p class='ocr_par' dir='ltr' id='par_1_65' title="bbox 377 3333 2016 3406">
     <span class='ocr_line' id='line_1_65' title="bbox 377 3333 2016 3406; baseline 0.002 -16"><span class='ocrx_word' id='word_1_472' title='bbox 377 3336 631 3406; x_wconf 85' lang='lat' dir='ltr'><strong>rhythmo</strong></span> <span class='ocrx_word' id='word_1_473' title='bbox 689 3333 927 3404; x_wconf 91' lang='lat' dir='ltr'><strong>quodam</strong></span> <span class='ocrx_word' id='word_1_474' title='bbox 968 3333 1217 3402; x_wconf 88' lang='lat' dir='ltr'><strong>praditis</strong></span> <span class='ocrx_word' id='word_1_475' title='bbox 1256 3339 1311 3388; x_wconf 90' lang='lat' dir='ltr'><strong>et</strong></span> <span class='ocrx_word' id='word_1_476' title='bbox 1347 3333 1492 3388; x_wconf 91' lang='lat' dir='ltr'><strong>haud</strong></span> <span class='ocrx_word' id='word_1_477' title='bbox 1532 3348 1656 3389; x_wconf 91' lang='lat' dir='ltr'><strong>raro</strong></span> <span class='ocrx_word' id='word_1_478' title='bbox 1696 3336 1752 3390; x_wconf 93' lang='lat' dir='ltr'><strong>in</strong></span> <span class='ocrx_word' id='word_1_479' title='bbox 1795 3337 2016 3393; x_wconf 91' lang='lat' dir='ltr'><strong>eosdem</strong></span> 
     </span>
    </p>
   </div>
   <div class='ocr_carea' id='block_1_66' title="bbox 373 3422 2019 3495">
    <p class='ocr_par' dir='ltr' id='par_1_66' title="bbox 373 3422 2019 3495">
     <span class='ocr_line' id='line_1_66' title="bbox 373 3422 2019 3495; baseline 0.001 -14"><span class='ocrx_word' id='word_1_480' title='bbox 373 3439 542 3481; x_wconf 89' lang='lat' dir='ltr'><strong>sonos</strong></span> <span class='ocrx_word' id='word_1_481' title='bbox 579 3423 926 3488; x_wconf 88' lang='lat' dir='ltr'><strong>exeuntibus,</strong></span> <span class='ocrx_word' id='word_1_482' title='bbox 969 3427 1024 3476; x_wconf 92' lang='lat' dir='ltr'><strong>et</strong></span> <span class='ocrx_word' id='word_1_483' title='bbox 1072 3422 1197 3477; x_wconf 87' lang='lat' dir='ltr'><strong>licet</strong></span> <span class='ocrx_word' id='word_1_484' title='bbox 1233 3422 1479 3478; x_wconf 88' lang='lat' dir='ltr'><strong>adversa</strong></span> <span class='ocrx_word' id='word_1_485' title='bbox 1510 3423 1682 3492; x_wconf 89' lang='lat' dir='ltr'><strong>partis</strong></span> <span class='ocrx_word' id='word_1_486' title='bbox 1731 3426 2019 3495; x_wconf 91' lang='lat' dir='ltr'><strong>scriptori-</strong></span> 
     </span>
    </p>
   </div>
   <div class='ocr_carea' id='block_1_67' title="bbox 370 3510 2016 3582">
    <p class='ocr_par' dir='ltr' id='par_1_67' title="bbox 370 3510 2016 3582">
     <span class='ocr_line' id='line_1_67' title="bbox 370 3510 2016 3582; baseline 0 -12"><span class='ocrx_word' id='word_1_487' title='bbox 370 3515 474 3570; x_wconf 91' lang='lat' dir='ltr'><strong>bus</strong></span> <span class='ocrx_word' id='word_1_488' title='bbox 556 3512 879 3568; x_wconf 83' lang='lat' dir='ltr'><strong>Ekkehardo</strong></span> <span class='ocrx_word' id='word_1_489' title='bbox 953 3510 1276 3582; x_wconf 88' lang='lat' dir='ltr'><strong>Uraugiensi</strong></span> <span class='ocrx_word' id='word_1_490' title='bbox 1338 3510 1447 3576; x_wconf 87' lang='grc'><strong>(15)</strong></span> <span class='ocrx_word' id='word_1_491' title='bbox 1510 3517 1565 3566; x_wconf 92' lang='lat' dir='ltr'><strong>et</strong></span> <span class='ocrx_word' id='word_1_492' title='bbox 1629 3511 1749 3568; x_wconf 90' lang='lat' dir='ltr'><strong>aliis</strong></span> <span class='ocrx_word' id='word_1_493' title='bbox 1795 3515 2016 3570; x_wconf 91' lang='lat' dir='ltr'><strong>minime</strong></span> 
     </span>
    </p>
   </div>
   <div class='ocr_carea' id='block_1_68' title="bbox 371 3601 2014 3674">
    <p class='ocr_par' dir='ltr' id='par_1_68' title="bbox 371 3601 2014 3674">
     <span class='ocr_line' id='line_1_68' title="bbox 371 3601 2014 3674; baseline 0.002 -17"><span class='ocrx_word' id='word_1_494' title='bbox 371 3603 589 3673; x_wconf 90' lang='lat' dir='ltr'><strong>placere</strong></span> <span class='ocrx_word' id='word_1_495' title='bbox 649 3601 910 3672; x_wconf 89' lang='lat' dir='ltr'><strong>potuerit,</strong></span> <span class='ocrx_word' id='word_1_496' title='bbox 962 3601 1106 3671; x_wconf 89' lang='lat' dir='ltr'><strong>apud</strong></span> <span class='ocrx_word' id='word_1_497' title='bbox 1148 3605 1401 3669; x_wconf 88' lang='lat' dir='ltr'><strong>posteros</strong></span> <span class='ocrx_word' id='word_1_498' title='bbox 1449 3606 1625 3656; x_wconf 89' lang='lat' dir='ltr'><strong>tamen</strong></span> <span class='ocrx_word' id='word_1_499' title='bbox 1668 3603 1811 3658; x_wconf 90' lang='lat' dir='ltr'><strong>haud</strong></span> <span class='ocrx_word' id='word_1_500' title='bbox 1852 3618 2014 3674; x_wconf 89' lang='lat' dir='ltr'><strong>parva</strong></span> 
     </span>
    </p>
   </div>
   <div class='ocr_carea' id='block_1_69' title="bbox 372 3687 2015 3763">
    <p class='ocr_par' dir='ltr' id='par_1_69' title="bbox 372 3687 2015 3763">
     <span class='ocr_line' id='line_1_69' title="bbox 372 3687 2015 3763; baseline 0.001 -15"><span class='ocrx_word' id='word_1_501' title='bbox 372 3693 702 3748; x_wconf 89' lang='lat' dir='ltr'><strong>auctoritate</strong></span> <span class='ocrx_word' id='word_1_502' title='bbox 757 3690 973 3760; x_wconf 87' lang='lat' dir='ltr'><strong>gavisus</strong></span> <span class='ocrx_word' id='word_1_503' title='bbox 1010 3703 1131 3744; x_wconf 91' lang='lat' dir='ltr'><strong>esse</strong></span> <span class='ocrx_word' id='word_1_504' title='bbox 1177 3687 1413 3754; x_wconf 90' lang='lat' dir='ltr'><strong>videtur,</strong></span> <span class='ocrx_word' id='word_1_505' title='bbox 1447 3703 1570 3744; x_wconf 91' lang='lat' dir='ltr'><strong>cum</strong></span> <span class='ocrx_word' id='word_1_506' title='bbox 1628 3691 1858 3747; x_wconf 88' lang='lat' dir='ltr'><strong>maxima</strong></span> <span class='ocrx_word' id='word_1_507' title='bbox 1895 3695 2015 3763; x_wconf 91' lang='lat' dir='ltr'><strong>ejus</strong></span> 
     </span>
    </p>
   </div>
   <div class='ocr_carea' id='block_1_70' title="bbox 372 3777 2014 3850">
    <p class='ocr_par' dir='ltr' id='par_1_70' title="bbox 372 3777 2014 3850">
     <span class='ocr_line' id='line_1_70' title="bbox 372 3777 2014 3850; baseline 0.001 -16"><span class='ocrx_word' id='word_1_508' title='bbox 372 3795 500 3850; x_wconf 89' lang='lat' dir='ltr'><strong>pars</strong></span> <span class='ocrx_word' id='word_1_509' title='bbox 554 3778 759 3835; x_wconf 89' lang='lat' dir='ltr'><strong>saculo</strong></span> <span class='ocrx_word' id='word_1_510' title='bbox 816 3791 896 3832; x_wconf 86' lang='lat' dir='ltr'><strong>x11</strong></span> <span class='ocrx_word' id='word_1_511' title='bbox 952 3782 1185 3832; x_wconf 85' lang='lat' dir='ltr'><strong>exeunte</strong></span> <span class='ocrx_word' id='word_1_512' title='bbox 1237 3777 1306 3830; x_wconf 91' lang='lat' dir='ltr'><strong>ab</strong></span> <span class='ocrx_word' id='word_1_513' title='bbox 1362 3777 1628 3832; x_wconf 90' lang='lat' dir='ltr'><strong>annalista</strong></span> <span class='ocrx_word' id='word_1_514' title='bbox 1668 3781 1900 3848; x_wconf 90' lang='lat' dir='ltr'><strong>Saxone,</strong></span> <span class='ocrx_word' id='word_1_515' title='bbox 1959 3787 2014 3836; x_wconf 92' lang='lat' dir='ltr'><strong>et</strong></span> 
     </span>
    </p>
   </div>
   <div class='ocr_carea' id='block_1_71' title="bbox 372 3866 2015 3941">
    <p class='ocr_par' dir='ltr' id='par_1_71' title="bbox 372 3866 2015 3941">
     <span class='ocr_line' id='line_1_71' title="bbox 372 3866 2015 3941; baseline 0 -16"><span class='ocrx_word' id='word_1_516' title='bbox 372 3869 577 3924; x_wconf 85' lang='lat' dir='ltr'><strong>saculo</strong></span> <span class='ocrx_word' id='word_1_517' title='bbox 624 3883 714 3923; x_wconf 76' lang='lat' dir='ltr'><strong>xvi</strong></span> <span class='ocrx_word' id='word_1_518' title='bbox 771 3867 994 3921; x_wconf 88' lang='lat' dir='ltr'><strong>ineunte</strong></span> <span class='ocrx_word' id='word_1_519' title='bbox 1024 3867 1092 3920; x_wconf 91' lang='lat' dir='ltr'><strong>ab</strong></span> <span class='ocrx_word' id='word_1_520' title='bbox 1140 3872 1365 3922; x_wconf 90' lang='lat' dir='ltr'><strong>auctore</strong></span> <span class='ocrx_word' id='word_1_521' title='bbox 1405 3866 1662 3922; x_wconf 91' lang='lat' dir='ltr'><strong>Chronici</strong></span> <span class='ocrx_word' id='word_1_522' title='bbox 1693 3869 2015 3941; x_wconf 88' lang='lat' dir='ltr'><strong>Magdebur—</strong></span> 
     </span>
    </p>
   </div>
   <div class='ocr_carea' id='block_1_72' title="bbox 371 3954 2014 4029">
    <p class='ocr_par' dir='ltr' id='par_1_72' title="bbox 371 3954 2014 4029">
     <span class='ocr_line' id='line_1_72' title="bbox 371 3954 2014 4029; baseline 0.002 -17"><span class='ocrx_word' id='word_1_523' title='bbox 371 3957 558 4029; x_wconf 84' lang='lat' dir='ltr'><strong>gensis</strong></span> <span class='ocrx_word' id='word_1_524' title='bbox 587 3956 915 4024; x_wconf 90' lang='lat' dir='ltr'><strong>transcripta</strong></span> <span class='ocrx_word' id='word_1_525' title='bbox 954 3954 1044 4008; x_wconf 90' lang='lat' dir='ltr'><strong>sit.</strong></span> <span class='ocrx_word' id='word_1_526' title='bbox 1085 3954 1191 4009; x_wconf 90' lang='lat' dir='ltr'><strong>Sed</strong></span> <span class='ocrx_word' id='word_1_527' title='bbox 1223 3969 1364 4010; x_wconf 90' lang='lat' dir='ltr'><strong>unus</strong></span> <span class='ocrx_word' id='word_1_528' title='bbox 1399 3959 1608 4012; x_wconf 89' lang='lat' dir='ltr'><strong>tantum</strong></span> <span class='ocrx_word' id='word_1_529' title='bbox 1665 3956 1791 4012; x_wconf 89' lang='lat' dir='ltr'><strong>libri</strong></span> <span class='ocrx_word' id='word_1_530' title='bbox 1837 3959 2014 4014; x_wconf 89' lang='lat' dir='ltr'><strong>codex</strong></span> 
     </span>
    </p>
   </div>
   <div class='ocr_carea' id='block_1_73' title="bbox 284 4043 2012 4118">
    <p class='ocr_par' dir='ltr' id='par_1_73' title="bbox 284 4043 2012 4118">
     <span class='ocr_line' id='line_1_73' title="bbox 284 4043 2012 4118; baseline 0.001 -17"><span class='ocrx_word' id='word_1_531' title='bbox 284 4099 296 4118; x_wconf 64' lang='grc'><strong>,</strong></span> <span class='ocrx_word' id='word_1_532' title='bbox 373 4051 569 4112; x_wconf 90' lang='lat' dir='ltr'><strong>exstat,</strong></span> <span class='ocrx_word' id='word_1_533' title='bbox 637 4046 694 4100; x_wconf 92' lang='lat' dir='ltr'><strong>in</strong></span> <span class='ocrx_word' id='word_1_534' title='bbox 768 4043 1100 4099; x_wconf 89' lang='lat' dir='ltr'><strong>monasterio</strong></span> <span class='ocrx_word' id='word_1_535' title='bbox 1166 4044 1378 4099; x_wconf 90' lang='lat' dir='ltr'><strong>Veteris</strong></span> <span class='ocrx_word' id='word_1_536' title='bbox 1442 4045 1607 4101; x_wconf 87' lang='lat' dir='ltr'><strong>Cella</strong></span> <span class='ocrx_word' id='word_1_537' title='bbox 1672 4048 1876 4104; x_wconf 85' lang='lat' dir='ltr'><strong>saculo</strong></span> <span class='ocrx_word' id='word_1_538' title='bbox 1941 4064 2012 4104; x_wconf 86' lang='lat' dir='ltr'><strong>xv</strong></span> 
     </span>
    </p>
   </div>
   <div class='ocr_carea' id='block_1_74' title="bbox 374 4132 2014 4204">
    <p class='ocr_par' dir='ltr' id='par_1_74' title="bbox 374 4132 2014 4204">
     <span class='ocr_line' id='line_1_74' title="bbox 374 4132 2014 4204; baseline 0.001 -13"><span class='ocrx_word' id='word_1_539' title='bbox 374 4142 607 4191; x_wconf 86' lang='lat' dir='ltr'><strong>exeunte</strong></span> <span class='ocrx_word' id='word_1_540' title='bbox 649 4139 920 4199; x_wconf 86' lang='lat' dir='ltr'><strong>exaratus,</strong></span> <span class='ocrx_word' id='word_1_541' title='bbox 973 4132 1118 4188; x_wconf 89' lang='lat' dir='ltr'><strong>unde</strong></span> <span class='ocrx_word' id='word_1_542' title='bbox 1149 4132 1422 4189; x_wconf 85' lang='lat' dir='ltr'><strong>editiones</strong></span> <span class='ocrx_word' id='word_1_543' title='bbox 1472 4134 1821 4204; x_wconf 89' lang='lat' dir='ltr'><strong>Freheriana,</strong></span> <span class='ocrx_word' id='word_1_544' title='bbox 1864 4138 2014 4193; x_wconf 88' lang='lat' dir='ltr'><strong>Stru-</strong></span> 
     </span>
    </p>
   </div>
   <div class='ocr_carea' id='block_1_75' title="bbox 371 4222 1671 4281">
    <p class='ocr_par' dir='ltr' id='par_1_75' title="bbox 371 4222 1671 4281">
     <span class='ocr_line' id='line_1_75' title="bbox 371 4222 1671 4281; baseline -0.003 -1"><span class='ocrx_word' id='word_1_545' title='bbox 371 4225 528 4281; x_wconf 90' lang='lat' dir='ltr'><strong>viana</strong></span> <span class='ocrx_word' id='word_1_546' title='bbox 558 4228 613 4280; x_wconf 92' lang='lat' dir='ltr'><strong>et</strong></span> <span class='ocrx_word' id='word_1_547' title='bbox 650 4229 838 4279; x_wconf 89' lang='lat' dir='ltr'><strong>nostra</strong></span> <span class='ocrx_word' id='word_1_548' title='bbox 869 4223 1161 4276; x_wconf 79' lang='lat' dir='ltr'><strong>fluxerunt.</strong></span> <span class='ocrx_word' id='word_1_549' title='bbox 1194 4223 1453 4278; x_wconf 91' lang='lat' dir='ltr'><strong>Servatur</strong></span> <span class='ocrx_word' id='word_1_550' title='bbox 1483 4222 1671 4278; x_wconf 91' lang='lat' dir='ltr'><strong>hodie.</strong></span> 
     </span>
    </p>
   </div>
   <div class='ocr_carea' id='block_1_76' title="bbox 446 4313 2011 4388">
    <p class='ocr_par' dir='ltr' id='par_1_76' title="bbox 446 4313 2011 4388">
     <span class='ocr_line' id='line_1_76' title="bbox 446 4313 2011 4388; baseline 0.003 -19"><span class='ocrx_word' id='word_1_551' title='bbox 446 4317 519 4388; x_wconf 94' lang='lat'><strong>1.)</strong></span> <span class='ocrx_word' id='word_1_552' title='bbox 568 4317 628 4371; x_wconf 93' lang='lat' dir='ltr'><strong>In</strong></span> <span class='ocrx_word' id='word_1_553' title='bbox 686 4313 1022 4369; x_wconf 90' lang='lat' dir='ltr'><strong>bibliotheca</strong></span> <span class='ocrx_word' id='word_1_554' title='bbox 1070 4313 1440 4367; x_wconf 86' lang='lat' dir='ltr'><strong>universitatis</strong></span> <span class='ocrx_word' id='word_1_555' title='bbox 1487 4313 1653 4384; x_wconf 86' lang='lat' dir='ltr'><strong>regia</strong></span> <span class='ocrx_word' id='word_1_556' title='bbox 1711 4315 2011 4384; x_wconf 85' lang='lat' dir='ltr'><strong>Lipsiensis</strong></span> 
     </span>
    </p>
   </div>
   <div class='ocr_carea' id='block_1_77' title="bbox 2173 3159 3756 3229">
    <p class='ocr_par' dir='ltr' id='par_1_77' title="bbox 2173 3159 3756 3229">
     <span class='ocr_line' id='line_1_77' title="bbox 2173 3159 3756 3229; baseline 0.003 -16"><span class='ocrx_word' id='word_1_557' title='bbox 2173 3159 2248 3228; x_wconf 87' lang='lat'><strong>2.)</strong></span> <span class='ocrx_word' id='word_1_558' title='bbox 2295 3159 2594 3214; x_wconf 84' lang='lat' dir='ltr'><strong>Annalista</strong></span> <span class='ocrx_word' id='word_1_559' title='bbox 2641 3159 2871 3215; x_wconf 87' lang='lat' dir='ltr'><strong>Saxonis</strong></span> <span class='ocrx_word' id='word_1_560' title='bbox 2916 3160 2994 3215; x_wconf 91' lang='lat' dir='ltr'><strong>uti</strong></span> <span class='ocrx_word' id='word_1_561' title='bbox 3043 3159 3193 3216; x_wconf 90' lang='lat' dir='ltr'><strong>licet.</strong></span> <span class='ocrx_word' id='word_1_562' title='bbox 3246 3163 3348 3229; x_wconf 89' lang='lat' dir='ltr'><strong>Qui</strong></span> <span class='ocrx_word' id='word_1_563' title='bbox 3393 3163 3756 3218; x_wconf 85' lang='lat' dir='ltr'><strong>annis1067-</strong></span> 
     </span>
    </p>
   </div>
   <div class='ocr_carea' id='block_1_78' title="bbox 2109 3247 3752 3321">
    <p class='ocr_par' dir='ltr' id='par_1_78' title="bbox 2109 3247 3752 3321">
     <span class='ocr_line' id='line_1_78' title="bbox 2109 3247 3752 3321; baseline 0.004 -20"><span class='ocrx_word' id='word_1_564' title='bbox 2109 3247 2243 3302; x_wconf 87' lang='lat'><strong>1082</strong></span> <span class='ocrx_word' id='word_1_565' title='bbox 2286 3247 2518 3318; x_wconf 90' lang='lat' dir='ltr'><strong>plurima</strong></span> <span class='ocrx_word' id='word_1_566' title='bbox 2557 3263 2624 3304; x_wconf 90' lang='lat' dir='ltr'><strong>ex</strong></span> <span class='ocrx_word' id='word_1_567' title='bbox 2670 3249 2942 3304; x_wconf 90' lang='lat' dir='ltr'><strong>Brunonis</strong></span> <span class='ocrx_word' id='word_1_568' title='bbox 2985 3250 3257 3320; x_wconf 91' lang='lat' dir='ltr'><strong>capitibus</strong></span> <span class='ocrx_word' id='word_1_569' title='bbox 3292 3251 3339 3317; x_wconf 95' lang='lat'><strong>1,</strong></span> <span class='ocrx_word' id='word_1_570' title='bbox 3379 3251 3434 3319; x_wconf 88' lang='lat'><strong>5,</strong></span> <span class='ocrx_word' id='word_1_571' title='bbox 3482 3252 3565 3319; x_wconf 92' lang='lat'><strong>16,</strong></span> <span class='ocrx_word' id='word_1_572' title='bbox 3597 3252 3752 3321; x_wconf 84' lang='lat'><strong>2-15,</strong></span> 
     </span>
    </p>
   </div>
   <div class='ocr_carea' id='block_1_79' title="bbox 2107 3336 3753 3412">
    <p class='ocr_par' dir='ltr' id='par_1_79' title="bbox 2107 3336 3753 3412">
     <span class='ocr_line' id='line_1_79' title="bbox 2107 3336 3753 3412; baseline 0.004 -22"><span class='ocrx_word' id='word_1_573' title='bbox 2107 3336 2282 3405; x_wconf 77' lang='lat'><strong>17-31,</strong></span> <span class='ocrx_word' id='word_1_574' title='bbox 2313 3336 2403 3404; x_wconf 91' lang='lat'><strong>32,</strong></span> <span class='ocrx_word' id='word_1_575' title='bbox 2445 3337 2537 3404; x_wconf 92' lang='lat'><strong>31,</strong></span> <span class='ocrx_word' id='word_1_576' title='bbox 2587 3337 2772 3405; x_wconf 55' lang='lat'><strong>33417,</strong></span> <span class='ocrx_word' id='word_1_577' title='bbox 2823 3338 2913 3405; x_wconf 92' lang='lat'><strong>52,</strong></span> <span class='ocrx_word' id='word_1_578' title='bbox 2953 3337 3137 3405; x_wconf 80' lang='lat'><strong>47-51,</strong></span> <span class='ocrx_word' id='word_1_579' title='bbox 3178 3338 3360 3406; x_wconf 89' lang='lat'><strong>53-56,</strong></span> <span class='ocrx_word' id='word_1_580' title='bbox 3403 3339 3493 3405; x_wconf 91' lang='lat'><strong>64,</strong></span> <span class='ocrx_word' id='word_1_581' title='bbox 3533 3341 3626 3408; x_wconf 91' lang='lat'><strong>57,</strong></span> <span class='ocrx_word' id='word_1_582' title='bbox 3651 3341 3753 3412; x_wconf 88' lang='lat'><strong>58,</strong></span> 
     </span>
    </p>
   </div>
   <div class='ocr_carea' id='block_1_80' title="bbox 2099 3424 3752 3499">
    <p class='ocr_par' dir='ltr' id='par_1_80' title="bbox 2099 3424 3752 3499">
     <span class='ocr_line' id='line_1_80' title="bbox 2099 3424 3752 3499; baseline 0.002 -19"><span class='ocrx_word' id='word_1_583' title='bbox 2099 3425 2282 3493; x_wconf 91' lang='lat'><strong>60-63,</strong></span> <span class='ocrx_word' id='word_1_584' title='bbox 2331 3424 2510 3492; x_wconf 86' lang='lat'><strong>65-68,</strong></span> <span class='ocrx_word' id='word_1_585' title='bbox 2560 3425 2745 3492; x_wconf 75' lang='lat'><strong>70.74,</strong></span> <span class='ocrx_word' id='word_1_586' title='bbox 2794 3425 2973 3492; x_wconf 83' lang='lat'><strong>82-88,</strong></span> <span class='ocrx_word' id='word_1_587' title='bbox 3022 3425 3113 3494; x_wconf 89' lang='lat'><strong>75,</strong></span> <span class='ocrx_word' id='word_1_588' title='bbox 3161 3426 3252 3493; x_wconf 81' lang='lat'><strong>74,</strong></span> <span class='ocrx_word' id='word_1_589' title='bbox 3295 3427 3481 3495; x_wconf 90' lang='lat'><strong>76-78,</strong></span> <span class='ocrx_word' id='word_1_590' title='bbox 3521 3429 3614 3497; x_wconf 92' lang='grc'><strong>80,</strong></span> <span class='ocrx_word' id='word_1_591' title='bbox 3652 3431 3752 3499; x_wconf 87' lang='lat'><strong>79,</strong></span> 
     </span>
    </p>
   </div>
   <div class='ocr_carea' id='block_1_81' title="bbox 2099 3513 3751 3585">
    <p class='ocr_par' dir='ltr' id='par_1_81' title="bbox 2099 3513 3751 3585">
     <span class='ocr_line' id='line_1_81' title="bbox 2099 3513 3751 3585; baseline 0.004 -19"><span class='ocrx_word' id='word_1_592' title='bbox 2099 3513 2188 3581; x_wconf 90' lang='lat'><strong>81,</strong></span> <span class='ocrx_word' id='word_1_593' title='bbox 2239 3513 2432 3581; x_wconf 90' lang='lat'><strong>89-97,</strong></span> <span class='ocrx_word' id='word_1_594' title='bbox 2486 3513 2706 3581; x_wconf 84' lang='lat'><strong>99-101,</strong></span> <span class='ocrx_word' id='word_1_595' title='bbox 2753 3513 2844 3579; x_wconf 85' lang='lat'><strong>96,</strong></span> <span class='ocrx_word' id='word_1_596' title='bbox 2902 3514 3146 3582; x_wconf 87' lang='lat'><strong>101-103,</strong></span> <span class='ocrx_word' id='word_1_597' title='bbox 3203 3514 3292 3582; x_wconf 90' lang='lat'><strong>76,</strong></span> <span class='ocrx_word' id='word_1_598' title='bbox 3351 3516 3441 3584; x_wconf 92' lang='lat'><strong>77,</strong></span> <span class='ocrx_word' id='word_1_599' title='bbox 3493 3515 3751 3585; x_wconf 85' lang='lat'><strong>104-116,</strong></span> 
     </span>
    </p>
   </div>
   <div class='ocr_carea' id='block_1_82' title="bbox 2096 3601 3751 3676">
    <p class='ocr_par' dir='ltr' id='par_1_82' title="bbox 2096 3601 3751 3676">
     <span class='ocr_line' id='line_1_82' title="bbox 2096 3601 3751 3676; baseline 0.004 -20"><span class='ocrx_word' id='word_1_600' title='bbox 2096 3603 2204 3670; x_wconf 91' lang='lat'><strong>98,</strong></span> <span class='ocrx_word' id='word_1_601' title='bbox 2271 3602 2537 3670; x_wconf 87' lang='lat'><strong>117-123,</strong></span> <span class='ocrx_word' id='word_1_602' title='bbox 2611 3601 2738 3669; x_wconf 84' lang='lat'><strong>122,</strong></span> <span class='ocrx_word' id='word_1_603' title='bbox 2813 3601 3034 3657; x_wconf 87' lang='lat'><strong>123-131</strong></span> <span class='ocrx_word' id='word_1_604' title='bbox 3107 3604 3406 3660; x_wconf 88' lang='lat' dir='ltr'><strong>narrationi</strong></span> <span class='ocrx_word' id='word_1_605' title='bbox 3472 3606 3751 3676; x_wconf 88' lang='lat' dir='ltr'><strong>inserens,</strong></span> 
     </span>
    </p>
   </div>
   <div class='ocr_carea' id='block_1_83' title="bbox 2098 3691 3750 3760">
    <p class='ocr_par' dir='ltr' id='par_1_83' title="bbox 2098 3691 3750 3760">
     <span class='ocr_line' id='line_1_83' title="bbox 2098 3691 3750 3760; baseline 0.001 -12"><span class='ocrx_word' id='word_1_606' title='bbox 2098 3692 2308 3748; x_wconf 90' lang='lat' dir='ltr'><strong>codicis</strong></span> <span class='ocrx_word' id='word_1_607' title='bbox 2356 3691 2544 3748; x_wconf 89' lang='lat' dir='ltr'><strong>saculi</strong></span> <span class='ocrx_word' id='word_1_608' title='bbox 2593 3707 2646 3745; x_wconf 87' lang='lat' dir='ltr'><strong>x1</strong></span> <span class='ocrx_word' id='word_1_609' title='bbox 2698 3695 2792 3746; x_wconf 90' lang='lat' dir='ltr'><strong>aut</strong></span> <span class='ocrx_word' id='word_1_610' title='bbox 2829 3705 2925 3758; x_wconf 87' lang='lat' dir='ltr'><strong>x11,</strong></span> <span class='ocrx_word' id='word_1_611' title='bbox 2975 3705 3085 3760; x_wconf 91' lang='lat' dir='ltr'><strong>quo</strong></span> <span class='ocrx_word' id='word_1_612' title='bbox 3133 3706 3265 3746; x_wconf 89' lang='lat' dir='ltr'><strong>usus</strong></span> <span class='ocrx_word' id='word_1_613' title='bbox 3303 3697 3406 3758; x_wconf 89' lang='lat' dir='ltr'><strong>est,</strong></span> <span class='ocrx_word' id='word_1_614' title='bbox 3447 3692 3750 3750; x_wconf 89' lang='lat' dir='ltr'><strong>lectionem</strong></span> 
     </span>
    </p>
   </div>
   <div class='ocr_carea' id='block_1_84' title="bbox 2097 3780 3753 3854">
    <p class='ocr_par' dir='ltr' id='par_1_84' title="bbox 2097 3780 3753 3854">
     <span class='ocr_line' id='line_1_84' title="bbox 2097 3780 3753 3854; baseline 0.001 -18"><span class='ocrx_word' id='word_1_615' title='bbox 2097 3781 2241 3837; x_wconf 90' lang='lat' dir='ltr'><strong>haud</strong></span> <span class='ocrx_word' id='word_1_616' title='bbox 2291 3795 2414 3836; x_wconf 90' lang='lat' dir='ltr'><strong>raro</strong></span> <span class='ocrx_word' id='word_1_617' title='bbox 2449 3780 2736 3850; x_wconf 86' lang='lat' dir='ltr'><strong>optimam,</strong></span> <span class='ocrx_word' id='word_1_618' title='bbox 2779 3793 2882 3834; x_wconf 89' lang='lat' dir='ltr'><strong>nec</strong></span> <span class='ocrx_word' id='word_1_619' title='bbox 2930 3793 3040 3835; x_wconf 91' lang='lat' dir='ltr'><strong>non</strong></span> <span class='ocrx_word' id='word_1_620' title='bbox 3088 3786 3145 3836; x_wconf 91' lang='lat' dir='ltr'><strong>et</strong></span> <span class='ocrx_word' id='word_1_621' title='bbox 3192 3781 3496 3837; x_wconf 88' lang='lat' dir='ltr'><strong>sententias</strong></span> <span class='ocrx_word' id='word_1_622' title='bbox 3532 3783 3753 3854; x_wconf 90' lang='lat' dir='ltr'><strong>aliquas</strong></span> 
     </span>
    </p>
   </div>
   <div class='ocr_carea' id='block_1_85' title="bbox 2095 3867 3747 3941">
    <p class='ocr_par' dir='ltr' id='par_1_85' title="bbox 2095 3867 3747 3941">
     <span class='ocr_line' id='line_1_85' title="bbox 2095 3867 3747 3941; baseline 0.001 -15"><span class='ocrx_word' id='word_1_623' title='bbox 2095 3886 2219 3941; x_wconf 90' lang='lat' dir='ltr'><strong>qua</strong></span> <span class='ocrx_word' id='word_1_624' title='bbox 2251 3871 2305 3925; x_wconf 91' lang='lat' dir='ltr'><strong>in</strong></span> <span class='ocrx_word' id='word_1_625' title='bbox 2337 3869 2624 3926; x_wconf 89' lang='lat' dir='ltr'><strong>codicibus</strong></span> <span class='ocrx_word' id='word_1_626' title='bbox 2657 3867 2676 3920; x_wconf 95' lang='lat'><strong>1</strong></span> <span class='ocrx_word' id='word_1_627' title='bbox 2714 3868 2816 3923; x_wconf 88' lang='lat' dir='ltr'><strong>etl</strong></span> <span class='ocrx_word' id='word_1_628' title='bbox 2850 3868 2906 3923; x_wconf 90' lang='lat' dir='ltr'><strong>b.</strong></span> <span class='ocrx_word' id='word_1_629' title='bbox 2947 3869 3221 3924; x_wconf 91' lang='lat' dir='ltr'><strong>communi</strong></span> <span class='ocrx_word' id='word_1_630' title='bbox 3252 3868 3362 3925; x_wconf 92' lang='lat' dir='ltr'><strong>fato</strong></span> <span class='ocrx_word' id='word_1_631' title='bbox 3393 3870 3747 3941; x_wconf 86' lang='lat' dir='ltr'><strong>exciderunt,</strong></span> 
     </span>
    </p>
   </div>
   <div class='ocr_carea' id='block_1_86' title="bbox 2095 3958 3746 4031">
    <p class='ocr_par' dir='ltr' id='par_1_86' title="bbox 2095 3958 3746 4031">
     <span class='ocr_line' id='line_1_86' title="bbox 2095 3958 3746 4031; baseline 0.001 -15"><span class='ocrx_word' id='word_1_632' title='bbox 2095 3961 2346 4016; x_wconf 90' lang='lat' dir='ltr'><strong>servavit.</strong></span> <span class='ocrx_word' id='word_1_633' title='bbox 2406 3961 2642 4026; x_wconf 89' lang='lat' dir='ltr'><strong>Quarum</strong></span> <span class='ocrx_word' id='word_1_634' title='bbox 2709 3962 2887 4012; x_wconf 87' lang='lat' dir='ltr'><strong>tamen</strong></span> <span class='ocrx_word' id='word_1_635' title='bbox 2943 3958 3162 4013; x_wconf 90' lang='lat' dir='ltr'><strong>nonnisi</strong></span> <span class='ocrx_word' id='word_1_636' title='bbox 3221 3973 3313 4014; x_wconf 89' lang='lat' dir='ltr'><strong>eas</strong></span> <span class='ocrx_word' id='word_1_637' title='bbox 3368 3974 3505 4029; x_wconf 87' lang='lat' dir='ltr'><strong>quas</strong></span> <span class='ocrx_word' id='word_1_638' title='bbox 3550 3967 3746 4031; x_wconf 83' lang='lat' dir='ltr'><strong>aperte</strong></span> 
     </span>
    </p>
   </div>
   <div class='ocr_carea' id='block_1_87' title="bbox 2095 4046 3747 4118">
    <p class='ocr_par' dir='ltr' id='par_1_87' title="bbox 2095 4046 3747 4118">
     <span class='ocr_line' id='line_1_87' title="bbox 2095 4046 3747 4118; baseline 0 -12"><span class='ocrx_word' id='word_1_639' title='bbox 2095 4064 2289 4106; x_wconf 92' lang='lat' dir='ltr'><strong>sensus</strong></span> <span class='ocrx_word' id='word_1_640' title='bbox 2317 4047 2654 4118; x_wconf 90' lang='lat' dir='ltr'><strong>requirebat,</strong></span> <span class='ocrx_word' id='word_1_641' title='bbox 2695 4061 2895 4116; x_wconf 89' lang='lat' dir='ltr'><strong>quasve</strong></span> <span class='ocrx_word' id='word_1_642' title='bbox 2943 4046 3164 4102; x_wconf 90' lang='lat' dir='ltr'><strong>minime</strong></span> <span class='ocrx_word' id='word_1_643' title='bbox 3209 4061 3274 4102; x_wconf 88' lang='lat' dir='ltr'><strong>ex</strong></span> <span class='ocrx_word' id='word_1_644' title='bbox 3303 4048 3426 4104; x_wconf 90' lang='lat' dir='ltr'><strong>aliis</strong></span> <span class='ocrx_word' id='word_1_645' title='bbox 3454 4049 3747 4106; x_wconf 81' lang='lat' dir='ltr'><strong>annalista</strong></span> 
     </span>
    </p>
   </div>
   <div class='ocr_carea' id='block_1_88' title="bbox 2094 4137 3750 4212">
    <p class='ocr_par' dir='ltr' id='par_1_88' title="bbox 2094 4137 3750 4212">
     <span class='ocr_line' id='line_1_88' title="bbox 2094 4137 3750 4212; baseline 0.001 -16"><span class='ocrx_word' id='word_1_646' title='bbox 2094 4141 2365 4207; x_wconf 91' lang='lat' dir='ltr'><strong>fontibus,</strong></span> <span class='ocrx_word' id='word_1_647' title='bbox 2435 4137 2757 4194; x_wconf 81' lang='lat' dir='ltr'><strong>Ekkehardo</strong></span> <span class='ocrx_word' id='word_1_648' title='bbox 2823 4139 3099 4208; x_wconf 86' lang='lat' dir='ltr'><strong>pracipue</strong></span> <span class='ocrx_word' id='word_1_649' title='bbox 3164 4140 3517 4210; x_wconf 82' lang='lat' dir='ltr'><strong>Uraugiensi,</strong></span> <span class='ocrx_word' id='word_1_650' title='bbox 3586 4145 3750 4212; x_wconf 90' lang='lat' dir='ltr'><strong>cujus</strong></span> 
     </span>
    </p>
   </div>
   <div class='ocr_carea' id='block_1_89' title="bbox 2095 4227 3749 4301">
    <p class='ocr_par' dir='ltr' id='par_1_89' title="bbox 2095 4227 3749 4301">
     <span class='ocr_line' id='line_1_89' title="bbox 2095 4227 3749 4301; baseline 0 -15"><span class='ocrx_word' id='word_1_651' title='bbox 2095 4245 2266 4301; x_wconf 90' lang='lat' dir='ltr'><strong>pauca</strong></span> <span class='ocrx_word' id='word_1_652' title='bbox 2323 4242 2712 4298; x_wconf 90' lang='lat' dir='ltr'><strong>nonnunquam</strong></span> <span class='ocrx_word' id='word_1_653' title='bbox 2760 4228 2924 4283; x_wconf 91' lang='lat' dir='ltr'><strong>verba</strong></span> <span class='ocrx_word' id='word_1_654' title='bbox 2981 4228 3150 4283; x_wconf 86' lang='lat' dir='ltr'><strong>textui</strong></span> <span class='ocrx_word' id='word_1_655' title='bbox 3203 4227 3408 4295; x_wconf 89' lang='lat' dir='ltr'><strong>infert,</strong></span> <span class='ocrx_word' id='word_1_656' title='bbox 3470 4229 3749 4286; x_wconf 88' lang='lat' dir='ltr'><strong>derivatas</strong></span> 
     </span>
    </p>
   </div>
   <div class='ocr_carea' id='block_1_90' title="bbox 2094 4316 3748 4385">
    <p class='ocr_par' dir='ltr' id='par_1_90' title="bbox 2094 4316 3748 4385">
     <span class='ocr_line' id='line_1_90' title="bbox 2094 4316 3748 4385; baseline -0.002 -7"><span class='ocrx_word' id='word_1_657' title='bbox 2094 4320 2400 4385; x_wconf 88' lang='lat' dir='ltr'><strong>constabat,</strong></span> <span class='ocrx_word' id='word_1_658' title='bbox 2453 4318 2507 4372; x_wconf 91' lang='lat' dir='ltr'><strong>in</strong></span> <span class='ocrx_word' id='word_1_659' title='bbox 2558 4321 2707 4372; x_wconf 90' lang='lat' dir='ltr'><strong>textu</strong></span> <span class='ocrx_word' id='word_1_660' title='bbox 2757 4316 2963 4385; x_wconf 89' lang='lat' dir='ltr'><strong>recepi.</strong></span> <span class='ocrx_word' id='word_1_661' title='bbox 3004 4318 3144 4371; x_wconf 93' lang='lat' dir='ltr'><strong>Usus</strong></span> <span class='ocrx_word' id='word_1_662' title='bbox 3187 4331 3307 4372; x_wconf 89' lang='lat' dir='ltr'><strong>sum</strong></span> <span class='ocrx_word' id='word_1_663' title='bbox 3348 4318 3538 4373; x_wconf 89' lang='lat' dir='ltr'><strong>codice</strong></span> <span class='ocrx_word' id='word_1_664' title='bbox 3579 4333 3748 4375; x_wconf 86' lang='lat' dir='ltr'><strong>anna-</strong></span> 
     </span>
    </p>
   </div>
   <div class='ocr_carea' id='block_1_91' title="bbox 366 4379 3744 4480">
    <p class='ocr_par' dir='ltr' id='par_1_91' title="bbox 366 4379 3744 4480">
     <span class='ocr_line' id='line_1_91' title="bbox 366 4379 3744 4480; baseline 0.001 -18"><span class='ocrx_word' id='word_1_665' title='bbox 366 4379 595 4462; x_wconf 80' lang='lat' dir='ltr'><strong>numero</strong></span> <span class='ocrx_word' id='word_1_666' title='bbox 647 4402 782 4456; x_wconf 85' lang='lat'><strong>1323</strong></span> <span class='ocrx_word' id='word_1_667' title='bbox 837 4401 1086 4472; x_wconf 89' lang='lat' dir='ltr'><strong>insignis,</strong></span> <span class='ocrx_word' id='word_1_668' title='bbox 1143 4401 1464 4456; x_wconf 89' lang='lat' dir='ltr'><strong>chartaceus</strong></span> <span class='ocrx_word' id='word_1_669' title='bbox 1528 4379 1585 4456; x_wconf 78' lang='lat' dir='ltr'><strong>in</strong></span> <span class='ocrx_word' id='word_1_670' title='bbox 1629 4379 1833 4458; x_wconf 79' lang='lat' dir='ltr'><strong>40-foll.</strong></span> <span class='ocrx_word' id='word_1_671' title='bbox 1881 4379 2236 4466; x_wconf 56' lang='grc' dir='ltr'>λεὶ-551³115199</span> <span class='ocrx_word' id='word_1_672' title='bbox 2301 4379 2640 4472; x_wconf 77' lang='lat' dir='ltr'><strong>authentico,</strong></span> <span class='ocrx_word' id='word_1_673' title='bbox 2711 4404 2857 4460; x_wconf 89' lang='lat' dir='ltr'><strong>inter</strong></span> <span class='ocrx_word' id='word_1_674' title='bbox 2887 4379 3089 4460; x_wconf 36' lang='lat' dir='ltr'><strong>Ilibros</strong></span> <span class='ocrx_word' id='word_1_675' title='bbox 3152 4405 3505 4463; x_wconf 88' lang='lat' dir='ltr'><strong>bibliotheca</strong></span> <span class='ocrx_word' id='word_1_676' title='bbox 3572 4411 3744 4480; x_wconf 84' lang='lat' dir='ltr'><strong>regia</strong></span> 
     </span>
    </p>
   </div>
   <div class='ocr_carea' id='block_1_92' title="bbox 367 4486 2009 4560">
    <p class='ocr_par' dir='ltr' id='par_1_92' title="bbox 367 4486 2009 4560">
     <span class='ocr_line' id='line_1_92' title="bbox 367 4486 2009 4560; baseline 0.001 -10"><span class='ocrx_word' id='word_1_677' title='bbox 367 4498 698 4560; x_wconf 90' lang='lat' dir='ltr'><strong>Brunonem,</strong></span> <span class='ocrx_word' id='word_1_678' title='bbox 747 4491 864 4547; x_wconf 87' lang='lat' dir='ltr'><strong>foll.</strong></span> <span class='ocrx_word' id='word_1_679' title='bbox 921 4486 1086 4544; x_wconf 82' lang='lat'><strong>55-66</strong></span> <span class='ocrx_word' id='word_1_680' title='bbox 1150 4489 1398 4559; x_wconf 88' lang='lat' dir='ltr'><strong>quadam</strong></span> <span class='ocrx_word' id='word_1_681' title='bbox 1459 4504 1526 4545; x_wconf 91' lang='lat' dir='ltr'><strong>ex</strong></span> <span class='ocrx_word' id='word_1_682' title='bbox 1579 4491 1790 4548; x_wconf 89' lang='lat' dir='ltr'><strong>Platina</strong></span> <span class='ocrx_word' id='word_1_683' title='bbox 1831 4499 2009 4552; x_wconf 86' lang='lat' dir='ltr'><strong>trans-</strong></span> 
     </span>
    </p>
   </div>
   <div class='ocr_carea' id='block_1_93' title="bbox 2090 4493 3747 4566">
    <p class='ocr_par' dir='ltr' id='par_1_93' title="bbox 2090 4493 3747 4566">
     <span class='ocr_line' id='line_1_93' title="bbox 2090 4493 3747 4566; baseline -0.001 -11"><span class='ocrx_word' id='word_1_684' title='bbox 2090 4497 2416 4555; x_wconf 89' lang='lat' dir='ltr'><strong>Parisiensis</strong></span> <span class='ocrx_word' id='word_1_685' title='bbox 2481 4510 2548 4552; x_wconf 91' lang='lat' dir='ltr'><strong>cx</strong></span> <span class='ocrx_word' id='word_1_686' title='bbox 2626 4493 2882 4550; x_wconf 64' lang='lat' dir='ltr'><strong>coenobio</strong></span> <span class='ocrx_word' id='word_1_687' title='bbox 2955 4495 3010 4548; x_wconf 93' lang='lat' dir='ltr'><strong>S.</strong></span> <span class='ocrx_word' id='word_1_688' title='bbox 3091 4496 3343 4550; x_wconf 89' lang='lat' dir='ltr'><strong>Germani</strong></span> <span class='ocrx_word' id='word_1_689' title='bbox 3418 4502 3747 4566; x_wconf 90' lang='lat' dir='ltr'><strong>apportatos</strong></span> 
     </span>
    </p>
   </div>
   <div class='ocr_carea' id='block_1_94' title="bbox 1934 4588 2150 4647">
    <p class='ocr_par' dir='ltr' id='par_1_94' title="bbox 1934 4588 2150 4647">
     <span class='ocr_line' id='line_1_94' title="bbox 1934 4588 2150 4647; baseline 0.023 -5"><span class='ocrx_word' id='word_1_690' title='bbox 1934 4588 2150 4647; x_wconf 73' lang='lat' dir='ltr'><strong>NOT/E.</strong></span> 
     </span>
    </p>
   </div>
   <div class='ocr_carea' id='block_1_95' title="bbox 455 4669 815 4727">
    <p class='ocr_par' dir='ltr' id='par_1_95' title="bbox 455 4669 815 4727">
     <span class='ocr_line' id='line_1_95' title="bbox 455 4669 815 4727; baseline -0.011 0"><span class='ocrx_word' id='word_1_691' title='bbox 455 4672 508 4727; x_wconf 79' lang='lat'><strong>3)</strong></span> <span class='ocrx_word' id='word_1_692' title='bbox 541 4669 815 4727; x_wconf 87' lang='lat' dir='ltr'><strong>Prafatio.</strong></span> 
     </span>
    </p>
   </div>
   <div class='ocr_carea' id='block_1_96' title="bbox 439 4672 2000 4815">
    <p class='ocr_par' dir='ltr' id='par_1_96' title="bbox 439 4672 2000 4815">
     <span class='ocr_line' id='line_1_96' title="bbox 439 4672 1834 4796; baseline -0.003 -69"><span class='ocrx_word' id='word_1_693' title='bbox 439 4672 508 4796; x_wconf 47' lang='lat'><strong>(32</strong></span> <span class='ocrx_word' id='word_1_694' title='bbox 541 4672 815 4727; x_wconf 87' lang='lat' dir='ltr'><strong>Prafatio.</strong></span> <span class='ocrx_word' id='word_1_695' title='bbox 919 4739 931 4750; x_wconf 36' lang='grc' dir='ltr'><strong>ο</strong></span> <span class='ocrx_word' id='word_1_696' title='bbox 1627 4741 1638 4752; x_wconf 42' lang='lat'>.</span> <span class='ocrx_word' id='word_1_697' title='bbox 1822 4743 1834 4755; x_wconf 43' lang='lat'>.</span> 
     </span>
     <span class='ocr_line' id='line_1_97' title="bbox 441 4736 2000 4815; baseline 0 -16"><span class='ocrx_word' id='word_1_698' title='bbox 441 4744 466 4815; x_wconf 94' lang='lat'><strong>(</strong></span> <span class='ocrx_word' id='word_1_699' title='bbox 503 4744 699 4815; x_wconf 85' lang='lat' dir='ltr'><strong>)_Opus</strong></span> <span class='ocrx_word' id='word_1_700' title='bbox 726 4739 962 4815; x_wconf 68' lang='lat' dir='ltr'><strong>absolvit</strong></span> <span class='ocrx_word' id='word_1_701' title='bbox 996 4742 1143 4815; x_wconf 55' lang='lat' dir='ltr'><strong>post</strong></span> <span class='ocrx_word' id='word_1_702' title='bbox 1167 4737 1224 4815; x_wconf 91' lang='lat' dir='ltr'><strong>d._</strong></span> <span class='ocrx_word' id='word_1_703' title='bbox 1262 4736 1333 4815; x_wconf 80' lang='lat'><strong>26</strong></span> <span class='ocrx_word' id='word_1_704' title='bbox 1355 4739 1670 4815; x_wconf 82' lang='lat' dir='ltr'><strong>Dec_e_mbr1s</strong></span> <span class='ocrx_word' id='word_1_705' title='bbox 1691 4755 1836 4815; x_wconf 29' lang='lat' dir='ltr'><strong>Aa_n_n1</strong></span> <span class='ocrx_word' id='word_1_706' title='bbox 1871 4744 2000 4799; x_wconf 89' lang='lat'><strong>1081</strong></span> 
     </span>
    </p>
   </div>
   <div class='ocr_carea' id='block_1_97' title="bbox 369 4808 2006 4886">
    <p class='ocr_par' dir='ltr' id='par_1_97' title="bbox 369 4808 2006 4886">
     <span class='ocr_line' id='line_1_98' title="bbox 369 4808 2006 4886; baseline 0.002 -18"><span class='ocrx_word' id='word_1_707' title='bbox 369 4808 631 4886; x_wconf 54' lang='lat' dir='ltr'><strong>(c.‘131)&#39;,</strong></span> <span class='ocrx_word' id='word_1_708' title='bbox 663 4808 1404 4886; x_wconf 75' lang='lat' dir='ltr'><strong>superstitibuswerinhero</strong></span> <span class='ocrx_word' id='word_1_709' title='bbox 1440 4809 1615 4886; x_wconf 46' lang='grc' dir='ltr'><strong>(ἡ).</strong></span> <span class='ocrx_word' id='word_1_710' title='bbox 1651 4811 2006 4886; x_wconf 75' lang='lat' dir='ltr'><strong>_1_101),Bur-</strong></span> 
     </span>
    </p>
   </div>
   <div class='ocr_carea' id='block_1_98' title="bbox 365 4880 2000 5006">
    <p class='ocr_par' dir='ltr' id='par_1_98' title="bbox 365 4880 2000 5006">
     <span class='ocr_line' id='line_1_99' title="bbox 365 4880 2000 5006; baseline -0.001 -65"><span class='ocrx_word' id='word_1_711' title='bbox 365 4880 572 4942; x_wconf 80' lang='lat' dir='ltr'><strong>chardo</strong></span> <span class='ocrx_word' id='word_1_712' title='bbox 593 4880 1059 4939; x_wconf 44' lang='lat' dir='ltr'><strong>&#39;Halberstadensi</strong></span> <span class='ocrx_word' id='word_1_713' title='bbox 1090 4880 1352 4950; x_wconf 85' lang='lat' dir='ltr'><strong>episcopo</strong></span> <span class='ocrx_word' id='word_1_714' title='bbox 1383 4881 1449 4950; x_wconf 94' lang='lat' dir='ltr'><strong>(c.</strong></span> <span class='ocrx_word' id='word_1_715' title='bbox 1491 4881 1599 4952; x_wconf 91' lang='lat'><strong>83),</strong></span> <span class='ocrx_word' id='word_1_716' title='bbox 1637 4883 1715 5006; x_wconf 52' lang='grc' dir='ltr'>ς)-</span> <span class='ocrx_word' id='word_1_717' title='bbox 1736 4880 2000 4959; x_wconf 66' lang='lat' dir='ltr'><strong>a.&#39;1088),</strong></span> 
     </span>
     <span class='ocr_line' id='line_1_100' title="bbox 367 4951 2000 5006; baseline 0 0"><span class='ocrx_word' id='word_1_718' title='bbox 367 4959 675 5006; x_wconf 78' lang='lat' dir='ltr'><strong>Hermanno</strong></span> <span class='ocrx_word' id='word_1_719' title='bbox 723 4968 851 5006; x_wconf 69' lang='lat' dir='ltr'><strong>reae</strong></span> <span class='ocrx_word' id='word_1_720' title='bbox 898 4960 952 5006; x_wconf 88' lang='lat' dir='ltr'><strong>et</strong></span> <span class='ocrx_word' id='word_1_721' title='bbox 997 4955 1195 5006; x_wconf 85' lang='lat' dir='ltr'><strong>Ottone</strong></span> <span class='ocrx_word' id='word_1_722' title='bbox 1244 4951 1382 5006; x_wconf 88' lang='lat' dir='ltr'><strong>duce</strong></span> <span class='ocrx_word' id='word_1_723' title='bbox 1444 4951 1520 5006; x_wconf 91' lang='lat' dir='ltr'><strong>(c.</strong></span> <span class='ocrx_word' id='word_1_724' title='bbox 1582 4953 1646 5006; x_wconf 90' lang='lat' dir='ltr'><strong>l3</strong></span> <span class='ocrx_word' id='word_1_725' title='bbox 1684 4957 1717 5006; x_wconf 87' lang='lat' dir='ltr'><strong>l.</strong></span> <span class='ocrx_word' id='word_1_726' title='bbox 1770 4970 2000 5006; x_wconf 81' lang='lat' dir='ltr'><strong>auorum</strong></span> 
     </span>
    </p>
   </div>
   <div class='ocr_carea' id='block_1_99' title="bbox 365 4951 2002 5025">
    <p class='ocr_par' dir='ltr' id='par_1_99' title="bbox 365 4951 2002 5025">
     <span class='ocr_line' id='line_1_101' title="bbox 365 4951 2002 5025; baseline 0.002 -13"><span class='ocrx_word' id='word_1_727' title='bbox 365 4959 675 5013; x_wconf 87' lang='lat' dir='ltr'><strong>Hermanno</strong></span> <span class='ocrx_word' id='word_1_728' title='bbox 723 4968 851 5024; x_wconf 89' lang='lat' dir='ltr'><strong>rege</strong></span> <span class='ocrx_word' id='word_1_729' title='bbox 898 4960 952 5025; x_wconf 84' lang='lat' dir='ltr'><strong>et</strong></span> <span class='ocrx_word' id='word_1_730' title='bbox 989 4955 1195 5025; x_wconf 85' lang='lat' dir='ltr'><strong>Ottone</strong></span> <span class='ocrx_word' id='word_1_731' title='bbox 1244 4951 1414 5025; x_wconf 21' lang='lat' dir='ltr'><strong>duce”</strong></span> <span class='ocrx_word' id='word_1_732' title='bbox 1444 4951 1717 5025; x_wconf 76' lang='lat' dir='ltr'><strong>(c._131),</strong></span> <span class='ocrx_word' id='word_1_733' title='bbox 1770 4951 2002 5025; x_wconf 80' lang='lat' dir='ltr'><strong>quorum</strong></span> 
     </span>
    </p>
   </div>
   <div class='ocr_carea' id='block_1_100' title="bbox 363 5023 1858 5092">
    <p class='ocr_par' dir='ltr' id='par_1_100' title="bbox 363 5023 1858 5092">
     <span class='ocr_line' id='line_1_102' title="bbox 363 5023 1858 5092; baseline -0.001 -8"><span class='ocrx_word' id='word_1_734' title='bbox 363 5029 456 5085; x_wconf 89' lang='lat' dir='ltr'><strong>ille</strong></span> <span class='ocrx_word' id='word_1_735' title='bbox 497 5042 546 5083; x_wconf 91' lang='lat' dir='ltr'><strong>a.</strong></span> <span class='ocrx_word' id='word_1_736' title='bbox 591 5025 750 5092; x_wconf 82' lang='lat'><strong>1087,</strong></span> <span class='ocrx_word' id='word_1_737' title='bbox 783 5023 872 5080; x_wconf 86' lang='lat' dir='ltr'><strong>hic</strong></span> <span class='ocrx_word' id='word_1_738' title='bbox 893 5024 948 5078; x_wconf 92' lang='lat' dir='ltr'><strong>d.</strong></span> <span class='ocrx_word' id='word_1_739' title='bbox 978 5023 1031 5077; x_wconf 92' lang='lat'><strong>3.</strong></span> <span class='ocrx_word' id='word_1_740' title='bbox 1065 5024 1145 5078; x_wconf 92' lang='lat' dir='ltr'><strong>1d.</strong></span> <span class='ocrx_word' id='word_1_741' title='bbox 1177 5023 1417 5079; x_wconf 83' lang='lat' dir='ltr'><strong>Januarii</strong></span> <span class='ocrx_word' id='word_1_742' title='bbox 1447 5037 1497 5078; x_wconf 92' lang='lat' dir='ltr'><strong>a.</strong></span> <span class='ocrx_word' id='word_1_743' title='bbox 1535 5023 1672 5078; x_wconf 92' lang='lat'><strong>1083</strong></span> <span class='ocrx_word' id='word_1_744' title='bbox 1699 5023 1858 5082; x_wconf 84' lang='lat' dir='ltr'><strong>obiit.</strong></span> 
     </span>
    </p>
   </div>
   <div class='ocr_carea' id='block_1_101' title="bbox 438 5093 1006 5172">
    <p class='ocr_par' dir='ltr' id='par_1_101' title="bbox 438 5093 1006 5172">
     <span class='ocr_line' id='line_1_103' title="bbox 438 5093 1006 5172; baseline -0.007 -20"><span class='ocrx_word' id='word_1_745' title='bbox 438 5099 504 5172; x_wconf 78' lang='lat'><strong>(5)</strong></span> <span class='ocrx_word' id='word_1_746' title='bbox 533 5100 624 5172; x_wconf 88' lang='lat' dir='ltr'><strong>ss.</strong></span> <span class='ocrx_word' id='word_1_747' title='bbox 659 5097 754 5172; x_wconf 89' lang='lat'><strong>1_11,_</strong></span> <span class='ocrx_word' id='word_1_748' title='bbox 783 5111 837 5166; x_wconf 78' lang='grc' dir='ltr'><strong>ι).</strong></span> <span class='ocrx_word' id='word_1_749' title='bbox 879 5093 1006 5148; x_wconf 90' lang='lat'><strong>729.</strong></span> 
     </span>
    </p>
   </div>
   <div class='ocr_carea' id='block_1_102' title="bbox 435 5167 814 5240">
    <p class='ocr_par' dir='ltr' id='par_1_102' title="bbox 435 5167 814 5240">
     <span class='ocr_line' id='line_1_104' title="bbox 435 5167 814 5240; baseline -0.005 -17"><span class='ocrx_word' id='word_1_750' title='bbox 435 5167 505 5240; x_wconf 88' lang='lat'><strong>(6)</strong></span> <span class='ocrx_word' id='word_1_751' title='bbox 539 5167 814 5240; x_wconf 84' lang='lat' dir='ltr'><strong>Prafatio.</strong></span> 
     </span>
    </p>
   </div>
   <div class='ocr_carea' id='block_1_103' title="bbox 435 5235 1013 5310">
    <p class='ocr_par' dir='ltr' id='par_1_103' title="bbox 435 5235 1013 5310">
     <span class='ocr_line' id='line_1_105' title="bbox 435 5235 1013 5310; baseline -0.005 -14"><span class='ocrx_word' id='word_1_752' title='bbox 435 5235 506 5310; x_wconf 76' lang='lat'><strong>(7)</strong></span> <span class='ocrx_word' id='word_1_753' title='bbox 526 5242 584 5296; x_wconf 89' lang='lat' dir='ltr'><strong>C.</strong></span> <span class='ocrx_word' id='word_1_754' title='bbox 612 5239 703 5307; x_wconf 88' lang='lat'><strong>52,</strong></span> <span class='ocrx_word' id='word_1_755' title='bbox 738 5237 810 5295; x_wconf 92' lang='lat' dir='ltr'><strong>cf.</strong></span> <span class='ocrx_word' id='word_1_756' title='bbox 843 5252 902 5310; x_wconf 73' lang='lat' dir='ltr'><strong>c.</strong></span> <span class='ocrx_word' id='word_1_757' title='bbox 925 5235 1013 5293; x_wconf 87' lang='lat'><strong>58.</strong></span> 
     </span>
    </p>
   </div>
   <div class='ocr_carea' id='block_1_104' title="bbox 437 5308 2003 5383">
    <p class='ocr_par' dir='ltr' id='par_1_104' title="bbox 437 5308 2003 5383">
     <span class='ocr_line' id='line_1_106' title="bbox 437 5308 2003 5383; baseline 0.001 -18"><span class='ocrx_word' id='word_1_758' title='bbox 437 5308 503 5383; x_wconf 82' lang='lat'><strong>(8)</strong></span> <span class='ocrx_word' id='word_1_759' title='bbox 547 5310 626 5367; x_wconf 91' lang='lat' dir='ltr'><strong>Cf.</strong></span> <span class='ocrx_word' id='word_1_760' title='bbox 673 5325 794 5380; x_wconf 91' lang='lat' dir='ltr'><strong>cap.</strong></span> <span class='ocrx_word' id='word_1_761' title='bbox 841 5309 932 5374; x_wconf 88' lang='lat'><strong>96,</strong></span> <span class='ocrx_word' id='word_1_762' title='bbox 985 5327 1014 5360; x_wconf 89' lang='grc'>‹(</span> <span class='ocrx_word' id='word_1_763' title='bbox 1055 5309 1125 5364; x_wconf 93' lang='lat' dir='ltr'><strong>ab</strong></span> <span class='ocrx_word' id='word_1_764' title='bbox 1177 5308 1351 5379; x_wconf 91' lang='lat' dir='ltr'><strong>ipsius</strong></span> <span class='ocrx_word' id='word_1_765' title='bbox 1387 5321 1483 5364; x_wconf 89' lang='lat' dir='ltr'><strong>ore</strong></span> <span class='ocrx_word' id='word_1_766' title='bbox 1529 5320 1641 5364; x_wconf 89' lang='lat' dir='ltr'><strong>non</strong></span> <span class='ocrx_word' id='word_1_767' title='bbox 1687 5310 1855 5366; x_wconf 90' lang='lat' dir='ltr'><strong>semel</strong></span> <span class='ocrx_word' id='word_1_768' title='bbox 1908 5325 2003 5367; x_wconf 89' lang='lat' dir='ltr'><strong>au-</strong></span> 
     </span>
    </p>
   </div>
   <div class='ocr_carea' id='block_1_105' title="bbox 364 5384 557 5440">
    <p class='ocr_par' dir='ltr' id='par_1_105' title="bbox 364 5384 557 5440">
     <span class='ocr_line' id='line_1_107' title="bbox 364 5384 557 5440; baseline -0.026 0"><span class='ocrx_word' id='word_1_769' title='bbox 364 5384 494 5440; x_wconf 85' lang='lat' dir='ltr'><strong>divi.</strong></span> <span class='ocrx_word' id='word_1_770' title='bbox 529 5402 557 5436; x_wconf 69' lang='lat'><strong>)1</strong></span> 
     </span>
    </p>
   </div>
   <div class='ocr_carea' id='block_1_106' title="bbox 439 5453 711 5526">
    <p class='ocr_par' dir='ltr' id='par_1_106' title="bbox 439 5453 711 5526">
     <span class='ocr_line' id='line_1_108' title="bbox 439 5453 711 5526; baseline 0 -17"><span class='ocrx_word' id='word_1_771' title='bbox 439 5455 510 5526; x_wconf 83' lang='lat'><strong>(9)</strong></span> <span class='ocrx_word' id='word_1_772' title='bbox 540 5456 599 5509; x_wconf 84' lang='lat' dir='ltr'><strong>c.</strong></span> <span class='ocrx_word' id='word_1_773' title='bbox 631 5453 711 5509; x_wconf 90' lang='lat'><strong>13.</strong></span> 
     </span>
    </p>
   </div>
   <div class='ocr_carea' id='block_1_107' title="bbox 437 5521 2000 5598">
    <p class='ocr_par' dir='ltr' id='par_1_107' title="bbox 437 5521 2000 5598">
     <span class='ocr_line' id='line_1_109' title="bbox 437 5521 2000 5598; baseline 0 -19"><span class='ocrx_word' id='word_1_774' title='bbox 437 5521 540 5598; x_wconf 73' lang='lat'><strong>(&#39;10)</strong></span> <span class='ocrx_word' id='word_1_775' title='bbox 570 5527 629 5579; x_wconf 86' lang='grc' dir='ltr'><strong>Ε.</strong></span> <span class='ocrx_word' id='word_1_776' title='bbox 676 5539 729 5598; x_wconf 76' lang='lat' dir='ltr'><strong>g.</strong></span> <span class='ocrx_word' id='word_1_777' title='bbox 780 5538 831 5598; x_wconf 91' lang='lat' dir='ltr'><strong>c._</strong></span> <span class='ocrx_word' id='word_1_778' title='bbox 868 5522 961 5598; x_wconf 73' lang='lat'><strong>38,</strong></span> <span class='ocrx_word' id='word_1_779' title='bbox 990 5521 1101 5598; x_wconf 40' lang='lat'><strong>“40,</strong></span> <span class='ocrx_word' id='word_1_780' title='bbox 1150 5523 1223 5576; x_wconf 84' lang='lat'><strong>52</strong></span> <span class='ocrx_word' id='word_1_781' title='bbox 1249 5522 1482 5598; x_wconf 87' lang='lat' dir='ltr'><strong>fortasse</strong></span> <span class='ocrx_word' id='word_1_782' title='bbox 1519 5527 1576 5598; x_wconf 78' lang='lat' dir='ltr'><strong>et</strong></span> <span class='ocrx_word' id='word_1_783' title='bbox 1617 5522 2000 5598; x_wconf 78' lang='lat' dir='ltr'><strong>Werinherum</strong></span> 
     </span>
    </p>
   </div>
   <div class='ocr_carea' id='block_1_108' title="bbox 360 5593 1999 5666">
    <p class='ocr_par' dir='ltr' id='par_1_108' title="bbox 360 5593 1999 5666">
     <span class='ocr_line' id='line_1_110' title="bbox 360 5593 1999 5666; baseline -0.002 -11"><span class='ocrx_word' id='word_1_784' title='bbox 360 5593 768 5666; x_wconf 80' lang='lat' dir='ltr'><strong>utrumquein</strong></span> <span class='ocrx_word' id='word_1_785' title='bbox 819 5593 1112 5650; x_wconf 90' lang='lat' dir='ltr'><strong>itineribus</strong></span> <span class='ocrx_word' id='word_1_786' title='bbox 1167 5595 1460 5651; x_wconf 85' lang='lat' dir='ltr'><strong>comitatus</strong></span> <span class='ocrx_word' id='word_1_787' title='bbox 1515 5593 1712 5660; x_wconf 89' lang='lat' dir='ltr'><strong>fuerat,</strong></span> <span class='ocrx_word' id='word_1_788' title='bbox 1769 5593 1999 5651; x_wconf 88' lang='lat' dir='ltr'><strong>fortasse</strong></span> 
     </span>
    </p>
   </div>
   <div class='ocr_carea' id='block_1_109' title="bbox 2089 4670 3103 4751">
    <p class='ocr_par' dir='ltr' id='par_1_109' title="bbox 2089 4670 3103 4751">
     <span class='ocr_line' id='line_1_111' title="bbox 2089 4670 3103 4751; baseline -0.009 -16"><span class='ocrx_word' id='word_1_789' title='bbox 2089 4677 2353 4751; x_wconf 78' lang='lat' dir='ltr'><strong>epistolas</strong></span> <span class='ocrx_word' id='word_1_790' title='bbox 2384 4687 2586 4751; x_wconf 67' lang='lat' dir='ltr'><strong>eorum</strong></span> <span class='ocrx_word' id='word_1_791' title='bbox 2604 4671 2839 4751; x_wconf 57' lang='lat' dir='ltr'><strong>nomine</strong></span> <span class='ocrx_word' id='word_1_792' title='bbox 2860 4670 3103 4751; x_wconf 64' lang='lat' dir='ltr'><strong>scripsit.</strong></span> 
     </span>
    </p>
   </div>
   <div class='ocr_carea' id='block_1_110' title="bbox 2188 4741 3625 4817">
    <p class='ocr_par' dir='ltr' id='par_1_110' title="bbox 2188 4741 3625 4817">
     <span class='ocr_line' id='line_1_112' title="bbox 2188 4741 3625 4817; baseline 0.001 -15"><span class='ocrx_word' id='word_1_793' title='bbox 2188 4749 2266 4817; x_wconf 85' lang='lat'><strong>11)</strong></span> <span class='ocrx_word' id='word_1_794' title='bbox 2305 4751 2364 4804; x_wconf 87' lang='lat' dir='ltr'><strong>c.</strong></span> <span class='ocrx_word' id='word_1_795' title='bbox 2399 4746 2487 4817; x_wconf 85' lang='lat'><strong>42,</strong></span> <span class='ocrx_word' id='word_1_796' title='bbox 2519 4743 2608 4817; x_wconf 87' lang='lat'><strong>48,</strong></span> <span class='ocrx_word' id='word_1_797' title='bbox 2648 4742 2738 4808; x_wconf 84' lang='lat'><strong>49,</strong></span> <span class='ocrx_word' id='word_1_798' title='bbox 2761 4741 2875 4817; x_wconf 87' lang='lat'><strong>_5_1_,_</strong></span> <span class='ocrx_word' id='word_1_799' title='bbox 2903 4741 3002 4817; x_wconf 73' lang='lat'><strong>59,</strong></span> <span class='ocrx_word' id='word_1_800' title='bbox 3027 4742 3117 4808; x_wconf 88' lang='lat'><strong>65,</strong></span> <span class='ocrx_word' id='word_1_801' title='bbox 3147 4742 3253 4817; x_wconf 85' lang='lat'><strong>66,_</strong></span> <span class='ocrx_word' id='word_1_802' title='bbox 3269 4743 3360 4811; x_wconf 91' lang='lat'><strong>67,</strong></span> <span class='ocrx_word' id='word_1_803' title='bbox 3391 4743 3483 4812; x_wconf 89' lang='lat'>99,</span> <span class='ocrx_word' id='word_1_804' title='bbox 3516 4754 3625 4804; x_wconf 88' lang='lat' dir='ltr'><strong>etc.</strong></span> 
     </span>
    </p>
   </div>
   <div class='ocr_carea' id='block_1_111' title="bbox 2149 4749 3733 4949">
    <p class='ocr_par' dir='ltr' id='par_1_111' title="bbox 2149 4749 3733 4949">
     <span class='ocr_line' id='line_1_113' title="bbox 2188 4749 3625 4817; baseline -0.003 -15"><span class='ocrx_word' id='word_1_805' title='bbox 2188 4749 2266 4817; x_wconf 92' lang='lat'><strong>11)</strong></span> <span class='ocrx_word' id='word_1_806' title='bbox 2305 4751 2364 4804; x_wconf 89' lang='lat' dir='ltr'><strong>C.</strong></span> <span class='ocrx_word' id='word_1_807' title='bbox 2399 4749 2487 4810; x_wconf 85' lang='lat'><strong>42,</strong></span> <span class='ocrx_word' id='word_1_808' title='bbox 2519 4749 2608 4808; x_wconf 88' lang='lat'><strong>48,</strong></span> <span class='ocrx_word' id='word_1_809' title='bbox 2648 4749 2738 4808; x_wconf 81' lang='grc'>49,</span> <span class='ocrx_word' id='word_1_810' title='bbox 2779 4749 2871 4807; x_wconf 92' lang='lat'><strong>51,</strong></span> <span class='ocrx_word' id='word_1_811' title='bbox 2903 4749 2994 4807; x_wconf 81' lang='lat'><strong>59,</strong></span> <span class='ocrx_word' id='word_1_812' title='bbox 3027 4749 3117 4808; x_wconf 82' lang='lat'><strong>65,</strong></span> <span class='ocrx_word' id='word_1_813' title='bbox 3147 4749 3237 4809; x_wconf 88' lang='grc'><strong>66,</strong></span> <span class='ocrx_word' id='word_1_814' title='bbox 3269 4749 3360 4811; x_wconf 87' lang='lat'><strong>67,</strong></span> <span class='ocrx_word' id='word_1_815' title='bbox 3391 4749 3483 4812; x_wconf 88' lang='lat'>99,</span> <span class='ocrx_word' id='word_1_816' title='bbox 3516 4754 3625 4804; x_wconf 84' lang='lat' dir='ltr'><strong>etc.</strong></span> 
     </span>
     <span class='ocr_line' id='line_1_114' title="bbox 2149 4749 3733 4949; baseline 0.001 -75"><span class='ocrx_word' id='word_1_817' title='bbox 2149 4749 2264 4949; x_wconf 51' lang='grc' dir='ltr'><strong>(ξω)</strong></span> <span class='ocrx_word' id='word_1_818' title='bbox 2309 4821 2416 4874; x_wconf 87' lang='lat' dir='ltr'><strong>Res</strong></span> <span class='ocrx_word' id='word_1_819' title='bbox 2443 4816 2558 4872; x_wconf 89' lang='lat' dir='ltr'><strong>fere</strong></span> <span class='ocrx_word' id='word_1_820' title='bbox 2587 4812 2943 4869; x_wconf 88' lang='lat' dir='ltr'><strong>incredibiles</strong></span> <span class='ocrx_word' id='word_1_821' title='bbox 2971 4813 3039 4868; x_wconf 92' lang='lat' dir='ltr'><strong>de</strong></span> <span class='ocrx_word' id='word_1_822' title='bbox 3069 4826 3136 4869; x_wconf 92' lang='lat' dir='ltr'><strong>eo</strong></span> <span class='ocrx_word' id='word_1_823' title='bbox 3166 4813 3733 4898; x_wconf 80' lang='lat' dir='ltr'><strong>referre_accusatur;</strong></span> 
     </span>
     <span class='ocr_line' id='line_1_115' title="bbox 2228 4885 3733 4949; baseline 0 -2"><span class='ocrx_word' id='word_1_824' title='bbox 2228 4895 2417 4948; x_wconf 90' lang='lat' dir='ltr'><strong>nostro</strong></span> <span class='ocrx_word' id='word_1_825' title='bbox 2467 4899 2688 4949; x_wconf 86' lang='lat' dir='ltr'><strong>quoque</strong></span> <span class='ocrx_word' id='word_1_826' title='bbox 2733 4892 2982 4949; x_wconf 88' lang='lat' dir='ltr'><strong>tempore</strong></span> <span class='ocrx_word' id='word_1_827' title='bbox 3028 4898 3116 4939; x_wconf 90' lang='lat' dir='ltr'><strong>res</strong></span> <span class='ocrx_word' id='word_1_828' title='bbox 3163 4885 3350 4942; x_wconf 91' lang='lat' dir='ltr'><strong>multis</strong></span> <span class='ocrx_word' id='word_1_829' title='bbox 3378 4890 3733 4948; x_wconf 87' lang='lat' dir='ltr'><strong>1ncredibiles</strong></span> 
     </span>
    </p>
   </div>
   <div class='ocr_carea' id='block_1_112' title="bbox 2086 4885 3742 4957">
    <p class='ocr_par' dir='ltr' id='par_1_112' title="bbox 2086 4885 3742 4957">
     <span class='ocr_line' id='line_1_116' title="bbox 2086 4885 3742 4957; baseline -0.002 -7"><span class='ocrx_word' id='word_1_830' title='bbox 2086 4885 2184 4950; x_wconf 87' lang='lat' dir='ltr'><strong>sed</strong></span> <span class='ocrx_word' id='word_1_831' title='bbox 2228 4885 2417 4948; x_wconf 89' lang='lat' dir='ltr'><strong>nostro</strong></span> <span class='ocrx_word' id='word_1_832' title='bbox 2467 4899 2688 4957; x_wconf 88' lang='lat' dir='ltr'><strong>quoque</strong></span> <span class='ocrx_word' id='word_1_833' title='bbox 2733 4892 2982 4957; x_wconf 89' lang='lat' dir='ltr'><strong>tempore</strong></span> <span class='ocrx_word' id='word_1_834' title='bbox 3028 4898 3116 4939; x_wconf 90' lang='lat' dir='ltr'><strong>res</strong></span> <span class='ocrx_word' id='word_1_835' title='bbox 3163 4885 3350 4942; x_wconf 91' lang='lat' dir='ltr'><strong>multis</strong></span> <span class='ocrx_word' id='word_1_836' title='bbox 3378 4885 3742 4948; x_wconf 83' lang='lat' dir='ltr'><strong>incredibiles</strong></span> 
     </span>
    </p>
   </div>
   <div class='ocr_carea' id='block_1_113' title="bbox 2085 4956 3740 5020">
    <p class='ocr_par' dir='ltr' id='par_1_113' title="bbox 2085 4956 3740 5020">
     <span class='ocr_line' id='line_1_117' title="bbox 2085 4956 3740 5020; baseline -0.002 1"><span class='ocrx_word' id='word_1_837' title='bbox 2085 4966 2229 5020; x_wconf 89' lang='lat' dir='ltr'><strong>visas</strong></span> <span class='ocrx_word' id='word_1_838' title='bbox 2271 4961 2446 5019; x_wconf 88' lang='lat' dir='ltr'><strong>oculis</strong></span> <span class='ocrx_word' id='word_1_839' title='bbox 2493 4956 2698 5013; x_wconf 86' lang='lat' dir='ltr'><strong>nostris</strong></span> <span class='ocrx_word' id='word_1_840' title='bbox 2726 4956 2962 5011; x_wconf 91' lang='lat' dir='ltr'><strong>vidimus</strong></span> <span class='ocrx_word' id='word_1_841' title='bbox 2990 4961 3045 5011; x_wconf 92' lang='lat' dir='ltr'><strong>et</strong></span> <span class='ocrx_word' id='word_1_842' title='bbox 3074 4957 3301 5012; x_wconf 87' lang='lat' dir='ltr'><strong>auribus</strong></span> <span class='ocrx_word' id='word_1_843' title='bbox 3345 4961 3554 5015; x_wconf 87' lang='lat' dir='ltr'><strong>nostris</strong></span> <span class='ocrx_word' id='word_1_844' title='bbox 3582 4963 3740 5018; x_wconf 82' lang='lat' dir='ltr'><strong>audi-</strong></span> 
     </span>
    </p>
   </div>
   <div class='ocr_carea' id='block_1_114' title="bbox 2085 5051 2279 5092">
    <p class='ocr_par' dir='ltr' id='par_1_114' title="bbox 2085 5051 2279 5092">
     <span class='ocr_line' id='line_1_118' title="bbox 2085 5051 2279 5092; baseline 0 -2"><span class='ocrx_word' id='word_1_845' title='bbox 2085 5051 2279 5092; x_wconf 90' lang='lat' dir='ltr'><strong>v1mus.</strong></span> 
     </span>
    </p>
   </div>
   <div class='ocr_carea' id='block_1_115' title="bbox 2158 5097 3735 5177">
    <p class='ocr_par' dir='ltr' id='par_1_115' title="bbox 2158 5097 3735 5177">
     <span class='ocr_line' id='line_1_119' title="bbox 2158 5097 3735 5177; baseline -0.008 -16"><span class='ocrx_word' id='word_1_846' title='bbox 2158 5105 2263 5177; x_wconf 88' lang='lat'><strong>(13)</strong></span> <span class='ocrx_word' id='word_1_847' title='bbox 2311 5106 2619 5159; x_wconf 91' lang='lat' dir='ltr'><strong>Brunonem</strong></span> <span class='ocrx_word' id='word_1_848' title='bbox 2669 5097 2828 5177; x_wconf 80' lang='lat' dir='ltr'><strong>initio</strong></span> <span class='ocrx_word' id='word_1_849' title='bbox 2875 5097 3061 5177; x_wconf 75' lang='lat' dir='ltr'><strong>operis</strong></span> <span class='ocrx_word' id='word_1_850' title='bbox 3106 5097 3176 5177; x_wconf 77' lang='lat' dir='ltr'><strong>de</strong></span> <span class='ocrx_word' id='word_1_851' title='bbox 3218 5099 3416 5177; x_wconf 64' lang='lat' dir='ltr'><strong>juvene</strong></span> <span class='ocrx_word' id='word_1_852' title='bbox 3472 5103 3735 5177; x_wconf 63' lang='grc' dir='ltr'><strong>Ηβίριιίρο</strong></span> 
     </span>
    </p>
   </div>
   <div class='ocr_carea' id='block_1_116' title="bbox 2085 5168 3732 5243">
    <p class='ocr_par' dir='ltr' id='par_1_116' title="bbox 2085 5168 3732 5243">
     <span class='ocr_line' id='line_1_120' title="bbox 2085 5168 3732 5243; baseline -0.002 -9"><span class='ocrx_word' id='word_1_853' title='bbox 2085 5168 2329 5234; x_wconf 79' lang='lat' dir='ltr'><strong>scribere</strong></span> <span class='ocrx_word' id='word_1_854' title='bbox 2376 5177 2562 5242; x_wconf 90' lang='lat' dir='ltr'><strong>patet;</strong></span> <span class='ocrx_word' id='word_1_855' title='bbox 2596 5169 2742 5243; x_wconf 85' lang='lat' dir='ltr'><strong>unde</strong></span> <span class='ocrx_word' id='word_1_856' title='bbox 2779 5168 3043 5243; x_wconf 78' lang='lat' dir='ltr'><strong>nonnulla</strong></span> <span class='ocrx_word' id='word_1_857' title='bbox 3070 5182 3102 5223; x_wconf 90' lang='lat' dir='ltr'><strong>a</strong></span> <span class='ocrx_word' id='word_1_858' title='bbox 3123 5170 3183 5224; x_wconf 85' lang='lat' dir='ltr'><strong>V.</strong></span> <span class='ocrx_word' id='word_1_859' title='bbox 3215 5169 3297 5225; x_wconf 92' lang='lat' dir='ltr'><strong>Cl.</strong></span> <span class='ocrx_word' id='word_1_860' title='bbox 3327 5173 3543 5228; x_wconf 89' lang='lat' dir='ltr'><strong>Stenzel</strong></span> <span class='ocrx_word' id='word_1_861' title='bbox 3573 5175 3632 5231; x_wconf 90' lang='lat' dir='ltr'><strong>T.</strong></span> <span class='ocrx_word' id='word_1_862' title='bbox 3665 5176 3732 5243; x_wconf 89' lang='lat' dir='ltr'><strong>Il,</strong></span> 
     </span>
    </p>
   </div>
   <div class='ocr_carea' id='block_1_117' title="bbox 2083 5239 3080 5313">
    <p class='ocr_par' dir='ltr' id='par_1_117' title="bbox 2083 5239 3080 5313">
     <span class='ocr_line' id='line_1_121' title="bbox 2083 5239 3080 5313; baseline -0.008 -11"><span class='ocrx_word' id='word_1_863' title='bbox 2083 5248 2266 5313; x_wconf 53' lang='lat'><strong>55.66,</strong></span> <span class='ocrx_word' id='word_1_864' title='bbox 2298 5247 2354 5300; x_wconf 91' lang='lat' dir='ltr'><strong>in</strong></span> <span class='ocrx_word' id='word_1_865' title='bbox 2377 5239 2517 5298; x_wconf 53' lang='lat' dir='ltr'><strong>&#39;eum</strong></span> <span class='ocrx_word' id='word_1_866' title='bbox 2539 5241 2746 5313; x_wconf 86' lang='lat' dir='ltr'><strong>monita</strong></span> <span class='ocrx_word' id='word_1_867' title='bbox 2763 5239 3080 5313; x_wconf 68' lang='lat' dir='ltr'><strong>diluuntur.</strong></span> 
     </span>
    </p>
   </div>
   <div class='ocr_carea' id='block_1_118' title="bbox 2161 5309 3130 5392">
    <p class='ocr_par' dir='ltr' id='par_1_118' title="bbox 2161 5309 3130 5392">
     <span class='ocr_line' id='line_1_122' title="bbox 2161 5309 3130 5392; baseline -0.008 -21"><span class='ocrx_word' id='word_1_868' title='bbox 2161 5309 2266 5392; x_wconf 81' lang='lat'><strong>(14)</strong></span> <span class='ocrx_word' id='word_1_869' title='bbox 2297 5319 2366 5392; x_wconf 34' lang='grc' dir='ltr'><strong>ξ..</strong></span> <span class='ocrx_word' id='word_1_870' title='bbox 2390 5327 2599 5392; x_wconf 39' lang='grc' dir='ltr'><strong>θηρίῳ.</strong></span> <span class='ocrx_word' id='word_1_871' title='bbox 2630 5312 2721 5378; x_wconf 89' lang='grc'>75,</span> <span class='ocrx_word' id='word_1_872' title='bbox 2753 5311 2844 5392; x_wconf 84' lang='grc'><strong>77,</strong></span> <span class='ocrx_word' id='word_1_873' title='bbox 2877 5310 2966 5379; x_wconf 93' lang='lat'><strong>83,</strong></span> <span class='ocrx_word' id='word_1_874' title='bbox 2997 5309 3088 5364; x_wconf 87' lang='lat'><strong>96.</strong></span> <span class='ocrx_word' id='word_1_875' title='bbox 3119 5381 3130 5392; x_wconf 44' lang='lat'><em>.</em></span> 
     </span>
    </p>
   </div>
   <div class='ocr_carea' id='block_1_119' title="bbox 2157 5381 3732 5462">
    <p class='ocr_par' dir='ltr' id='par_1_119' title="bbox 2157 5381 3732 5462">
     <span class='ocr_line' id='line_1_123' title="bbox 2157 5381 3732 5462; baseline 0 -19"><span class='ocrx_word' id='word_1_876' title='bbox 2157 5381 2282 5462; x_wconf 13' lang='lat'><strong>(&#39;15),</strong></span> <span class='ocrx_word' id='word_1_877' title='bbox 2308 5381 2958 5462; x_wconf 27' lang='lat' dir='ltr'><strong>Ekliehardusﬁnos‘t’rum</strong></span> <span class='ocrx_word' id='word_1_878' title='bbox 3006 5381 3222 5462; x_wconf 77' lang='lat' dir='ltr'><strong>novisse</strong></span> <span class='ocrx_word' id='word_1_879' title='bbox 3266 5381 3635 5462; x_wconf 83' lang='lat' dir='ltr'><strong>videtur,__sed</strong></span> <span class='ocrx_word' id='word_1_880' title='bbox 3675 5388 3732 5443; x_wconf 89' lang='lat' dir='ltr'><strong>in</strong></span> 
     </span>
    </p>
   </div>
   <div class='ocr_carea' id='block_1_120' title="bbox 2084 5452 3734 5524">
    <p class='ocr_par' dir='ltr' id='par_1_120' title="bbox 2084 5452 3734 5524">
     <span class='ocr_line' id='line_1_124' title="bbox 2084 5452 3734 5524; baseline -0.003 -4"><span class='ocrx_word' id='word_1_881' title='bbox 2084 5452 2358 5520; x_wconf 77' lang='lat' dir='ltr'><strong>Chronico</strong></span> <span class='ocrx_word' id='word_1_882' title='bbox 2397 5470 2497 5512; x_wconf 93' lang='lat' dir='ltr'><strong>suo</strong></span> <span class='ocrx_word' id='word_1_883' title='bbox 2537 5469 2586 5510; x_wconf 91' lang='lat' dir='ltr'><strong>a.</strong></span> <span class='ocrx_word' id='word_1_884' title='bbox 2641 5453 2940 5507; x_wconf 86' lang='lat'><strong>1068-1080</strong></span> <span class='ocrx_word' id='word_1_885' title='bbox 2982 5467 3072 5508; x_wconf 87' lang='lat' dir='ltr'><strong>res</strong></span> <span class='ocrx_word' id='word_1_886' title='bbox 3118 5452 3440 5524; x_wconf 88' lang='lat' dir='ltr'><strong>plerumque</strong></span> <span class='ocrx_word' id='word_1_887' title='bbox 3488 5457 3734 5514; x_wconf 86' lang='lat' dir='ltr'><strong>diversas</strong></span> 
     </span>
    </p>
   </div>
   <div class='ocr_carea' id='block_1_121' title="bbox 2083 5534 2296 5592">
    <p class='ocr_par' dir='ltr' id='par_1_121' title="bbox 2083 5534 2296 5592">
     <span class='ocr_line' id='line_1_125' title="bbox 2083 5534 2296 5592; baseline -0.028 0"><span class='ocrx_word' id='word_1_888' title='bbox 2083 5534 2296 5592; x_wconf 87' lang='lat' dir='ltr'><strong>scribit.</strong></span> 
     </span>
    </p>
   </div>
   <div class='ocr_carea' id='block_1_122' title="bbox 2157 5593 3366 5678">
    <p class='ocr_par' dir='ltr' id='par_1_122' title="bbox 2157 5593 3366 5678">
     <span class='ocr_line' id='line_1_126' title="bbox 2157 5593 3366 5678; baseline -0.007 -18"><span class='ocrx_word' id='word_1_889' title='bbox 2157 5603 2269 5678; x_wconf 88' lang='lat'><strong>(16)</strong></span> <span class='ocrx_word' id='word_1_890' title='bbox 2304 5603 2366 5657; x_wconf 82' lang='lat' dir='ltr'><strong>V.</strong></span> <span class='ocrx_word' id='word_1_891' title='bbox 2399 5597 2674 5654; x_wconf 87' lang='lat' dir='ltr'><strong>Meibomii</strong></span> <span class='ocrx_word' id='word_1_892' title='bbox 2705 5595 2944 5666; x_wconf 89' lang='lat' dir='ltr'><strong>junioris</strong></span> <span class='ocrx_word' id='word_1_893' title='bbox 2972 5593 3366 5664; x_wconf 87' lang='lat' dir='ltr'><strong>prafationem.</strong></span> 
     </span>
    </p>
   </div>
  </div>
