4014 6176
189 251 279 304 489
474 258 493 273 ⁹
1468 251 1555 306 ΒΕ
1592 252 1805 307 UELLO
1840 250 1882 306 S.

1916 250 2186 306 λυΝιω.
3406 255 3515 309 490

188 389 386 431 numero
421 372 523 427 440
549 373 786 443 signato,
820 375 978 443 cujus
1016 373 1283 430 lectiones
1312 374 1572 430 Waitzius
1605 373 2144 444 nosterArigerem;
2208 374 2446 444 capitum
2532 372 2799 429 divisione
2900 377 3228 431 auctoritate
3304 380 3517 436 codicis

190 463 419 519 euotavit.
1764 474 1787 494 ⁶
1878 462 2179 532 Lipsiensis
2208 462 2477 518 instituta.

242 550 316 621 3.)
371 552 423 605 In
486 555 639 605 textu
705 549 1061 619 epistularum
1116 551 1363 623 Gregorii
1422 554 1509 607 Vll
1543 566 1699 622 papae
1739 558 1794 607 et
1948 550 2236 607 Prodierat
2262 553 2444 607 Bruno
2496 551 2726 621 primum
2789 565 2933 607 anno
2988 551 3124 605 1690
3152 553 3352 609 edente
3382 557 3520 611 hlar-

186 641 387 697 aliarum
429 638 791 704 restituendo,
826 639 894 694 ad
933 640 1243 711 Registrum
1272 640 1520 712 Gregorii
1550 646 1605 695 et
1642 638 1794 695 Pauli
1877 639 2089 709 quardo
2149 640 2411 703 Frehero,
2481 640 2625 695 inter
2829 643 3009 697 Germ.
3078 647 3117 696 t.
3188 643 3229 709 1,
3279 642 3513 710 99-153;

187 726 572 785 Bernriedensis
637 728 810 783 Vitam
873 730 1120 799 Gregorii
1170 731 1261 785 V11
1328 730 1560 796 recurri,
1618 734 1674 784 et
1729 742 1798 783 ex
1879 732 2062 783 textus
2091 732 2176 783 est
2220 728 2433 784 codicis
2480 729 2797 798 Lipsiensis,
2848 730 2945 785 sed
3004 745 3151 800 szepe
3199 731 3345 787 haud
3378 733 3520 788 bene

183 818 353 874 codice
381 816 689 872 Trevirensi
720 816 882 872 ﬁnem
913 818 1163 887 epistolae
1193 818 1261 873 ad
1290 816 1583 874 Rodulfum
1612 831 1796 888 regem

180 907 380 977 scriptae
417 905 652 975 subjeei.
1332 910 1353 926 ’

239 995 435 1063 Quibus
478 994 746 1050 subsidiis
807 995 885 1051 ita
940 1011 1071 1052 usus
1117 1010 1258 1059 sum,
1329 1002 1390 1052 ut
1440 996 1687 1053 codicem
1751 995 1799 1062 1,

180 1086 320 1155 cujus
347 1083 506 1153 copia
545 1083 680 1139 mihi
728 1098 761 1139 a
796 1084 928 1139 viris
969 1084 1306 1141 doctissimis
1333 1090 1388 1141 et
1428 1085 1497 1141 de
1527 1100 1586 1141 re
1617 1092 1803 1141 nostra

179 1175 303 1229 bene
340 1172 555 1228 meritis
607 1175 717 1228 DD.
776 1173 1006 1230 Ernesto
1052 1176 1113 1230 G.
1152 1172 1414 1231 Gersdorf
1452 1173 1804 1230 bibliothecae

178 1260 536 1317 universitatis
587 1261 889 1330 Lipsiensis
934 1260 1218 1332 praefecto,
1252 1269 1307 1318 et
1343 1266 1577 1318 Gustavo
1615 1261 1805 1318 llzenel

173 1350 403 1420 ejusdem
442 1350 700 1417 custode,
741 1349 1104 1407 libentissime
1141 1350 1283 1407 facta
1322 1356 1426 1418 est,
1467 1350 1807 1407 fundamenti

175 1440 286 1497 loco
334 1452 626 1509 ponerem,
686 1444 743 1495 et
805 1453 930 1495 cum
994 1439 1052 1495 in
1117 1439 1429 1496 scribendis
1492 1439 1810 1495 nominibus

171 1528 398 1599 propriis
453 1526 585 1599 (17)
645 1534 758 1583 tum
805 1526 930 1583 aliis
968 1528 1024 1583 in
1064 1527 1205 1584 locis
1243 1528 1336 1583 ubi
1374 1541 1602 1584 necesse
1668 1534 1807 1594 erat,

171 1618 525 1687 reliquorum,
568 1617 850 1686 praecipue
888 1616 1175 1673 annalista:
1240 1617 1473 1674 Saxonis
1519 1630 1645 1686 Ope,
1677 1630 1809 1673 eor-

1444 1751 2439 1978 BRUNONISW

1881 813 2174 881 enodatus,
2189 819 2245 870 et
2272 816 2481 885 smpius
2519 831 2586 871 ex
2614 817 2887 873 Chronico
2911 818 3363 890 Magdeburgensi
3396 819 3519 891 (18)

1881 910 1975 961 aut
2004 919 2072 962 ex
2100 906 2418 974 conjectura
2468 906 2741 975 probabili
2789 913 3094 964 correctus.
3134 910 3249 976 Qua
3279 910 3523 966 editione

1882 1008 1935 1050 a.
1997 994 2130 1047 1717
2178 995 2433 1063 repetita,
2510 995 2820 1050 Burcardus
2881 996 3208 1053 Gotthelﬁus
3277 1000 3527 1055 Struvius

1885 1083 2006 1139 loca
2036 1082 2299 1138 nonnulla
2329 1082 2580 1138 adhibito
2601 1083 2798 1139 iterum
2828 1085 3023 1142 codice
3054 1086 3324 1155 Lipsiensi
3346 1103 3529 1145 emen—

1886 1171 2054 1239 davit,
2094 1171 2200 1226 alia
2231 1176 2411 1226 tamen
2444 1170 2653 1226 vitiavit
2696 1171 2820 1240 (19).
2852 1175 3089 1240 Quarum
3130 1189 3251 1230 cum
3285 1176 3528 1233 editione

1889 1267 2079 1316 nostra
2111 1248 2355 1325 collatio,
2397 1260 2558 1314 nobis
2595 1274 2815 1329 quoque
2848 1275 2958 1316 non
2987 1276 3160 1332 pauca
3190 1265 3531 1322 emendanda

1890 1349 2084 1406 relicta
2112 1348 2280 1406 fuisse
2305 1349 2579 1404 ostendet.

1963 1441 2144 1494 Brnno
2174 1438 2392 1494 initium
2439 1438 2565 1493 anni
2608 1454 2635 1492 a
2719 1440 3007 1495 Nativitate
3048 1443 3262 1498 Domini
3313 1459 3534 1514 compu-

1892 1532 1972 1584 tat
2001 1525 2137 1597 (20).

2520 1752 2739 1759 .φ-,‹..,.τ...
2773 1752 3079 1761 .--νΑΠ-ο-οοΑο-οκ
3096 1753 3433 1763 .---_._.-..._-_____
3476 1755 3501 1764 .-

864 2065 1266 2179 LIBER
1359 2064 1531 2179 DE
1623 2063 2056 2179 BELLO
2152 2065 2836 2180 SAXONIGO
2918 2008 2930 2017 ’

1088 2241 1669 2329 PROLOGUS
1740 2242 2261 2329 SAXONICI
2318 2245 2638 2327 BELLI

194 2460 453 2518 Domino
485 2473 606 2513 suo
637 2455 1020 2522 dilectissimo,
1052 2467 1330 2525 nunquam
1359 2454 1477 2511 sine
1518 2456 1608 2525 pia
1643 2470 1817 2512 vene-
1837 2463 1884 2520 Β
1907 2457 2035 2513 dum
2068 2458 2337 2514 tinearum
2370 2458 2645 2514 morsibus
2674 2458 2755 2514 vel
2787 2458 2980 2514 scabra
3020 2459 3272 2529 rubigine
3303 2472 3547 2525 corrosa,

127 2550 351 2606 ratione
427 2544 816 2610 nominando,
880 2542 1210 2600 Werinhero
1280 2544 1291 2572 ‘
1352 2550 1557 2599 sanctae
1614 2546 1822 2599 Merse-

126 2636 444 2710 hurgensis
510 2633 789 2689 Ecclesiae
828 2631 1052 2703 praesuli
1089 2631 1426 2697 venerando,
1459 2634 1662 2697 Bruno,
1696 2632 1828 2687 licet

140 2726 461 2797 perexigua
502 2737 629 2779 suae
659 2727 839 2777 tamen
879 2719 1099 2776 familiae
1139 2720 1344 2789 portio,
1376 2720 1647 2790 quidquid
1685 2720 1829 2775 valet

145 2815 400 2873 hominis
434 2812 742 2881 utriusque
773 2810 1016 2866 devotio.

212 2908 374 2961 Inter
405 2915 553 2959 eum
591 2902 685 2971 qui
735 2913 935 2956 munus
988 2898 1213 2969 aliquod
1253 2898 1443 2963 donat,
1484 2904 1539 2953 et
1577 2911 1699 2953 eum
1740 2895 1829 2952 cui

148 2995 420 3060 donatur,
490 2992 620 3047 haec
676 2994 760 3045 est
815 2987 1158 3044 observanda
1196 2986 1338 3042 ratio
1370 2992 1449 3054 ut,
1482 3001 1606 3042 cum
1636 2987 1742 3042 iste
1772 2986 1827 3041 in

153 3083 441 3140 thesauris
506 3079 653 3135 nihil
710 3077 1012 3149 pretiosius
1049 3076 1196 3146 quod
1256 3075 1426 3131 donet
1464 3076 1710 3131 invenire
1741 3089 1831 3129 va-

153 3173 277 3240 leat,
312 3178 463 3228 tunc
499 3168 604 3225 ille
652 3181 877 3223 munere
929 3165 1024 3221 tali
1063 3164 1200 3220 nihil
1234 3165 1535 3234 jucundius
1572 3163 1827 3234 accipiat.

153 3264 307 3329 Quod
360 3275 480 3333 ego
536 3256 923 3322 considerans,
966 3268 1089 3311 cum
1128 3254 1445 3324 paternitati
1490 3262 1707 3321 vestrae,
1740 3254 1831 3309 cui

155 3367 252 3422 pro
290 3352 531 3407 viribus
549 3347 693 3404 meis
713 3346 822 3401 imo
854 3344 997 3400 ultra
1017 3343 1163 3399 vires
1200 3356 1350 3397 meas
1377 3355 1597 3412 semper
1623 3342 1831 3397 servire

152 3442 443 3507 desidero,
524 3451 736 3493 munus
799 3433 1024 3504 aliquod
1092 3431 1290 3487 offerre
1357 3431 1673 3498 voluissem,
1723 3443 1834 3499 quo

153 3526 430 3585 fervorem
468 3525 693 3582 mentis
730 3523 892 3579 etiam
950 3521 1086 3576 foris
1112 3519 1347 3588 alicujus
1384 3518 1571 3588 operis
1602 3523 1835 3573 attesta-

152 3618 299 3674 tione
358 3621 783 3679 monstrarem,
855 3610 1112 3666 omnibus
1166 3607 1389 3663 scriniis
1444 3620 1687 3661 mearum
1754 3605 1841 3660 fa-

152 3706 423 3763 cultatum
456 3700 828 3776 perquisitis,
868 3698 1047 3755 solum
1077 3697 1382 3752 litterarum
1415 3708 1591 3765 genus
1628 3694 1837 3759 inveni,

1908 2545 2005 2600 diu
2044 2560 2264 2602 manere
2320 2560 2432 2603 non
2479 2546 2715 2602 valeant.
2778 2547 3029 2602 Studium
3076 2560 3206 2603 vero
3246 2546 3550 2603 litterarum

1911 2648 1943 2688 a
1973 2633 2161 2691 lateris
2188 2636 2382 2690 anima:
2402 2636 2743 2691 stercoribus
2760 2636 2780 2665 ³
2800 2636 2980 2705 ligone
3012 2635 3244 2691 rationis
3272 2635 3550 2702 effossum,

1914 2722 2120 2777 nullum
2182 2723 2347 2779 debet
2403 2724 2656 2793 corporis
2712 2724 3075 2780 imbecillitati
3114 2725 3416 2791 servitium,
3456 2724 3553 2780 sed

1914 2824 2060 2877 eum,
2121 2812 2278 2881 cujus
2324 2812 2594 2867 industria
2650 2813 2941 2882 processit,
2990 2812 3191 2868 format
3233 2818 3289 2868 et
3334 2814 3559 2869 instruit

1914 2900 2175 2967 animum,
2244 2901 2382 2957 adeo
2421 2902 2723 2956 senectutis
2760 2901 2843 2957 vel
2893 2902 3149 2958 interitus
3186 2902 3455 2973 ignarum,
3496 2908 3559 2958 ut

1915 2991 2078 3046 etiam
2119 3006 2183 3047 ea
2214 3007 2338 3062 quae
2368 2998 2616 3049 torrente
2665 2992 2925 3048 violentia
2975 2993 3241 3062 temporis
3270 2993 3559 3063 rapiuntur

1914 3080 1983 3134 ad
2022 3080 2327 3147 interitum,
2368 3082 2436 3136 ab
2475 3082 2597 3150 ipso
2653 3081 2919 3150 temporis
2975 3081 3182 3150 impetu
3246 3080 3554 3137 litterarum

1913 3170 2087 3225 virtus
2116 3175 2349 3226 conetur
2380 3170 2616 3239 eripere,
2650 3175 2707 3224 et
2762 3183 2981 3240 semper
3026 3184 3165 3226 nova
3221 3171 3377 3240 quasi
3443 3177 3561 3226 sta-

1921 3260 2153 3315 tionaria
2191 3258 2501 3330 legentibus
2549 3259 2865 3315 ostendere.
2916 3258 3087 3330 Igitur
3150 3259 3351 3315 bellum
3411 3260 3560 3329 quod

1920 3348 2211 3403 Heinrieus
2242 3349 2259 3377 ’⁸
2291 3364 2385 3402 rex
2411 3363 2533 3403 cum
2573 3348 2880 3404 Saxonibus
2914 3348 3046 3416 egit,
3085 3347 3213 3401 volo
3244 3347 3485 3400 breviter
3509 3353 3564 3399 et

1916 3438 2187 3492 veraciter
2244 3437 2510 3501 scribere,
2571 3436 2716 3490 sicut
2773 3434 2841 3487 ab
2889 3433 2977 3487 his
3032 3434 3127 3501 qui
3178 3433 3344 3487 rebus
3398 3432 3544 3486 inter

1919 3532 2078 3581 erant
2108 3523 2260 3593 potui
2301 3536 2658 3592 c0gnoscere.
2699 3522 2852 3588 Quod
2886 3535 3007 3576 cum
3042 3521 3125 3575 sui
3167 3520 3562 3589 magnitudine,

1922 3617 2037 3667 tum
2084 3611 2104 3641 ⁵
2135 3610 2491 3665 misereordia
2522 3610 2639 3673 Dei,
2691 3623 2852 3678 quam
2892 3610 2946 3663 in
3007 3609 3127 3677 ipso
3176 3607 3325 3662 bello
3355 3607 3565 3676 experti

1923 3715 2132 3765 sumus,
2195 3706 2279 3753 est
2344 3698 2717 3763 memorabile,
2777 3698 2921 3752 sicut
2976 3698 3032 3751 in
3099 3696 3479 3767 sequentibus,
3520 3696 3567 3749 si

150 3797 293 3864 quod
336 3803 399 3851 et
429 3798 660 3850 vestrae
700 3788 996 3846 convenire
1034 3785 1288 3856 dignitati
1327 3790 1384 3838 et
1414 3797 1548 3839 meae
1589 3796 1698 3838 non
1741 3785 1900 3854 im-c
1923 3788 2048 3858 quis
2076 3787 2259 3857 legere
2293 3785 2629 3857 dignabitur,
2690 3787 2895 3855 poterit
2933 3799 3253 3856 agnoscere.
3296 3786 3385 3840 Sic
3423 3784 3566 3840 enim

150 3898 244 3952 par
280 3898 412 3939 esse
468 3886 746 3952 putarem
794 3875 1097 3933 devotioni.
1150 3874 1265 3928 Hoc
1323 3872 1470 3927 enim
1500 3885 1698 3927 munus
1726 3887 1841 3926 cae-

148 3976 280 4029 teris
347 3971 669 4034 omnibus,
713 3981 838 4037 quae
875 3965 981 4021 sibi
1042 3963 1275 4019 invicem
1314 3962 1491 4031 possit
1528 3961 1841 4032 benignitas

150 4061 391 4117 humana
453 4057 698 4130 largiri,
758 4054 1055 4125 pretiosius
1120 4051 1354 4116 :estimo,
1416 4052 1544 4120 quia
1605 4050 1724 4119 ejus
1789 4056 1845 4106 et

147 4152 305 4223 origo
348 4150 659 4212 nobilior,
712 4150 769 4200 et
798 4158 930 4201 usus
964 4141 1347 4207 excellentior,
1389 4147 1446 4195 et
1475 4144 1610 4194 tetas
1648 4139 1846 4208 proba-

148 4245 234 4295 tur
290 4255 425 4296 essc
503 4234 864 4294 diuturnior.
930 4234 1135 4287 Aurum
1188 4242 1424 4299 namque
1494 4227 1577 4283 vel
1643 4234 1844 4283 caetera

143 4344 265 4398 quae
296 4330 595 4385 homines
645 4321 929 4393 praecipua
967 4320 1197 4385 ducunt,
1230 4316 1298 4372 de
1343 4322 1507 4372 terrae
1536 4316 1844 4372 visceribus

145 4425 271 4473 nata
313 4421 334 4450 ³
368 4412 618 4474 nullum
655 4411 907 4467 tribuunt
943 4409 1141 4464 animae
1170 4405 1500 4476 profectum,
1541 4404 1640 4460 sed
1674 4403 1846 4476 fragi-

142 4507 283 4565 litati
324 4516 667 4579 corporeae
706 4501 871 4556 breve
908 4497 1214 4554 subsidium
1272 4494 1358 4549 vel
1411 4494 1575 4549 etiam
1615 4494 1845 4550 luxuriae

143 4598 407 4666 praebent
440 4604 639 4664 turpe
672 4589 975 4655 servitium,
1016 4591 1072 4642 et
1100 4585 1229 4641 dum
1269 4597 1506 4653 corpora
1535 4588 1847 4638 sustentant

142 4685 469 4753 hominum,
508 4681 776 4750 etfugere
808 4676 1091 4748 proprium
1140 4686 1249 4730 non
1283 4677 1513 4743 possunt
1543 4671 1848 4728 interitum.

140 4777 411 4841 Quamvis
489 4772 685 4830 etiam
742 4769 789 4822 si
828 4766 1014 4837 quieta
1065 4765 1302 4834 jaceant,
1373 4774 1482 4817 non
1542 4762 1653 4816 sint
1708 4767 1846 4830 tuta,

1925 3877 1980 3931 in
2020 3874 2235 3945 ﬂagello
2292 3875 2417 3929 vino
2456 3873 2766 3929 severitatis
2792 3874 2973 3929 oleum
3005 3873 3226 3945 pietatis
3254 3872 3567 3937 admiscuit,

1926 3972 1986 4021 ut
2018 3972 2072 4021 et
2102 3964 2424 4034 prophetam
2464 3978 2591 4019 vera
2639 3962 2880 4018 locutum
2912 3976 3033 4018 esse
3062 3963 3366 4033 gaudentes
3403 3977 3573 4033 agno-

1925 4069 2205 4110 scet-emus
2245 4074 2257 4109 :
2306 4076 2327 4101 ‹‹
2389 4056 2522 4108 Cum
2571 4054 2744 4108 iratus
2791 4052 2981 4117 fueris,
3040 4053 3436 4108 misericordia:
3489 4066 3573 4107 re-

1930 4143 2253 4199 cordaberis
2304 4142 2536 4212 (Hebae.
2590 4158 2671 4208 ιιι,
2703 4142 2789 4212 2),
2833 4161 2860 4193 ι)
2903 4149 2958 4197 et
2993 4142 3315 4211 Apostolnm
3359 4161 3372 4195 :
3417 4160 3445 4189 «
3488 4141 3577 4195 Fi-

1929 4232 2071 4287 delis
2115 4233 2280 4298 Dens,
2320 4232 2415 4301 qui
2463 4244 2573 4286 non
2623 4231 2903 4300 permittet
2941 4243 3039 4283 vos
3078 4230 3278 4283 tentari
3309 4242 3478 4297 super
3518 4227 3571 4281 id

1929 4320 2078 4390 quod
2120 4320 2357 4390 potestis
2390 4318 2450 4389 (Ι
2495 4321 2616 4375 Cor.
2660 4334 2713 4383 x,
2772 4316 2884 4386 13).
2931 4336 2955 4362 π
2997 4315 3102 4369 Sed
3145 4316 3460 4383 priusquam
3493 4314 3575 4366 in-

1930 4408 2130 4478 cipiam
2177 4408 2357 4478 ipsius
2411 4406 2543 4462 belli
2598 4406 2799 4461 seriem
2856 4401 3152 4471 explicare,
3212 4406 3433 4470 oportet
3491 4414 3575 4453 me

1931 4511 2102 4567 pauca
2134 4497 2204 4552 de
2238 4496 2474 4566 pueritia
2521 4494 2605 4550 vel
2654 4491 3027 4549 adolescentia
3057 4489 3302 4558 ejusdem
3334 4488 3575 4544 Hcinrici

1933 4586 2292 4658 praemittere,
2324 4591 2385 4639 ut
2432 4585 2581 4649 dum,
2641 4582 2858 4654 qualem
2906 4580 3067 4636 vitam
3126 4593 3264 4648 puer
3318 4579 3402 4634 vel
3451 4579 3582 4633 ado-

1932 4676 2149 4731 lescens
2204 4675 2420 4745 agebat,
2482 4673 2659 4729 lector
2733 4669 3038 4742 agnoverit,
3098 4668 3277 4723 minus
3353 4668 3582 4722 miretur

1931 4765 2080 4835 quod
2109 4765 2427 4820 intestinum
2468 4763 2670 4819 bellum
2699 4763 2783 4817 vir
2810 4760 2986 4817 factus
3023 4757 3334 4826 incoeperit.
3382 4759 3578 4812 Verum

1577 4861 1798 4916 VARUS
1852 4863 2134 4919 LECTION
2144 4865 2219 4918 ES

213 4978 226 5007 '
262 4974 652 5030 Werinnero
699 4968 745 5020 1.
818 4966 837 4995 ³
862 4963 939 5019 ita
962 4960 1083 5017 edd.
1116 4963 1245 5016 nota
1290 4956 1336 5013 1.
1414 4957 1435 4988 ³
1463 4960 1861 5015 secretioribus
1892 4961 1976 5016 ed.
2054 4961 2075 4991 ⁵
2112 4960 2382 5017 Henricus
2425 4958 2473 5032 l_.
2515 4972 2898 5028 nonnunquam.
2973 4953 2993 4985 ⁸
3024 4960 3064 5009 t.
3110 4953 3279 5024 inagis
3319 4967 3389 5008 m.
3425 4954 3509 5006 ed.

1783 5059 1999 5115 NOT.-E.

220 5172 393 5244 (1‘7)~
431 5168 807 5244 Constanter
874 5158 1059 5243 scribo
1509 5154 1853 5244 fldalberlus,

154 5224 562 5301 ινὲἦπῖαιεᾶ-ιὶε
579 5277 600 5301 ,
676 5232 980 5290 Fridericus
999 5271 1014 5294 ,
1091 5224 1576 5301 Hnlberstgdeusis.

144 5296 650 5375 δὲηῖἀῖῇἇὼανίἱ,
696 5303 939 5375 Βοιεπιὶἱ,Δ
958 5296 1711 5375 Mcrscpurg,__4_lqge¢_1aburg,
1751 5303 1861 5355 Βα-

436 5359 875 5440 “lia-tinuum,
898 5359 1255 5441 'Sigefridusf
1272 5359 1639 5437 'Wirtieburg,
1658 5359 1862 5425 versur-

145 5476 234 5524 go,
270 5458 583 5524 miirpo.
905 5512 965 5524 ﬂ
1017 5514 1028 5524 ,

219 5511 488 5601 ζίὲξίὲίῗ
542 5537 609 5578 e.
660 5534 713 5589 g.
755 5531 877 5586 cap.
900 5512 989 5569 65.
1015 5514 1068 5568 in
1092 5511 1198 5565 fine
1241 5530 1267 5555 ‹‹

382 5637 674 5691 Parnm“
714 5624 957 5680 CXLVII.

1643 5256 1858 5269 -ψ

1313 5523 1418 5563 non
1455 5510 1789 5577 juramcnto,
1834 5533 1857 5561 ν

1876 5160 2064 5228 Dcap.
2105 5156 2196 5223 40,
2228 5171 2279 5212 v.
2316 5154 2475 5228 infra.

2019 5221 2143 5299 (19)
2174 5221 2255 5283 ita
2284 5242 2408 5303 cap.
2440 5226 2597 5303 40_i_n
2618 5221 3075 5303 hlagdeburgensi
3107 5227 3264 5291 prato
3285 5235 3473 5303 cereos
3495 5235 3591 5290 pu-

1941 5297 2195 5371 gnantes,
2226 5299 2472 5355 codicem
2508 5297 2882 5371 Lipsiensem
2908 5300 3134 5371 secutus
3174 5297 3431 5371 scripsit,
3467 5306 3592 5347 cum

1937 5362 2049 5441 jam
2080 5370 2352 5426 Freherus
2389 5362 2698 5441 exAChi-on.
2732 5362 3187 5441 Magdeburgensi
3218 5368 3366 5441 recte
3406 5378 3593 5418 corvus

1944 5434 2278 5510 scripsisset,
2310 5438 2596 5495 annalists:
2634 5434 2856 5507 quoque
2885 5435 3085 5510 Saxoni
3126 5434 3439 5502 probatum.

2189 5512 2258 5567 cf.
2302 5528 2330 5565 ξι
2381 5510 2698 5564 1076-1081.
2743 5525 2862 5577 mp.
2901 5507 3019 5561 131.

3287 5615 3346 5665 lli
