4014 6176
509 284 607 340 491
1559 289 1645 344 BR
1654 287 1893 343 UNONIS
1929 282 2195 342 CLERICI
2234 282 2833 342 MAGDEBURGENSIS
3773 288 3879 345 492

507 428 575 469 ne
635 412 743 469 hoc
792 424 933 482 Opus
989 412 1226 483 quilibet
1270 412 1325 467 in
1374 425 1562 468 manus
1622 410 1902 482 accipiens
1963 411 2145 467 statim
2161 415 2214 474 Α
2226 425 2356 497 plen
2380 411 2577 483 pagina
2609 411 2783 481 prima
2814 411 3174 478 demonstrat,
3197 425 3437 483 sequens
3464 427 3605 484 opus
3634 428 3665 470 a
3702 415 3877 486 sputis

504 501 638 557 velit
686 514 1013 573 conspuere,
1074 501 1279 572 placuit
1315 501 1447 555 mihi
1499 500 1633 556 illud
1690 500 1858 556 vestri
1908 500 2147 556 nominis
2231 499 2508 556 defendat.
2544 502 2685 571 Ergo
2743 506 2923 556 vestra
2971 500 3213 571 dignitas
3267 502 3525 573 dignetur
3560 502 3697 559 illud
3728 508 3875 560 tanta

507 593 907 660 pranotatione
957 591 1189 655 munire,
1250 596 1521 661 quatenus
1576 589 1706 646 dum
1745 594 1985 646 vestrum
2051 604 2147 646 no-
2228 589 2510 646 alacritate
2542 589 2847 660 suscipere,
2881 596 3084 660 quanta
3122 604 3267 647 ame
3306 590 3535 647 oti‘ertur
3556 591 3873 650 devotione.

1380 754 2022 844 SAXONICUM
2076 755 2523 841 BELLUM
2597 754 2995 842 INCIPIT

574 922 624 977 l.
665 924 957 991 Postquam
1008 918 1300 975 Heinricus
1359 918 1659 989 imperator
1696 920 1766 975 ab
1809 920 1916 976 hoc
1949 919 2137 975 seculo
2221 925 2377 974 sente
2410 913 2740 986 celebrarét,
2792 924 2847 974 et
2900 918 3106 989 populo
3146 919 3372 975 verbum
3403 919 3498 976 Dei
3527 920 3782 978 dicturus
3811 937 3877 980 ex

497 1012 643 1069 felici
684 1017 859 1068 morte
890 1007 1140 1079 migravit
1201 1008 1306 1079 (an.
1368 1007 1542 1079 1056),
1582 1009 1727 1064 illius
1774 1010 1894 1079 ejus
1924 1008 2140 1064 Heinri-
2221 1022 2374 1064 more
2405 1009 2585 1064 locum
2624 1008 2876 1065 altiorem
2919 1008 3264 1078 ascenderet,
3306 1009 3454 1065 inter
3494 1016 3681 1067 cetera
3717 1014 3876 1081 quasi

495 1116 593 1157 cus
633 1106 880 1171 quartus,
931 1097 1229 1153 infeliciter
1275 1098 1332 1153 in
1365 1097 1473 1154 hoc
1512 1098 1700 1154 seculo
1731 1097 1958 1154 relictus
1986 1099 2133 1164 vita,
2218 1096 2396 1153 bonos
2425 1103 2481 1153 et
2510 1098 2726 1154 nobiles
2771 1097 2828 1152 in
2876 1097 2979 1152 hac
3008 1101 3154 1153 terra
3192 1086 3542 1168 conquerens
3578 1097 3874 1168 defecisse,

494 1203 716 1260 regnum
740 1186 912 1257 patris
931 1187 1203 1243 electione
1231 1188 1506 1244 communi
1533 1188 1795 1257 suscepit.
1828 1188 1981 1255 Quod
2006 1188 2135 1258 quia
2216 1198 2275 1241 se
2300 1185 2475 1241 solum
2508 1193 2564 1242 et
2592 1199 2798 1257 regem,
2841 1200 2901 1241 se
2947 1185 3159 1242 scilicet
3197 1192 3540 1257 anteponens
3570 1189 3710 1258 regi,
3733 1189 3875 1246 dixit

487 1277 669 1333 adhuc
696 1276 980 1343 decenter,
1035 1281 1227 1346 utpote
1289 1276 1552 1347 puerulus
1606 1275 1999 1346 quinquennis,
2040 1290 2135 1347 gu-
2215 1274 2285 1329 de
2315 1274 2603 1331 nobilitate
2646 1274 2995 1343 remansisse,
3047 1306 3117 1315 —
3165 1289 3288 1331 cum
3319 1276 3430 1332 duo
3477 1274 3677 1332 fratres
3697 1277 3875 1347 ipsius

486 1366 721 1422 bernare
760 1380 872 1422 non
924 1366 1123 1436 potuit,
1159 1366 1335 1436 ipsum
1384 1379 1507 1421 cum
1541 1365 1697 1435 regni
1727 1379 1858 1421 cura
1887 1365 1908 1397 ⁸
1936 1379 2132 1421 curan-
2213 1362 2408 1418 iisdem
2456 1365 2780 1434 parentibus
2825 1364 2939 1420 nati
2991 1363 3029 1396 ¹⁸
3082 1370 3293 1421 starent
3339 1372 3662 1435 prasentes,
3713 1395 3792 1406 —
3819 1374 3873 1423 et

486 1454 613 1511 dum
647 1462 973 1511 cunctorum
999 1456 1155 1525 jussu
1207 1455 1515 1524 principum
1547 1458 1721 1509 mater
1749 1454 1924 1524 ipsius
1950 1457 2132 1525 Agnes
2213 1452 2459 1519 quamvis
2521 1452 2898 1523 apostolorum
2970 1453 3257 1523 principis,
3309 1451 3495 1509 fratris
3548 1454 3657 1520 sui,
3719 1455 3872 1510 Petri

482 1544 814 1601 venerabilis
843 1544 1163 1614 imperatrix
1193 1545 1427 1613 accepit.
1478 1543 1583 1599 Sed
1616 1557 1759 1610 cum,
1793 1544 2128 1613 procedente
2211 1553 2411 1596 nomen
2459 1555 2570 1597 non
2618 1543 2867 1608 haberet,
2899 1555 2960 1597 se
3007 1548 3190 1597 tamen
3219 1542 3451 1598 eandem
3481 1557 3643 1613 quam
3670 1544 3873 1600 Petrus

483 1634 749 1704 temporis
769 1648 954 1699 cursu,
988 1647 1127 1703 puer
1156 1637 1316 1687 atate
1338 1632 1559 1701 quidem
1590 1632 1689 1687 sed
1719 1645 1829 1688 non
1860 1632 2128 1702 sapientia
2211 1627 2415 1685 habere
2455 1635 2803 1700 potestatem,
2852 1630 2937 1686 vel
2985 1631 3149 1686 etiam
3198 1632 3483 1701 majorem,
3509 1631 3638 1702 quia
3684 1632 3871 1690 Domi-

481 1722 566 1778 vel
589 1722 733 1792 apud
757 1723 924 1777 Deum
945 1721 1029 1777 vel
1049 1722 1194 1792 apud
1216 1721 1468 1777 homines
1489 1720 1803 1790 proﬁceret,
1827 1722 2127 1791 matrisque
2210 1730 2339 1773 num
2368 1732 2526 1773 suum
2556 1732 2688 1786 non,
2721 1725 2782 1774 ut
2812 1721 3026 1786 Petrus,
3058 1732 3314 1789 umquam
3336 1726 3610 1791 negasset.

482 1812 688 1867 monita
746 1812 898 1881 regio
957 1810 1097 1867 fastu
1155 1810 1443 1866 tumidus7
1491 1812 1602 1880 jam
1649 1810 1831 1866 minus
1885 1809 2185 1881 audiret,_
2277 1806 2328 1861 3.
2395 1809 2517 1877 Ipse
2590 1809 2807 1865 cuidam
2867 1809 2924 1864 in
2972 1822 3073 1864 suo
3104 1809 3426 1879 episcopatu
3462 1809 3763 1867 abbatissa
3809 1812 3867 1880 “,

478 1903 656 1967 Anno,
707 1870 1053 1957 Coloniensis
1081 1899 1283 1970 prasul
1313 1870 1677 1967 venerandus,
1702 1913 1825 1957 eum
1852 1870 2332 1966 viohntequua
2389 1897 2578 1954 nescio
2623 1897 2756 1967 quid
2790 1897 2827 1927 ¹⁷
2858 1898 2914 1953 in
2945 1912 3066 1954 eum
3100 1904 3441 1968 peccaverat,
3466 1901 3739 1969 pracepit
3771 1916 3870 1971 per

479 1989 640 2044 matri
707 1989 911 2059 eripuit
965 1988 1080 2060 (an.
1129 1987 1262 2041 1062
1309 1987 1762 2059 Mai.),eumque
1810 2003 1931 2045 cum
1973 1987 2120 2043 omni
2205 1984 2576 2042 obedientiam
2623 1992 2685 2042 ut
2714 1986 2858 2042 intra
2905 1988 3027 2043 dies
3064 1988 3379 2058 quindecim
3427 1988 3570 2045 hanc
3616 2004 3867 2060 prasen-

478 2077 784 2149 diligentia,
844 2079 987 2133 sicut
1045 2077 1276 2133 decebat
1306 2076 1713 2146 imperatoriam
1746 2076 1977 2148 prolem,
2009 2088 2119 2133 non
2204 2077 2313 2129 tem
2363 2074 2704 2147 relinqueret
2763 2076 2948 2135 vitam.
3009 2077 3075 2133 Et
3128 2077 3257 2147 quia
3312 2078 3431 2148 ipsa
3488 2083 3618 2135 tunc
3685 2093 3866 2150 agro-

476 2170 586 2222 tam
634 2167 751 2238 regi
799 2180 963 2237 qnam
1009 2180 1181 2237 regno
1228 2166 1595 2235 prospiciens,
1647 2166 1858 2221 nutrire
1889 2166 2117 2222 curavit.
2204 2165 2373 2231 tabat,
2424 2165 2518 2221 ille
2583 2179 2754 2221 vanus
2810 2180 2967 2222 suum
3016 2166 3071 2221 in
3121 2181 3186 2223 ea
3241 2174 3579 2238 praceptum
3638 2170 3865 2240 impleri

474 2255 594 2310 Non
634 2256 779 2310 enim
831 2255 1119 2325 ignorabat
1168 2255 1316 2325 quod
1348 2270 1444 2311 rex
1483 2254 1750 2325 insipiens
1779 2255 1975 2326 perdet
2013 2268 2121 2325 po-
2202 2267 2365 2326 posse
2412 2254 2689 2327 sperabat,
2742 2261 2797 2312 et
2842 2255 2888 2311 si
2934 2271 3064 2312 casu
3095 2264 3422 2325 moreretur,
3455 2257 3729 2315 mortuam
3760 2274 3864 2315 suo

474 2342 661 2413 pulum
719 2357 897 2410 suum,
949 2349 1004 2398 et
1061 2343 1311 2398 civitates
1347 2342 1368 2373 ⁸
1407 2343 1803 2398 habitabuntur
1859 2358 1957 2412 per
1984 2357 2059 2399 sel

2275 2367 2351 2408 asu
2390 2353 2607 2410 volebat
2655 2360 2715 2410 ut
2762 2354 3099 2411 crederetur.
3150 2356 3247 2411 Die
3294 2369 3423 2412 vero
3480 2356 3546 2409 l5
3591 2356 3707 2423 illa,
3745 2360 3860 2427 jam

473 2446 567 2487 8118
596 2431 616 2461 ⁹
645 2432 1021 2502 Ρνυάθηῐίυιην
1052 2445 1156 2487 nec
1212 2431 1495 2487 ηθδοίθδὲῐ
1550 2432 1713 2487 etiam
1760 2431 1931 2501 (ιυοᾱ,
1973 2432 2117 2503 Sicut
2200 2442 2432 2498 sanitate
2481 2449 2826 2513 recuperata,
2884 2444 3035 2501 misit
3072 2444 3337 2515 episcopo
3367 2444 3630 2516 legatum,
3662 2447 3861 2504 nescio

473 2521 688 2591 aliquos
718 2521 910 2576 humili
940 2520 1112 2591 stirpe
1158 2526 1479 2591 procreatos
1526 2521 1758 2577 virtutes
1809 2520 2112 2589 declarant,
2198 2544 2300 2599 pro
2358 2547 2464 2602 qua
2523 2547 2706 2589 causa.
2756 2534 2927 2600 Quem
2978 2533 3018 2566 ¹⁸
3066 2540 3126 2591 ut
3172 2534 3265 2590 ille
3315 2533 3384 2591 de
3432 2535 3594 2607 longe
3654 2536 3862 2594 adven-

472 2609 554 2667 sic
605 2624 636 2665 a
691 2610 902 2681 magnis
956 2615 1116 2666 natos
1144 2610 1483 2679 parentibus,
1515 2611 1562 2666 si
1592 2609 1844 2666 doctrina
1872 2610 2115 2681 bonique
2198 2625 2402 2676 tantem
2461 2620 2617 2690 vidit,
2663 2621 2770 2677 sibi
2827 2623 3200 2681 assidentibus
3250 2623 3600 2681 latabundus
3652 2624 3801 2683 dixit
3844 2646 3856 2683 :

472 2696 725 2755 defecere
755 2712 957 2765 mores,
991 2698 1169 2769 culpa
1199 2698 1557 2755 dedecorant.
1591 2701 1788 2756 Verum
1819 2705 2112 2770 postquam
2195 2709 2461 2779 Numquid
2506 2726 2622 2766 mea
2671 2717 2907 2782 potestas
2958 2712 3128 2768 minor
3179 2713 3235 2768 in
3279 2713 3404 2780 ista,
3463 2728 3619 2785 quam
3664 2714 3860 2785 fratris

468 2787 584 2857 ille,
625 2789 823 2860 puerili
880 2787 1230 2859 simplicitate
1289 2794 1623 2857 transcursa,
1656 2789 2108 2857 adolescentiam,
2195 2798 2292 2852 mei
2321 2801 2464 2854 Petri
2488 2801 2587 2870 [uit
2636 2801 2693 2855 in
2719 2801 3005 2872 Saphira?
3041 2804 3182 2859 Ecce
3210 2804 3316 2859 ista
3366 2803 3559 2860 misera
3601 2810 3683 2870 est
3720 2820 3860 2863 mors

467 2894 592 2951 qua
644 2878 950 2937 communis
987 2883 1071 2935 est
1100 2878 1343 2935 omnium
1374 2893 1599 2950 campus
1627 2879 1978 2951 ﬂagitiorum,
2019 2881 2110 2936 in-
2193 2893 2303 2955 tua,
2334 2891 2645 2946 auctoritate
2682 2890 2896 2960 jubeute
2941 2894 3098 2948 mea!
3139 2892 3245 2949 Sed
3294 2897 3605 2963 postquam,
3654 2897 3857 2952 nuntio

463 2982 708 3041 gressus,
750 2969 819 3024 ad
860 2968 1065 3024 bivium
1106 2968 1301 3024 Samia
1322 2967 1523 3024 litterae
1556 2969 1805 3038 pervenit
1840 2968 2106 3041 (Bonna),
2194 2977 2425 3047 propius
2478 2978 2799 3046 accedente,
2878 2979 3060 3036 vivere
3116 2994 3235 3036 eam
3290 2986 3347 3037 et
3402 2982 3472 3038 ab
3524 2982 3855 3043 inﬁrmitate

461 3056 728 3115 derelicta
757 3057 978 3113 sublimi
1027 3058 1238 3112 semita
1269 3057 1599 3113 dexterioris
1628 3059 1899 3128 angustia,
1930 3059 2110 3117 decli-
2191 3066 2534 3124 convaluisse
2564 3069 2840 3140 cognovit,
2872 3083 2905 3125 a
2932 3070 3191 3140 superbia
3233 3084 3332 3127 sua
3379 3069 3535 3127 valde
3583 3071 3857 3133 confusus

461 3159 582 3202 vem
604 3144 800 3215 platea
821 3144 1058 3200 sinistra
1080 3143 1447 3212 latitudinem,
1462 3160 1569 3215 qua
1590 3145 1891 3213 incederet,
1917 3147 2103 3219 elegit,
2127 3188 2170 3248 α
2193 3154 2446 3212 obticuit.

461 3233 711 3304 calleque
741 3233 1003 3290 virtutum
1035 3232 1255 3304 penitus
1274 3232 1551 3302 abdicato,
1587 3235 1719 3290 totis
1747 3235 1956 3292 viribus
1978 3232 2170 3307 post“
2262 3244 2316 3298 4.
2382 3245 2692 3316 Aliquando
2747 3261 2893 3315 cum,
2941 3248 3087 3305 sicut
3141 3248 3375 3317 solebat,
3432 3250 3491 3307 in
3547 3251 3707 3308 curia
3758 3268 3854 3311 τε-

461 3323 1081 3394 concupiscentiassuas
1102 3322 1183 3378 ire
1204 3321 1497 3393 disposuit.
1520 3324 1677 3391 Quod
1698 3323 2010 3382 utliberius
2030 3325 2106 3383 fa-
2186 3333 2271 3404 gis
2344 3341 2508 3402 esset,
2566 3341 2622 3392 et
2702 3350 2945 3393 mensam
3019 3337 3165 3408 regis
3220 3338 3450 3394 cottidie
3507 3338 3853 3400 delicatiori.

459 3427 586 3471 cere
617 3413 1112 3484 potuisset—non
1142 3411 1289 3467 enim
1314 3412 1416 3467 sub
1438 3411 1533 3467 illo
1555 3413 1815 3484 magistro
1844 3414 1951 3470 sibi
1973 3414 2106 3472 lice-
2187 3422 2289 3479 bus
2326 3438 2487 3494 quam
2560 3424 2679 3495 ipse
2736 3440 2833 3482 rex
2889 3425 3068 3496 epulis
3122 3432 3397 3495 oneraret,
3449 3429 3689 3499 quadam
3753 3432 3848 3489 die

460 3503 553 3560 bat
573 3501 838 3574 quicquid
860 3501 1300 3573 libuit,—prius
1320 3501 1618 3572 magisterii
1640 3502 1788 3559 illius
1806 3505 2105 3562 auctorita-
2185 3513 2402 3568 cunctis
2459 3512 2529 3568 ad
2587 3514 2767 3570 cibum
2834 3514 3240 3585 pertinentibus
3296 3530 3410 3586 pra
3481 3517 3654 3575 nimio
3714 3519 3848 3578 luxu

455 3598 567 3650 tem
596 3592 648 3648 a'
674 3607 734 3648 se
766 3592 986 3663 penitus
1015 3593 1277 3659 excussit,
1320 3597 1375 3647 et
1414 3591 1508 3661 qui
1537 3591 1606 3647 ad
1638 3606 1864 3664 regnum
1894 3594 2038 3664 gube

2259 3603 2542 3672 nsumptis,
2621 3603 2836 3674 dapifer
2936 3606 3055 3675 ejus
3129 3605 3299 3662 nichil
3373 3606 3614 3664 habebat
3689 3611 3844 3680 quod

454 3680 715 3771 nandum
742 3679 938 3737 fuisset
994 3680 1223 3771 electus,
1251 3682 1363 3771 jam
1392 3694 1451 3736 se
1480 3680 1549 3771 ab
1588 3680 1775 3751 aliquo
1804 3683 2101 3753 gubernari
2183 3696 2295 3746 tum
2330 3690 2369 3722 ιθ
2406 3706 2474 3748 ex
2523 3693 2925 3750 consuetudine
2972 3708 3070 3750 sua
3113 3699 3400 3751 venustum
3449 3695 3671 3766 ipsique
3713 3679 3845 3771 fregi

452 3777 539 3827 est
592 3770 941 3840 dedignatus.
991 3770 1167 3840 Igitur
1197 3784 1294 3825 rex
1319 3770 1387 3824 ab
1419 3770 1688 3840 episcopo
1735 3771 2101 3828 manumissus
2182 3781 2603 3849 comedendum,
2690 3796 2893 3840 mensa
2974 3783 3122 3854 regis
3194 3784 3506 3854 imponeret
3576 3785 3674 3853 ";
3744 3770 3843 3846 sed

454 3858 571 3930 (an.
612 3858 765 3923 1065,
797 3860 965 3914 Mart.
995 3857 1121 3928 29),
1173 3871 1297 3913 cum
1328 3858 1417 3913 sui
1442 3859 1586 3927 juris
1642 3873 1762 3914 esse
1816 3860 2097 3930 sapisset,
2181 3881 2285 3924 nec
2339 3876 2458 3926 erat
2523 3870 2758 3941 pretium
2826 3885 2936 3941 quo
3001 3871 3185 3928 cibum
3242 3881 3451 3930 emeret
3506 3875 3841 3945 pretiosum,

449 3952 583 4003 tunc
617 3945 877 4017 patefecit
906 3947 1040 4016 quin
1072 3946 1110 3977 ¹⁰
1137 3947 1277 4002 viam
1324 3947 1451 4003 vita
1499 3948 1700 4004 sectari
1740 3948 2097 4005 decrevisset.
2180 3959 2309 4028 quia
2369 3959 2426 4014 in
2491 3959 2724 4016 similem
2783 3974 2940 4016 usum
3026 3965 3199 4018 totum
3266 3971 3689 4033 consumpserat
3756 3982 3844 4024 ar.

448 4037 656 4106 Vepres
685 4036 829 4091 enim
876 4034 1169 4090 libidinum
1204 4036 1261 4102 ”,
1313 4049 1436 4104 qua
1476 4036 1533 4091 in
1582 4037 1684 4091 hac
1734 4042 1895 4093 atate
1933 4039 2095 4094 etiam
2178 4053 2422 4116 gentum.
2463 4047 2618 4116 Quod
2680 4062 2804 4105 cum
2853 4049 3149 4120 episcopus
3215 4063 3325 4108 non
3384 4052 3693 4122 ignoraret,
3749 4055 3841 4114 die

450 4138 549 4181 eos
575 4123 806 4195 fatigant
834 4124 929 4195 qui
960 4138 1053 4179 eas
1101 4123 1156 4179 in
1206 4138 1264 4178 se
1294 4123 1679 4195 frequentibus
1702 4126 1928 4195 jejuniis
1964 4141 2092 4184 are-
2177 4135 2271 4192 illa
2321 4136 2589 4205 latitabat,
2631 4151 2699 4195 ne
2757 4152 2881 4195 eum
2951 4137 3165 4209 dapifer
3226 4140 3476 4198 invenire
3534 4143 3838 4213 potuisset,

447 4214 655 4271 faciunt
684 4221 741 4270 et
767 4214 1002 4270 assiduis
1031 4214 1376 4271 orationibus
1405 4215 1710 4281 eradicant,
1746 4230 1813 4272 eo
1842 4215 2094 4274 fructuo-
2177 4224 2369 4281 volens
2425 4231 2485 4282 ut
2521 4226 2615 4282 ille
2673 4241 2773 4299 per
2808 4241 2961 4284 suam
3008 4227 3334 4285 industriam
3372 4229 3627 4300 quolibet
3665 4233 3842 4290 modo

448 4305 563 4361 sius
609 4306 665 4361 in
696 4318 762 4361 eo
822 4303 1222 4376 germinabant,
1280 4318 1389 4375 quo
1448 4319 1542 4361 eas
1589 4320 1690 4361 nec
1728 4306 1869 4376 ipse,
1900 4313 2092 4377 utp0te
2176 4314 2524 4385 perquireret
2561 4316 2709 4386 quod
2757 4317 2827 4373 ad
2870 4331 3112 4374 mensam
3141 4318 3247 4375 sibi
3286 4319 3550 4377 decenter
3588 4335 3842 4392 appone-

446 4396 571 4468 igne
602 4395 794 4466 prima
816 4394 1123 4464 juventutis
1169 4393 1491 4449 ardescens
1516 4400 1573 4451 et
1611 4395 1767 4466 regni
1798 4395 1958 4452 luxus
1996 4397 2093 4453 de-
2175 4408 2275 4457 ret.
2309 4402 2415 4458 Sed
2454 4403 2547 4460 ille
2588 4410 2876 4475 postquam
2915 4404 3199 4464 dominum
3218 4421 3378 4464 suum
3407 4408 3503 4465 diu
3532 4412 3840 4479 quaesitum

444 4484 588 4542 liciis
615 4484 866 4550 aﬂIuens,
898 4484 967 4538 ab
1015 4497 1147 4554 agro
1196 4483 1281 4538 sui
1332 4483 1518 4539 cordis
1547 4483 1833 4549 evellebat,
1868 4499 1969 4541 nec
1998 4491 2394 4574 easDtandem
2443 4492 2499 4547 in
2547 4492 2757 4562 capella
2825 4493 3080 4563 quadam,
3132 4509 3243 4565 quo
3309 4495 3656 4569 confugerat,
3708 4513 3838 4558 esse.

441 4574 642 4646 aliquis
688 4575 757 4630 ab
814 4587 903 4641 eo,
951 4587 1078 4645 rege
1108 4572 1366 4629 videlicet
1396 4574 1700 4630 monitores
1737 4572 2135 4644 aspernantef
2173 4580 2451 4649 cognovit,
2493 4580 2561 4637 ad
2610 4580 2849 4637 hostium
2889 4582 3116 4652 capella
3155 4584 3524 4642 confidentius
3577 4586 3837 4656 pulsans,

440 4664 746 4735 exstirpare
776 4664 815 4693 ¹²
843 4661 991 4718 ferro
1022 4661 1395 4732 correptionis
1423 4661 1681 4718 audebat.
2168 4682 2228 4724 se
2275 4669 2570 4726 intromitti
2623 4670 2938 4740 postulavit.
2984 4673 3152 4742 Cujus
3198 4687 3388 4730 vocem
3427 4680 3491 4731 ut
3527 4676 3841 4747 episcOpus

509 4754 563 4811 2.
626 4756 756 4810 Erat
808 4752 1004 4809 eodem
1052 4758 1301 4823 tempore
1346 4753 1655 4809 Bremensis
1686 4754 1883 4825 prasul
1914 4755 2084 4812 Adal-
2169 4760 2409 4829 agnovit,
2459 4759 2644 4817 subito
2700 4775 2759 4817 se
2816 4760 2871 4816 in
2930 4767 3131 4819 terram
3173 4763 3331 4832 quasi
3389 4764 3447 4820 in
3515 4766 3838 4824 orationem

446 4842 638 4899 bertus
667 4843 727 4911 ¹³,
761 4842 841 4897 sic
889 4841 1058 4912 typho
1094 4839 1131 4871 η
1177 4840 1452 4910 superbia
1492 4841 1764 4912 turgidus,
1807 4848 1866 4898 ut
1895 4856 1997 4900 nec
2028 4846 2083 4901 in
2168 4848 2485 4918 prostravit.
2546 4847 2642 4904 Ille
2712 4849 3013 4920 ingressus,
3048 4857 3107 4906 ut
3167 4865 3291 4907 eum
3354 4853 3632 4922 jacentem
3690 4869 3838 4912 con-

438 4933 674 4991 seculari
728 4932 1018 4989 nobilitate
1097 4946 1199 4987 nec
1274 4932 1330 4987 in
1414 4937 1602 4988 sancta
1667 4935 2083 4992 conversatione
2166 4937 2367 5007 spexit,
2394 4944 2451 4994 et
2484 4951 2606 4993 eum
2654 4951 2757 4993 nec
2805 4940 2942 4995 tussi
2974 4952 3075 4996 nec
3104 4946 3322 4997 screatu
3361 4942 3577 5014 erigere
3617 4946 3834 5014 potuit,

438 5036 770 5095 quemquam
825 5027 1044 5091 putaret
1098 5020 1205 5076 sibi
1237 5019 1524 5091 aqualem.
1582 5022 1705 5090 Ipse
1750 5036 1873 5078 eum
1903 5023 1959 5079 in
1989 5024 2086 5082 ali-
2171 5026 2394 5082 tandem
2433 5041 2555 5082 sese
2588 5028 2743 5097 juxta
2799 5029 3118 5099 episcopum
3157 5029 3304 5085 velut
3368 5030 3529 5087 simul
3561 5039 3839 5090 oraturus

438 5127 548 5183 qua
603 5125 813 5168 summa
868 5109 1163 5167 festivitate
1210 5108 1485 5180 publicam
1533 5109 1753 5166 missam
1781 5125 1912 5183 rege
1942 5127 2084 5183 pra-
2166 5116 2435 5184 extendit,
2493 5123 2549 5172 et
2605 5118 2656 5172 ei
2721 5117 2776 5172 in
2834 5117 3134 5175 auriculam
3191 5118 3423 5191 loquens
3485 5141 3497 5176 :
3562 5141 3593 5173 (ι
3633 5125 3837 5192 Orate,

1797 5229 2022 5286 VARI/ﬂ
2060 5232 2445 5288 LECTIONES.

508 5345 849 5427 fcausaled.
914 5344 945 5427 _'
974 5341 1450 5427 faustutumultus
1684 5343 1905 5427 civitate
1951 5345 1998 5427 ξι
2073 5345 2094 5378 ⁹
2124 5361 2220 5427 ss,
2277 5346 2324 5403 ι.
2394 5347 2447 5427 _'°
2476 5347 2560 5427 ita
2592 5351 2839 5427 corrige,-
2889 5352 3129 5427 cf._cap.
3168 5350 3252 5427 li.
3287 5367 3362 5427 qag
3391 5352 3440 5409 ι.
3486 5357 3831 5427 (ιιιθωίαίἀ.

434 5419 528 5498 sed
563 5418 812 5498 via‘vita
848 5420 925 5498 est
952 5416 1065 5498 “via
1111 5414 1323 5498 salutis.
1403 5415 1440 5498 ’f
1498 5414 1785 5498 livid‘lpuAm
1842 5416 1888 5473 l.
1926 5418 1999 5498 _"
2046 5420 2323 5498 extirpare
2394 5420 2443 5498 I.
2510 5419 2561 5498 _"
2598 5423 2695 5491 ita,
2724 5414 3163 5498 ueladelber'tus
3197 5414 3371 5498 I._"‘
3408 5414 3540 5498 typ'o
3579 5428 3628 5483 l.
3666 5414 3741 5484 1⁸.

436 5440 528 5474 ὕεα
565 5440 649 5475 VIa
679 5440 803 5476 VIW
848 5440 925 5474 εδι
982 5440 1065 5473 VIa
1111 5440 1323 5472 saluus.
1406 5440 1440 5445 "
1498 5440 1785 5475 uuumum
1842 5440 1888 5473 ι.
1962 5440 1998 5449 ”
2046 5440 2323 5490 exurpare
2395 5440 2443 5474 ι.
2522 5440 2561 5453 ⁸*
2598 5440 2695 5491 ua,
2724 5440 2806 5478 vel
2845 5440 3163 5481 auemertus
3205 5440 3252 5481 ι.
3334 5440 3371 5455 "
3408 5440 3429 5480 ι
3468 5440 3540 5498 p0
3579 5440 3628 5483 ι.
3666 5440 3741 5484 ιν.

436 5490 475 5521 ’⁵
506 5488 695 5570 οηί,2;
776 5487 814 5521 ¹⁶
843 5488 1078 5544 immisse
1124 5485 1171 5542 Ῑο
1252 5486 1289 5519 ¹⁷
1337 5487 1464 5557 ‘Illia
1510 5488 1555 5542 Ῑ·
1635 5485 1673 5518 ’⁸
1708 5488 1877 5555 Quam
1924 5488 1970 5545 Ι.
2055 5488 2093 5521 "
2131 5492 2207 5547 ita
2234 5492 2609 5549 emendandum
2638 5509 2752 5550 esse
2779 5494 3003 5552 videtur.
3035 5510 3159 5552 cum
3196 5495 3216 5550 l
3252 5496 3394 5552 deest
3429 5440 3485 5551 Ib
3560 5498 3604 5529 ὀ
3632 5499 3826 5570 ίωρο-

434 5566 631 5619 nerent
678 5563 723 5617 l.
