4014 6176
195 297 288 355 493

1478 298 1565 353 DE
1602 296 1815 353 BELLO
1851 298 2067 355 SAXON
2071 299 2199 356 1C0.

3421 313 3529 369 494

195 422 330 489 dixit,
391 423 446 477 ut
479 418 637 508 vobis
688 418 853 476 hodie
918 420 990 477 sit
1045 421 1194 493 quod
1251 420 1621 490 manducetis;
1663 419 1936 491 quiaAut
1972 429 2099 494 post
2136 424 2356 495 nuptias
2375 422 2682 482 celebratas
2706 440 2823 482 eam
2861 434 3059 498 sponte
3100 444 3199 488 sua
3225 446 3522 508 numquam

186 511 399 568 nondum
461 507 774 579 quicquam,
836 509 985 579 quod
1038 510 1270 568 honeste
1328 524 1495 581 super
1550 522 1794 565 mensam

190 604 394 657 vestram
454 604 712 667 ponatur,
769 598 1005 656 habetis.
1076 621 1102 651 ι
1169 600 1495 671 Episcopus-
1522 599 1671 655 velut
1725 598 1794 653 ab

187 688 335 745 extasi
394 690 617 756 repente
673 686 1088 759 expergefactus
1137 708 1153 745 :
1217 706 1245 740 «
1296 687 1456 756 Quid,
1516 688 1611 754 ait,
1652 685 1797 743 stul-

185 776 384 842 tissime,
449 773 650 842 fecisti,
712 776 808 845 qui
865 791 952 832 me
1007 791 1039 833 a
1093 776 1372 847 colloquio
1410 776 1507 832 Dei
1562 781 1796 831 temera-

182 866 280 921 rius
336 864 649 920 abstulisti?
712 865 788 933 Si,
857 865 1005 936 quod
1080 865 1249 922 frater
1322 865 1790 922 Transmandus“

176 954 339 1010 videre
392 954 611 1020 meruit,
676 959 735 1010 tu
799 954 1052 1022 vidisses,
1112 969 1407 1026 numquam
1464 954 1631 1011 michi
1688 966 1794 1025 po-

179 1043 269 1098 sito
305 1043 358 1097 in
396 1042 742 1099 orationibus
770 1044 1295 1115 appropinquasses.
1333 1064 1360 1093 ι
1393 1044 1493 1100 Ille
1524 1049 1706 1100 autem
1737 1042 1793 1098 in

175 1144 395 1204 presens
411 1132 624 1201 aderat,
647 1137 703 1189 et
723 1132 852 1203 quia
876 1132 1004 1189 talia
1025 1133 1247 1190 videbat
1267 1135 1532 1205 episcopo
1553 1132 1793 1204 placere,

173 1221 374 1292 angelos
399 1236 523 1277 cum
562 1235 628 1278 eo
660 1221 951 1293 loquentes
986 1222 1044 1278 in
1074 1223 1325 1279 oratione
1363 1237 1422 1279 se
1446 1223 1558 1293 jam
1588 1222 1793 1279 dudum

171 1310 363 1366 dixerat
380 1310 607 1367 vidisse.
632 1311 757 1367 Erat
779 1316 961 1367 autem
991 1312 1109 1382 ipse
1131 1312 1315 1383 pictor
1334 1312 1403 1368 ab
1423 1311 1597 1367 Italia.

230 1398 280 1452 5.
318 1400 414 1455 Hic
445 1398 617 1471 igitur
656 1400 952 1472 episcopus
980 1400 1074 1456 ubi
1119 1416 1303 1473 regem
1339 1399 1489 1457 velut
1527 1398 1795 1456 infrenem

168 1501 347 1558 equum
385 1502 487 1557 per
524 1488 756 1558 abrupta
804 1489 1133 1561 ﬂagitiorum
1183 1504 1345 1546 ruere
1372 1488 1530 1556 vidit,
1581 1489 1701 1559 ejus
1737 1502 1797 1544 se

1876 511 2089 570 videret
2122 513 2249 586 (21),
2282 514 2409 586 quia
2431 515 2475 547 ’³
2513 522 2567 572 et
2598 517 2743 587 ipsas
2772 518 2993 588 nuptias
3036 532 3146 576 non
3185 531 3383 594 sponte
3427 541 3524 583 sua

1876 600 2267 659 celebraverat.
2320 606 2461 675 Ergo
2502 605 2687 661 multis
2733 606 2912 662 modis
2955 622 3071 664 eam
3102 623 3133 665 a
3171 624 3230 666 se
3264 626 3520 682 separare

1877 690 2181 757 quierebat,
2218 697 2275 746 ut
2303 698 2435 747 tunc
2457 692 2612 763 quasi
2654 692 2885 750 licenter
2916 695 3107 752 illicita
3137 697 3361 767 faceret,
3395 716 3517 758 cum

1877 773 2003 843 hoc,
2036 779 2184 847 quod
2209 779 2428 847 licebat,
2460 782 2774 852 conjugium
2807 796 2916 839 non
2945 784 3194 843 haberet.

1944 865 1999 920 7.
2048 867 2295 938 Denique
2326 869 2541 926 cuidam
2573 871 2641 926 de
2688 872 2804 926 suis
2840 871 3217 942 familiaribus,
3267 882 3328 933 ut
3365 884 3517 949 pete-

1876 959 1959 1009 ret
2006 956 2212 1026 reginae
2277 959 2652 1026 concubitum,
2710 963 2996 1032 praecepit,
3056 978 3419 1037 magnumque
3468 967 3519 1023 ei

1877 1044 2184 1112 praemium,
2217 1045 2264 1100 si
2295 1045 2569 1116 potiretur
2598 1061 2685 1114 eo,
2718 1050 2992 1119 promisit,
3027 1053 3175 1123 quod
3213 1053 3341 1110 inde
3372 1054 3519 1112 illam

1875 1144 1987 1187 non
2035 1139 2352 1204 negaturam
2393 1136 2672 1205 sperabat,
2723 1138 2851 1207 quia
2874 1140 3188 1210 juvencula,
3228 1144 3398 1200 virum
3432 1158 3524 1200 ex-

1879 1226 2052 1292 perta,
2106 1223 2215 1294 jam
2257 1222 2413 1293 quasi
2455 1224 2673 1280 deserta
2702 1226 2941 1284 videbat.
2985 1231 3193 1302 Regina
3241 1247 3370 1289 vero
3422 1235 3524 1290 sub

1878 1310 2117 1367 femineo
2165 1326 2400 1383 corpore
2440 1327 2539 1368 cor
2592 1313 2804 1369 habens
2859 1317 3035 1385 virile,
3077 1320 3259 1376 statim
3309 1321 3377 1377 de
3417 1335 3529 1394 quo

1876 1399 2029 1455 ionte
2086 1401 2377 1456 consilium
2432 1401 2538 1457 hoc
2596 1412 2874 1460 emanaret
2905 1405 3196 1463 intellexit.
3240 1410 3305 1465 Et
3346 1412 3525 1480 primo

1879 1489 2102 1559 quidem
2128 1490 2282 1546 velut
2312 1491 2593 1563 indignata
2615 1492 2871 1563 negavit;
2913 1494 3009 1551 sed
3049 1495 3192 1552 sicut
3230 1497 3323 1554 ille
3362 1499 3529 1570 perti-

168 1575 308 1632 lateri
334 1575 680 1633 familiariter
707 1578 1007 1650 adjungere
1047 1579 1345 1649 quaesivit:
1388 1591 1500 1634 non
1539 1581 1600 1633 ut
1628 1577 1799 1633 vitio-
1881 1580 2112 1648 naciter,
2171 1581 2314 1637 sicut
2364 1581 2679 1652 praedoctus
2717 1589 2854 1649 erat,
2889 1583 3141 1653 instaret,
3182 1587 3331 1657 quod
3371 1602 3530 1660 roga-

164 1679 268 1720 rum
295 1665 501 1735 spinas,
545 1681 668 1736 quae
704 1665 921 1723 fuerant
950 1674 1108 1734 ortae,
1142 1680 1304 1723 manu
1353 1681 1560 1723 severae
1599 1671 1795 1722 aucto-
1882 1668 2064 1738 batur,
2106 1682 2201 1725 ore
2242 1675 2450 1726 tantum
2490 1671 2762 1741 promisit.
2814 1670 2910 1727 ille
2949 1673 3383 1742 gratulabundus
3412 1691 3525 1732 rem

166 1752 324 1809 ritatis
362 1755 633 1811 radicitus
661 1763 900 1824 erueret,
942 1762 997 1812 et
1025 1757 1286 1813 virtutum
1316 1757 1526 1812 semina
1571 1744 1861 1827 episco-B
1882 1757 1998 1829 regi
2030 1758 2265 1827 nuntiat,
2299 1765 2354 1815 et
2397 1758 2586 1815 horam
2619 1775 2724 1830 qua
2756 1760 3090 1831 perficienda
3120 1765 3266 1818 esset
3296 1762 3522 1821 indicat.

163 1842 259 1913 pali
287 1844 688 1914 praedicatione
718 1845 1012 1915 plantaret,
1044 1847 1142 1902 sed
1183 1851 1242 1902 ut
1270 1846 1516 1917 germina
1534 1844 1792 1901 vitiorum

160 1931 478 1989 adulationis
526 1947 667 2004 aqua
716 1934 941 2006 rigaret,
985 1940 1041 1990 et
1078 1935 1124 1990 si
1165 1949 1289 2005 quae
1318 1936 1577 1990 virtutum
1608 1932 1794 2006 fruges

159 2028 513 2092 emergerem,
563 2024 926 2079 amaritudine
966 2025 1209 2094 perversi
1267 2023 1539 2096 dogmatis
1589 2037 1791 2080 eneca-

155 2115 245 2165 ret.
284 2113 480 2183 Neque
512 2113 656 2168 enim
678 2118 737 2169 ut
766 2119 913 2181 ante,
946 2114 1074 2170 dum
1104 2115 1437 2185 perpetratis
1455 2112 1796 2171 facinoribus

154 2207 378 2267 caveret,
415 2217 543 2258 cum
581 2202 750 2259 Tobia
781 2204 1037 2260 dicebat:
1076 2225 1103 2253 ι
1133 2205 1367 2261 Attende
1400 2205 1498 2260 tibi
1538 2205 1605 2260 ab
1645 2204 1794 2261 omni

146 2287 532 2359 fornicatione,
575 2297 629 2347 et
684 2293 833 2348 omni
889 2298 1139 2363 tempore
1194 2294 1430 2350 benedic
1487 2295 1676 2360 Deum,
1739 2298 1797 2347 et

142 2384 258 2449 pete
286 2379 360 2435 ab
393 2394 467 2436 eo
498 2386 559 2435 ut
586 2381 700 2436 vias
728 2386 850 2436 tuas
888 2381 1085 2453 dirigat
1113 2402 1127 2447 ;
1180 2398 1209 2435 »
1249 2395 1353 2437 nec
1392 2388 1451 2436 ut
1479 2387 1795 2452 perpetrata

138 2464 376 2525 lacrimis
438 2468 783 2538 poenitentia:
830 2468 1054 2537 lavaret,
1100 2484 1222 2525 cum
1264 2469 1477 2526 Nathan
1515 2471 1616 2525 sub
1651 2470 1797 2526 vela-

140 2561 325 2613 mento
380 2556 668 2626 parabolae
716 2556 921 2613 ferrum
970 2557 1369 2628 increpationis
1397 2559 1654 2628 portavit,
1686 2572 1796 2628 quo

134 2644 317 2701 ulcere
387 2645 600 2701 mentis
655 2652 883 2716 repente
930 2659 1196 2717 percusso
1247 2646 1604 2703 conscientiae
1652 2646 1799 2701 virus

137 2731 428 2801 efﬂueret;
466 2734 568 2790 sed
597 2733 747 2791 velut
767 2735 1131 2806 apostolicum
1162 2734 1326 2790 dabat
1347 2736 1397 2791 ei
1426 2739 1795 2806 praeceptum:

139 2840 165 2872 (ι
201 2824 307 2879 Fac
349 2822 551 2879 omnia
589 2838 714 2894 quae
756 2823 974 2894 placent
1013 2823 1209 2879 animae
1262 2831 1409 2891 tuae;
1458 2824 1564 2879 hoc
1620 2822 1797 2880 solum

1878 1847 1993 1902 Rex
2030 1861 2160 1903 vero
2218 1848 2378 1903 laetus
2433 1848 2501 1904 ad
2559 1847 2870 1904 cubiculum
2920 1849 3125 1920 regina:
3181 1850 3341 1907 simul
3399 1865 3523 1909 cum

1874 1922 2125 1992 adultéro
2157 1936 2356 2008 pergit,
2403 1942 2464 1992 ut
2508 1936 2636 1992 dum
2668 1950 2764 1993 eos
2794 1938 3002 2008 pariter
3030 1940 3374 1997 commisceri
3404 1942 3524 2013 ipse

1874 2024 2108 2093 videret,
2141 2040 2259 2082 eam
2309 2041 2339 2081 a
2379 2041 2480 2082 suo
2519 2027 2778 2097 conjugio
2828 2027 3077 2099 legaliter
3121 2030 3407 2100 abjiceret,
3441 2030 3524 2087 vel

1876 2113 2061 2181 etiam,
2130 2114 2278 2184 quod
2345 2114 2518 2185 magis
2582 2114 2820 2181 volebat,
2880 2115 3180 2173 occideret.
3245 2118 3351 2173 Sed
3400 2132 3523 2174 cum

1876 2202 2095 2258 adulter
2122 2203 2190 2258 ad
2232 2202 2473 2259 hostium
2505 2204 2712 2274 reginae
2744 2202 3006 2274 pulsaret,
3048 2213 3104 2261 et
3133 2205 3239 2262 hoc
3260 2206 3353 2262 illa
3380 2207 3527 2263 velo-

1877 2290 2017 2347 citer
2054 2289 2098 2323 "
2154 2291 2417 2362 aperiret,
2458 2306 2554 2347 rex
2611 2292 2830 2358 timens,
2872 2305 2963 2361 ne,
3025 2292 3121 2348 illo
3178 2294 3334 2363 prius
3379 2295 3527 2351 intro

1877 2381 2066 2448 misso,
2107 2381 2225 2451 ipse
2266 2381 2675 2448 excluderetur,
2727 2380 2928 2436 ostium
2986 2381 3239 2438 concitus
3302 2381 3523 2452 irrupit.

1876 2470 2044 2537 Quem
2085 2471 2274 2541 regina
2329 2484 2655 2541 agnoscens,
2697 2469 2951 2525 adultero
3009 2469 3145 2526 foris
3182 2470 3399 2537 relicto,
3443 2473 3526 2542 ja-

1878 2571 2040 2613 nuam
2080 2559 2343 2614 citissime
2372 2559 2589 2626 clausit,
2614 2565 2670 2614 et
2697 2557 2813 2614 suis
2842 2558 3147 2629 virginibus
3176 2560 3516 2628 convocatis,

1880 2659 2002 2699 eum
2033 2646 2271 2700 scamnis
2322 2652 2377 2701 et
2424 2646 2655 2715 baculis,
2706 2662 2829 2727 quae
2858 2661 3007 2703 arma
3046 2647 3114 2703 ad
3154 2648 3260 2705 hoc
3290 2648 3527 2721 college-

1879 2739 1966 2789 rat
2001 2732 2065 2801 ³⁸,
2120 2734 2176 2789 in
2237 2740 2447 2791 tantum
2501 2735 2828 2802 verberavit,
2889 2740 2949 2791 ut
2987 2751 3110 2792 cum
3167 2738 3524 2795 semianimen

1879 2822 2261 2894 relinqueret:
2330 2845 2358 2875 «
2416 2824 2517 2879 Fili
2567 2825 2893 2891 meretricis,
2926 2824 3105 2895 inquit
3133 2825 3193 2892 “,
3250 2826 3393 2883 unde
3424 2826 3525 2884 tibi

142 2910 465 2978 observans,
512 2916 573 2966 ut
610 2912 668 2967 in
709 2911 799 2967 die
840 2917 949 2968 tua:
987 2912 1182 2968 mortis
1218 2911 1275 2966 in
1316 2916 1466 2966 recta
1503 2910 1609 2967 ﬂde
1648 2911 1799 2966 inve-
1880 2912 1999 2967 haec
2056 2912 2306 2979 audacia,
2351 2919 2409 2967 ut
2437 2913 2477 2944 ’⁷
2525 2914 2752 2985 reginae,
2803 2928 2927 2983 quae
2974 2911 3330 2971 fortissimum
3361 2916 3527 2972 habet

137 3001 332 3070 niaris;
369 3020 400 3055 η
459 3015 588 3057 cum
635 3001 918 3070 Scriptura
948 3000 1134 3056 dicat:
1171 3020 1198 3052 «
1239 3002 1369 3056 Post
1398 3000 1799 3070 concupiscen-
1879 3000 2155 3067 maritum,
2206 3015 2463 3071 sperares
2512 3000 2828 3057 adulteria?
2866 3020 2895 3053 »
2936 3000 3034 3057 Ille
3072 3002 3269 3058 clamat
3305 3018 3365 3059 se
3404 3019 3525 3061 esse

138 3087 233 3144 tias
269 3095 399 3145 tuas
430 3103 551 3146 non
582 3103 695 3155 eas,
730 3107 758 3141 »
800 3095 855 3145 et
885 3103 1140 3145 rursum:
1177 3108 1206 3141 «
1234 3090 1354 3146 Non
1384 3089 1624 3144 semines
1651 3071 1856 3147 malaC‘
1878 3090 2214 3156 Heinricum,
2257 3105 2316 3146 se
2355 3104 2474 3146 esse
2514 3090 2688 3160 ipsius
2725 3090 2999 3158 maritum,
3030 3104 3089 3147 se
3120 3091 3358 3149 voluisse
3395 3093 3527 3165 legi-

138 3176 187 3232 iu
213 3178 387 3235 sulcis
427 3179 747 3248 injustitim,
788 3184 843 3233 et
879 3191 991 3233 non
1021 3182 1195 3234 metes
1224 3191 1287 3234 ea
1316 3178 1375 3233 in
1403 3178 1735 3247 septuplum.
1765 3196 1793 3231 »
1878 3179 2068 3234 timum
2102 3180 2221 3249 ejus
2240 3180 2617 3236 concubitum.
2649 3179 2748 3235 Illa
2778 3179 3059 3248 reclamat,
3092 3180 3239 3237 hunc
3268 3196 3379 3238 non
3404 3198 3524 3239 esse

142 3265 228 3323 ille
255 3282 390 3324 vero
422 3268 508 3323 ita
543 3267 798 3336 docebat,
840 3267 996 3338 quasi
1026 3267 1098 3322 sit
1141 3267 1201 3322 in
1230 3265 1470 3323 hominis
1498 3271 1790 3338 potestate,
1876 3268 2152 3335 maritum,
2186 3268 2280 3338 qui
2319 3267 2577 3324 furtivum
2616 3269 2906 3338 quaesisset
2934 3268 3303 3337 adulterium;
3336 3272 3383 3327 si
3413 3286 3527 3327 ma-

137 3352 186 3409 in
215 3370 320 3412 una
371 3356 523 3413 hora
583 3362 794 3413 mutare
842 3357 1006 3412 vitam
1047 3369 1220 3421 suam,
1272 3369 1394 3411 cum
1445 3355 1791 3426 proverbium
1878 3359 2017 3412 ritus
2069 3362 2236 3425 esset,
2285 3371 2385 3412 cur
2422 3371 2533 3413 non
2582 3363 2771 3426 aperte
2810 3356 2878 3411 ad
2917 3372 3074 3412 suum
3114 3359 3333 3413 thorum
3374 3373 3528 3415 acce-

136 3443 232 3499 sit:
270 3465 297 3495 ι
318 3446 679 3503 Adolescens
694 3448 850 3515 juxta
874 3446 1013 3500 viam
1045 3459 1199 3501 suam
1221 3444 1384 3500 etiam
1412 3458 1579 3514 quum
1599 3456 1796 3499 senue-
1878 3444 2078 3502 deret?
2113 3446 2303 3515 Itaque
2342 3460 2482 3515 pene
2522 3459 2695 3514 usque
2734 3445 2802 3499 ad
2843 3450 3074 3501 mortem
3105 3459 3423 3513 percussum
3456 3446 3525 3502 de

135 3531 215 3601 rit,
246 3548 359 3593 non
395 3535 639 3593 recedet
676 3536 744 3591 ab
784 3550 867 3602 ea,
904 3554 930 3586 »
972 3539 1027 3591 et
1061 3554 1073 3589 :
1118 3552 1146 3585 «
1185 3533 1421 3589 Odorem
1443 3545 1605 3603 quam
1626 3530 1795 3587 semel
1879 3533 2137 3589 cubiculo
2168 3533 2351 3602 ejecit,
2385 3532 2639 3601 ostioque
2679 3531 2868 3585 clauso
2890 3530 3092 3586 lectum
3121 3546 3279 3587 suum
3310 3532 3521 3601 petivit.

135 3621 407 3682 imbiberit
428 3638 644 3682 recens
673 3630 833 3691 testa,
865 3624 959 3679 diu
994 3622 1235 3680 servabit
1278 3620 1569 3693 (Housm).
1612 3640 1641 3671 »
1682 3621 1797 3675 Hac
1877 3621 1975 3678 Ille
2014 3619 2148 3692 quid
2196 3620 2303 3675 sibi
2360 3618 2674 3685 accidisset,
2715 3616 2850 3673 nulli
2899 3631 3065 3673 ausus
3104 3625 3188 3673 est
3230 3619 3522 3685 confiteri;

122 3709 289 3782 igitur
316 3715 594 3786 episcopi
623 3728 735 3771 non
765 3711 1067 3783 episcopali
1097 3710 1352 3766 doctrina
1382 3724 1477 3765 rex
1507 3710 1562 3764 iu
1594 3707 1795 3778 nequi-
1878 3711 1976 3768 sed
2008 3708 2391 3780 aegritudinem
2412 3707 2570 3763 aliam
2610 3705 2895 3773 simulans,
2926 3706 3199 3777 integrum
3230 3706 3345 3765 fere
3376 3723 3525 3764 men-

130 3798 198 3855 tia
250 3803 641 3871 confortatus,
709 3803 807 3858 ivit
872 3816 973 3871 per
1036 3799 1327 3855 libidinum
1368 3800 1409 3829 ²²
1465 3797 1794 3869 praecipitia,
1878 3815 1994 3858 sem
2019 3798 2194 3870 jacuit
2232 3795 2286 3851 in
2319 3810 2420 3853 suo
2450 3795 2641 3867 cubili.
2673 3795 2772 3850 Illa
2819 3796 2965 3856 enim
3022 3809 3131 3852 non
3173 3798 3362 3867 capiti,
3413 3811 3525 3855 non

131 3888 263 3948 sicut
300 3909 490 3965 equus
537 3898 599 3949 et
637 3893 816 3948 mulus
855 3891 1059 3962 quibus
1089 3903 1200 3946 non
1233 3893 1317 3945 est
1356 3887 1709 3955 intellectus;
1743 3890 1799 3942 et
1877 3888 2055 3946 ventri
2112 3890 2458 3958 pepercerat,
2517 3885 2614 3940 sed
2672 3889 2847 3941 totum
2904 3899 3108 3954 corpus
3146 3886 3360 3957 integra
3399 3892 3526 3943 cute

131 3981 216 4048 qui
263 3984 593 4041 multorum
636 3996 735 4038 rex
771 3987 890 4037 erat
928 3980 1280 4052 p0pulorum,
1322 3979 1581 4034 thronum
1612 3976 1799 4048 posuit
1879 3976 2226 4035 contuderat.
2257 3975 2358 4043 Qui
2390 3978 2679 4045 postquam
2710 3973 3007 4041 convaluit,
3049 3976 3296 4044 quamvis
3324 3977 3528 4035 acriter

129 4064 178 4121 in
212 4084 271 4126 se
308 4071 579 4138 libidini,
622 4074 943 4126 cunctorum
974 4068 1181 4139 regina:
1210 4067 1488 4122 vitiorum.
1878 4071 2192 4136 correptus,
2224 4063 2449 4134 antiqua
2487 4063 2692 4133 ﬂagitia
2720 4077 2818 4118 sua
2858 4075 2968 4119 non
3008 4063 3272 4121 deseruit.

189 4159 240 4214 6.
300 4163 478 4218 Binas
528 4161 625 4216 vel
682 4164 870 4216 ternas
924 4157 1086 4221 simul
1145 4156 1481 4213 concubinas
1518 4154 1791 4224 habebat;
1950 4155 2003 4212 8.
2055 4155 2111 4211 Si
2160 4168 2268 4224 qua
2315 4166 2500 4208 coram
2540 4166 2606 4208 eo
2636 4151 2916 4222 querelam
2947 4152 3016 4208 de
3051 4154 3297 4223 qualibet
3326 4155 3527 4225 injuria

130 4258 222 4303 nec
256 4248 348 4305 bis
406 4254 748 4316 contentus,
788 4249 1183 4318 cujuscumque
1224 4245 1387 4300 ﬂliam
1445 4243 1529 4301 vel
1569 4257 1795 4300 uxorem
1878 4244 2120 4310 fecisset,
2144 4248 2200 4298 et
2228 4242 2296 4298 ab
2327 4242 2448 4311 ejus
2486 4241 2635 4311 regia
2667 4244 2938 4310 potestate
2976 4240 3081 4294 sibi
3107 4243 3375 4311 justitiam
3405 4244 3524 4299 fieri

122 4336 371 4404 juvenem
412 4346 475 4397 et
518 4337 826 4395 formosam
865 4336 1134 4401 audierat,
1177 4334 1223 4389 si
1272 4333 1461 4389 seduci
1492 4347 1604 4389 non
1630 4338 1827 4404 pote-7
1880 4332 2234 4404 postulasset,
2284 4330 2332 4385 si
2377 4329 2527 4385 illius
2574 4328 2804 4383 insaniae
2853 4334 2986 4382 aetas
3037 4329 3156 4396 ejus
3185 4334 3240 4384 et
3270 4329 3312 4359 ’⁸
3348 4327 3525 4385 forma

129 4403 224 4493 rat,
273 4430 386 4485 sibi
448 4426 744 4485 violenter
789 4424 990 4481 adduci
1048 4423 1425 4495 praecipiebat.
1483 4403 2154 4493 Aliquaiidonlacebat,
2197 4433 2298 4490 pro
2323 4418 2561 4489 justitia,
2584 4430 2746 4488 quam
2779 4414 3020 4486 petebat,
3045 4415 3368 4485 injustitiam
3391 4417 3526 4472 mul-

124 4516 280 4573 etiam
319 4519 451 4589 ipse
480 4529 609 4574 uno
634 4517 747 4571 sive
785 4514 1003 4571 duobus
1032 4513 1345 4579 comitatus,
1378 4509 1473 4566 ubi
1504 4511 1641 4567 tales
1678 4525 1798 4567 esse
1881 4510 2126 4580 tiplicem
2157 4507 2495 4578 reportabat.
2526 4507 2659 4562 Nam
2690 4509 2979 4576 postquam
3018 4504 3136 4575 ipse
3162 4505 3217 4561 in
3248 4520 3311 4561 ea
3340 4520 3529 4576 quam-

125 4612 488 4677 cognoverat,
526 4608 592 4662 iu
620 4609 788 4661 nocte
819 4602 1117 4674 pergebat;
1153 4606 1209 4656 et
1237 4599 1533 4671 aliquando
1572 4600 1684 4655 voti
1715 4600 1800 4654 sui
1883 4600 1979 4656 diu
2009 4597 2216 4669 placuit
2236 4595 2525 4651 libidinem
2554 4608 2704 4649 suam
2728 4593 2993 4663 implevit,
3020 4592 3184 4649 alicui
3215 4594 3283 4650 de
3313 4593 3532 4651 famulis

123 4695 244 4752 mali
282 4711 540 4768 compos
593 4691 849 4761 efﬁcitur,
881 4690 1177 4763 aliquando
1207 4703 1337 4746 vero
1367 4690 1454 4745 vix
1484 4689 1798 4761 eﬂ‘ugiehat,
1883 4687 1999 4743 suis
2036 4700 2154 4742 eam
2179 4684 2328 4741 velut
2358 4697 2583 4739 uxorem
2618 4682 2791 4739 dedit.
2822 4683 2903 4737 Ita
2925 4681 3138 4737 nobiles
3165 4682 3223 4736 in
3252 4682 3354 4738 hac
3384 4688 3531 4740 terra

126 4794 189 4837 ne
242 4799 274 4839 a
332 4783 687 4856 parentibus
745 4785 939 4837 amatae
994 4780 1109 4835 sive
1166 4779 1362 4834 marito
1422 4776 1795 4834 occideretur.
1884 4776 2163 4842 mulieres,
2212 4774 2329 4845 ipse
2361 4773 2514 4843 prius
2544 4773 2625 4827 eis
2654 4771 2893 4841 turpiter
2920 4770 3144 4839 abusus,
3176 4771 3361 4827 servili
3401 4785 3533 4828 con-

124 4872 359 4931 Uxorem
418 4886 618 4939 suam,
668 4884 830 4942 quam
875 4868 1115 4925 nobilem
1159 4874 1216 4923 et
1260 4867 1506 4938 pulcram
1534 4866 1802 4923 suasioni-
1880 4866 2034 4938 jugio
2091 4862 2308 4933 turpius
2372 4860 2775 4917 dehonestavit.
2836 4861 2966 4916 Haec
3023 4858 3208 4915 omnia
3247 4860 3383 4917 vidit
3440 4861 3533 4918 ille

124 4959 223 5017 bus
250 4964 596 5035 principum
634 4959 839 5016 invitus
877 4958 1127 5026 duxerat,
1160 4957 1241 5013 sic
1281 4969 1500 5014 exesam
1543 4955 1801 5024 habebat,
1885 4955 2055 5012 falsus
2092 4960 2148 5009 et
2204 4950 2399 5007 fallens
2444 4950 2742 5020 episcopus
2771 4948 2849 5015 ²⁹;
2898 4947 3054 5014 vidit,
3114 4961 3293 5018 neque
3349 4949 3535 5019 prohi-

1512 5114 1739 5170 VABLE
1783 5112 2167 5171 LECTIONES.

186 5268 225 5302 "
267 5271 352 5325 ita
401 5269 458 5324 ι.
518 5266 597 5321 Ιδ.
641 5261 993 5322 trosmaudus
1027 5262 1083 5317 2.
1159 5260 1203 5290 ²²
1230 5258 1515 5315 lividinum
1549 5257 1598 5313 1.
1629 5256 1875 5329 s¢pius._
1918 5252 2235 5329 "A_Quia_l_._r
2293 5251 2335 5282 ”
2363 5246 2721 5329 velociter}
2800 5246 2843 5329 ξξ
2880 5243 3239 5329 colligerat‘i.
3306 5216 3527 5329 “"132.

122 5315 354 5397 ἀεεείῖ
401 5315 687 5409 amitti;
699 5315 922 5391 '13.”?
935 5315 1013 5389 "tit
1041 5315 1089 5388 r.
1121 5345 1177 5401 (ι.
1210 5329 1248 5384 r.
1281 5329 1338 5384 h.
1372 5342 1445 5385 m.
1477 5344 1523 5385 s.
1557 5342 1606 5384 a.
1641 5315 1823 5383 desunt
1855 5326 1904 5383 1.
1955 5315 2057 5381 ιδῖ.
2090 5324 2236 5381 addit
2275 5338 2337 5377 ea
2364 5320 2416 5373 2.
2496 5317 2538 5349 ιο
2565 5318 2649 5374 vel
2669 5316 2722 5373 2.
2800 5317 2844 5347 ’θ
2870 5330 2921 5373 e.
2942 5315 3270 5373 Adelbertus
3306 5315 3378 5371 ιιι.
3404 5316 3458 5374 2.

1741 5464 1957 5520 NOTIE.

190 5599 287 5671 (2i
304 5616 321 5671 )
370 5601 563 5657 Auno
592 5596 807 5652 demum
844 5592 973 5648 1071
1011 5591 1176 5646 illium
1208 5603 1275 5643 ex
1305 5601 1366 5641 ea
1391 5585 1533 5640 tulit.
