4044 6180
475 309 583 363 495

1526 292 1863 349 ΒιὶυΝυΝιδ
1899 291 2165 346 ULERICI
2201 287 2803 345 MAGDEBURGENSIS

3741 290 3849 343 496

479 432 630 490 buit:
665 430 828 485 immo
876 438 976 482 sua
1017 421 1272 479 doctrina
1309 432 1456 486 eum,
1505 430 1615 486 quo
1645 416 1764 471 sine
1814 415 2013 470 timore
2041 413 2331 474 velAerat
2368 413 2625 471 celeriter
2671 412 2884 483 petivit.
2930 413 3281 469 Burchardus
3316 412 3607 469 Misnensis
3645 412 3850 483 praefe-

482 521 691 591 pudore
740 515 869 571 talia
915 512 1141 577 faceret,
1191 507 1353 565 velud
1401 503 1747 561 adhortando
1777 501 2125 559 confortavit.

479 609 713 664 Stultum
763 616 998 672 namque
1047 600 1187 655 dixit
1235 611 1378 663 esse,
1418 596 1465 650 si
1515 607 1626 649 non
1674 593 1731 647 in
1761 592 2018 649 omnibus
2044 605 2130 645 sa-

482 694 760 753 tisfaceret
789 706 904 748 suae
934 687 1228 746 desideriis
1256 683 1666 741 adolescentiae.

552 786 605 837 9.
666 782 831 838 Multa
886 786 942 835 et
989 791 1181 848 magna
1240 776 1295 830 in
1353 775 1460 829 hoc
1513 779 1716 843 genere
1769 771 1889 840 ejus
1926 769 2129 840 ﬂagitia

483 879 678 944 sponte
711 874 1003 940 praetereo,
1036 865 1166 935 quia
1213 863 1279 918 ad
1312 861 1417 917 alia
1447 860 1674 915 alterius
1703 859 1923 929 generis
1950 857 2129 928 ipsius

485 960 697 1018 scelera
724 957 964 1019 festino;
1015 955 1122 1009 hoc
1161 957 1371 1006 tantum
1401 950 1492 1005 hic
1540 949 1789 1004 ultimum
1839 947 2020 1003 locum
2050 950 2130 1001 te-

482 1052 629 1111 neat,
670 1044 816 1116 quod
847 1045 903 1098 in
934 1056 1000 1098 eo
1025 1042 1208 1111 justus
1230 1038 1403 1109 judex
1432 1037 1663 1093 inultum
1708 1050 1818 1092 non
1850 1035 2129 1104 relinquat

483 1133 545 1202 3°,
586 1129 886 1203 ignominia
939 1126 1197 1183 videlicet
1244 1139 1405 1194 quam
1452 1124 1632 1180 sorori
1663 1137 1778 1178 sua:
1814 1121 1947 1177 fecit
1975 1120 2125 1192 (22),

485 1222 632 1294 quod
691 1233 809 1275 eam
866 1217 1117 1273 manibus
1181 1214 1295 1270 suis
1351 1213 1667 1282 depressam
1713 1211 1910 1277 tenuit,
1953 1211 2130 1265 donec

486 1312 626 1368 alius
665 1324 733 1364 ex
769 1306 943 1378 ipsius
975 1308 1133 1377 jussu
1170 1309 1396 1359 coactus
1423 1301 1591 1356 fratre
1622 1307 1897 1370 przesente
1919 1313 2041 1356 cum
2066 1311 2132 1354 ea

485 1398 827 1463 concubuit;
861 1396 950 1452 cui
1000 1409 1107 1451 non
1160 1392 1367 1463 profuit
1413 1391 1560 1462 quod
1610 1390 1960 1461 imperatoris
1999 1388 2129 1455 ﬁlia,

484 1490 634 1562 quod
671 1486 847 1557 ipsius
875 1500 943 1541 ex
962 1482 1001 1515 ³³
1043 1489 1278 1553 utroque
1310 1486 1536 1551 parente
1577 1493 1737 1536 soror
1765 1480 1948 1545 unica,
1982 1477 2131 1548 quod

486 1592 644 1635 sacro
676 1576 873 1646 capitis
900 1572 1168 1629 velamine
1197 1570 1416 1627 Christo
1437 1568 1615 1624 fuerat
1635 1567 1986 1638 desponsata.

490 1729 494 1731 λ
561 1666 646 1722 10.
680 1665 785 1720 Sed
817 1662 946 1734 quia
993 1659 1229 1716 nefanda
1277 1664 1468 1729 stupra
1497 1655 1821 1712 nefandiora
1867 1668 2133 1727 generare

2210 508 2351 568 ctus,
2375 501 2541 571 hujus
2565 499 2843 557 latrocinii
2874 500 2915 530 ³⁸
2945 500 3144 556 ductor
3159 503 3547 572 nequissimus,
3579 503 3648 558 ad
3669 502 3853 559 eccle-

2209 592 2346 646 siam
2402 592 2673 661 sequitur,
2724 591 2907 660 eique,
2955 591 3003 646 si
3048 591 3180 646 velit
3224 592 3433 663 egredi,
3484 592 3635 663 quod
3684 592 3850 648 nichil

2210 679 2338 734 mali
2368 679 2608 748 patiatur
2644 680 2701 734 in
2748 694 2848 734 sua
2894 679 3002 735 ﬁde
3050 679 3365 749 pollicetur.
3404 680 3503 736 Ille
3531 682 3777 751 quamvis
3805 680 3856 736 ei

2210 769 2416 824 nullam
2464 768 2627 823 ﬁdem
2675 767 2926 835 haberet,
2959 774 3140 824 tamen
3171 770 3355 825 sciens
3381 771 3552 840 quod,
3583 771 3631 827 si
3659 775 3858 840 sponte

2211 857 2566 922 non.exiret,
2626 856 2877 913 ecclesia:
2911 871 3021 913 non
3071 865 3384 928 parcerent,
3427 859 3592 915 exivit
3629 861 3858 930 ejusque

2211 961 2271 1003 se
2327 946 2455 1002 ﬁdei
2505 947 2925 1003 commendavit.
2976 950 3143 1015 Quem
3194 948 3460 1005 ducentes
3505 950 3560 1004 in
3599 949 3860 1005 solitudi-

2213 1050 2358 1102 nem,
2398 1036 2542 1091 sicut
2572 1042 2729 1091 erant
2779 1036 2941 1106 jussi,
2992 1037 3294 1093 crudeliter
3324 1037 3757 1107 interfecerunt;
3804 1046 3859 1094 et

2213 1139 2315 1180 nec
2344 1125 2401 1179 in
2430 1125 2549 1194 ipsa
2579 1132 2755 1180 morte
2785 1126 2857 1191 ei,
2891 1140 3060 1195 quare
3091 1133 3420 1195 moreretur,
3453 1126 3856 1183 indicaverunt.
3960 1177 3964 1181 .

2213 1214 2326 1268 Nec
2383 1226 2638 1282 umquam
2706 1227 2836 1268 vere
2887 1214 3144 1284 cognovit
3197 1214 3399 1285 aliquis
3445 1229 3612 1284 quare
3669 1216 3863 1272 fuisset

2215 1301 2452 1368 occisus,
2514 1301 2619 1356 nisi
2667 1301 2887 1370 quidam
2948 1302 3373 1358 mussitabant“
3429 1305 3578 1373 quod
3626 1304 3710 1360 illi
3766 1320 3864 1361 rex

2214 1390 2542 1459 imponeret,
2577 1390 2705 1459 quia
2735 1405 2855 1445 cum
2888 1392 3123 1460 quadam
3161 1392 3470 1448 concubina
3517 1408 3615 1448 sua
3649 1395 3863 1463 jacuis-

2216 1485 2319 1533 set.
2360 1478 2467 1533 Sed
2502 1493 2618 1544 rex,
2671 1485 2732 1534 ut
2760 1480 3132 1549 suspicionem
3177 1482 3373 1538 mortis
3401 1483 3521 1552 ejus
3547 1497 3577 1537 a
3608 1498 3666 1538 se
3696 1482 3866 1539 tolle-

2217 1573 2322 1634 ret,
2381 1572 2636 1623 auctores
2683 1568 2930 1636 ejusdem
2979 1570 3193 1635 mortis,
3243 1585 3385 1639 quos
3416 1570 3630 1627 latitare
3658 1572 3725 1626 ad
3758 1573 3865 1627 ho-

2221 1668 2333 1709 ram
2397 1656 2659 1724 jusserat,
2728 1658 2984 1726 persequi
3053 1657 3121 1712 ab
3189 1658 3445 1715 omnibus
3500 1660 3691 1715 amicis
3750 1662 3868 1717 suis

485 1757 668 1813 solent
696 1750 1014 1817 homicidia,
1066 1748 1211 1804 sicut
1258 1746 1349 1802 ille
1380 1760 1493 1802 non
1536 1759 1696 1800 unam
1735 1744 2059 1800 Bathsebam
2088 1743 2488 1813 "Bimperat;
2542 1751 2597 1799 et
2642 1744 2795 1799 illum
2835 1746 3060 1815 sepeliri
3113 1747 3167 1801 in
3208 1746 3332 1804 loco
3363 1746 3493 1804 fecit
3530 1749 3864 1817 honorabili,

485 1845 817 1902 libidinosus
872 1838 1159 1909 stupravit,
1214 1837 1290 1891 ita
1320 1849 1430 1892 non
1469 1848 1637 1891 unum
1684 1836 1869 1890 Uriam
1898 1832 2139 1890 crudelis

486 1933 788 1992 interfecit.
829 1932 932 1984 Tot
978 1928 1122 1983 enim
1172 1926 1225 1980 in
1270 1924 1582 1980 homicidiis
1647 1924 1887 1978 inmania
1934 1936 2138 1993 perpe-

491 2023 654 2079 travit
710 2019 975 2084 facinora,
1030 2021 1090 2071 ut
1146 2014 1371 2070 dubium
1420 2014 1493 2068 sit
1532 2027 1655 2082 qum
1693 2013 1871 2081 major
1907 2012 1979 2067 sit
2019 2012 2138 2080 ejus

489 2109 732 2175 infamia,
774 2105 1022 2161 libidinis
1070 2103 1297 2159 incesta:
1354 2115 1423 2155 an
1462 2099 1806 2156 crudelitatis
1850 2099 2136 2154 inmensae.

488 2199 752 2256 Omnibus
781 2202 900 2251 erat
929 2192 1273 2250 horribiliter
1311 2189 1572 2257 crudelis,
1615 2189 1712 2245 sed
1764 2188 1929 2244 nullis
1973 2189 2049 2243 ita
2079 2192 2139 2242 ut

492 2284 934 2344 familiarissimis
983 2282 1116 2338 suis.
1177 2281 1280 2347 Qui
1328 2279 1569 2334 omnium
1602 2277 1880 2348 particeps
1910 2283 2027 2333 erat
2059 2290 2143 2332 se-

490 2382 769 2433 cretorum
827 2374 966 2442 ejus,
1018 2377 1073 2426 et
1120 2368 1377 2425 conscius
1404 2367 1488 2423 vel
1546 2367 1767 2435 adjutor
1811 2364 2138 2435 ﬂagitiorum

493 2465 607 2520 sive
636 2462 963 2527 facinorum,
1004 2458 1132 2513 dum
1182 2470 1410 2511 securus
1460 2454 1545 2508 sui
1597 2453 1666 2508 de
1694 2452 1925 2507 aliorum
1965 2456 2140 2506 morte

492 2551 751 2608 tractanti
807 2547 1041 2612 favebat,
1091 2549 1317 2600 coactus
1373 2548 1457 2597 est
1513 2548 1743 2596 mortem
1800 2541 1934 2610 pati,
1978 2554 2140 2609 quam

496 2653 607 2696 non
672 2636 920 2693 timebat.
978 2635 1045 2688 Et
1100 2632 1206 2687 hoc
1246 2644 1346 2700 pro
1387 2645 1494 2700 qua
1533 2629 1737 2699 culpa?
1795 2629 1930 2695 Quia
1969 2642 2135 2683 unum

494 2733 688 2785 contra
746 2726 868 2795 ejus
921 2721 1257 2778 voluntatem
1316 2719 1456 2774 dixit
1512 2718 1757 2785 verbum,
1805 2717 1891 2771 vel
1930 2722 2138 2781 tacens,

493 2814 718 2886 aliquod
758 2815 878 2884 ejus
912 2810 1203 2867 consilium
1242 2808 1349 2863 sibi
1387 2820 1497 2863 non
1538 2807 1777 2877 placere,
1817 2810 1976 2876 gestu
2006 2817 2143 2874 quo-

496 2905 630 2960 libet
660 2902 923 2960 ostendit.
956 2898 1155 2955 Multos
1209 2911 1444 2967 namque
1485 2895 1833 2952 consiliarios
1881 2894 2139 2959 habebat,

495 2994 595 3050 sed
624 2993 809 3048 nullus
838 2991 889 3047 ei
929 2990 1060 3044 dare
1091 2988 1381 3044 consilium
1411 2986 1669 3052 audebat,
1703 2984 1808 3039 nisi
1855 2984 2004 3053 quod
2038 2982 2143 3051 ipsi

2218 1834 2448 1902 ipseque
2489 1834 2608 1903 ejus
2644 1833 2942 1903 sepulturae
2972 1835 3147 1890 tristis
3177 1835 3447 1904 interfuit,
3479 1844 3535 1893 et
3563 1846 3623 1893 ut
3650 1840 3720 1895 ad
3751 1852 3867 1895 om-

2222 1921 2311 1975 nia
2357 1920 2664 1976 simulanda
2709 1922 2908 1977 doctus
2946 1930 3084 1989 erat,
3126 1938 3236 1980 non
3286 1939 3474 1994 parum
3518 1925 3865 1983 lacrimarum

2220 2007 2380 2064 fudit.
2441 2009 2547 2064 Sed
2587 2009 2744 2076 nulli,
2804 2011 2939 2080 quin
2970 2018 3137 2077 esset,
3197 2014 3341 2069 sicut
3388 2020 3526 2079 erat,
3584 2023 3864 2087 praecepto

2223 2097 2369 2167 regis
2397 2098 2635 2163 occisus,
2677 2097 2944 2154 credibile
2984 2098 3105 2154 fuit.

2299 2185 2382 2239 l2.
2414 2188 2576 2241 Fama
2605 2185 2709 2242 fuit
2746 2187 2896 2256 quod
2927 2188 3200 2258 quendam
3232 2190 3301 2246 de
3329 2190 3688 2250 familiaribus
3725 2195 3865 2251 ado-

2221 2274 2520 2330 lescentem
2561 2275 2961 2331 nobilissimum
3009 2292 3107 2332 sua
3136 2292 3320 2346 manu,
3353 2280 3480 2337 dum
3511 2284 3666 2352 quasi
3713 2286 3868 2354 joca-

2222 2368 2395 2430 retur,
2472 2363 2851 2431 interfecerit;
2931 2374 3006 2432 et,
3083 2382 3148 2422 eo
3225 2368 3409 2425 furtim
3481 2372 3731 2442 sepulto,
3811 2375 3865 2428 in

2223 2452 2464 2508 crastino
2504 2454 2660 2522 quasi
2718 2454 2994 2523 pmnitens
3031 2456 3099 2511 ad
3148 2471 3306 2513 suum
3354 2460 3670 2530 magistrum
3714 2462 3867 2517 Adal-

2225 2540 2440 2596 bertum
2496 2542 2815 2612 episcopum
2864 2544 3097 2610 venerit,
3148 2552 3203 2600 et
3250 2547 3318 2601 ab
3372 2562 3438 2603 eo
3485 2549 3604 2604 sine
3637 2551 3748 2606 ulla
3782 2566 3866 2606 sa-

2228 2627 2539 2685 tisfactione
2569 2630 2962 2701 indulgentiam
2997 2635 3309 2704 perceperit
3326 2635 3386 2691 ³⁷.
3418 2637 3522 2692 Sed
3545 2641 3673 2707 quia
3706 2640 3867 2711 hujus

2228 2716 2307 2772 rei
2337 2718 2622 2773 veritatem
2668 2719 2835 2774 michi
2876 2734 2985 2776 non
3034 2722 3267 2792 contigit
3311 2738 3629 2795 agnoscere,
3664 2727 3870 2796 placuit

2226 2804 2391 2860 michi
2439 2820 2558 2861 eam
2599 2808 2744 2862 inter
2770 2808 3022 2879 ambigua
3053 2810 3388 2881 relinquere,
3433 2815 3681 2883 quamvis
3728 2831 3867 2886 pene

2225 2895 2481 2951 omnibus
2509 2903 2821 2953 versaretur
2848 2898 2905 2953 in
2944 2913 3063 2956 ore.

2303 2983 2386 3039 l3.
2437 2986 2570 3040 Novi
2618 2992 2799 3042 autem
2838 2989 3126 3058 quemdam
3184 2990 3252 3047 de
3298 2990 3658 3051 familiaribus
3698 2998 3862 3067 regis,

497 3081 763 3150 placeret.
803 3079 857 3133 Si
907 3077 1031 3146 quis
1058 3074 1144 3129 vel
1184 3074 1393 3129 inscius
1438 3073 1646 3142 aliquid
1695 3071 1844 3142 quod
1883 3070 2055 3126 nollet
2093 3070 2321 3141 eiCqui
2370 3072 2667 3143 aliquando
2725 3076 2793 3131 de
2842 3078 2992 3132 curia
3041 3079 3189 3134 venit
3233 3080 3300 3136 ad
3340 3080 3561 3138 fratrem
3591 3098 3771 3153 suum,
3801 3116 3870 3126 -—

499 3167 840 3233 consulebat,
901 3164 1162 3219 delictum
1212 3162 1361 3232 quod
1411 3163 1731 3232 ignoranter
1786 3168 2004 3230 egerat,
2060 3158 2184 3215 sui'

499 3256 783 3328 sanguinis
813 3252 1078 3310 effusione
1117 3251 1321 3306 luebat.
1371 3253 1483 3306 Nec
1531 3249 1697 3305 alicui
1728 3263 1878 3305 suam
1919 3249 2147 3305 demon-

500 3346 710 3402 strabat
727 3345 884 3409 iram,
918 3342 1094 3398 donec
1126 3341 1349 3395 incauto
1369 3338 1576 3395 faceret
1605 3337 1809 3394 auferri
1832 3339 2019 3393 vitam.

578 3433 661 3488 ll.
692 3433 918 3502 Quidam
958 3431 1026 3486 de
1058 3429 1373 3485 secretariis
1414 3429 1530 3483 suis
1567 3428 1788 3483 nomine
1839 3426 2145 3494 Conradus,

502 3552 573 3564 —
604 3523 823 3593 juvenis
859 3520 1147 3577 nobilitate
1188 3523 1243 3573 et
1273 3518 1520 3573 moribus
1558 3517 1814 3588 insignis,
1846 3517 1893 3572 si
1927 3517 2031 3572 hoc
2060 3529 2151 3571 so-

504 3612 615 3666 lum
645 3610 693 3665 ei
723 3611 868 3665 Deus
897 3608 1162 3671 dedisset,
1198 3613 1255 3661 ut
1286 3605 1633 3662 consiliarius
1664 3605 1809 3676 regis
1856 3618 2149 3675 numquam

505 3700 697 3757 fuisset
742 3730 815 3739 —
861 3698 951 3754 hic
981 3703 1099 3755 erat
1137 3696 1368 3766 quadam
1415 3694 1505 3751 die
1553 3694 1837 3761 Goslarize,
1870 3702 2055 3749 certus
2092 3708 2152 3749 se

507 3796 615 3846 tam
646 3790 785 3844 bene
813 3788 1044 3858 gratiam
1086 3784 1233 3856 regis
1276 3784 1500 3851 habere,
1532 3784 1677 3838 sicut
1720 3790 1848 3838 tunc
1890 3797 2012 3838 cum
2034 3797 2152 3838 eam

506 3878 745 3933 habebat
800 3876 1026 3945 optime.
1076 3876 1195 3928 Rex
1246 3878 1428 3927 autem
1475 3878 1593 3929 erat
1647 3871 1704 3926 in
1745 3872 2154 3942 Hertesburg”

508 3964 757 4030 castello,
814 3976 945 4033 quo,
1005 3966 1207 4031 praeter
1248 3960 1291 3991 ³³
1347 3974 1444 4015 eos
1498 3960 1593 4029 qui
1639 3958 1943 4015 facinorum
1981 3961 2156 4031 ipsius

511 4059 667 4109 erant
705 4051 914 4108 conscii
961 4057 1016 4106 et
1070 4049 1333 4115 fautores,
1384 4048 1565 4104 nullus
1597 4050 1703 4104 nisi
1733 4050 1953 4104 nomine
2001 4064 2158 4105 voea-

512 4150 600 4198 tus
636 4140 989 4197 ascendebat.
1047 4138 1211 4193 Mittit
1256 4138 1425 4207 igitur
1454 4153 1550 4193 rex
1596 4138 1917 4204 Goslariam,
1954 4139 2158 4208 jubens

511 4238 571 4288 ut
599 4229 883 4287 Couradus
910 4228 979 4284 ad
1027 4241 1087 4283 se
1134 4227 1397 4284 citissime
1429 4227 1631 4293 veniat,
1672 4232 1730 4282 et
1767 4226 1975 4282 nullum
2016 4241 2159 4296 prae-

511 4327 599 4378 ter
656 4319 985 4391 armigerum
1039 4331 1219 4384 suum,
1278 4316 1373 4387 qui
1429 4331 1489 4372 se
1546 4315 1841 4373 comitetur
1897 4323 2155 4372 assumat.

2226 3159 2396 3216 frater
2424 3169 2603 3217 autem
2645 3163 2738 3219 ille
2778 3166 3073 3235 episcopus
3112 3167 3291 3222 erat‘8
3344 3200 3416 3208 —
3462 3177 3518 3225 et
3562 3174 3719 3240 quasi
3752 3176 3869 3242 jac-

2227 3249 2395 3306 tando
2451 3249 2605 3306 fratri
2672 3267 2774 3309 suo
2840 3255 3098 3311 narrabat
3162 3257 3311 3326 quod
3372 3260 3555 3315 nullus
3613 3272 3759 3318 esset
3816 3265 3869 3320 in

2229 3337 2379 3392 curia
2437 3340 2533 3408 qui
2591 3340 2763 3411 magis
2818 3356 2979 3411 quam
3029 3344 3146 3412 ipse
3187 3352 3332 3401 esset
3370 3346 3426 3401 in
3484 3348 3629 3419 regis
3672 3353 3868 3420 gratia.

2228 3426 2384 3493 Quod
2433 3442 2555 3483 cum
2614 3428 2783 3485 frater
2837 3433 2956 3501 ejus
2994 3432 3288 3503 episcopus
3343 3435 3582 3493 libenter
3635 3440 3872 3508 audiret,

2231 3529 2464 3586 eumque
2531 3517 2828 3587 diligenter
2891 3529 3231 3577 ammoneret
3307 3531 3366 3579 ut
3429 3528 3657 3595 gratiam
3729 3532 3875 3601 regis

2233 3605 2488 3660 omnibus
2544 3606 2721 3662 modis
2771 3622 2989 3665 servare
3028 3618 3324 3680 quaereret,
3365 3616 3493 3682 quia
3530 3622 3587 3671 et
3624 3616 3730 3686 ipsi
3768 3619 3863 3673 ho-

2234 3701 2447 3749 nestum
2514 3700 2569 3749 ct
2633 3697 2888 3753 omnibus
2942 3699 3058 3754 suis
3095 3700 3230 3756 utile
3270 3708 3459 3758 esset:
3505 3724 3531 3755 «
3590 3707 3870 3773 Facerem,

2234 3782 2373 3838 dixit
2405 3782 2519 3849 ille,
2576 3785 2623 3839 si
2663 3785 2823 3840 simul
2863 3800 2987 3841 cum
3027 3789 3198 3857 gratia
3239 3791 3443 3846 terreni
3482 3794 3627 3863 regis
3656 3809 3875 3865 possem

2235 3878 2423 3926 tenere
2496 3872 2724 3941 gratiam
2791 3874 3059 3932 caelestis.
3143 3877 3249 3932 Sed
3314 3881 3602 3947 veraciter,
3672 3883 3877 3953 inquit,

2237 3960 2431 4030 agnovi
2471 3960 2641 4029 quod,
2682 3961 2729 4017 si
2776 3964 2901 4032 quis
2946 3964 3110 4033 hujus
3148 3967 3294 4036 regis
3331 3966 3671 4027 familiariter
3709 3972 3882 4029 habet

2237 4047 2485 4118 gratiam,
2519 4048 2721 4105 habere
2752 4065 2860 4106 non
2892 4052 3096 4120 poterit
3126 4061 3387 4111 aaternam
3417 4057 3607 4113 vitam.
3644 4078 3672 4111 »
3708 4061 3883 4131 Igitur

2241 4137 2499 4206 paulatim
2556 4152 2615 4193 se
2666 4140 2810 4194 sicut
2859 4140 3104 4209 prudens
3140 4157 3171 4197 a
3209 4145 3362 4199 curia
3408 4145 3787 4215 subtrahebat,
3831 4159 3888 4206 et

2236 4227 2345 4295 jam
2386 4226 2566 4282 minus
2602 4231 2657 4282 et
2695 4229 2875 4285 minus
2910 4230 2979 4285 ad
3028 4240 3242 4287 secreta
3281 4234 3429 4304 regis
3463 4236 3784 4305 accedebat,
3830 4246 3885 4295 et

2246 4328 2349 4369 nec
2378 4316 2601 4371 omnino
2648 4317 2856 4386 aberat,
2908 4332 3008 4374 nec
3056 4320 3199 4375 sicut
3229 4329 3347 4377 erat
3382 4322 3578 4379 solitus
3622 4324 3890 4396 frequens

512 4410 610 4466 Ille
639 4424 699 4465 se
730 4413 931 4479 putans
959 4406 1029 4463 ad
1060 4405 1285 4476 aliquod
1315 4406 1628 4473 consilium,
1661 4406 1750 4461 cui
1789 4405 1924 4460 nulli
1954 4393 2451 4475 praeterDaderat.
2500 4406 2667 4472 Quem
2715 4406 2809 4462 ubi
2860 4422 2955 4462 rex
2994 4408 3173 4463 minus
3199 4410 3478 4466 assiduum
3528 4413 3664 4469 vidit
3694 4393 3751 4471 in
3779 4432 3887 4474 suo

512 4512 571 4554 se
610 4498 804 4554 liceret
848 4497 1063 4563 adesse,
1114 4495 1319 4564 vocari,
1379 4500 1439 4551 ut
1476 4495 1638 4551 ﬁdem
1685 4509 1837 4551 suam
1894 4496 2156 4565 majorem

513 4587 853 4652 ostenderet,
903 4585 1073 4641 etiam
1107 4584 1231 4654 plus
1276 4599 1439 4655 quam
1481 4586 1669 4654 jussus
1698 4583 1891 4640 fuisset
1918 4582 2069 4653 fecit,
2102 4589 2159 4639 et

512 4678 632 4747 ipse
679 4690 811 4732 suus
858 4674 1095 4746 armiger
1131 4672 1329 4740 factus,
1361 4674 1577 4730 cunctis
1616 4673 1967 4730 incomitatus
1996 4673 2158 4743 equi-

515 4766 667 4822 tavit.
735 4766 878 4835 Ergo
933 4763 1161 4819 veniens
1218 4763 1275 4817 in
1324 4762 1535 4828 silvam,
1584 4761 1720 4818 vidit
1775 4760 2022 4827 insidias,
2057 4774 2160 4817 nec

515 4854 752 4910 credidit
797 4867 890 4909 eas
935 4852 1042 4908 sibi
1072 4857 1327 4922 paratas;
1360 4857 1539 4907 tamen
1572 4852 1720 4921 quia,
1765 4854 1956 4919 utpote
1986 4848 2159 4916 solus,

514 4949 719 5000 tantam
776 4939 1183 5011 multitudinem
1232 4939 1434 5005 timuit,
1495 4939 1783 4995 ecclesiam
1823 4952 1947 5007 quae
1987 4950 2160 5007 prope

2239 4490 2485 4561 servitio,
2545 4509 2763 4551 causam
2813 4510 2982 4565 quare
3021 4495 3227 4554 faceret
3265 4513 3375 4555 non
3406 4501 3655 4571 inquirit,
3689 4519 3793 4561 nec
3835 4508 3887 4563 ei

2240 4581 2533 4653 quicquam
2584 4582 2739 4640 malm
2785 4584 3083 4641 voluntatis
3133 4589 3414 4655 ostendit;
3467 4591 3564 4646 sed
3621 4607 3724 4649 suo
3770 4597 3886 4665 jam

2240 4671 2432 4727 volens
2469 4686 2696 4742 parcere
2752 4672 2920 4742 ferro,
2962 4676 3244 4744 quaerebat
3299 4692 3423 4734 eum
3480 4681 3713 4749 perdere
3754 4698 3890 4740 ense

2242 4759 2443 4817 alieno.
2476 4763 2683 4830 Itaque,
2718 4776 2818 4831 pro
2856 4777 2964 4832 qua
3002 4778 3163 4820 causa
3216 4766 3341 4822 ﬁcta
3378 4767 3462 4823 vel
3501 4783 3628 4825 vera
3668 4775 3885 4842 nescio,

2243 4848 2393 4903 misit
2421 4864 2543 4904 eum
2583 4851 2652 4905 ad
2686 4853 3114 4921 regemBusciaa
3135 4852 3196 4910 ³⁸.
3236 4856 3403 4921 Quam
3432 4856 3764 4928 legationem
3796 4862 3892 4918 ille

2246 4937 2484 4993 libenter
2520 4940 2754 5010 accepit,
2807 4940 3040 5011 primum
3080 4943 3209 5013 quia
3247 4958 3347 5013 per
3384 4945 3489 5001 hoc
3544 4950 3703 5017 quasi
3762 4965 3893 5022 pro-

1880 5054 2103 5108 νΑΒιιΕ
2141 5054 2422 5110 LECTION
2429 5055 2527 5110 ES.

586 5174 630 5204 ³⁹
669 5170 903 5241 reliquat
976 5170 1048 5222 1h.
1100 5170 1375 5241 relinquet
1449 5171 1500 5224 2.
1550 5240 1557 5241 ί
1612 5169 1649 5200 ³⁸
1684 5168 1826 5241 deest
1858 5160 2014 5241 1.714".

518 5245 561 5275 ³³
621 5239 854 5316 propter
888 5239 936 5316 l.
970 5239 1286 5316 praetoria.
1318 5242 1371 5295 2.

2116 5168 2157 5199 ”
2196 5169 2432 5224 Bersabe
2468 5169 2516 5223 l.
2549 5176 2598 5224 et
2640 5172 2761 5226 cdd.

1476 5241 1517 5272 ⁸³
1545 5240 1760 5324 latrocii
1798 5238 1847 5324 li.
1923 5239 1966 5271 ⁸⁸
2003 5238 2336 5324 musitabant
2372 5239 2466 5324 l.r_
2495 5239 2538 5324 '7‘
2575 5244 2954 5324 pepercitnl.“
2998 5243 3063 5324 ³⁸Α
3078 5245 3269 5324 Frater
3305 5247 3711 5324 archiepiscopi
3750 5256 3891 5324 ejus-

2864 5172 2907 5204 ³³
2936 5172 3326 5230 hertersburck
3388 5175 3435 5232 1.
3468 5176 3803 5238 hertesburh
3836 5185 3886 5238 2.

519 5309 664 5383 deni,
697 5309 1010 5371 Fridericus
1039 5312 1312 5382 palatinus
1332 5326 1516 5369 comes
1546 5311 1698 5367 fratri
1726 5312 1941 5380 jactans
1969 5309 2266 5379 aliquando
2287 5309 2545 5367 narrabat
2567 5309 2666 5368 etc.
2698 5314 2750 5369 2.
2828 5314 2871 5347 ³³
2913 5316 2993 5372 ita
3030 5314 3085 5372 2.
3117 5317 3286 5375 racia:
3323 5319 3369 5375 1.

2096 5426 2316 5481 ΝΟΤΛΕ.

595 5547 710 5617 (22)
753 5548 897 5603 Idem
930 5551 1201 5603 Saxonum
1233 5545 1398 5614 legati
1428 5543 1573 5615 apud
1607 5543 1950 5599 Lambertum
1986 5557 2039 5611 p.
2078 5538 2180 5595 198
2204 5541 2435 5599 innuere
2473 5543 2750 5603 videntur.
