4044 6180
208 309 308 362 497

1530 326 1616 381 DE
1655 327 1868 384 BELLO
1904 329 2249 385 SAXONICO.

3468 336 3577 389 498

387 450 448 491 se
494 452 527 492 a
573 440 747 509 gratia
786 443 932 513 regis
970 457 1079 500 non
1120 445 1332 512 abesse,
1365 449 1456 504 cui
1496 458 1708 506 secreta
1738 450 2041 531 nonjAnisi
2098 466 2195 509 eos
2249 454 2493 510 thoracis
2557 452 2823 511 fortitudo
2879 455 3192 524 repulisset.
3253 458 3348 513 llle
3398 464 3575 516 tamen

210 522 486 581 dubitaret
531 532 593 583 ut
646 537 803 586 antea
853 532 1117 594 credere:
1178 535 1380 591 deinde
1431 539 1559 608 quia
1615 522 1855 610 speravit

208 626 263 668 se
314 612 611 684 legationis
656 617 819 688 hujus
863 620 1052 677 labore
1101 625 1422 681 meriturum
1466 632 1546 694 ut,
1580 628 1852 699 legatione

209 713 474 770 prospere
521 713 742 773 peracta
791 721 1061 777 reversus,
1093 724 1204 767 non
1246 727 1469 783 parvum
1509 729 1541 770 a
1588 731 1717 788 rege
1748 717 1850 774 de-

208 789 364 846 beret
409 793 664 864 accipere
710 796 1077 865 beneﬁcium;
1126 815 1229 857 nec
1276 802 1397 859 haec
1426 805 1591 862 etiam
1629 807 1851 862 minima

206 876 306 934 fuit
336 894 523 949 causa,
558 885 684 952 quia
728 884 965 943 libenter
1009 889 1201 946 aberat
1237 905 1269 946 a
1316 892 1488 949 curia.
1522 894 1692 965 Igitur
1720 910 1850 965 per-

206 968 386 1033 rexit,
450 984 553 1026 nec
606 973 786 1029 adhuc
839 976 972 1045 quid
1030 978 1100 1034 de
1155 993 1215 1035 se
1273 980 1604 1051 dispositum
1659 982 1853 1039 fuisset

186 1056 497 1145 intellexit.
549 1061 677 1116 Post
718 1062 930 1132 aliquot
966 1080 1097 1122 vero
1146 1067 1287 1135 dies,
1328 1084 1451 1125 cum
1480 1085 1710 1141 vespere
1747 1072 1854 1127 de-

204 1145 473 1203 clinasset
522 1150 578 1203 in
617 1149 1017 1220 diversorium,
1066 1155 1227 1224 jubet
1270 1157 1376 1213 sibi
1421 1159 1625 1216 bonum
1672 1160 1851 1230 parari

203 1237 538 1293 convivium.
590 1241 834 1310 Cumque
884 1243 995 1311 jam
1053 1245 1285 1301 comites
1339 1248 1460 1317 ejus
1514 1249 1849 1319 aliquantum

205 1324 512 1392 bibissent,
571 1328 777 1383 exilivit
830 1330 1054 1387 Sclavus
1104 1335 1358 1403 quidam,
1411 1337 1537 1393 vilis
1593 1352 1850 1408 persona,

204 1421 256 1467 et
300 1434 314 1468 :
375 1432 403 1464 ‹‹
457 1416 676 1483 Nescio,
708 1416 866 1485 dixit,
899 1421 1033 1489 quid
1063 1427 1148 1478 est
1175 1424 1322 1494 quod
1355 1439 1457 1495 ego
1487 1434 1670 1496 porto,
1703 1427 1851 1497 quod

205 1503 506 1572 episcopus
531 1503 573 1534 “
609 1506 762 1575 Eppo
810 1507 975 1563 michi
1016 1511 1190 1579 dedit,
1223 1519 1280 1568 et
1317 1521 1377 1569 ut
1424 1515 1561 1585 regi,
1592 1516 1660 1570 ad
1691 1530 1852 1586 quem

205 1591 412 1647 missus
440 1593 614 1661 vadis,
642 1594 828 1651 darem
859 1601 1147 1669 praecepit.
1182 1620 1210 1652 »
1242 1603 1396 1670 Quod
1444 1618 1567 1659 cum
1614 1604 1720 1660 sibi
1762 1605 1854 1660 ille

205 1683 500 1737 monstrari
540 1690 781 1752 rogaret,
824 1687 1055 1755 protulit
1100 1690 1322 1745 Sclavus
1368 1692 1658 1761 epistolam
1710 1693 1855 1763 regis

1934 542 2001 597 ad
2042 557 2224 613 regem
2263 543 2530 614 pervenit,
2572 549 2628 599 et
2675 544 2725 599 ei
2771 543 3008 614 qualiter
3053 554 3181 600 ante
3231 546 3413 602 cubile
3460 550 3579 617 ejus

1934 638 2224 701 susceptus
2272 638 2419 689 esset
2465 632 2748 688 indicavit.
2799 633 2896 689 Cui
2944 648 3041 689 rex
3088 636 3355 705 praecepit
3401 640 3481 703 ut,
3532 638 3577 693 si

1933 720 2199 791 deinceps
2243 723 2423 778 vivere
2470 722 2673 789 vellet,
2725 722 2831 778 hoc
2878 723 2946 777 ab
2984 736 3051 778 eo
3091 722 3276 780 nullus
3321 738 3577 795 umquam

1932 809 2118 865 sciret.

2017 896 2076 949 l5
2117 898 2380 953 Omnibus
2426 898 2513 953 his
2562 899 2717 953 malis
2762 899 2868 955 hoc
2920 900 3117 956 malum
3167 902 3575 971 superaddidit,

1933 986 2082 1055 quod
2131 986 2332 1041 ceteris
2379 987 2634 1042 omnibus
2672 987 2847 1054 malis,
2881 994 2936 1043 et
2978 989 3220 1059 antiquis
3266 989 3579 1047 firmamen-

1933 1081 2047 1130 tum
2097 1089 2207 1144 quo
2245 1075 2511 1145 vigerent,
2563 1082 2618 1131 et
2665 1076 2820 1132 novis
2865 1090 2976 1147 quo
3014 1083 3305 1148 surgerent
3341 1079 3579 1146 initium,

1933 1162 2105 1219 dedit.
2140 1164 2445 1233 Episc0pos
2481 1165 2623 1219 enim
2664 1178 2774 1220 non
2815 1178 2916 1235 pro
2955 1165 3218 1235 qualitate
3257 1169 3579 1223 meritorum

1933 1252 2234 1308 secundum
2283 1266 2555 1309 canonum
2603 1253 2824 1308 decreta
2863 1255 3170 1321 constituit,
3211 1256 3307 1311 sed
3356 1256 3402 1311 si
3454 1256 3581 1326 quis

1934 1342 2193 1409 majorem
2234 1342 2523 1410 pecuniam
2568 1341 2739 1407 dedit,
2779 1340 2864 1397 vel
2914 1343 3033 1412 ipse
3070 1344 3245 1413 major
3272 1345 3391 1413 ejus
3429 1344 3580 1414 ﬂagi-

1934 1429 2136 1485 tiorum
2166 1429 2420 1485 adulator
2448 1430 2677 1496 exstitit,
2709 1430 2798 1485 hic
2829 1430 3052 1501 dignior
3078 1432 3329 1501 quolibet
3367 1432 3581 1502 episco-

1936 1525 2065 1589 patu
2113 1517 2235 1574 fuit.
2284 1521 2529 1589 Cumque
2567 1519 2732 1574 alicui
2770 1520 2853 1575 sic
2891 1521 3269 1590 episcopatum
3308 1521 3576 1588 dedisset,

1935 1608 1982 1662 si
2030 1608 2081 1663 ei
2130 1607 2268 1663 alius
2316 1606 2440 1678 plus
2486 1608 2662 1674 daret,
2693 1606 2777 1662 vel
2817 1610 2937 1678 ejus
2973 1610 3146 1680 magis
3182 1609 3425 1666 facinora
3462 1610 3581 1665 lau-

1938 1695 2115 1760 daret,
2164 1696 2317 1752 illum
2366 1697 2606 1766 priorem
2654 1697 2809 1765 quasi
2857 1697 3238 1767 Symoniacum
3295 1697 3427 1753 fecit
3482 1698 3583 1754 de-

203 1769 442 1841 imagine
488 1771 799 1842 sigillatam.
845 1775 943 1832 Ille
989 1778 1066 1832 nil
1104 1788 1349 1837 moratus
1385 1781 1622 1852 sigillum
1668 1776 2096 1855 fregit,Bpoui,
2138 1791 2191 1840 et
2230 1786 2395 1840 istum
2434 1785 2734 1840 secundum
2785 1786 2944 1855 quasi
2991 1791 3239 1841 sanctum
3285 1785 3342 1840 in
3390 1785 3583 1841 eodem

204 1857 470 1915 clericum
513 1875 694 1926 suum,
735 1864 869 1933 quid
918 1865 1013 1921 ille
1066 1866 1266 1924 litterae
1313 1870 1536 1936 vellent,
1582 1884 1858 1941 exponere

206 1951 309 2006 sibi
351 1955 641 2024 praecepit.
674 1957 922 2013 Clericus
954 1958 1106 2029 legit,
1141 1965 1197 2014 et
1224 1960 1517 2029 exposuit;
1558 1960 1648 2015 hic
1678 1967 1856 2016 autem

205 2053 405 2096 sensus
442 2049 562 2098 erat
600 2045 656 2100 in
706 2045 908 2102 litteris
952 2068 966 2102 :
1025 2066 1053 2097 «
1088 2048 1245 2103 Scias
1282 2049 1338 2103 in
1378 2047 1484 2104 hoc
1512 2055 1567 2103 te
1604 2049 1855 2115 maxime,

205 2129 387 2197 qualis
431 2133 643 2188 amicus
689 2135 855 2190 michi
903 2136 1009 2202 sis,
1064 2150 1227 2205 posse
1273 2143 1609 2201 monstrare,
1658 2136 1705 2191 si
1752 2137 1858 2191 hoc

206 2216 458 2274 effeceris
506 2227 568 2276 ut
614 2223 719 2279 iste
758 2238 913 2280 meus
960 2227 1186 2281 nuntius
1232 2240 1528 2295 numquam
1575 2226 1632 2280 in
1679 2238 1858 2280 meum

208 2320 439 2375 regnum
487 2311 665 2379 possit
705 2326 987 2377 remeare;
1031 2314 1178 2384 quod
1209 2320 1390 2370 utrum
1423 2314 1459 2345 ⁵¹
1495 2320 1704 2369 aeterno
1733 2326 1858 2369 car-

206 2408 329 2450 rere
359 2397 450 2452 vel
483 2400 668 2467 potius
696 2400 902 2457 efﬁcias
939 2410 1135 2470 morte,
1166 2404 1336 2459 nichil
1376 2408 1506 2473 puta
1544 2402 1784 2459 differre.
1829 2423 1854 2453 ι

211 2484 443 2541 Litteris
477 2488 663 2558 itaque
709 2491 1052 2561 consumptis
1087 2492 1201 2562 igni
1230 2493 1348 2561 ipse
1380 2493 1541 2548 laetus
1570 2492 1675 2548 iter
1701 2506 1858 2549 suum

208 2575 459 2644 peregit,
506 2576 831 2648 legationem
880 2581 1182 2651 prudenter
1223 2580 1489 2650 implevit,
1534 2595 1645 2637 non
1692 2595 1860 2651 parvo

207 2678 445 2720 munere
475 2666 708 2724 donatus
734 2669 919 2737 rediit,
952 2670 1177 2727 domino
1205 2684 1307 2725 suo
1337 2672 1452 2741 regi
1483 2670 1686 2742 regalia
1715 2671 1859 2726 dona

205 2755 473 2821 portavit.

282 2841 373 2896 l4.
427 2844 506 2899 De
551 2845 786 2914 quodam
834 2847 1028 2904 intimo
1075 2849 1252 2919 ipsius
1297 2849 1653 2915 consiliario,
1703 2850 1861 2918 cujus

1939 1873 2079 1939 loco.
2120 1874 2460 1930 consecrari.
2520 1873 2674 1929 Unde
2730 1874 2964 1944 contigit
3016 1880 3076 1929 ut
3124 1874 3311 1930 multae
3339 1874 3587 1930 civitates

1937 1962 1995 2018 in
2034 1962 2145 2017 illis
2189 1964 2531 2033 temporibus
2578 1962 2719 2018 duos
2756 1963 3053 2033 episcopos
3090 1963 3251 2018 simul
3295 1962 3583 2029 haberent,

1939 2064 2171 2120 quorum
2210 2055 2406 2106 neuter
2442 2050 2699 2121 episcopi
2737 2050 3006 2106 vocabulo
3045 2050 3244 2122 dignus
3282 2057 3447 2107 esset.
3490 2053 3589 2106 Ba-

1938 2139 2363 2209 venbergensem
2403 2139 2446 2169 δθ
2504 2138 2913 2207 episcopatum,
2974 2143 3082 2193 tam
3133 2139 3298 2193 rebus
3345 2139 3588 2194 exterius

1939 2226 2160 2282 divitem
2183 2241 2345 2296 quam
2374 2226 2718 2296 sapientibus
2747 2227 3000 2297 personis
3028 2227 3178 2282 intus
3195 2227 3583 2294 venerabilem,

1938 2316 2156 2372 cuidam
2185 2317 2438 2387 mangoui
2469 2316 2651 2383 dedit,
2693 2317 2860 2371 immo
2892 2329 2991 2386 pro
3021 2307 3391 2371 inaestimabili
3421 2330 3587 2385 pecu-

1940 2409 2031 2462 nia
2075 2406 2343 2472 vendidit,
2402 2406 2496 2475 qui
2543 2404 2742 2462 melius
2787 2404 2998 2461 sciebat
3042 2418 3297 2460 nummos
3351 2412 3587 2461 moneta

1940 2494 2236 2565 cujuslibet
2283 2495 2575 2561 aestimare,
2629 2508 2790 2565 quam
2840 2499 3047 2549 textum
3095 2493 3392 2562 cujuslibet
3438 2492 3586 2560 libri,

1940 2600 2009 2641 ne
2039 2584 2217 2640 dicam
2247 2584 2556 2655 intelligere
2584 2584 2669 2639 vel
2701 2597 3001 2653 exponere,
3033 2582 3227 2638 saltem
3264 2582 3591 2654 regulariter

1940 2674 2322 2745 pronuntiare.
2353 2673 2455 2739 Qui
2486 2678 2599 2728 tum
2630 2672 2684 2727 in
2717 2685 2878 2728 sacro
2908 2670 3093 2728 ofﬁcio
3124 2670 3325 2741 vigiliae
3355 2670 3591 2741 pascalis

1941 2764 2170 2834 primam
2218 2776 2285 2817 ex
2331 2775 2485 2818 more
2532 2761 2825 2817 lectionem
2867 2774 3053 2817 coram
3091 2759 3436 2830 sapientibus
3471 2759 3589 2815 cle-

1940 2852 2071 2907 ricis
2125 2849 2500 2921 pronuntiavit
2550 2871 2562 2905 :
2623 2867 2649 2899 ‹‹
2709 2850 2874 2905 Terra
2931 2853 3115 2904 autem
3155 2848 3499 2903 erat‘inanis
3536 2852 3593 2903 et
3648 2878 3651 2885 -

208 2932 541 2987 vocabulum
569 2935 714 2990 sicut
749 2935 978 2992 aliorum
1010 2938 1304 2993 multorum
1335 2945 1534 3008 sponte
1562 2943 1855 3007 praetereo,
1939 2929 2137 2994 vacca!
2182 2957 2210 2990 »
2251 2940 2373 3008 lpse
2422 2937 2699 3003 nimirum,
2739 2936 2871 2992 licet
2919 2935 3096 3005 bipes,
3141 2949 3307 2991 vacca
3343 2935 3504 2991 bruta
3536 2941 3593 2991 et

210 3032 320 3075 rem
354 3024 646 3093 comperi,
696 3039 854 3094 quam
895 3025 1105 3083 idcirco
1136 3027 1227 3083 hic
1266 3027 1473 3097 placuit
1500 3027 1699 3094 inseri,
1731 3027 1858 3096 quia
1939 3026 2089 3083 omni
2146 3027 2419 3097 probitate
2474 3032 2679 3081 vacua!
2736 3026 2856 3095 Ipse
2913 3030 3134 3090 tamen,
3185 3023 3433 3093 quamvis
3487 3036 3592 3078 nec

204 3108 312 3165 duo
344 3123 465 3165 non
498 3112 720 3168 minima
749 3115 996 3171 continet
1025 3117 1079 3171 in
1118 3130 1178 3172 se
1218 3118 1365 3187 regis
1386 3116 1537 3183 vitia,
1570 3129 1694 3185 quae
1732 3100 2045 3172 suntCsuo
2073 3130 2176 3171 nec
2214 3114 2487 3181 ecclesiae,
2538 3128 2701 3184 quam
2750 3114 2869 3183 ipse
2917 3112 3077 3182 quasi
3116 3111 3412 3182 regendam
3443 3124 3596 3167 acce-

203 3198 471 3255 videlicet
517 3200 819 3257 crudelitas
864 3210 920 3259 et
966 3203 1202 3261 luxuria.
1253 3206 1355 3261 llic
1401 3220 1523 3260 cum
1560 3219 1670 3262 non
1715 3211 1860 3261 esset
1942 3209 2131 3275 perat,
2150 3217 2285 3260 auro
2319 3208 2571 3274 parceret
2601 3209 2660 3258 ut
2688 3202 2917 3272 gratiam
2956 3200 3105 3271 regis
3133 3200 3432 3266 obtineret,
3470 3200 3593 3269 ipso

204 3295 387 3344 ortus‘
410 3303 443 3343 a
488 3290 743 3355 Saxonia,
796 3291 952 3347 duxit
997 3307 1224 3349 uxorem
1262 3301 1444 3350 natam
1496 3295 1565 3350 de
1602 3294 1858 3358 Saxouia,
1942 3307 2072 3363 rege
2108 3292 2438 3348 consiliante
2468 3292 2786 3361 deponitur,
2820 3295 2877 3343 et
2905 3288 3261 3358 episcopatus
3287 3287 3381 3343 alii
3411 3286 3592 3354 datur,

207 3377 478 3448 virginem
529 3385 637 3433 tam
683 3377 978 3436 formosam
1024 3396 1261 3453 corpore
1309 3398 1471 3453 quam
1516 3390 1572 3439 et
1618 3382 1859 3439 nobilem
1943 3395 2055 3439 non
2085 3382 2181 3452 qui
2209 3381 2318 3436 vita
2347 3386 2403 3435 et
2431 3379 2699 3448 sapientia
2737 3378 2810 3432 sit
2858 3377 3183 3445 episcopatu
3222 3376 3461 3444 dignior,
3493 3376 3590 3430 sed

206 3480 439 3535 genere.
494 3468 612 3522 Rex
644 3468 764 3538 ipse
802 3483 920 3525 eam
961 3471 1042 3527 illi
1089 3486 1119 3526 a
1166 3473 1487 3542 parentibus
1524 3475 1643 3543 ejus
1692 3474 1860 3542 impe-
1943 3471 2038 3540 qui
2068 3469 2216 3541 regis
2244 3468 2573 3538 ﬂagitiorum
2604 3466 2780 3535 major
2810 3465 2863 3520 in
2894 3465 3152 3519 omnibus
3180 3462 3375 3518 fuisset
3412 3476 3597 3517 assen-

208 3557 370 3611 travit
392 3599 409 3622 ,
464 3570 561 3611 rex
600 3558 718 3626 ipse
757 3560 965 3629 nuptiis
993 3561 1260 3627 interfuit,
1292 3561 1389 3617 sed
1420 3561 1646 3617 dubium
1679 3568 1859 3617 utrum
1942 3565 2108 3615 tator.

209 3646 380 3715 magis
411 3659 518 3715 pro
558 3646 745 3715 sponsi
786 3649 997 3705 honore
1035 3651 1119 3706 vel
1144 3650 1188 3681 δ’
1235 3665 1336 3720 pro
1385 3665 1571 3707 amore
1617 3664 1857 3720 sponsae.
2020 3648 2104 3704 l6.
2155 3648 2306 3702 lnter
2351 3644 2471 3699 haec
2523 3642 2705 3698 omnia
2746 3643 2857 3710 jam
2905 3640 3141 3695 abeunte
3200 3639 3594 3703 adolescentia,

206 3733 467 3789 Nondum
519 3734 614 3790 illa
666 3735 1013 3806 desponsata:
1064 3738 1108 3769 ‘3
1161 3739 1442 3810 virginalis
1492 3739 1773 3809 pudicitia)
1821 3737 1862 3768 “
1944 3750 2071 3793 mox
2118 3741 2178 3791 ut
2224 3732 2578 3788 Adalbertum
2634 3732 2983 3785 Bremensem
3032 3727 3354 3798 episcopum
3402 3730 3597 3782 nactus

204 3823 482 3893 pudorem
513 3822 791 3893 deposuit,
825 3840 949 3881 cum
998 3841 1094 3883 rex
1141 3829 1291 3884 omni
1340 3829 1553 3898 pudore
1583 3828 1859 3898 deposito,

208 3917 267 3965 ut
294 3926 421 3967 eam
462 3912 571 3967 sibi
600 3912 669 3967 ad
715 3913 912 3970 lectum
959 3930 1117 3971 suum
1166 3916 1428 3982 mitteret,
1474 3917 1650 3986 ipsum
1690 3931 1863 3987 spon-

206 4015 329 4055 sum
380 4001 597 4071 petivit.
635 4021 660 4050 n
710 4004 843 4058 Cum
890 4017 993 4060 nec
1040 4005 1204 4061 ullam
1252 4020 1389 4072 rem,
1430 4004 1569 4061 dixit
1606 4006 1719 4073 ille,
1761 4020 1864 4063 nec

1946 3831 2031 3882 est
2060 3820 2432 3881 consiliarium
2455 3863 2469 3887 ,
2519 3818 2696 3888 ipsius
2735 3816 3087 3873 suasionibus
3123 3815 3293 3885 cmpit
3321 3816 3377 3870 in
3409 3814 3597 3870 deser-

1946 3913 2087 3971 tis."
2116 3912 2255 3968 locis
2284 3910 2427 3966 altos
2463 3914 2518 3963 et
2564 3912 2762 3962 natura
2798 3905 3040 3961 munitos
3078 3910 3295 3960 montes
3323 3916 3594 3973 quaerere,

1947 4008 2004 4060 et
2048 4004 2106 4060 in
2155 4001 2241 4058 his
2288 3996 2606 4068 hujusmodi
2654 3994 2881 4051 castella
2928 3993 3219 4060 fabricare,
3270 4007 3397 4062 quae
3444 3991 3491 4048 si
3540 3992 3596 4047 in

1948 4093 2088 4149 locis
2134 4086 2578 4158 competentibus
2624 4089 2874 4151 starent,
2934 4083 3130 4153 ingens
3184 4094 3355 4152 regno
3410 4081 3597 4136 ﬁrma-

1949 4186 2190 4237 mentum
2240 4175 2402 4233 simul
2459 4178 2516 4231 et
2571 4178 2952 4230 ornamentum
3000 4170 3041 4201 ⁵⁸
3094 4169 3296 4226 forent.
3356 4171 3595 4237 Quorum

210 4089 387 4158 ipsam
420 4091 585 4146 vitam
616 4091 774 4148 vobis
820 4105 1057 4162 unquam
1096 4094 1259 4149 velim
1310 4108 1538 4165 negare,
1582 4095 1702 4150 haec
1747 4095 1865 4151 sola

210 4192 304 4234 res
336 4185 425 4234 est
464 4193 627 4249 quam
675 4193 776 4235 nec
822 4194 921 4236 VOS
975 4182 1137 4237 decet
1172 4194 1201 4236 3
1242 4196 1328 4237 me
1372 4189 1580 4253 petere,
1624 4198 1725 4239 nec
1763 4197 1865 4254 ego

207 4269 368 4323 vobis
398 4281 624 4337 possum
647 4269 1028 4326 concedere.»
1054 4272 1189 4337 Rex,
1214 4285 1442 4342 magnus
1469 4272 1863 4338 dissimulator,
1949 4271 2183 4342 primum
2221 4272 2277 4323 et
2324 4264 2617 4322 maximum
2664 4261 3001 4330 Hartesburg
3047 4258 3343 4329 appellavit
3384 4278 3396 4312 :
3447 4259 3596 4327 quod

206 4355 468 4412 dolorem
498 4371 660 4427 quem
687 4358 731 4389 ’⁸³
769 4359 825 4413 in
854 4359 1022 4415 corde
1053 4374 1304 4431 magnum
1336 4361 1546 4429 habuit,
1580 4375 1682 4417 nec
1710 4361 1923 4431 vultum
1951 4362 2028 4416 ita
2056 4358 2186 4414 forti
2216 4368 2371 4412 muro
2403 4359 2459 4409 et
2487 4352 2734 4408 turribus
2770 4354 2826 4404 et
2862 4347 3038 4417 portis
3075 4347 3317 4402 exterius
3345 4345 3597 4411 munivit,

208 4459 313 4501 nec
362 4421 552 4502 verbis
598 4447 859 4503 ostendit.
912 4449 1041 4504 Post
1087 4421 1197 4505 non
1246 4450 1448 4506 multos
1492 4421 1673 4507 autem
1717 4421 1930 4516 dies}D
1951 4450 2029 4505 ita
2065 4444 2341 4517 regalibus
2385 4440 2636 4498 aediliciis
2680 4439 2830 4493 intus
2872 4435 3197 4493 adornavit.
3248 4433 3352 4489 tale
3401 4446 3597 4489 mona-

210 4549 337 4590 cum
390 4535 489 4589 ille
530 4537 641 4605 jam
692 4550 920 4592 securus
965 4538 1137 4593 nichil
1186 4539 1291 4594 sibi
1342 4540 1579 4607 timeret,
1622 4554 1718 4596 rex
1754 4539 1867 4596 fere
1951 4537 2179 4593 sterium
2228 4534 2285 4588 in
2333 4532 2453 4600 ipso
2502 4527 2850 4594 construxit,
2899 4523 3038 4580 tales
3084 4528 3312 4579 ornatus
3367 4524 3422 4577 in
3478 4522 3602 4591 ipso

209 4624 395 4679 media
436 4630 604 4680 nocte
643 4626 792 4680 misit
837 4626 905 4681 ad
955 4641 1100 4694 eum,
1151 4628 1480 4699 praecipiens
1508 4634 1569 4684 ut
1610 4629 1762 4685 solus
1799 4628 1867 4683 ad
1952 4622 2287 4683 monasterio
2317 4620 2629 4686 collocavit,
2671 4616 2809 4672 tales
2846 4621 2903 4670 et
2938 4619 3022 4669 tot
3059 4611 3298 4669 clericos
3335 4610 3464 4667 illuc
3502 4624 3605 4666 un-

209 4728 270 4768 se
301 4715 547 4769 veniret.
581 4715 676 4771 llle
706 4717 973 4785 quamvis,
1014 4731 1168 4773 more
1213 4719 1358 4788 regis
1401 4720 1643 4787 cognito,
1686 4726 1871 4775 certus
1953 4717 2121 4785 dique
2152 4710 2525 4782 congregavit,
2559 4708 2639 4764 uti
2668 4706 2710 4737 ⁸⁸
2749 4704 2961 4773 aliquot
2991 4700 3335 4773 episcopales
3378 4700 3533 4756 locos
3560 4698 3603 4729 ⁸⁰

210 4808 368 4859 esset
414 4802 570 4872 quod
619 4803 675 4858 in
732 4805 851 4874 ipsa
900 4811 1064 4861 nocte
1097 4806 1237 4860 mori
1286 4805 1606 4874 debuisset,
1666 4814 1868 4875 tamen,
1954 4805 2103 4863 omni
2154 4815 2256 4858 suo
2312 4804 2579 4870 apparatu
2636 4794 3003 4865 aaquipararet
3046 4790 3109 4857 ⁵³,
3177 4789 3391 4859 aliquot
3436 4788 3603 4844 etiam

210 4905 327 4961 quo
370 4891 698 4961 jubebatur,
743 4893 879 4958 ivit;
947 4893 1046 4949 sed
1104 4894 1258 4964 prius
1312 4895 1541 4951 loricam
1600 4896 1872 4966 triplicem
1954 4890 2391 4949 transcenderet.
2437 4883 2708 4955 Quicquid
2755 4884 2982 4938 ornatus
3019 4877 3379 4935 ecclesiastici
3408 4891 3603 4947 quem-

210 4981 420 5035 subtus
468 4981 709 5036 tunicam
759 4982 960 5038 induit.
1009 4985 1254 5054 Cumque
1301 4984 1369 5039 ad
1408 4985 1733 5041 vestibulum
1772 5000 1872 5041 eu-
1957 4983 2092 5039 libet
2131 4980 2450 5051 episcopum
2489 4974 2662 5045 magis
2698 4971 2960 5027 decorum
2986 4968 3208 5024 videbat
3234 4967 3460 5033 habere,
3491 4967 3604 5021 sive

212 5069 351 5124 bilis
401 5070 539 5141 regii
589 5070 848 5139 venisset,
899 5086 1028 5128 ecce
1075 5073 1186 5129 duo
1234 5072 1402 5144 gladii
1449 5074 1516 5129 ad
1557 5074 1666 5130 duo
1706 5074 1875 5130 latera
1959 5075 2242 5144 praecepto
2291 5068 2403 5124 sive
2452 5062 2711 5135 precibus
2763 5065 3071 5128 acceptum,
3121 5071 3222 5113 suo
3270 5055 3604 5112 monasterio

210 5159 341 5227 ejus
392 5157 582 5223 afﬁxi,
629 5160 686 5214 in
736 5159 933 5217 mediis
961 5162 1079 5231 ejus
1108 5162 1412 5218 visceribus
1449 5162 1555 5218 sibi
1593 5163 1878 5219 obviarent
1959 5161 2217 5218 studebat
2279 5155 2550 5215 conferre.
2614 5154 2806 5208 Cetera
2861 5163 2992 5204 vero
3048 5147 3272 5204 castella
3328 5159 3438 5203 non
3496 5151 3604 5201 tam

1595 5308 1820 5363 VARUE
1856 5307 2140 5364 LECTION
2144 5306 2243 5361 ES.

1832 5428 1874 5460 ὀι
1909 5443 1979 5485 an
2023 5423 2097 5483 ιδ.
2210 5426 2253 5457 ⁸³
2289 5421 2568 5492 desposite
2604 5422 2651 5478 1.

1952 5499 1997 5532 "
2019 5500 2095 5555 ita
2125 5498 2245 5553 edd.
2280 5501 2340 5551 ut.
2367 5491 2406 5547 2
2434 5493 2525 5548 ubi
2553 5491 2601 5547 l.

2764 5418 2808 5450 δί’
2846 5418 3064 5489 pudicie
3111 5417 3156 5489 1.
3268 5414 3310 5489 ‘f‘
3347 5428 3508 5485 quam
3556 5414 3602 5489 Ι.-

287 5424 337 5455 δο
381 5439 433 5479 e.
474 5425 722 5481 Cicensis
769 5428 925 5498 Eppo
960 5427 1018 5482 2.
1129 5427 1168 5458 “
1209 5429 1285 5484 ita
1331 5428 1414 5484 ed.
1468 5442 1504 5497 q
1542 5442 1635 5484 vre
1672 5429 1719 5481 l.
1832 5428 1874 5460 ’⁸³
1909 5443 1979 5485 an
2023 5424 2097 5483 ιι».
2210 5426 2253 5457 ⁸³
2289 5424 2568 5492 desposite
2604 5424 2651 5478 1.
2764 5424 2808 5450 ⁵³⁵
2846 5424 3064 5489 pudicie
3111 5424 3156 5472 ι.
3268 5424 3310 5498 j"
3347 5428 3508 5485 quam
3556 5424 3595 5466 ι.

287 5496 815 5557 Bauenburgensem
855 5499 900 5554 l.
1014 5498 1055 5529 ⁸⁷
1086 5498 1161 5554 ita
1197 5498 1245 5557 l.
1274 5499 1329 5553 2.
1442 5498 1485 5530 ⁵⁸
1514 5506 1766 5556 ornatum
1794 5499 1843 5555 1.
1952 5499 1997 5532 δ’
2019 5500 2095 5555 im
2125 5498 2245 5553 edd.
2280 5501 2340 5551 ut.
2367 5494 2403 5547 2
2434 5493 2525 5548 ubi
2553 5491 2601 5547 l.
2715 5490 2757 5520 ³⁸)
2787 5490 2912 5546 loco
2941 5489 2987 5542 l.
3100 5488 3137 5518 δ’
3163 5491 3549 5557 eqmpperaret
3578 5485 3595 5535 l

210 5495 256 5525 “
287 5495 830 5567 Bauenburgensem'
855 5495 900 5554 Ι.
1014 5498 1055 5529 ⁸⁷
1086 5498 1161 5554 ita
1197 5498 1245 5566 l,
1274 5499 1329 5553 2.

208 5567 581 5636 equiperaret
610 5568 663 5623 2.

1468 5442 1504 5497 q
1542 5442 1635 5484 vre
1672 5429 1719 5481 1.

1442 5498 1485 5530 ⁵⁸
1514 5506 1766 5556 ornatum
1794 5499 1843 5555 1.
