4014 6176
349 344 351 346 ι
429 265 536 320 499

1482 258 1813 313 BRUNONIS
1850 255 2116 310 CLERICI
2155 256 2749 313 MAGDEBURGENSIS

3691 243 3797 300 [τοο

431 389 622 458 pulcra
668 401 831 459 quam
878 386 1044 444 fortia
1092 400 1210 442 esse
1257 384 1559 440 laborabat.
1600 384 1796 437 Beatus
1833 385 1887 436 et
1917 379 2393 454 valdeARogavit
2438 383 2601 438 etiam
2647 382 2704 436 in
2755 379 2960 438 eisdem
3007 376 3208 433 litteris
3255 379 3527 446 quatenus
3573 385 3632 426 se
3682 383 3802 426 cum

430 480 623 536 beatus
668 483 834 545 esset,
885 478 934 532 si
982 476 1313 532 munitiones
1351 473 1569 528 easdem
1608 479 1798 527 contra
1839 484 2079 542 paganos

429 567 714 623 erexisset.
767 569 898 623 Nam
945 566 1053 635 ipsi
1096 566 1204 633 jam
1244 562 1447 618 dudum
1480 568 1573 616 aut
1611 575 1802 617 omnes
1847 559 2079 616 fuissent

429 655 735 723 christiani,
785 662 879 711 aut
929 653 1242 709 christianis
1288 650 1632 721 principibus
1659 651 1716 706 in
1752 655 2076 720 perpetuum

429 745 724 800 tributarii.
786 743 891 798 Sed
951 744 1071 797 haec
1128 740 1478 796 castellorum
1537 740 1768 795 diversis
1827 740 1882 793 in
1939 739 2076 794 locis

427 833 766 889 constructio
799 833 841 862 δ’
891 832 1068 901 primo
1107 831 1445 885 nostratibus
1473 829 1702 899 puerilis
1729 827 1771 859 ⁵³
1809 828 1970 883 ludus
1999 829 2078 882 vi-

429 923 682 991 debatur,
717 923 843 993 quia
889 921 1130 977 nondum
1182 921 1301 990 ejus
1331 920 1565 976 intentio
1596 918 1735 974 mala
1779 931 2078 988 cognosce-

428 1012 612 1068 batur.
673 1014 739 1066 Et
787 1025 896 1066 non
945 1009 1123 1066 solum
1177 1024 1240 1065 ea
1297 1009 1436 1075 fieri,
1487 1008 1655 1065 nichil
1703 1007 1882 1063 adhuc
1923 1006 2076 1077 peri-

429 1099 539 1155 culi
574 1101 850 1166 timentes,
901 1113 1024 1154 cum
1069 1101 1178 1167 jam
1230 1103 1476 1168 possent,
1529 1111 1638 1154 non
1689 1096 2074 1167 prohibebant,

426 1203 611 1244 verum
642 1189 805 1244 etiam
856 1203 922 1243 6X
965 1188 1073 1244 hOC
1113 1202 1235 1242 eum
1266 1186 1384 1242 fore
1415 1192 1609 1242 contra
1639 1187 1891 1241 nationes
1921 1192 2080 1240 0X18-

428 1290 516 1331 ras
575 1277 899 1332 bellicosum
949 1276 1104 1346 quasi
1155 1276 1483 1342 divinantes,
1526 1275 1594 1330 ad
1640 1276 1789 1345 ipsas
1835 1274 2076 1330 aedifica-

427 1365 608 1422 tiones
671 1380 794 1421 eum
851 1365 936 1421 vel
1003 1365 1204 1435 opibus
1259 1365 1341 1420 vel
1401 1365 1662 1434 operibus
1727 1363 2073 1432 adjuvabant.

428 1455 723 1524 Postquam
770 1468 900 1510 vero
949 1439 1207 1524 praesidia
1246 1454 1302 1507 in
1353 1453 1486 1522 ipsis
1532 1451 1772 1507 castellis
1810 1451 2079 1507 collocata

427 1550 714 1614 creperum
778 1545 835 1600 in
900 1545 1134 1599 circuitu
1201 1557 1301 1598 suo
1349 1542 1391 1572 5"
1457 1541 1827 1612 praedationes
1893 1556 2075 1612 agere,

430 1646 540 1687 non
589 1646 720 1688 suos
767 1633 988 1687 labores
1035 1633 1091 1686 in
1135 1645 1266 1687 suos
1307 1646 1437 1686 usus
1475 1637 1845 1701 comportare,
1875 1630 2080 1686 liberos

2157 474 2384 528 Annone
2433 471 2749 527 Coloniensi
2798 468 3218 537 archiepiscopo
3249 463 3568 519 fidelissimo
3597 459 3804 516 foedere

2159 563 2592 632 conjungerent;
2647 574 2754 615 non
2806 557 2953 629 quod
2994 556 3236 627 qualibet
3277 553 3565 609 inimicitia
3594 548 3804 606 dissili-

2159 655 2300 715 rent,
2332 649 2427 704 sed
2461 650 2588 719 quia
2618 662 2728 704 non
2759 647 2883 702 talis
2913 645 3152 701 amicitia
3183 657 3279 699 eos
3317 641 3555 696 fideliter
3591 638 3806 694 aduna-

2160 745 2281 806 ret,
2342 743 2402 793 ut
2454 746 2685 807 uterque
2732 736 2892 792 alteri
2939 738 3157 790 secreta
3201 745 3300 787 sua
3355 729 3604 796 credere,
3663 727 3809 782 sicut

2160 828 2344 893 vellet,
2375 828 2625 884 auderet.
2660 829 2777 882 lloc
2805 832 2988 882 autem
3019 822 3170 879 omni
3201 833 3370 891 regno
3409 818 3527 874 fore
3557 830 3811 872 necessa-

2159 918 2338 986 rium;
2370 917 2498 987 quia
2535 916 2582 971 si
2632 915 2712 972 illi
2761 915 2891 981 duo,
2925 913 3019 983 qui
3059 913 3296 981 majores
3325 908 3570 965 erantin
3608 920 3805 977 regno,

2157 1006 2396 1062 fideliter
2443 1008 2498 1062 in
2539 1019 2705 1061 unum
2760 1003 3140 1070 convenirent,
3190 1002 3246 1056 in
3296 999 3464 1054 multa
3509 996 3810 1053 securitate

2161 1102 2334 1152 totum
2392 1109 2618 1166 regnum
2678 1095 3018 1150 constituere
3078 1091 3405 1161 potuissent.
3461 1088 3578 1142 Hoc
3627 1091 3812 1140 autem

2160 1186 2285 1242 illos
2314 1186 2454 1242 duos
2483 1185 2776 1254 episcopos
2806 1197 2872 1239 eo
2902 1181 3061 1237 facile
3084 1179 3301 1236 efficere
3334 1191 3518 1248 posse,
3537 1189 3651 1245 quo
3671 1175 3814 1230 alter

2161 1288 2349 1330 eorum
2375 1315 2389 1340 ,
2448 1272 2662 1328 scilicet
2716 1269 3230 1341 Magedaburgensis
3269 1273 3414 1323 esset
3450 1264 3640 1329 frater,
3672 1263 3816 1318 alter

2159 1377 2289 1419 vero
2328 1363 2694 1418 consobrinus
2740 1361 2996 1431 superius
3034 1358 3299 1414 nominati
3337 1353 3687 1412 Coloniensis
3718 1366 3816 1408 ar-

2162 1452 2523 1522 chiepiscopi.
2574 1451 2814 1506 Eandem
2855 1449 3254 1520 querimoniam
3285 1444 3537 1500 fecerunt
3563 1443 3633 1498 ad
3665 1443 3818 1498 invi-

2162 1556 2278 1597 cem
2329 1555 2518 1597 omnes
2565 1554 2705 1610 pene
2757 1540 2913 1611 regni
2961 1534 3286 1594 Tbeutonici
3339 1533 3658 1604 principes;
3713 1531 3815 1587 sed

2162 1635 2341 1685 tamen
2391 1629 2566 1700 palam
2607 1628 2791 1684 nullus
2838 1627 3077 1683 audebat
3123 1625 3304 1691 fateri,
3355 1629 3507 1678 tanto
3557 1636 3656 1677 rex
3694 1628 3817 1676 erat

428 1721 681 1777 homines
711 1719 780 1776 ad
809 1735 950 1790 opus
978 1720 1175 1776 servile
1212 1719 1565 1790 compellere,
1599 1720 1738 1775 tilias
1760 1719 1844 1775 vel
1875 1713 2142 1776 uxoresB
2164 1720 2418 1775 omnibus
2448 1718 2668 1774 terrori.
2695 1718 2783 1774 Sic
2813 1717 3058 1787 quamvis
3087 1715 3192 1770 soli
3222 1716 3465 1769 Saxones
3493 1711 3599 1766 hoc
3619 1717 3816 1780 aperte

429 1809 637 1866 alienas
694 1809 934 1865 ludibrio
993 1809 1196 1865 habere
1237 1830 1249 1864 ε
1311 1816 1443 1864 tunc
1490 1810 1755 1879 primum,
1805 1809 1936 1878 quid
1985 1810 2078 1865 illa

431 1897 655 1954 castella
701 1897 1117 1968 portenderent,
1160 1897 1573 1965 intellexerunt,
1615 1911 1717 1953 nec
1757 1905 1938 1955 tamen
1976 1898 2081 1954 ad-

429 1987 538 2041 huc
611 1987 868 2042 resistere
934 1985 1019 2040 vel
1089 1999 1147 2041 se
1214 1984 1511 2042 defendere
1587 1993 2075 2058 praesumpserant.

429 2075 657 2130 Tantum
698 2075 779 2129 illi
819 2075 915 2144 qui
962 2073 1327 2141 ltedebantur,
1368 2075 1622 2144 querelas
1661 2076 1877 2132 occulte
1915 2076 2081 2132 facie-

433 2164 565 2218 bant
594 2163 741 2233 apud
771 2163 898 2221 illos
926 2164 1043 2234 qui,
1087 2163 1307 2234 longius
1335 2178 1366 2219 a
1397 2164 1640 2220 castellis
1669 2166 1867 2222 remoti
1896 2165 1958 2232 δδ,
2000 2165 2083 2221 ni-

427 2251 540 2306 chil
589 2252 769 2308 adhuc
817 2251 943 2307 mali
993 2252 1365 2321 patiebantur.
1405 2252 1568 2308 Illaesi
1598 2268 1729 2310 vero
1758 2255 1886 2310 dum
1937 2254 2084 2310 laesis

429 2340 690 2397 auxilium
747 2340 890 2397 ferre
950 2341 1320 2413 negligebant,
1381 2343 1657 2413 tyrannidi
1715 2343 1859 2399 vires
1914 2343 1970 2398 in
2024 2358 2084 2400 se

429 2429 581 2499 ipsos
629 2429 962 2486 tribuebant.
1013 2432 1147 2486 Nam
1197 2431 1266 2485 ab
1312 2431 1571 2501 agricolis
1609 2431 1677 2486 ad
1725 2431 2012 2498 militares,
2052 2447 2084 2489 a

437 2525 600 2574 terrae
639 2516 908 2575 fructibus
951 2519 1020 2574 ad
1066 2518 1375 2575 libertatem
1423 2520 1766 2576 adimendam
1796 2521 2081 2592 ascendit;

438 2615 491 2662 et
543 2607 881 2662 Fridericum
931 2607 1000 2663 de
1047 2609 1251 2675 Monte,
1295 2610 1390 2678 qui
1419 2611 1564 2666 inter
1593 2610 1799 2668 liberos
1837 2612 2085 2668 homines

437 2696 517 2752 vel
568 2693 610 2726 ⁵⁸
674 2694 890 2752 nobiles
937 2695 1169 2752 eximius
1220 2697 1562 2766 habebatur,
1613 2698 1872 2756 famulum
1927 2716 2082 2757 suum

435 2799 554 2841 esse
603 2799 702 2840 rex
752 2785 1024 2854 asseruit;
1077 2785 1426 2842 Wilhelmum
1455 2787 1496 2817 ⁵⁷
1545 2802 1790 2859 quoque,
1822 2790 1917 2860 qui
1956 2805 2084 2860 pro-

437 2881 560 2944 pter
605 2873 833 2930 nimium
873 2873 1080 2930 cultum
1125 2877 1212 2931 sui
1259 2889 1356 2930 rex
1404 2876 1473 2931 de
1521 2877 1917 2938 Lotheslovo“
1960 2879 2081 2951 (23)

437 2962 836 3032 appellabatur,
905 2970 1055 3020 tanta
1121 2964 1445 3021 crudelitate
1511 2967 1894 3036 persequitur,
1959 2970 2087 3037 quia

439 3049 608 3106 multa
656 3051 707 3106 ei
758 3057 914 3106 erant
962 3052 1190 3120 praedia,
1222 3053 1319 3108 sed
1351 3067 1461 3110 non
1491 3056 1659 3111 multa
1687 3056 1986 3125 sapientia,
2027 3062 2087 3112 ut
2109 3039 2154 3099 Ο

439 3143 669 3207 propter
714 3138 817 3193 hos
864 3138 1005 3194 duos
1051 3140 1119 3194 ab
1170 3141 1317 3196 omni
1355 3143 1588 3199 Saxonia
1627 3145 1902 3214 praecipue
1948 3144 2089 3201 facta

439 3227 511 3282 sit
568 3226 831 3293 adversus
885 3242 1067 3298 regem
1127 3231 1467 3300 conjuratio,
1527 3233 1773 3301 quamvis
1827 3234 1895 3288 ab
1953 3233 2088 3303 ipsis

435 3314 663 3371 duobus'
709 3316 944 3385 pessima
995 3316 1212 3374 reddita
1265 3319 1336 3374 sit
1384 3320 1696 3377 retributio.
1756 3323 1890 3378 Nam
1938 3329 2088 3392 post-

439 3418 602 3474 quam
631 3406 874 3462 Saxones
904 3420 1095 3463 omnes
1126 3406 1474 3465 manifestum
1505 3411 1616 3479 jam
1667 3417 1860 3468 contra
1904 3427 2085 3482 regem

439 3493 642 3549 bellum
690 3502 996 3564 coeperunt,
1047 3496 1128 3552 illi
1172 3497 1282 3553 duo
1321 3497 1449 3553 fidei
1483 3501 1681 3569 jurataa
1715 3501 1892 3567 obliti,
1927 3502 2088 3572 primi

443 3583 636 3639 relicta
687 3584 864 3654 patria
912 3584 1205 3656 transfuga:
1244 3587 1379 3643 viles
1416 3588 1485 3644 ad
1520 3589 1709 3646 hostes
1746 3589 2086 3647 defecerunt.

447 3673 564 3729 Hoc
592 3686 723 3729 vero
762 3679 952 3742 postea
985 3676 1216 3746 patebit.

524 3761 607 3816 l7.
658 3763 801 3817 Gens
846 3777 978 3819 vero
1027 3766 1347 3832 Suevorum,
1398 3766 1584 3822 audita
1631 3769 1903 3824 Saxonum
1953 3769 2094 3825 cala-

451 3848 659 3915 mitate,
711 3850 850 3904 clam
896 3851 1108 3919 legatos
1149 3867 1280 3908 suos
1327 3854 1396 3908 ad
1445 3855 1570 3911 illos
1617 3857 1786 3922 misit,
1820 3863 1875 3912 et
1915 3855 2094 3913 foedus

453 3949 576 3990 cum
615 3937 696 3992 eis
724 3936 873 4004 fecit,
908 3946 967 3992 ut
997 3947 1191 3995 neuter
1220 3942 1458 4012 populus
1486 3943 1553 3999 ad
1601 3943 1828 4000 alterius
1869 3960 2096 4016 oppres-

451 4025 663 4080 sionem
703 4025 819 4095 regi
849 4025 1018 4082 ferret
1053 4029 1334 4086 auxilium.
1371 4033 1596 4089 Volebat
1624 4035 1769 4090 enim
1800 4051 1897 4091 rex
1933 4036 2095 4092 etiam

452 4114 659 4169 Suevos
695 4113 965 4170 violenter
1012 4119 1346 4187 opprimere,
1397 4129 1452 4176 et
1500 4128 1557 4178 ut
1605 4124 1710 4179 sibi
1757 4125 1826 4180 de
1873 4127 2097 4195 praediis

450 4203 567 4258 suis
594 4203 891 4260 redderent
920 4207 1124 4262 tributa
1154 4209 1505 4279 compellere.
1540 4213 1694 4279 Quod
1723 4214 1902 4271 foedus
1931 4219 2097 4273 Saxo-

2157 1809 2476 1865 viderentur
2503 1808 2749 1876 incipere
2779 1806 3003 1872 bellum,
3045 1811 3227 1861 tamen
3283 1815 3392 1858 non
3441 1802 3691 1871 ipsorum
3731 1812 3820 1855 so-

2161 1897 2439 1954 lummodo
2470 1896 2704 1951 consilio
2735 1893 2838 1950 fuit
2875 1895 3176 1964 inceptum.
3208 1892 3312 1959 Qui
3342 1904 3466 1946 cum
3496 1895 3580 1946 tot
3609 1895 3666 1944 et
3695 1894 3819 1943 tan-

2165 1995 2249 2044 tas
2295 1985 2630 2042 calamitates
2681 1990 2736 2041 et
2781 1982 3144 2040 contumelias
3189 1979 3391 2051 singuli
3449 1985 3815 2049 paterentur,

2165 2077 2294 2133 dum
2343 2075 2578 2145 quisque
2625 2088 2782 2130 suum
2831 2071 3208 2128 tantummodo
3237 2069 3435 2127 vulnus
3481 2067 3730 2134 dolebat,
3766 2073 3821 2122 et

2164 2167 2403 2221 intactus
2431 2163 2612 2219 adhuc
2649 2163 2932 2219 vulnerato
2983 2176 3093 2218 non
3139 2159 3492 2225 condolebat,
3532 2155 3820 2213 communi

2164 2253 2306 2310 malo
2354 2266 2464 2308 non
2515 2252 2845 2307 resistebant
2893 2249 3170 2306 communi
3206 2247 3461 2304 consilio.
3523 2247 3640 2301 Rex
3699 2244 3824 2300 uni-

2165 2342 2372 2400 versale
2412 2342 2707 2411 dampnum
2755 2340 3124 2410 disponebat,
3174 2344 3230 2394 et
3279 2337 3345 2392 ad
3395 2336 3503 2392 hoc
3549 2335 3824 2404 quaelibet

2164 2432 2556 2502 impedimenta
2587 2429 2911 2500 repellebat,
2945 2437 3001 2484 et
3047 2428 3268 2494 auxilia,
3311 2425 3511 2495 quibus
3538 2438 3638 2479 sua
3677 2423 3826 2478 mala

2165 2521 2416 2578 voluntas
2445 2519 2788 2590 impleretur,
2811 2518 3195 2587 undecumque
3227 2515 3547 2586 quierebat;
3580 2513 3664 2568 illi
3688 2526 3823 2568 vero

2167 2617 2424 2681 putantes
2460 2609 2698 2679 speciale
2747 2609 2968 2673 malum,
3010 2611 3202 2663 contra
3242 2617 3585 2661 communem
3637 2602 3826 2672 perni-

2166 2701 2306 2757 ciem
2354 2699 2502 2754 nulla
2551 2698 2890 2753 defensionis
2937 2698 3299 2751 instrumenta
3347 2693 3637 2763 parabant.
3691 2691 3822 2759 llle,

2167 2804 2276 2860 quo
2316 2788 2531 2844 facilius
2568 2794 2799 2843 cunctos
2847 2791 2907 2842 ut
2952 2785 3171 2842 volebat
3225 2784 3604 2853 opprimeret,
3667 2782 3826 2850 prius

2167 2879 2294 2935 illos
2333 2878 2389 2933 in
2418 2877 2618 2947 quibus
2649 2891 2837 2932 eorum
2877 2876 3050 2932 virtus
3079 2874 3308 2930 maxime
3339 2872 3536 2937 stabat,
3570 2871 3828 2941 singulos

2170 2965 2498 3022 labefactare
2528 2965 2849 3034 temptabat.

2249 3055 2329 3111 19.
2365 3056 2489 3126 (An.
2536 3053 2715 3124 1070.)
2747 3055 3000 3111 Ottonem
3049 3051 3310 3121 denique,
3356 3050 3530 3104 virum
3572 3049 3829 3118 pruden-

2174 3151 2281 3201 tem
2329 3151 2384 3200 et
2431 3143 2649 3210 fortem,
2700 3143 2795 3213 qui
2845 3148 3009 3198 natus
3045 3140 3086 3172 ⁸³
3125 3155 3155 3196 e
3195 3139 3428 3196 Saxonia
3465 3138 3578 3194 dux
3618 3145 3745 3194 erat
3777 3140 3828 3195 in

2171 3236 2429 3302 Bawaria,
2462 3235 2610 3291 omni
2639 3234 2939 3290 calliditate
2969 3232 3011 3264 ⁸⁵⁵
3048 3233 3327 3302 deponere
3359 3230 3672 3300 quaerebat,
3699 3231 3828 3300 quia

2170 3325 2322 3380 illum
2371 3338 2491 3379 cum
2542 3323 2796 3378 omnibus
2840 3321 3099 3378 Bawariis
3127 3320 3168 3351 ⁸⁵
3215 3323 3458 3376 Saxones
3503 3318 3827 3388 adjuturum

2171 3428 2282 3470 non
2322 3412 2628 3468 dubitabat.
2680 3413 2822 3482 Ergo
2865 3411 3137 3481 quendam
3168 3410 3387 3466 nomine
3419 3409 3734 3464 Einnonem
3768 3409 3825 3476 “,

2173 3509 2374 3574 praeter
2427 3501 2709 3557 audaciam
2767 3500 2935 3556 nichil
2983 3499 3201 3556 virtutis
3257 3498 3583 3564 habentem,
3641 3500 3827 3568 pretio

2173 3591 2437 3649 conduxit
2465 3598 2521 3646 et
2564 3590 3022 3661 promissionibus
3049 3589 3384 3656 sollicitavit,
3426 3595 3485 3642 ut
3524 3587 3731 3644 ducem
3763 3587 3827 3643 de

2174 3683 2319 3753 regis
2366 3687 2542 3737 morte
2595 3695 2782 3736 secum
2826 3685 3090 3735 tractasse
3139 3679 3369 3744 diceret,
3421 3683 3475 3732 ct
3521 3678 3633 3733 hoc
3662 3677 3706 3707 ⁸⁷
3749 3692 3826 3743 se,

2174 3773 2221 3827 si
2268 3777 2532 3842 negaret,
2581 3770 2844 3841 singulari
2882 3768 3028 3824 bello
3068 3769 3422 3838 probaturum
3453 3767 3827 3836 promitteret.

2175 3863 2255 3917 lta
2279 3861 2320 3892 ⁸⁸
2368 3861 2684 3917 certaminis
2714 3861 2862 3916 illius
2892 3860 3195 3916 constituto
3234 3859 3345 3925 die,
3377 3859 3502 3914 Otto
3531 3857 3604 3912 ab
3635 3858 3830 3912 amicis

2176 3952 2292 4006 suis
2321 3951 2598 4020 episc0pis
2627 3955 2682 4005 et
2709 3949 2834 4004 aliis
2873 3948 3216 4018 principibus
3248 3953 3625 4016 praemonetur
3653 3947 3828 4016 quod,

2177 4039 2223 4095 si
2279 4039 2578 4095 Goslariam
2635 4038 2881 4102 veniret,
2943 4037 3036 4092 ubi
3094 4036 3335 4092 duellum
3391 4035 3510 4090 fieri
3565 4035 3830 4098 debebat,

2179 4129 2390 4184 etiamsi
2448 4127 2818 4182 adversarium
2875 4139 3032 4180 suum
3087 4124 3379 4190 vinceret,
3446 4130 3631 4178 tamen
3704 4123 3833 4178 inde

2180 4232 2304 4274 cum
2334 4217 2442 4272 vita
2471 4230 2582 4271 non
2615 4216 2841 4271 rediret.
2892 4214 3069 4284 Elegit
3107 4227 3239 4284 ergo
3269 4214 3480 4269 honore
3510 4227 3614 4268 suo
3647 4213 3835 4282 potius

451 4305 550 4348 nes
577 4293 624 4348 si
655 4293 893 4350 ﬁdeliter
921 4306 1250 4363 servassent,
1291 4306 1346 4355 et
1393 4301 1460 4356 ab
1511 4301 1734 4358 infamia
1761 4304 1802 4335 5°
1851 4307 2095 4376 perfidiae
2117 4367 2158 4377 ﬁ
2185 4309 2385 4377 injuste
2424 4305 2646 4376 privari,
2679 4319 2839 4374 quam
2870 4304 2976 4359 tale
3010 4303 3278 4372 judicium
3317 4303 3524 4368 subire,
3558 4302 3656 4356 ubi
3694 4303 3835 4357 scie-

449 4388 504 4438 et
532 4397 564 4438 a
592 4397 786 4454 magna
816 4391 971 4454 parte
1002 4387 1328 4444 calamitatis
1365 4389 1526 4446 liberi
1555 4391 1808 4450 fuissent.

525 4471 607 4527 18.
667 4472 958 4543 Sigifridus
1004 4477 1046 4507 ⁶⁰
1110 4479 1436 4548 Magontinae
1501 4482 1649 4538 sedis
1714 4484 2094 4554 archipraesul,

447 4561 836 4618 Werinhero“1
889 4566 1374 4639 Magedaburgeusi
1423 4578 1477 4626 et
1524 4573 1838 4630 Burchardo
1871 4576 2098 4631 Halber-

448 4650 691 4707 stadensi
722 4651 763 4682 ⁶²
808 4654 1086 4725 episcopis
1132 4657 1344 4714 litteras
1373 4661 1717 4729 querimonia
1765 4664 1955 4732 plenas
2003 4665 2098 4720 mi-

453 4739 546 4804 sit,
588 4741 736 4808 quod
785 4756 881 4798 rex
929 4743 986 4798 iu
1037 4746 1357 4817 episcopatu
1387 4764 1486 4805 suo
1518 4751 1637 4806 loca
1667 4753 2100 4821 praedationibus

456 4825 722 4885 faciendis
758 4837 884 4900 apta
930 4833 1206 4904 elegisset,
1257 4837 1562 4908 positisque
1592 4840 1727 4895 inibi
1767 4842 2007 4897 castellis
2044 4850 2100 4899 et

455 4918 752 4985 praesidiis,
800 4921 969 4976 multa
1023 4923 1160 4978 mala
1207 4926 1372 4981 rebus
1414 4942 1528 4984 sua:
1576 4929 1826 4985 ecclesiae
1868 4930 2094 4987 faceret.

2113 4367 2164 4424 Β
2184 4367 2276 4452 bat
2305 4396 2410 4466 ipsi
2426 4367 2668 4464 .justitiae
2696 4367 3027 4448 violentiam
3042 4391 3184 4448 ﬁeri.
3216 4391 3388 4462 Igitur
3424 4367 3624 4446 adisua
3656 4405 3836 4446 reces-

2181 4487 2272 4553 sit,
2310 4493 2364 4541 et
2393 4485 2666 4541 associato
2697 4483 2802 4538 sibi
2833 4484 3045 4553 Magno,
3077 4482 3219 4538 duce
3248 4481 3518 4545 Saxoniw,
3552 4494 3656 4550 per
3696 4481 3837 4536 duos

2180 4575 2293 4630 fere
2324 4588 2498 4629 annos
2527 4588 2649 4629 cum
2680 4587 2807 4640 rege
2837 4572 3040 4628 bellum
3071 4570 3295 4626 crudele
3326 4571 3495 4640 gessit
3517 4571 3627 4638 (an.
3658 4569 3833 4638 1071).

2182 4663 2387 4720 Deinde
2419 4662 2665 4718 consiliis
2701 4662 2998 4717 amicorum
3042 4661 3239 4726 coacti,
3271 4674 3394 4714 cum
3423 4674 3483 4714 se
3515 4660 3686 4730 regia":
3719 4667 3834 4714 tra-

2182 4753 2378 4810 derent
2415 4751 2693 4822 potestati,
2727 4766 2823 4806 rex
2861 4753 3108 4821 Magnum
3137 4750 3333 4805 ducem
3371 4749 3429 4804 in
3469 4763 3697 4805 carcere
3734 4762 3837 4803 suo

2182 4858 2281 4914 per
2331 4843 2603 4912 integrum
2650 4841 2932 4896 biennium
2972 4839 3168 4906 tenuit,
3210 4840 3286 4894 ita
3325 4845 3384 4894 ut
3415 4838 3600 4894 nullus
3631 4839 3688 4894 in
3729 4839 3836 4894 hoc

2181 4940 2430 5004 tempore
2460 4933 2627 4989 sciret
2657 4939 2837 4988 utrum
2868 4932 3075 4986 viveret
3101 4929 3183 4984 vel
3216 4929 3309 4984 ubi
3340 4936 3503 4985 esset.

1817 5058 2036 5112 VARUE
2075 5060 2456 5116 LECTIONES.

525 5141 566 5172 "
597 5151 916 5201 constructo
946 5145 992 5202 l.
1069 5147 1110 5177 ⁵³

455 5210 499 5290 ff
534 5211 768 5290 infancie
808 5217 855 5270 l.
950 5218 992 5247 ⁶⁰
1021 5210 1326 5290 δὶςθῖιτὶᾱιιε
1354 5223 1406 5279 2.

455 5283 738 5342 Northeim
769 5303 799 5343 a
829 5291 1061 5346 Saxonia
1080 5283 1168 5346 Ἰδ.

1142 5149 1440 5253 Βὲίῗιῗῖξίὶ¹·
1503 5152 2343 5253 $33.13;):"332999.1'
2420 5158 2637 5253 ἶῖίέἓῗξτ
2665 5152 3833 5253 ίῖιῖίξλέ.ΪῨ’Ξ[¹ΞΞ¹ΕΠ“Ἦ..Ξ;ηῗῖξυίίὲἐθὲθἓξ

1257 5237 1326 5302 με
1354 5228 1421 5302 2ς.
1448 5295 1482 5302 __
1503 5228 1543 5302 εἶ’
1575 5228 1908 5302 wer_nerq_l_.
1947 5243 2328 5302 nonnunquam:

1249 5293 1291 5323 ⁸⁸
1321 5295 1643 5350 calidititate
1681 5296 1727 5350 1.
1805 5295 1846 5327 ⁸⁸
1874 5298 1948 5352 ita
1977 5298 2012 5352 2
2041 5293 2273 5356 bawaris
2307 5298 2354 5353 Ι.
2431 5300 2474 5330 ⁸⁸
2502 5315 2788 5357 emnomen
2827 5302 2874 5356 l.
2949 5301 2990 5331 ⁸⁷
3029 5301 3171 5356 deest
3203 5301 3248 5356 l.
3326 5298 3367 5328 ⁸⁸
3405 5300 3594 5368 itaque
3634 5298 3706 5352 ιδ.

2425 5230 2466 5260 θ’
2495 5230 2573 5284 ita
2603 5229 2638 5282 2
2665 5229 3092 5284 halberstatensi
3129 5230 3176 5282 1.
3208 5233 3508 5284 constanter
3598 5225 3642 5256 "
3675 5240 3728 5280 n.
3766 5224 3835 5278 de

2033 5429 2247 5486 NOTIE.

527 5509 636 5580 (23)
677 5513 734 5568 ld
773 5521 856 5572 est
895 5517 963 5574 de
1002 5533 1188 5576 amore
1231 5523 1407 5590 Lothi,
1449 5524 1542 5593 qui
1583 5523 1720 5581 ﬁlias
1751 5539 1878 5581 suas
1907 5535 2200 5584 amaverat.
