4014 6176
177 325 262 380 501

1464 324 1549 379 DE
1588 324 1800 379 BELLO
1836 325 2182 381 SAXONICO.

3401 327 3509 382 502

235 445 313 501 20.
352 447 538 502 Postea
585 445 794 517 legatos
829 444 897 500 ad
929 458 1110 516 regem
1149 446 1420 501 Danorum
1452 446 1601 502 misit
1631 445 1778 502 ultra
1800 449 1980 507 Atem
2009 448 2359 505 ﬁdelissimos
2378 461 2528 515 suos,
2562 449 2706 504 inter
2733 462 2875 518 quos
2903 449 3066 504 etiam
3106 457 3261 504 erant
3291 453 3385 520 qui
3416 466 3511 508 no-

127 559 134 565 -
177 549 301 590 mare
331 535 443 604 (An.
493 533 673 606 1073),
705 549 940 605 eumque
970 535 1075 590 sibi
1105 535 1172 590 ad
1205 535 1560 590 Bardanwich
1612 549 1777 605 roga-

176 625 237 679 vit
265 636 565 687 occurrere,
601 637 710 692 quo
743 630 798 679 et
835 624 952 694 ipse
983 638 1103 679 cum
1136 625 1324 694 paucis
1358 625 1620 694 perrexit,
1653 637 1776 679 cum

173 712 299 769 nulla
325 711 456 768 fama
487 717 722 768 testetur
751 713 898 782 quod
930 721 1055 769 ante
1086 728 1208 769 eum
1249 713 1393 769 ullus
1431 729 1527 770 rex
1556 714 1612 768 in
1657 713 1780 768 illas

173 809 332 873 partes
360 802 669 872 pervenerit
702 801 829 870 (24).
864 803 1064 874 Regem
1097 804 1248 858 illum
1298 804 1373 858 ibi
1424 805 1645 859 obvium
1677 803 1778 856 ha-

169 890 287 956 buit,
310 904 425 944 cum
449 905 516 946 eo
538 897 811 946 secretum
835 891 1171 962 colloquium
1202 891 1353 960 fecit,
1386 892 1475 947 cui
1497 891 1778 961 colloquio

166 983 344 1048 praeter
388 979 708 1049 episcopum
764 980 1115 1036 Adalbertum
1173 987 1228 1036 et
1275 995 1440 1036 unum
1491 981 1559 1036 de
1610 979 1782 1051 regiis

166 1067 588 1123 consiliatoribus
619 1068 799 1124 nullus
849 1068 1114 1124 interfuit.
1168 1072 1348 1139 Ipsum
1390 1077 1569 1125 tamen
1611 1069 1781 1124 collo-

162 1156 324 1225 quium
362 1169 469 1211 non
521 1157 614 1212 diu
663 1157 838 1224 latuit,
882 1158 1008 1227 quia
1053 1157 1146 1212 ille
1196 1159 1462 1228 qui‘cum
1517 1159 1780 1228 episcopo

162 1243 295 1300 solus
323 1244 530 1310 aderat,
563 1260 686 1300 cum
731 1245 1020 1301 consilium
1064 1246 1212 1316 quod
1261 1246 1338 1301 ibi
1369 1246 1619 1303 fecerunt
1658 1261 1784 1317 pro-

159 1334 328 1390 bibere
374 1349 483 1390 non
520 1341 728 1404 posset,
763 1335 896 1391 illud
941 1337 1089 1406 quod
1140 1343 1354 1406 poterat
1393 1337 1592 1404 effecit,
1626 1338 1776 1407 quod

159 1424 417 1494 principes
457 1425 732 1489 Saxonica,
762 1439 995 1495 quorum
1040 1427 1325 1494 intererat,
1376 1426 1554 1496 ipsum
1600 1427 1784 1483 consi-

157 1513 270 1568 lium
299 1527 407 1570 non
436 1513 658 1570 lateret.
701 1516 817 1570 Rex
847 1514 992 1570 enim
1025 1517 1295 1571 Danorum
1339 1516 1455 1587 regi
1512 1516 1771 1572 IIeinrico

159 1602 348 1670 juravit
376 1607 437 1657 ut
475 1602 528 1658 ei
562 1610 754 1658 contra
786 1618 978 1660 omnes
1025 1604 1213 1660 hostes
1257 1619 1406 1670 suos,
1452 1611 1506 1661 et
1542 1607 1786 1662 nomina-

155 1690 235 1746 tim
272 1697 461 1747 contra
497 1693 760 1760 Saxones,
802 1700 1066 1763 quantum
1111 1699 1297 1763 posset
1347 1700 1494 1750 terra
1538 1695 1783 1764 marique

1867 537 2008 591 biles
2037 543 2303 607 cognatos
2341 537 2618 593 habebant
2649 543 2703 593 et
2732 535 2924 604 fortes,
2957 538 3004 592 si
3057 538 3238 607 perire
3267 538 3509 594 dimitte-

1866 632 1970 692 ret,
2020 626 2230 682 nullum
2289 626 2431 681 ultra
2481 627 2695 682 ﬁdelem
2754 627 2859 681 sibi
2899 627 3188 692 inveniret,
3231 634 3287 681 et
3333 632 3510 681 tutum

1864 719 2079 784 tempus
2108 716 2176 770 ab
2219 729 2409 771 eorum
2460 717 2785 786 propinquis
2814 717 3022 772 nullum
3069 717 3315 772 haberet.
3358 716 3510 770 Red-

1863 802 2006 858 didit
2036 817 2168 874 ergo
2199 807 2449 874 Magnum
2473 806 2690 871 ducem,
2723 813 2777 860 et
2815 820 3039 862 suorum
3079 805 3318 860 fidelium
3350 818 3508 860 rece-

1865 889 1944 958 pit
1974 889 2406 946 multitudinem.
2450 893 2582 946 Inde
2612 899 2797 948 natum
2839 892 3189 961 proverbium
3221 905 3319 960 per
3338 896 3510 946 totam

1863 978 2152 1033 Saxoniam
2211 979 2561 1049 divulgatur:
2597 981 2745 1050 quod
2793 995 2935 1037 unus
2981 983 3119 1036 Saxo
3165 980 3510 1050 septuaginta

1863 1068 2065 1131 Suevis,
2109 1074 2341 1134 ematur,
2409 1069 2492 1122 vel
2551 1070 2896 1139 septuaginta
2944 1071 3103 1127 Suevi
3151 1083 3259 1126 uno
3298 1071 3509 1125 Saxone

1865 1157 2226 1213 redimantur.

1936 1246 2026 1302 22.
2068 1248 2143 1302 De
2184 1247 2366 1302 reditu
2405 1246 2564 1302 ducis
2611 1249 2786 1318 Magni
2834 1255 3039 1318 quanta
3076 1248 3304 1305 fuissent
3363 1249 3511 1304 omni

1864 1337 2114 1393 Saxouiae
2145 1337 2362 1407 gaudia,
2396 1337 2642 1393 Tulliana
2674 1351 2782 1393 non
2808 1346 2994 1409 posset
3024 1341 3299 1410 explicare
3325 1338 3512 1396 facun-

1865 1427 1956 1482 dia
1997 1446 2010 1481 :
2054 1440 2165 1482 non
2204 1427 2375 1496 magis
2421 1427 2490 1482 de
2529 1427 2626 1483 illo
2673 1429 2996 1499 gauderent,
3037 1431 3083 1484 si
3115 1445 3237 1486 eum
3271 1445 3303 1486 a
3336 1437 3511 1486 morte

1865 1515 2167 1572 redivivum
2223 1517 2589 1587 accepissent.
2649 1519 2863 1584 Quanto
2883 1521 2924 1550 τ’
2969 1533 3092 1574 eum
3146 1534 3204 1575 se
3254 1534 3508 1590 umquam

1867 1604 2043 1660 vivum
2092 1605 2306 1662 visuros
2361 1605 2810 1676 desperaverant,
2871 1615 3024 1664 tanto
3082 1623 3205 1664 eum
3261 1609 3512 1664 videntes

1864 1694 2040 1748 vivum
2070 1695 2277 1763 majore
2307 1695 2498 1751 laetitia
2528 1695 2940 1765 tripudiabant;
2977 1709 3078 1751 nec
3107 1697 3284 1751 solum
3315 1698 3397 1750 sui
3427 1698 3510 1752 vel

155 1777 393 1834 auxilium
432 1779 653 1849 ferret;
706 1788 762 1838 et
811 1797 908 1838 rex
959 1783 1250 1838 IIeiuricus
1297 1782 1376 1838 illi
1427 1783 1679 1853 promisit
1726 1775 2086 1854 uthognati
2119 1783 2160 1815 ⁷³
2211 1784 2295 1839 vel
2355 1783 2586 1840 clientes
2642 1787 2761 1855 ejus
2807 1785 2876 1840 de
2929 1785 3105 1841 salute
3154 1785 3509 1854 plaudebant,

152 1865 194 1922 ei
220 1875 438 1924 cunctas
469 1871 728 1942 regiones
755 1885 857 1927 suo
881 1885 1051 1942 regno
1075 1873 1360 1943 contiguas
1399 1872 1454 1927 in
1497 1873 1780 1942 proprium

155 1954 314 2013 daret.

206 2046 290 2104 2i.
331 2049 509 2118 Igitur
545 2049 643 2106 illo
691 2050 972 2121 colloquio
1022 2050 1177 2107 ﬁnito
1227 2057 1282 2106 et
1329 2052 1602 2106 Danorum
1648 2065 1778 2121 rege

151 2149 374 2204 reverso,
408 2153 510 2193 rex
557 2140 847 2196 Ileinricus
868 2139 910 2170 ⁶⁹
941 2140 1226 2196 castellum
1267 2141 1588 2211 Liuniburg,
1625 2139 1773 2210 quod

144 2222 209 2276 ibi
234 2239 411 2295 prope
459 2235 597 2294 erat,
640 2229 1040 2295 consideravit;
1087 2231 1248 2298 cujus
1300 2229 1604 2285 munitione
1656 2242 1779 2297 per-

134 2319 326 2379 specta,
378 2315 438 2368 in
497 2317 618 2385 ejus
663 2317 1022 2386 cupiditatem
1069 2331 1172 2373 suo
1219 2332 1373 2373 more
1421 2319 1775 2374 vehementer

129 2403 334 2469 exarsit,
364 2405 565 2473 quasi,
589 2405 634 2458 si
658 2405 794 2460 illud
817 2406 873 2460 in
894 2420 992 2460 sua
1030 2412 1302 2476 potestate
1333 2412 1563 2473 teneret,
1588 2406 1771 2462 nullus

120 2487 163 2543 in
191 2490 304 2546 illis
337 2492 615 2561 partibus
654 2493 759 2546 sibi
800 2493 1057 2549 resistere
1090 2496 1378 2564 potuisset.
1413 2495 1551 2550 Illud
1597 2501 1780 2549 autem

115 2580 398 2635 castellum
449 2579 650 2650 Magni
703 2579 860 2635 ducis
908 2587 1194 2649 parentum
1231 2596 1450 2651 semper
1487 2583 1685 2647 fuerat,
1733 2587 1787 2636 et

123 2668 178 2722 ad
211 2669 403 2738 ipsum
433 2682 720 2739 suumque
761 2675 1013 2738 patruum
1044 2671 1432 2726 Herimannum
1465 2677 1594 2726 tunc
1633 2671 1793 2725 here-

137 2756 321 2812 ditario
349 2758 482 2825 jure
535 2764 878 2826 pervenerat.
920 2760 997 2813 Ex
1045 2759 1234 2829 paucis
1273 2773 1405 2830 ergo
1453 2773 1594 2829 quos
1625 2759 1792 2814 habe-

138 2845 214 2900 bat
243 2860 461 2913 secum,
498 2845 847 2902 ﬁdelissimos
882 2848 1230 2918 septuaginta
1251 2848 1292 2878 ⁷ο
1331 2847 1444 2904 fere
1490 2849 1700 2904 dimisit
1731 2851 1787 2905 in

143 2934 223 2990 illo
272 2935 534 3002 castello,
575 2936 670 3006 qui
723 2938 886 2991 etiam
946 2937 1123 3006 ipsum
1169 2942 1448 3007 totamque
1499 2940 1783 3009 regionem

143 3024 272 3079 circa
311 3025 721 3096 compellerent
769 3027 922 3096 regio
974 3040 1168 3095 parere
1214 3027 1488 3082 serviliter
1526 3028 1779 3098 imperio.

1861 1872 1959 1927 sed
1990 1873 2168 1927 omnis
2199 1873 2424 1929 omnino
2453 1873 2689 1944 populus
2707 1874 3074 1944 omnipotenti
3106 1875 3238 1941 Deo,
3271 1874 3364 1943 qui
3387 1887 3509 1929 eum

1864 1961 2191 2016 mirabiliter
2247 1961 2519 2029 liberavit,
2588 1963 2780 2019 laudes
2834 1963 3166 2019 unanimiter
3222 1963 3509 2018 reddebat.

1861 2052 2029 2117 Quem
2080 2052 2224 2107 enim
2276 2059 2504 2121 patruus
2558 2067 2691 2108 suus
2734 2053 3106 2110 inaestimabili
3165 2053 3501 2122 praediorum

1863 2141 1977 2195 sive
2028 2140 2384 2210 pecuniarum
2426 2141 2607 2210 pretio
2647 2141 2920 2197 redimere
2973 2155 3084 2196 non
3136 2141 3326 2207 valuit,
3368 2140 3514 2194 hunc

1865 2229 2050 2285 divina
2079 2229 2256 2299 pietas
2285 2243 2352 2285 eo
2382 2231 2569 2297 modo,
2593 2244 2756 2299 quem
2780 2231 3011 2285 humana
3042 2229 3333 2299 prudentia
3365 2241 3516 2283 num-

1865 2331 2029 2389 quam
2068 2323 2258 2386 posset
2297 2318 2632 2389 excogitare,
2666 2318 2936 2373 liberavit.
2971 2319 3158 2385 Itaque
3191 2316 3359 2371 nichil
3401 2315 3515 2370 fere

1861 2409 1974 2477 jam
1995 2407 2228 2462 sonabat
2249 2422 2315 2463 ex
2332 2421 2427 2464 ore
2449 2408 2620 2463 totius
2641 2407 2914 2472 Saxoniai,
2939 2406 3044 2460 nisi
3071 2425 3084 2460 :
3108 2407 3216 2460 Deo
3229 2405 3431 2473 gratias
3452 2402 3517 2457 de

1870 2498 2052 2565 Magni
2119 2497 2264 2552 ducis
2310 2497 2626 2554 ammirabili
2685 2496 3028 2552 liberatione!
3067 2495 3150 2550 Illi
3209 2494 3304 2563 qui
3351 2505 3516 2547 num-

1869 2599 2031 2653 quam
2060 2599 2184 2640 eum
2232 2586 2501 2653 viderant,
2536 2599 2636 2656 pro
2657 2585 2699 2617 ⁷⁸
2735 2587 2856 2654 ejus
2883 2584 3169 2654 ereptione
3202 2595 3312 2638 non
3334 2583 3519 2636 mino-

1870 2686 1960 2727 res
1979 2672 2042 2739 ⁷⁵,
2093 2687 2255 2743 quam
2302 2675 2348 2728 si
2388 2675 2456 2730 de
2497 2676 2616 2744 ejus
2663 2688 2864 2744 genere
2920 2673 3003 2728 vel
3043 2672 3245 2727 familia
3285 2670 3516 2726 fuissent

1870 2762 1983 2816 Deo
2013 2762 2217 2830 gratias
2245 2763 2498 2833 agebant.

1943 2849 2034 2906 23.
2077 2850 2286 2906 Deinde
2325 2865 2450 2907 cum
2481 2851 2790 2922 principum
2821 2850 3086 2906 festivitas
3115 2849 3516 2918 apostolorum,

1875 2939 2018 2993 Petri
2056 2939 2314 2995 videlicet
2359 2947 2415 2995 et
2442 2939 2615 3007 Pauli,
2659 2942 3076 3010 propinquaret,
3119 2939 3384 3008 praecepit
3423 2951 3519 2992 rex

1872 3035 1932 3083 ut
1971 3028 2222 3083 universa
2263 3030 2572 3099 principum
2612 3029 2863 3085 Saxoniae
2895 3028 3189 3084 multitudo
3217 3026 3518 3083 Goslariam

144 3113 233 3166 Sed
275 3113 362 3170 his
402 3120 616 3171 temere
672 3116 957 3186 ingressis,
999 3117 1384 3184 Herimannus,
1426 3117 1554 3172 dum
1604 3133 1701 3174 rex
1752 3134 1781 3174 e
1805 3101 2208 3183 Cconveniret,
2244 3124 2304 3173 ut
2331 3119 2378 3173 si
2410 3119 2541 3187 quid
2574 3118 2643 3173 de
2673 3118 3056 3173 communibus
3086 3117 3240 3187 regni
3280 3115 3519 3186 negotiis

145 3201 326 3259 finibus
372 3205 496 3260 suis
544 3203 738 3260 fuisset
777 3219 1051 3275 egressus,
1092 3213 1346 3276 expectat
1367 3206 1428 3272 7‘,
1461 3213 1517 3262 et
1546 3220 1670 3262 mox
1699 3208 1784 3277 ip-

145 3306 244 3347 sum
309 3294 605 3350 castellum
663 3309 785 3350 cum
841 3295 1009 3350 multa
1056 3297 1256 3352 virtute
1313 3297 1638 3353 circumdat.
1698 3297 1782 3352 Illi

144 3381 259 3449 quid
307 3382 608 3440 facerent?
656 3384 950 3440 Castellum
997 3385 1222 3454 quidem
1271 3385 1414 3442 forte
1463 3394 1519 3441 et
1567 3387 1783 3442 cunctis

147 3469 234 3524 nisi
261 3472 363 3527 soli
395 3471 529 3528 fami
573 3473 968 3542 insuperabile,
1000 3475 1098 3530 sed
1129 3480 1333 3544 prater
1361 3489 1569 3545 paucos
1593 3489 1782 3546 panes,

145 3573 267 3627 quos
320 3562 688 3619 discedentes
716 3563 971 3619 monachi
1016 3565 1358 3633 reliquerant
1407 3564 1577 3620 nichil
1636 3565 1785 3634 quod

147 3650 445 3708 manducari
479 3657 680 3722 posset
708 3652 967 3720 habebat,
1023 3659 1077 3708 et
1135 3651 1304 3708 fames
1356 3667 1455 3710 eos
1503 3653 1788 3708 castellum

141 3737 437 3811 relinquere
492 3742 752 3813 jubebat,
794 3742 891 3797 sed
942 3741 1102 3798 obvia
1140 3741 1272 3797 ferri
1313 3743 1485 3798 virtus
1515 3756 1612 3798 eos
1641 3742 1790 3797 exire

146 3840 238 3883 non
273 3832 511 3888 sinebat.
537 3833 741 3888 Paucis
770 3837 951 3888 autem
982 3845 1092 3887 non
1123 3837 1241 3887 erat
1272 3837 1449 3887 tutum
1480 3846 1602 3887 cum
1634 3845 1790 3888 exer-

1865 3207 1951 3276 agi
1991 3207 2215 3277 dignum
2255 3213 2581 3276 emergeret,
2615 3206 2722 3262 hoc
2750 3208 2869 3276 ipse
2901 3207 3177 3261 communi
3209 3205 3516 3274 principum

1865 3296 2100 3351 consilio
2151 3302 2430 3351 tractaret.
2481 3298 2680 3351 Omnes
2725 3296 2855 3350 illuc
2906 3295 3117 3350 alacres
3163 3292 3515 3355 festinabant,

1868 3387 1996 3454 quia
2051 3385 2421 3440 calamitatum
2469 3399 2606 3454 quas
2652 3385 2888 3439 Saxonia
2939 3385 3048 3450 jam
3100 3382 3196 3435 diu
3247 3380 3519 3462 tolerabat

1868 3474 1928 3538 7“,
1970 3475 2208 3542 aliquem
2249 3474 2542 3528 terminum
2573 3472 2688 3526 fore
2739 3471 3055 3540 sperabant.
3099 3469 3274 3536 Igitur
3309 3466 3518 3521 festivi-

1870 3567 1980 3618 tate
2010 3562 2306 3618 celebritcr
2335 3561 2632 3624 celebrata,
2681 3573 2804 3613 cum
2854 3558 2974 3611 dies
3021 3556 3088 3610 ad
3130 3569 3323 3610 causas
3360 3567 3525 3625 agen-

1871 3651 1969 3706 das
1997 3656 2199 3706 statuta
2226 3649 2486 3712 venisset,
2521 3647 2792 3716 episcopi,
2835 3646 3025 3711 duces,
3059 3643 3289 3699 comites
3319 3641 3526 3698 ceteri-

1873 3754 1979 3810 que
2036 3739 2104 3794 ad
2163 3737 2422 3807 palatium
2490 3735 2733 3790 diluculo
2765 3735 2804 3764 ⁷⁷
2859 3735 3036 3804 primo
3078 3739 3522 3803 congregantur;

1873 3829 2061 3898 ibique
2083 3827 2360 3891 sedentes,
2386 3825 2562 3880 donec
2602 3824 2668 3878 ad
2700 3837 2758 3878 se
2792 3837 2886 3878 rex
2917 3821 3234 3892 egrediatur
3261 3821 3344 3876 vel
3376 3820 3444 3876 ad
3467 3836 3526 3877 se

144 3917 238 3974 citu
279 3924 466 3980 venire
509 3924 574 3979 in
610 3922 883 3992 prmlium.
920 3921 1262 3978 Deditionem
1303 3935 1435 3992 ergo
1466 3921 1653 3977 comiti
1685 3923 1792 3975 Ile-
1868 3919 2059 3988 jubeat
2089 3931 2186 3972 eos
2214 3917 2440 3980 intrare,
2475 3913 2839 3984 nequicquam
2880 3912 3224 3981 operiuntur.
3267 3912 3400 3965 Nam
3431 3909 3526 3966 ille

147 4007 378 4066 rimanno
407 4013 766 4079 offerebant;
809 4011 907 4067 sed
939 4011 1054 4079 ille,
1095 4013 1200 4067 nisi
1231 4013 1456 4082 Magnus
1485 4011 1616 4076 dux,
1647 4009 1792 4065 ﬁlius
1873 4007 2073 4063 cubilis
2111 4008 2194 4060 sui
2241 4004 2453 4060 foribus
2491 4003 2714 4069 clausis,
2748 4003 2900 4058 intus
2937 4015 3060 4056 cum
3110 4000 3226 4055 suis
3266 3999 3526 4070 parasitis

143 4091 308 4155 fratris
343 4103 454 4171 sui,
491 4101 733 4168 rediret,
759 4101 966 4156 nullum
999 4101 1228 4157 istorum
1250 4101 1526 4156 abiturum
1548 4100 1788 4155 dicebat.
1873 4096 2009 4152 aleis
2054 4095 2138 4150 vel
2187 4094 2389 4150 ceteris
2438 4093 2603 4148 rebus
2632 4091 2938 4162 nugatoriis
2977 4104 3199 4161 operam
3241 4090 3442 4156 dabat,
3469 4097 3524 4144 et

142 4189 242 4254 Quo
297 4199 620 4263 comperto,
663 4205 758 4246 rex
814 4191 1012 4246 multas
1057 4191 1338 4261 angustias
1385 4190 1596 4256 habuit,
1665 4204 1788 4257 nec,
1874 4191 1955 4241 tot
2013 4198 2239 4254 magnos
2302 4181 2555 4238 homines
2607 4182 2675 4236 ad
2731 4196 2881 4236 suam
2945 4183 3168 4249 jauuam
3227 4179 3520 4244 excubare,

145 4279 257 4346 quid
286 4281 391 4337 sibi
425 4281 641 4337 fuisset
670 4281 823 4345 utile,
852 4279 1010 4335 facile
1048 4282 1362 4351 excogitare
1401 4281 1601 4350 potuit.
1663 4279 1792 4335 Illos
1874 4275 2031 4345 quasi
2084 4274 2354 4342 mancipia
2392 4271 2676 4335 vilissima,
2733 4269 2926 4324 nichili
2980 4267 3336 4337 pendebat".
3387 4268 3521 4320 Tota

145 4366 382 4426 obsessos
411 4387 520 4441 per
550 4370 664 4424 vim
709 4369 944 4425 liberare
984 4383 1094 4424 non
1125 4370 1324 4439 potuit,
1366 4370 1494 4439 quia
1523 4369 1591 4424 de
1621 4370 1853 4452 Saxo-ﬁ
1877 4365 1997 4419 dies
2027 4363 2118 4418 illa
2158 4363 2412 4429 transiit;
2448 4376 2549 4416 nec
2581 4361 2697 4428 ipse
2740 4372 2841 4452 nec
2894 4356 3094 4425 aliquis
3112 4369 3266 4452 “vera
3298 4360 3525 4452 portans

144 4455 303 4526 nibus,
344 4433 492 4531 quos
540 4459 788 4518 offensos
836 4459 1093 4526 habebat,
1125 4433 1425 4514 exercitum
1455 4433 2103 4528 congregareDnuntius
2148 4453 2214 4508 ad
2246 4466 2343 4507 eos
2398 4449 2582 4505 exivit.
2626 4450 2757 4502 Cum
2802 4447 2910 4514 jam
2963 4442 3264 4540 noxfacta
3307 4440 3520 4540 fuisset,

144 4558 240 4600 non
288 4551 579 4616 credidit;
646 4549 714 4603 de
759 4549 1018 4618 gentibus
1075 4562 1204 4604 vero
1265 4548 1388 4602 aliis
1439 4562 1553 4603 suae
1590 4547 1790 4603 ditioni
1874 4544 2096 4613 quidam
2135 4542 2203 4596 de
2244 4540 2498 4610 parasitis
2535 4540 2653 4607 ejus
2692 4548 2964 4606 egressus,
3009 4531 3354 4603 principibus
3393 4531 3527 4584 irri-

140 4636 386 4705 subjectis
455 4653 587 4695 eam
655 4637 1082 4704 multitudinem,
1142 4639 1230 4692 cui
1290 4636 1420 4692 illuc
1478 4637 1558 4691 ire
1618 4642 1791 4692 tutum
1874 4633 2019 4688 sorie
2059 4631 2216 4696 dixit,
2259 4628 2520 4698 quamdiu
2559 4627 2635 4680 ibi
2666 4625 2870 4680 vellent
2909 4628 3222 4692 expectare,
3266 4633 3387 4674 cum
3429 4632 3523 4673 rex

139 4734 288 4793 esset,
319 4743 433 4785 non
495 4729 718 4784 habuit.
753 4729 953 4783 Ducem
995 4726 1229 4782 reddere
1261 4725 1459 4790 noluit,
1503 4726 1632 4796 quia
1663 4725 1790 4780 dum
1878 4736 1976 4792 per
2005 4721 2164 4775 aliam
2210 4721 2430 4786 jauuam
2482 4729 2757 4787 egressus,
2799 4713 2866 4768 ad
2907 4711 3096 4767 urbem
3147 4724 3297 4764 suam
3348 4707 3523 4763 veloci

143 4814 276 4895 illum
316 4819 375 4874 in
405 4819 658 4876 vinculis
695 4819 940 4884 tenebat,
981 4832 1210 4873 securus
1269 4831 1300 4872 a
1348 4816 1494 4873 bello
1542 4815 1794 4872 Saxonite
1877 4825 2040 4867 cursu
2099 4813 2463 4879 properaret?
2495 4806 2573 4861 Ibi
2625 4810 2752 4860 sunt
2800 4816 2991 4898 omnes
3013 4801 3064 4898 π.
3094 4799 3240 4898 adeo
3276 4797 3522 4898 turbati,

143 4889 254 4962 fuit.
277 4910 444 4966 Solus
477 4911 636 4966 enim
684 4910 850 4964 timor
894 4921 962 4963 ne
994 4907 1086 4963 ille
1139 4907 1491 4963 occideretur
1540 4905 1672 4962 fecit
1713 4911 1791 4961 ut.
1878 4903 1972 4973 qui
2012 4905 2164 4956 tanto
2204 4899 2419 4953 fuerant
2443 4897 2616 4952 habiti
2648 4910 2677 4949 a
2709 4894 2854 4987 regis
2883 4891 3140 4961 superbia
3163 4889 3525 4987 contemptui.

144 4999 215 5050 tot
241 4998 461 5068 injuriis
492 4999 766 5068 acceptis,
800 4997 1002 5054 bellum
1034 5010 1143 5052 non
1167 4995 1526 5066 inciperetur.
1569 4997 1672 5050 Tot
1700 5009 1797 5050 au-
1879 4998 1957 5059 ut,
1991 4991 2096 5047 nisi
2126 4989 2259 5045 Dedi
2291 4987 2536 5044 marchio
2585 4997 2774 5041 eorum
2814 4981 3055 5036 furorem
3105 4993 3203 5034 sua
3235 4978 3528 5049 prudentia

1507 5148 1729 5203 VARle
1767 5146 2151 5202 LECTIONES.

207 5276 346 5362 ‘il‘i.
379 5278 446 5362 l._
466 5279 511 5308 ⁷ο
708 5277 754 5332 I.
851 5280 1076 5362 expecta
1112 5273 1160 5362 1‘.
1189 5275 1233 5362 ξ’
1259 5275 1453 5362 quanti
1486 5274 1598 5358 1..73
1625 5275 1807 5362 agnati
1837 5288 1974 5362 corr.
1993 5271 2218 5362 cognati
2247 5264 3001 5362 1.:‘Aper':l:.n':
3024 5261 3137 5362 ha":
3161 5260 3524 5362 lgl‘leffbggil

142 5344 176 5469 ’1’
204 5332 480 5474 (Ιῖῗιιιοὶὲ.
537 5347 611 5472 27‘
646 5349 721 5404 ila
782 5332 867 5416 1b,
909 5332 1297 5416 vilipendebat'
1324 5345 1368 5402 1.
1413 5347 1561 5415 parvi
1594 5332 1870 5416 pendebat
1898 5347 1953 5399 2.
1985 5332 2126 5415 iii/“Fc
2159 5358 2276 5412 cap.
2309 5332 2398 5393 74'.
2457 5335 2834 5405 vilipendebat
2871 5348 2966 5388 suo
3020 5332 3132 5388 loco
3171 5337 3266 5388 est.
3299 5332 3340 5362 "
3388 5332 3528 5387 deest

207 5435 238 5473 a
277 5427 356 5476 est
469 5465 482 5476 .
584 5460 597 5473 .

1732 5489 1946 5544 NOT/E.

203 5607 313 5680 (24)
357 5607 443 5666 Cf.
479 5607 726 5665 Annales
764 5605 1023 5662 Einhardi
1054 5618 1103 5661 a.
1133 5603 1260 5658 795.
