4014 6176
372 259 395 291 ·’
425 279 534 336 503
1473 268 1805 323 pannosus
1839 263 2106 320 CLERICI
2144 261 2739 351 nacuspuucms'ls
3682 259 3781 312 504

428 407 826 472 compesceret,
869 398 1055 454 eadem
1086 396 1220 451 hora
1259 392 1372 462 regi
1421 391 1627 461 pariter
1673 402 1884 456 omnes,
1915 385 2371 456 omniAquando
2421 400 2486 442 ea
2532 399 2657 455 quae
2704 383 2887 440 futura
2943 391 3071 439 sunt
3127 388 3311 439 mente
3367 382 3647 453 concipio,
3686 382 3782 437 ista

431 494 681 564 projecto
718 490 938 553 timore,
979 482 1259 540 manifeste
1298 481 1694 536 renuntiarent.
1736 478 1833 534 Illa
1862 478 1982 533 dies
2012 482 2066 533 et
2151 489 2275 545 quae
2332 488 2479 530 nunc
2539 473 2792 564 toleratis
2817 515 2830 538 ,
2895 472 3204 529 tolerabilia
3274 477 3429 542 puto.
3497 473 3783 541 Postquam

433 562 553 639 haec
583 593 744 635 causa
776 577 977 632 bellum
1018 573 1271 644 primitus
1299 570 1545 638 incepit;
1595 568 1687 624 illa
1717 567 1838 623 dies
1868 567 2067 637 princi-
2148 565 2292 621 enim
2348 578 2446 619 sua
2493 562 2718 618 castella
2775 576 2877 631 per
2922 567 3093 618 totam
3148 566 3349 617 terram
3398 567 3643 616 nostram
3690 573 3784 629 pro

436 672 585 742 pium
616 668 854 724 omnium
881 678 1004 734 qua:
1023 666 1327 729 sequuntur
1355 658 1620 714 malorum
1639 656 1682 687 ⁸⁰
1712 655 1832 712 fuit.
1864 656 2067 711 Eadem
2150 668 2247 709 sua
2302 652 2583 708 voluntate
2613 650 3006 719 construxerit,
3057 657 3113 706 et
3167 665 3230 706 ea
3278 650 3545 706 militibus
3572 650 3791 705 armatis

435 770 670 827 namque
718 760 877 809 nocte
918 751 1192 820 principes
1239 760 1430 802 omnes
1479 760 1666 815 parum
1706 745 1913 815 pransi,
1945 757 2069 799 cum

437 845 667 917 singulis
713 842 910 911 quibus
956 836 1157 907 optime
1205 835 1526 902 credebant,
1566 836 1624 889 in
1683 848 1842 889 unam
1896 833 2074 889 eccle-

440 936 595 998 siam,
629 944 746 986 cum
780 941 970 983 omnes
998 923 1167 980 ceteri
1200 925 1312 993 jam
1350 923 1676 989 dormirent,
1717 937 1785 978 ex
1813 921 2073 977 condicto

441 1022 848 1079 convenerunt;
884 1013 1071 1082 ibique
1101 1025 1214 1067 non
1265 1012 1453 1081 paucis
1483 1012 1635 1081 prius
1665 1011 1903 1066 lacrimis
1932 1009 2074 1066 effu-

439 1111 535 1174 sis,
567 1105 759 1161 melius
796 1102 901 1157 sibi
949 1100 1068 1157 fore
1113 1105 1345 1156 mortem
1393 1098 1694 1168 quamlibet
1732 1098 1864 1168 pati,
1914 1111 2076 1167 quam

440 1196 596 1252 talem
647 1192 809 1247 vitam
849 1190 905 1245 in
956 1189 1123 1244 tantis
1170 1187 1572 1243 calamitatibus
1628 1194 1684 1242 et
1730 1186 2079 1244 contumeliis

2152 750 2207 798 et
2254 742 2421 797 rebus
2489 740 2692 796 ceteris
2753 739 2822 795 ad
2871 740 2979 795 hoc
3045 740 3325 811 negotium
3388 739 3792 809 pertinentibus

2154 829 2482 899 impleverit,
2522 834 2657 884 tunc
2695 842 2806 884 non
2854 828 3089 899 amplius
3120 830 3230 897 jam
3260 828 3406 883 bona
3452 833 3637 900 vestra
3677 841 3793 896 par-

2154 918 2422 975 ticulatim
2480 916 2752 988 diripiet;
2817 916 2915 973 sed
2983 917 3236 973 universa
3291 932 3416 987 qua
3464 916 3796 987 possidetis,

2155 1007 2313 1063 vobis
2358 1006 2520 1062 simul
2572 1006 2791 1076 eripiet,
2842 1011 2918 1072 et,
2968 1005 3284 1061 hominibus
3338 1005 3564 1061 advenis
3624 1011 3801 1061 vestra

2159 1096 2303 1152 bona
2333 1095 2593 1166 largiens,
2623 1108 2723 1151 vos
2746 1094 2919 1165 ipsos,
2970 1093 3179 1150 liberos
3217 1100 3273 1150 et
3327 1095 3622 1166 ingenuos,
3653 1094 3803 1164 igno-

2158 1190 2343 1241 torum
2389 1184 2672 1240 hominum
2716 1197 2907 1240 servos
2954 1183 3240 1253 praecipiet
3287 1198 3428 1240 esse.
3460 1185 3593 1250 Quae
3624 1183 3803 1238 omnia

2161 1272 2428 1343 numquid
2474 1273 2531 1328 in
2583 1286 2680 1328 vos
2723 1271 2768 1303 ³ο
2810 1272 2928 1327 fieri
2983 1272 3287 1342 patiemini,
3329 1270 3616 1328 fortissimi
3662 1271 3809 1326 viri?

2160 1364 2355 1418 Nonne
2402 1362 2577 1417 emori
2634 1375 2734 1430 per
2806 1361 3063 1416 virtutem
3118 1366 3364 1430 praestat,
3427 1374 3590 1430 quam
3648 1360 3808 1414 vitam

2166 1451 2419 1506 miseram
2449 1454 2507 1505 et
2534 1449 2916 1515 inhonestam,
2958 1448 3049 1503 ubi
3080 1449 3300 1505 illorum
3356 1449 3635 1519 superbia:
3665 1447 3810 1503 ludi-

444 1546 812 1603 communiter
838 1548 1083 1614 agerent,
1124 1543 1201 1596 ita
1237 1547 1366 1596 sunt
1402 1541 1599 1612 singuli
1631 1541 1697 1596 ad
1730 1556 1829 1597 sua
1857 1542 2085 1607 reversi,
2168 1540 2290 1595 brio
2319 1537 2553 1605 fueritis,
2609 1552 2710 1608 per
2754 1537 2999 1595 dedecus
3046 1538 3298 1593 amittere
3351 1538 3636 1608 (διαιρεῖ.
3693 1539 3812 1606 Iug.

447 1636 605 1706 quasi
646 1646 941 1702 numquam
990 1631 1223 1701 amplius
1260 1630 1328 1685 ad
1361 1631 1506 1700 regis
1543 1631 1824 1685 servitium
1852 1631 2085 1686 venturi.
2167 1628 2265 1699 31)
2290 1635 2314 1684 ?
2365 1628 2517 1684 Servi
2569 1642 2679 1684 aere
2728 1628 2904 1698 parati
2942 1628 3145 1696 injusta
3190 1629 3419 1698 imperia
3467 1628 3813 1683 dominorum

521 1723 611 1776 24.
655 1722 826 1792 Igitur
863 1730 973 1775 non
1023 1720 1187 1790 longo
1211 1717 1250 1749 ⁸¹
1286 1725 1530 1787 tempore
1570 1726 1866 1784 transacto,
1908 1707 2285 1789 magniBnon
2317 1715 2620 1787 perferunt,
2653 1722 2709 1772 et
2736 1731 2835 1772 vos
2872 1716 2929 1772 in
2978 1715 3234 1772 libertate
3263 1717 3398 1783 nati,
3443 1729 3605 1786 aequo
3634 1716 3814 1771 animo

455 1810 742 1882 parvique,
784 1809 929 1863 sicut
974 1808 1349 1863 constitutum
1386 1805 1582 1873 fuerat,
1632 1807 1700 1862 ad
1749 1807 1929 1861 villam
1967 1820 2092 1876 quae
2175 1807 2494 1862 servitutem
2578 1804 2941 1861 tolerabitis?
2996 1807 3252 1861 Fortasse
3326 1805 3455 1875 quia
3523 1804 3817 1861 Christiani

440 1284 619 1338 vivere
648 1280 926 1335 dixerunt.
966 1277 1276 1332 Constituto
1324 1276 1507 1345 itaque
1558 1276 1647 1331 die
1696 1281 1751 1331 et
1805 1275 1930 1331 loco
1969 1288 2079 1345 quo

440 1383 632 1428 omnes
670 1382 792 1423 cum
842 1366 1098 1422 omnibus
1146 1365 1450 1420 Saxonibus
1487 1364 1861 1430 convenirent,
1912 1369 1967 1419 et
2012 1363 2082 1419 de

442 1460 698 1514 libertate
728 1455 1025 1521 communi,
1059 1467 1221 1524 quam
1259 1452 1367 1508 sibi
1412 1452 1671 1508 videbant
1709 1458 1957 1522 ereptum
1989 1452 2079 1519 iri,

456 1896 871 1954 Normeslovo‘"
924 1896 1030 1966 (25)
1087 1903 1313 1951 vocatur
1338 1895 1380 1925 ⁸³
1437 1909 1628 1950 omnes
1676 1902 2090 1961 convenerunt;

457 2002 558 2043 cur
603 1993 785 2041 autem
835 1992 940 2040 tam
990 1997 1216 2054 magnus
1274 1989 1577 2040 conventus
1631 1984 1687 2039 in
1749 1999 1912 2054 parvo
1972 1983 2096 2040 loco

459 2076 635 2131 factus
680 2072 893 2141 fuisset,
943 2086 1051 2128 non
1098 2086 1288 2128 omnes
1344 2079 1702 2143 agnoverunt.
1751 2074 1901 2128 Tunc
1947 2075 2095 2138 Otto,

462 2165 556 2234 qui
589 2164 699 2218 dux
737 2162 867 2218 olim
909 2160 1106 2226 fuerat,
1146 2161 1244 2216 sed
1285 2161 1465 2217 adhuc
1511 2161 1670 2217 ducis
1706 2175 1905 2219 nomen
1935 2162 2104 2217 habe-

464 2255 575 2319 hat,
625 2251 772 2306 omni
820 2258 1151 2320 congregata
1198 2250 1570 2318 multitudine,
1629 2250 1848 2317 collem,
1906 2266 1936 2305 a
1991 2264 2119 2321 quo.

466 2342 697 2411 loquens
743 2339 811 2394 ab
860 2339 1115 2399 omnibus
1153 2339 1331 2394 audiri
1371 2345 1595 2408 posset,
1636 2340 1941 2394 ascendens
1987 2340 2104 2395 ﬁeri

466 2430 745 2485 silentium
777 2427 1110 2496 postulavit;
1144 2441 1255 2496 quo
1293 2425 1460 2493 facto,
1493 2441 1616 2482 cum
1648 2441 1840 2483 omnes
1877 2429 2108 2484 arrectis

469 2522 680 2573 starent
743 2515 989 2581 auribus,
1065 2515 1381 2583 hujusmodi
1462 2529 1770 2572 sermonem
1852 2517 2105 2587 incepit:

543 2605 633 2658 25.
696 2624 725 2655 ‹‹
773 2604 951 2671 Quare
998 2616 1132 2669 vos,
1201 2617 1235 2659 o
1293 2602 1497 2659 milites
1543 2605 1781 2673 optimi,
1833 2605 2114 2676 principes

471 2694 637 2750 vestri
694 2698 803 2747 tam
874 2690 1193 2761 frequentes
1253 2691 1312 2747 in
1365 2692 1509 2748 hunc
1577 2693 1757 2749 locum
1819 2696 2113 2751 convenire

475 2786 810 2853 rogassent,
870 2779 1003 2837 licet
1054 2793 1246 2836 omnes
1310 2779 1423 2836 fere
1480 2768 1680 2852 singuli
1738 2783 2114 2855 cognovistis,

474 2878 657 2927 tamen
721 2876 783 2924 ut
852 2868 1037 2924 nullus
1100 2874 1341 2925 vestrum
1375 2869 1418 2899 ⁸⁸
1475 2870 1547 2925 sit
1602 2871 1697 2940 qui
1754 2886 1815 2928 se
1872 2873 2116 2929 nescium

2177 1894 2330 1959 estis,
2361 1897 2702 1949 saoramenta
2730 1892 2847 1964 regi
2883 1892 3027 1948 facta
3072 1892 3279 1949 violare
3327 1894 3550 1949 timetis.
3583 1894 3817 1963 Optime,

2179 1983 2277 2040 sed
2308 1982 2443 2053 regi.
2490 1983 2625 2037 Dum
2668 1981 2802 2036 mihi
2851 1995 2947 2037 rex
2994 1987 3135 2048 erat,
3166 1989 3222 2038 et
3268 1996 3333 2037 ea
3362 1996 3486 2052 qua:
3514 1988 3647 2037 sunt
3680 1984 3821 2054 regis

2181 2072 2434 2137 faciebat,
2476 2070 2795 2127 ﬁdelitatem
2853 2085 3014 2141 quam
3072 2071 3123 2127 ei
3185 2071 3386 2141 juravi,
3443 2073 3722 2142 integram
3776 2078 3822 2126 et

2184 2160 2524 2230 impollutam
2565 2159 2772 2215 servavi
2807 2180 2819 2214 :
2854 2166 3144 2230 postquam
3171 2174 3301 2215 vero
3334 2174 3429 2216 rex
3455 2174 3580 2216 esse
3610 2160 3824 2225 desivit,

2185 2251 2272 2306 cui
2317 2249 2479 2304 fidem
2526 2262 2744 2304 servare
2792 2248 3073 2315 deberem,
3125 2263 3237 2305 non
3294 2247 3416 2305 fuit.
3471 2251 3663 2319 Itaque
3723 2263 3826 2305 non

2188 2343 2382 2395 contra
2426 2350 2631 2407 regem,
2664 2336 2762 2391 sed
2815 2344 3009 2392 contra
3055 2337 3318 2407 injustum
3367 2352 3503 2394 meae
3560 2338 3830 2393 libertatis

2189 2431 2538 2497 ereptorem;
2582 2439 2692 2481 non
2739 2431 2932 2481 contra
2979 2426 3232 2495 patriam,
3283 2427 3381 2482 sed
3426 2440 3525 2496 pro
3576 2427 3761 2497 patria
3787 2435 3831 2482 et

2192 2516 2294 2586 pro
2342 2515 2597 2570 libertate
2637 2528 2795 2580 mea,
2864 2528 3027 2584 quam
3084 2529 3246 2571 nemo
3304 2515 3484 2571 bonus
3548 2515 3661 2570 nisi
3722 2529 3833 2571 cum

2194 2605 2378 2660 anima
2423 2602 2584 2658 simul
2642 2603 2880 2668 amittit,
2952 2617 3100 2659 arma
3149 2604 3330 2673 capio,
3390 2610 3446 2659 et
3506 2610 3568 2659 ut
3623 2618 3728 2660 vos
3781 2618 3835 2659 ea

2196 2706 2409 2748 mecum
2450 2691 2680 2761 capiatis
2728 2692 3039 2761 expostulo.
3088 2693 3262 2763 Igitur
3289 2694 3765 2763 expergiscimini,
3792 2700 3837 2749 el

2199 2780 2557 2836 hereditatem
2607 2780 2764 2835 vobis
2829 2794 2859 2835 a
2928 2781 3250 2851 parentibus
3308 2782 3505 2838 vestris
3572 2782 3838 2848 relictam,

2199 2869 2391 2926 liberis
2438 2870 2636 2924 vestris
2690 2870 3021 2939 relinquite;
3080 2883 3184 2926 nec
3229 2878 3410 2927 vestra
3455 2872 3725 2935 socordia
3772 2873 3841 2927 vel

479 2961 657 3030 possit
695 2971 963 3023 asserere,
995 2957 1170 3011 visum
1208 2961 1292 3012 est
1320 2958 1500 3025 nobis,
1541 2965 1601 3014 ut
1630 2960 1871 3016 universi
1902 2976 2120 3017 causam
2145 3021 2179 3030 Α
2201 2958 2412 3015 desidia
2440 2971 2538 3014 vos
2568 2963 2623 3012 et
2649 2956 2857 3013 liberos
2883 2964 3098 3015 vestros
3126 2958 3344 3015 exulum
3384 2959 3675 3016 hominum
3735 2975 3847 3016 ser-

482 3021 690 3118 pariter
725 3021 1055 3116 agnoscatis.
1105 3044 1453 3101 Calamitates
1485 3021 1554 3103 et
1596 3050 1943 3107 contumeliae
1984 3021 2301 3121 quasC'vos
2327 3047 2446 3102 ﬁeri
2474 3047 2796 3117 permittite.
2850 3046 2957 3102 Sed
3007 3061 3076 3102 ne
3132 3048 3387 3117 cuiquam
3418 3057 3662 3105 vestrum
3696 3065 3847 3105 causa

483 3134 801 3205 singillatim
831 3131 988 3187 vobis
1019 3132 1275 3188 omnibus
1320 3147 1418 3190 rex
1463 3142 1654 3192 noster
1682 3138 1794 3207 jam
1825 3153 1926 3209 per
1954 3139 2123 3195 multa

485 3233 735 3294 tempora
782 3221 932 3289 fecit,
978 3236 1187 3292 magna:
1223 3230 1352 3278 sunt
1408 3229 1464 3280 et
1518 3224 1896 3285 intolerabiles
1913 3226 1994 3296 m;
2029 3230 2126 3285 sed

487 3326 625 3383 quas
653 3311 853 3377 adhuc,
907 3310 952 3365 sl
996 3312 1140 3366 Deus
1203 3312 1554 3382 omnipotens
1590 3314 1633 3346 ⁸⁸
1677 3318 1999 3387 permittet,
2045 3318 2128 3374 fa-

487 3416 613 3458 cere
679 3400 972 3471 disponit,
1031 3400 1204 3457 multo
1238 3403 1475 3472 majores
1529 3412 1659 3461 sunt
1714 3413 1769 3461 et
1824 3408 2127 3479 graviores.

488 3489 722 3548 Castella
769 3487 932 3546 fortia
965 3532 980 3555 ,
1038 3490 1182 3545 sicut
1228 3504 1325 3546 vos
1378 3492 1533 3547 scitis
1565 3535 1579 3559 ,
1628 3494 1686 3549 in
1743 3495 1883 3551 locis
1937 3501 2135 3552 natura

491 3581 718 3637 munitis
747 3578 981 3650 plurima
1010 3580 1342 3648 construxit,
1373 3581 1562 3651 ibique
1609 3597 1833 3640 suorum
1889 3584 2134 3640 ﬁdelium

492 3668 901 3726 multitudinem
985 3681 1095 3725 non
1171 3669 1441 3725 modicam
1515 3672 1789 3728 universis
1861 3687 2136 3730 armorum

492 3759 789 3830 generibus
834 3759 1158 3813 instructam
1208 3757 1518 3815 collocavit.
1567 3762 1697 3827 Quae
1735 3762 1979 3830 castella,
2013 3778 2138 3819 cum

496 3860 607 3902 non
646 3850 840 3901 contra
872 3857 1114 3914 paganos
1136 3886 1152 3911 ,
1210 3846 1304 3913 qui
1355 3852 1596 3902 nostram
1646 3855 1847 3905 terram
1878 3865 2002 3920 qum
2031 3852 2140 3908 sibi

497 3933 732 3990 coutlnis
774 3940 859 3988 est
904 3938 1077 3987 totam
1124 3939 1491 4002 vastaverunt,
1541 3937 1654 3992 sint
1707 3936 1991 4004 fabricata,
2042 3940 2139 3995 sed

501 4023 557 4078 in
603 4020 786 4077 medio
827 4027 992 4076 terra:
1020 4026 1246 4087 nostrae,
1280 4021 1374 4077 ubi
1420 4036 1581 4079 nemo
1615 4025 1667 4080 ei
1713 4040 1968 4096 umquam
1998 4028 2142 4084 bella

502 4111 778 4182 cogitabat
812 4108 855 4140 ⁸⁷
903 4107 1140 4177 inferre,
1193 4117 1346 4165 tanto
1407 4112 1689 4168 molimine
1746 4114 1857 4170 sint
1913 4117 2142 4186 munita,

503 4199 635 4270 quid
675 4198 1026 4269 portendant,
1069 4204 1124 4254 et
1152 4212 1220 4254 ex
1249 4206 1404 4268 parte
1423 4198 1467 4230 ⁸⁸
1496 4199 1717 4270 plurimi
1748 4203 1882 4258 estis
1910 4205 2144 4274 experti,

506 4295 581 4357 et,
614 4288 720 4345 nisi
767 4288 1146 4344 misericordia
1188 4288 1284 4344 Dei
1316 4296 1605 4360 vestraque
1647 4291 1821 4347 virtus
1849 4294 2210 4364 prohibue-n
2232 4308 2424 4364 passus
2445 4335 2460 4359 ,

509 4379 599 4445 rit,
633 4378 744 4434 cito
776 4391 967 4434 omnes
1014 4377 1393 4448 experiemini.
1426 4351 1573 4435 Bona
1611 4387 1791 4437 vestra
1815 4423 1829 4448 ,
1849 4351 1965 4453 .qui
1990 4351 2214 4453 juxtaD

507 4466 741 4524 manetis
774 4509 788 4534 ,
840 4465 996 4521 vobis
1034 4467 1221 4522 invitis
1248 4466 1304 4522 in
1335 4467 1454 4538 ipsa
1484 4469 1708 4526 castella
1739 4470 2140 4541 deportantur;

508 4555 725 4612 ﬁliabus
796 4555 993 4612 vestris
1056 4559 1113 4611 et
1178 4556 1443 4613 uxoribus
1515 4572 1617 4628 pro
1690 4573 1789 4615 sua
1870 4560 2103 4617 libidine
2130 4605 2144 4630 ,

2218 3151 2329 3193 non
2379 3137 2514 3207 satis
2559 3134 2854 3191 vehemens
2884 3135 3154 3204 videatur,
3200 3151 3308 3207 qua
3354 3137 3619 3193 adversus
3674 3154 3847 3210 regem

2211 3240 2361 3283 arma
2389 3224 2691 3295 capiamus,
2723 3225 3004 3294 praecipue
3043 3239 3165 3292 nos,
3200 3227 3294 3297 qui
3347 3226 3415 3281 ab
3465 3226 3706 3284 infantia
3736 3244 3844 3285 eum

2211 3316 2267 3371 in
2294 3322 2441 3371 terra
2469 3319 2657 3369 nostra
2695 3314 2926 3368 maxime
2965 3314 3289 3370 nutrivimus
3335 3321 3391 3371 et
3428 3315 3479 3371 ei
3510 3330 3628 3385 prze
3660 3318 3852 3373 ceteris

2213 3396 2470 3477 gentibus
2525 3417 2639 3458 suae
2670 3402 2868 3458 ditioni
2916 3404 3183 3473 subjectis
3240 3403 3433 3460 tldeles
3479 3407 3657 3476 magis
3689 3407 3854 3463 extiti-

2216 3509 2354 3560 mus,
2387 3492 2766 3562 unusquisque
2814 3506 2961 3559 suas,
2994 3507 3131 3562 quas
3168 3493 3237 3548 ab
3288 3507 3355 3549 eo
3399 3507 3595 3563 passus
3643 3503 3737 3551 est
3781 3497 3853 3551 in-

2212 3584 2387 3657 jurias
2419 3625 2433 3650 ,
2482 3594 2667 3638 coram
2721 3580 2977 3636 omnibus
3039 3581 3197 3637 vobis
3268 3588 3543 3652 exponat;
3595 3589 3655 3639 et
3710 3592 3851 3644 tunc.

2217 3679 2401 3731 utrum
2431 3670 2565 3726 satis
2597 3682 2792 3739 magna
2837 3669 3139 3725 necessitas
3167 3683 3270 3726 nos
3317 3669 3386 3726 ad
3415 3671 3650 3742 injurias
3689 3672 3854 3745 repel-

2219 3761 2412 3819 lendas
2438 3766 2599 3829 cogat
2626 3800 2640 3827 ,
2684 3757 2953 3827 judicium
2985 3771 3273 3815 commune
3302 3759 3584 3816 decernat.
3630 3781 3662 3810 ι)

2291 3849 2382 3906 26.
2439 3849 2582 3918 Ergo
2647 3846 3007 3901 Werinherus
3074 3847 3590 3920 Magedaburgensis
3678 3850 3857 3905 archi-

2223 3940 2537 4009 episcOpus,
2587 3936 2861 3992 civitatem
2935 3948 3105 3991 suam.
3157 3936 3243 3992 bis
3314 3951 3345 3992 a
3411 3951 3540 4008 rege
3617 3938 3861 3994 caedibus

2226 4036 2281 4083 et
2336 4024 2771 4096 praedationibus
2843 4024 3082 4079 invasam
3150 4024 3408 4091 dicebat;
3467 4032 3522 4081 et
3596 4034 3862 4096 praeterea

2227 4127 2545 4173 communes
2618 4114 2846 4184 injurias
2900 4127 2960 4168 se
3017 4126 3130 4169 non
3195 4114 3377 4170 minus
3438 4114 3630 4171 dolere
3710 4128 3861 4187 quam

2227 4220 2355 4262 suas
2402 4203 2700 4270 asserebat,
2751 4208 2807 4259 et
2862 4203 2962 4270 eis,
3021 4204 3180 4273 quasi
3227 4203 3380 4259 solus
3435 4218 3631 4261 omnes
3680 4204 3863 4260 fuisset

2537 4291 2879 4347 obviaturum
2944 4305 3004 4345 se
3081 4290 3458 4360 promittebat.
3519 4291 3870 4348 Burchardus

2233 4381 2433 4453 praesul
2490 4378 2966 4435 Halberstadensis
3023 4379 3357 4449 querebatur
3421 4380 3550 4450 quia
3607 4378 3867 4450 praedia"

2229 4469 2511 4541 cujusdam
2559 4467 2761 4524 nobilis
2812 4467 2912 4523 viri
2970 4467 3059 4523 cui
3108 4480 3307 4523 nomen
3356 4468 3530 4536 Bodo,
3573 4484 3703 4540 qua
3754 4471 3873 4538 jure

2231 4574 2344 4616 suae
2400 4558 2669 4614 deberent
2719 4570 2840 4612 esse
2898 4555 3149 4612 ecclesiae
3181 4600 3196 4623 ,
3252 4571 3349 4612 rex
3404 4557 3511 4613 sibi
3559 4559 3878 4614 abstulisset

511 4644 732 4717 quando
772 4642 814 4673 ⁸³
870 4643 1095 4711 volunt,
1170 4645 1505 4713 abutuntur;
1575 4654 1788 4705 vestros
1849 4663 2040 4705 servos
2094 4656 2151 4705 et
2232 4651 2452 4720 injuste.
2493 4649 2620 4703 Otto
2654 4646 2765 4701 dux
2802 4645 3198 4717 querimoniam
3257 4645 3389 4702 fecit
3435 4647 3565 4716 quia
3624 4648 3880 4703 ducatum

508 4736 775 4802 jumenta,
815 4732 1080 4803 quicquid
1139 4733 1350 4800 volunt,
1404 4735 1509 4790 sibi
1538 4737 1745 4793 servire
1782 4739 2149 4807 praecipiunt;

2237 4737 2515 4803 Bawarite,
2554 4750 2718 4805 quem
2775 4736 2871 4791 diu
2904 4737 3056 4805 juste
3105 4734 3465 4805 possederat,
3516 4749 3617 4791 rex
3668 4737 3775 4792 sibi
3829 4738 3883 4791 in

516 4823 680 4877 immo
710 4827 766 4877 et
797 4834 891 4877 vos
928 4823 1080 4891 ipsos
1107 4821 1166 4876 in
1213 4822 1402 4879 liberis
1432 4810 1676 4880 humeris
1721 4826 1917 4882 vestris
1954 4826 2157 4897 quaeli-
2239 4826 2391 4883 nullo
2434 4825 2663 4881 crimine
2697 4825 2950 4881 convicto
2973 4866 2989 4891 ,
3048 4822 3240 4879 fraude
3269 4823 3504 4894 quadam
3552 4824 3885 4895 excogitata.

519 4911 611 4966 bet
668 4924 875 4974 onera,
936 4910 1066 4966 licet
1120 4909 1303 4978 foeda,
1364 4917 1584 4982 portare
1632 4914 1990 4984 compellunt.
2051 4916 2158 4973 Sed
2242 4915 2443 4985 injuste
2489 4913 2754 4984 rapuerit.
2814 4912 2946 4968 Dedi
3001 4912 3246 4969 marchio
3304 4912 3372 4967 dc
3432 4912 3662 4982 praediis
3706 4912 3775 4968 ad
3833 4926 3891 4965 se

1883 5070 2102 5124 VARIIE
2138 5068 2523 5125 LECTIONES.

523 5278 565 5309 ﬂ
593 5209 636 5291 'j’
666 5208 809 5264 deest
846 5207 1082 5292 laudes:
1118 5209 1200 5264 1b.
1241 5208 1296 5265 2.
1372 5208 1411 5241 ⁸³
1451 5209 1584 5312 long

603 5279 998 5312 nnrnllmmlmlna
1044 5278 1060 5312 1
1170 5285 1466 5312 Ληηοθηαιιωι
1582 5290 1584 5306 ι

603 5279 1001 5335 intollerabiles
1044 5278 1091 5335 1.
1169 5285 1485 5337 constanter.
1555 5278 1602 5312 ⁸⁸

524 5349 567 5379 ὀ
606 5364 661 5405 u.
702 5350 860 5405 vivos
908 5349 1026 5406 fieri
1072 5350 1159 5405 1."
1203 5351 1387 5422 praeda
1433 5353 1479 5407 l.

1586 5225 1616 5266 e
1651 5209 1699 5266 1.
1775 5210 1818 5241 ⁸³
1857 5209 2233 5267 holcinesleue
2262 5210 2319 5262 2.
2358 5208 2773 5267 nockmelslouo
2806 5212 2830 5264 1
2875 5211 2931 5266 b.
3006 5210 3052 5242 ⁸³
3088 5216 3315 5267 vacatur
3348 5210 3396 5264 l.
3472 5208 3517 5240 ⁸³
3556 5215 3806 5265 nostrum
3854 5209 3903 5262 l.

1657 5294 1809 5337 omes
1869 5281 1917 5335 ι.
1992 5280 2033 5313 ⁸⁷
2074 5281 2389 5352 cogitabant
2432 5281 2452 5333 l
2529 5278 2573 5311 ⁸⁸
2626 5295 2680 5351 p.
2717 5282 2828 5350 jam
2874 5281 2956 5339 1b.
3001 5280 3075 5312 ’⁸³
3129 5283 3206 5337 ita

3316 5280 3397 5335 Ib.
3448 5293 3614 5349 quam
3679 5279 3774 5334 diu
3851 5278 3899 5333 l.

2100 5442 2317 5498 ΝΟΤᾸΞ.

605 5508 707 5577 [⁸25
750 5509 1147 5566 Haldensleben
1169 5518 1193 5566 ?
