4044 6180
323 274 431 329 505

1652 280 1737 335 DE
1776 278 1988 334 BELLO
2024 274 2373 330 SAXONICO.

3587 274 3696 329 506

315 403 437 468 jure
478 399 905 469 pertinentibus,
953 401 1060 455 sibi
1111 415 1210 470 per
1264 402 1519 472 injuriam
1566 402 1783 468 ablatis,
1831 397 2181 460 fecilAtalia
2217 396 2554 464 retulissent,
2605 396 2843 467 ipsique,
2895 394 3140 467 quamvis
3185 397 3413 453 multum
3462 404 3695 468 tempta-

319 486 622 557 querelam.
698 488 1064 543 Herimannus
1137 503 1343 555 comes,
1403 491 1552 561 quod
1608 505 1787 560 nuper
1850 494 1967 544 erat

315 574 520 631 factum
566 575 829 642 narravit,
877 577 1006 647 quia
1052 575 1095 608 θ’
1143 578 1334 634 urbem
1381 594 1534 635 suam
1564 577 1963 650 Liuniburg”,

319 663 629 719 hereditate
694 663 965 734 relictam,
1032 665 1229 723 callide
1286 682 1381 723 rex
1447 668 1770 739 occupavit;
1805 673 1879 731 et,
1921 667 1967 722 si

318 766 440 809 eam
469 752 709 808 retinere
741 752 1033 823 potuisset,
1082 759 1252 810 totam
1284 755 1429 812 illam
1461 758 1764 828 regionem,
1805 769 1967 825 quam

316 840 427 896 sibi
494 847 752 910 parentes
802 843 926 911 jure
984 843 1326 912 dimiserant,
1360 859 1469 901 non
1517 845 1665 916 regia
1697 850 1967 916 potestate

314 929 419 985 sed
448 929 654 1000 injusta
685 931 969 1000 possidere
997 931 1189 988 voluit.
1223 934 1538 989 Fridericus
1567 948 1751 989 comes
1781 933 1967 1003 palatii

314 1024 660 1090 conquestus
707 1025 791 1075 est
838 1021 966 1090 quia
1015 1021 1341 1077 beneficium
1391 1024 1540 1093 quod
1572 1024 1640 1079 de
1669 1023 1890 1078 abbatia
1927 1022 1970 1054 ⁸⁵

315 1107 722 1164 Herolfesfelde
786 1108 829 1140 ⁸⁸
893 1124 1144 1181 magnum
1220 1111 1493 1178 habuerit,
1590 1113 1789 1182 injusta
1864 1112 1968 1167 sibi

306 1198 567 1268 jussione
622 1198 771 1267 regis
814 1197 1075 1267 ablatum,
1125 1205 1344 1256 centum
1397 1202 1599 1256 mansis
1654 1215 1910 1271 agrorum
1939 1216 1970 1257 a

310 1300 450 1356 rege
508 1285 779 1341 redimere
827 1286 1065 1353 volebat,
1107 1302 1209 1343 nec
1265 1288 1501 1344 valebat.
1560 1290 1872 1346 Fridericus
1901 1292 1970 1346 de

311 1376 527 1442 Monte,
597 1381 651 1430 et
725 1374 1125 1443 Willehelmus,
1185 1391 1283 1432 rex
1347 1379 1658 1450 agnomine,
1736 1394 1968 1449 quorum

311 1464 495 1534 priori
545 1463 877 1531 libertatem,
911 1465 1071 1520 alteri
1102 1480 1198 1522 rex
1237 1467 1453 1537 eripere
1482 1468 1656 1523 voluit
1685 1467 1967 1523 heredita-

310 1561 450 1619 tem,
484 1558 717 1621 uterque
748 1567 848 1622 pro
877 1567 937 1608 se
971 1555 1250 1624 querelam
1281 1555 1537 1621 faciebat,
1579 1570 1702 1625 quae
1741 1563 1971 1612 cunctos

312 1642 443 1712 plus
479 1641 606 1697 aliis
661 1642 1024 1711 querimoniis
1082 1644 1149 1699 ad
1191 1645 1623 1701 misericordiam
1655 1660 1970 1702 commove-

2049 493 2192 554 rent,
2233 488 2305 554 ei,
2348 500 2458 557 quo
2505 491 2696 557 rogata
2742 484 3008 553 facerent,
3061 486 3394 556 persuadere
3444 500 3554 542 non
3594 501 3696 557 po-

2048 577 2320 643 tuissent;
2382 577 2501 645 ipse
2558 576 2669 645 jam
2728 589 2829 631 nec
2883 576 3074 630 amicis
3128 574 3507 642 familiaribus,
3566 577 3696 645 quia

2049 678 2160 720 non
2192 670 2251 719 ut
2279 665 2499 721 volebat
2525 664 2631 719 sibi
2657 663 2946 719 consilium
2977 663 3266 731 dederant,
3288 663 3450 718 ﬁdem
3481 663 3692 729 habuit,

2049 753 2146 809 sed
2204 754 2460 809 omnibus
2514 754 2740 809 semotis
2776 751 2929 809 solus
2956 767 3143 809 secum
3174 752 3305 822 quid
3336 757 3525 823 ageret
3562 752 3700 808 deli-

2050 842 2270 907 berans,
2327 856 2447 897 cum
2503 855 2606 896 nec
2667 841 2960 897 honestum
3016 847 3235 911 putaret
3286 846 3365 908 ut,
3425 840 3581 910 quasi
3646 840 3698 894 vi

2050 938 2296 1000 coactus,
2354 931 2539 987 subito
2588 930 2812 987 castella
2849 945 2947 986 sua
2988 945 3088 1000 per
3114 930 3318 986 multos
3353 944 3529 987 annos
3558 944 3701 986 con-

2051 1025 2259 1076 structa
2290 1018 2620 1086 destrueret,
2661 1033 2764 1075 nec
2815 1025 2991 1075 tutum
3033 1020 3288 1076 crederet
3324 1028 3384 1075 ut
3412 1034 3535 1076 cum
3567 1033 3701 1089 pau-

2051 1110 2152 1177 cis,
2192 1110 2394 1180 quibus
2444 1108 2606 1164 etiam
2639 1110 2749 1180 jam
2782 1109 2961 1165 minus
2989 1109 3217 1165 credere
3254 1116 3518 1179 cmperat,
3574 1122 3697 1163 cum

2055 1205 2206 1255 tanto
2264 1197 2508 1254 exercitu
2565 1197 2635 1252 ad
2696 1198 2877 1253 omnia
2936 1204 3125 1268 parato
3157 1197 3417 1267 placitum
3473 1196 3697 1266 aliquod

2053 1288 2231 1344 adiret
2283 1309 2295 1344 :
2338 1287 2528 1358 paucis
2573 1286 2774 1356 quibus
2838 1288 3016 1358 ipsum
3074 1287 3356 1343 castellum
3422 1299 3700 1342 commen-

2054 1377 2219 1433 dabat
2264 1377 2587 1442 scientibus,
2639 1383 2807 1432 noctu
2862 1378 3151 1432 Saxoniam
3191 1377 3454 1444 deseruit,
3506 1382 3561 1432 et
3601 1390 3701 1446 per

2055 1464 2311 1536 confraga
2374 1464 2652 1532 silvarum,
2707 1479 2830 1534 quae
2882 1478 3031 1534 saepe
3079 1464 3206 1520 dum
3257 1464 3411 1520 locos
3459 1463 3700 1520 castellis

2054 1560 2329 1625 quaereret
2377 1560 2778 1623 peragraverat,
2819 1552 3054 1623 fugiens,
3086 1554 3152 1609 ad
3185 1554 3466 1609 Franciam
3507 1553 3699 1608 orien-

2054 1642 2217 1698 talem
2282 1641 2472 1710 paucis
2519 1640 2911 1695 comitantibus
2974 1642 3143 1695 venit.
3208 1642 3375 1709 Cujus
3420 1640 3599 1709 fugam
3640 1645 3700 1693 ut

311 1731 431 1797 bat,
472 1730 601 1799 quia
640 1731 697 1784 in
738 1729 847 1785 illis
884 1730 1103 1787 duobus
1139 1732 1271 1802 quid
1324 1734 1592 1789 universis
1638 1733 1819 1791 facere
1867 1730 2340 1801 co-Bprincipes
2390 1729 2485 1798 qui
2532 1742 2655 1783 cum
2702 1742 2769 1784 eo
2816 1728 3034 1784 fuerant
3079 1736 3441 1799 agnoverunt,
3472 1727 3698 1783 male'sc

308 1817 547 1889 gitahat,
579 1818 961 1886 aestimabant;
992 1820 1118 1889 quia
1140 1820 1354 1876 scilicet
1384 1823 1660 1889 omnibus,
1685 1823 1731 1877 si
1763 1829 1969 1891 posset,

312 1903 636 1961 libertatem
675 1906 835 1961 simul
885 1914 941 1962 et
970 1909 1351 1978 possessiones
1373 1909 1589 1965 auferre
1619 1911 1966 1980 disponebat.

311 1994 530 2050 Deinde
594 1994 768 2050 ceteri
824 2009 952 2051 suas
1006 1997 1242 2067 quisque
1282 1997 1655 2068 proferebant,
1689 2014 1825 2069 quas
1852 2005 1970 2055 erat

310 2097 535 2153 passus,
604 2083 872 2153 injurias;
940 2085 1009 2141 ad
1086 2101 1223 2156 quas
1303 2088 1811 2143 commemorandas
1866 2102 1969 2143 nec

308 2172 519 2243 pagina
556 2171 760 2228 sufficit
816 2186 919 2229 nec
972 2176 1255 2231 memoria.
1325 2178 1526 2232 Omnes
1582 2191 1713 2247 ergo
1764 2178 1859 2246 qui
1890 2178 1967 2233 ibi

306 2269 695 2318 convenerant
722 2294 791 2305 —
821 2271 1156 2319 convenerat
1185 2270 1365 2320 autem
1398 2266 1665 2321 maximus
1693 2268 1969 2323 exercitus

305 2380 380 2388 —
411 2350 735 2421 singillatim
761 2354 1103 2422 juraverunt,
1137 2355 1386 2423 episcopi
1418 2355 1661 2425 quidem,
1686 2363 1765 2423 ut,
1797 2369 1968 2426 quan-

306 2445 434 2493 tum
453 2438 603 2494 salvo
626 2439 820 2496 ordine
840 2454 942 2496 suo
963 2447 1209 2510 possent,
1232 2443 1365 2498 totis
1384 2443 1593 2498 viribus
1611 2444 1966 2499 ecclesiarum

309 2541 544 2582 suarum
573 2540 787 2584 necnon
819 2537 873 2584 et
904 2530 1075 2585 totius
1130 2532 1380 2587 Saxoni:e
1432 2532 1743 2588 libertatem
1775 2540 1968 2588 contra

305 2628 517 2671 omnes
550 2616 799 2672 homines
827 2617 1225 2685 defenderent;
1278 2619 1403 2675 laici
1434 2634 1564 2676 vero
1594 2627 1674 2687 ut,
1708 2621 1967 2690 quamdiu

305 2706 585 2771 viverent,
618 2705 926 2761 libertatem
956 2721 1108 2763 suam
1137 2722 1247 2763 non
1287 2710 1622 2776 amitterent,
1655 2715 1967 2779 terramque

303 2808 472 2850 suam
494 2794 704 2850 nullum
724 2795 987 2865 deinceps
1011 2796 1282 2853 violenter
1306 2798 1540 2867 praedari
1562 2799 1967 2868 permitterent.

378 2883 479 2937 27.
512 2884 627 2939 Nec
678 2884 848 2939 multo
896 2892 1022 2954 post
1082 2885 1169 2956 (an
1220 2885 1372 2952 1073,
1405 2888 1562 2957 Aug.)
1596 2894 1745 2942 recta
1775 2887 1860 2941 via
1898 2885 1967 2941 ad

304 2972 657 3042 llartesburg
710 2971 773 3039 9“,
832 2973 925 3027 ubi
985 2988 1082 3028 rex
1145 2982 1282 3040 erat,
1334 2989 1457 3030 cum
1486 2989 1681 3046 magno
1721 2975 1967 3031 exercitu

2053 1820 2304 1876 desertos
2342 1819 2614 1885 dicentes,
2666 1819 2735 1874 ad
2766 1832 2864 1874 sua
2918 1820 3154 1889 quisque
3203 1818 3369 1873 simili
3399 1817 3524 1888 fuga
3553 1816 3701 1873 festi-

2052 1915 2338 1966 naverunt.
2370 1911 2500 1965 Haec
2529 1915 2710 1964 autem
2742 1907 2869 1979 fuga
2896 1907 3038 1964 facta
3067 1913 3152 1964 est
3180 1922 3324 1964 anno
3355 1900 3423 1963 ab
3453 1908 3701 1963 incarna-

2051 2001 2201 2056 tione
2232 1999 2447 2054 Domini
2483 1998 2639 2054 1073.
3312 2010 3315 2013 '

2122 2087 2212 2142 28.
2263 2089 2556 2157 Postquam
2603 2099 2734 2141 vero
2786 2086 2933 2156 regis
2980 2084 3184 2156 fugam,
3234 2099 3357 2155 quae
3389 2085 3483 2141 diu
3531 2084 3698 2141 celari

2051 2190 2163 2232 non
2192 2182 2428 2245 poterat,
2478 2178 2721 2231 Saxones
2758 2180 3118 2244 agnoverunt,
3152 2174 3228 2229 nil
3268 2182 3566 2241 morantes,
3600 2188 3696 2230 eos

2050 2266 2145 2336 qui
2176 2265 2282 2320 hoc
2325 2264 2630 2330 castellum,
2681 2263 2830 2333 quod
2877 2262 3039 2318 facile
3068 2262 3279 2318 destrui
3314 2276 3426 2317 non
3457 2269 3691 2332 poterat,

2049 2353 2390 2419 obsiderent,
2449 2352 2526 2407 ibi
2582 2352 2963 2422 reliquerunt;
3015 2350 3187 2406 ceteri
3234 2363 3364 2406 vero
3412 2350 3481 2405 ad
3512 2357 3695 2406 cetera

2049 2441 2408 2508 destruenda,
2457 2455 2582 2511 quae
2632 2454 2745 2496 non
2793 2440 2934 2497 adeo
2982 2446 3137 2495 erant
3195 2438 3379 2507 fortia,
3439 2452 3695 2509 perrexe-

2049 2538 2197 2588 runt.
2246 2530 2476 2599 Quidam
2522 2536 2703 2585 autem
2761 2546 2827 2585 ex
2883 2530 3020 2599 ipsis
3078 2528 3148 2584 ad
3195 2529 3504 2599 Thuringos
3550 2535 3695 2583 tran-

2047 2622 2280 2687 sierunt,
2359 2627 2416 2676 et
2486 2621 2569 2675 eis
2621 2626 2791 2677 totam
2866 2621 2946 2676 rei
3006 2620 3207 2675 seriem
3262 2618 3692 2683 inuotescentes,

2048 2708 2202 2778 ipsos
2256 2709 2312 2763 in
2369 2723 2523 2764 suam
2578 2709 2897 2765 societatem
2942 2708 3302 2763 sacramentis
3339 2706 3481 2761 datis
3517 2712 3572 2761 et
3609 2720 3695 2761 ac-

2050 2797 2227 2867 ceptis
2273 2797 2660 2867 adjunxerunt.
2718 2797 3057 2866 Quicumque
3114 2797 3275 2851 etiam
3336 2795 3507 2865 prius,
3566 2794 3691 2849 dum

2049 2899 2146 2940 rex
2184 2891 2301 2941 erat
2356 2886 2412 2940 in
2472 2885 2772 2955 provincia,
2814 2899 3001 2941 secum
3042 2887 3232 2954 jurare
3271 2896 3382 2939 non
3421 2882 3540 2938 ausi
3578 2881 3695 2937 fue-

2048 2981 2192 3041 rant,
2234 2987 2330 3030 eos
2389 2976 2500 3044 jam
2540 2988 2669 3044 rege
2700 2972 2883 3044 fugato
2913 2979 3008 3028 aut
3045 2987 3074 3028 e
3114 2980 3260 3027 terra
3297 2985 3395 3026 sua
3433 2970 3692 3041 fugiendo

303 3067 702 3129 perrexerunt,
764 3068 820 3115 et
873 3066 1067 3116 contra
1124 3061 1334 3127 urbem,
1375 3062 1451 3117 ita
1480 3069 1542 3118 ut
1579 3062 1708 3117 inde
1738 3061 2232 3134 possentGregem
2269 3065 2447 3133 sequi,
2490 3069 2586 3119 aut
2621 3077 2807 3119 secum
2830 3076 2930 3132 pro
2961 3069 3106 3117 terra
3143 3075 3242 3117 sua
3281 3068 3472 3116 contra
3510 3074 3692 3129 regem

300 3149 515 3214 videri,
577 3154 758 3204 castra
814 3156 1140 3218 posuerunt.
1198 3151 1347 3216 Quos
1382 3165 1505 3206 cum
1561 3166 1658 3207 rex
1713 3152 1962 3219 vidisset,

296 3238 497 3293 subito
557 3237 778 3307 quidem
836 3244 1062 3308 stupore
1116 3238 1404 3308 perculsus
1459 3241 1710 3310 expavit;
1752 3240 1849 3296 sed
1906 3245 1967 3295 ut

301 3335 432 3383 erat
498 3326 894 3393 dissimulator,
965 3327 1121 3397 quasi
1195 3327 1367 3383 nichil
1444 3328 1663 3396 timens,
1742 3330 1967 3385 nuntios

299 3415 467 3471 misit
523 3413 619 3483 qui
672 3414 927 3470 dicerent
980 3429 1040 3470 se
1078 3428 1191 3471 non
1220 3429 1411 3485 parum
1468 3416 1652 3471 mirari
1682 3417 1815 3486 quid
1845 3416 1965 3472 vel-

302 3504 384 3559 let
416 3508 575 3558 tanta
602 3502 645 3532 ’7
674 3504 1030 3573 congregatio
1061 3503 1290 3573 populi;
1340 3518 1399 3559 se
1447 3517 1557 3560 non
1588 3510 1782 3573 putare
1815 3505 1965 3574 quod

303 3593 616 3662 quicquam
691 3597 884 3647 contra
957 3605 1056 3648 eos
1145 3599 1357 3647 tantum
1431 3593 1722 3648 meruisset
1795 3608 1966 3662 quare

304 3681 517 3736 merito
576 3680 733 3735 civile
762 3679 968 3736 bellum
1022 3681 1271 3750 incipere
1301 3680 1641 3743 debuissent,
1672 3682 1967 3738 Discedere

307 3782 411 3825 eos
441 3768 514 3823 ab
546 3770 733 3823 armis.
788 3770 843 3824 Si
900 3769 1034 3839 quid
1065 3768 1424 3840 quaerendum
1477 3770 1734 3836 habeant,
1775 3786 1834 3826 se
1867 3786 1967 3840 pa-

306 3864 494 3913 ratum
552 3857 736 3913 animo
782 3863 977 3926 pacato
1008 3871 1369 3928 cognoscere,
1403 3865 1459 3913 et
1486 3858 1533 3913 si
1564 3859 1698 3928 quid
1727 3859 1799 3914 sit
1838 3872 1967 3915 cor-

308 3946 630 4017 rigendum,
699 3946 932 4002 consilio
998 3947 1309 4017 principum
1380 3952 1437 4003 et
1484 3948 1783 4003 amicorum
1831 3964 1966 4005 suo-

306 4049 435 4090 rum
488 4035 791 4104 corrigere.
832 4036 1019 4090 Nuntii
1076 4041 1258 4090 autem
1315 4044 1471 4091 erant
1499 4036 1814 4092 Fridericus
1844 4037 1967 4107 epi-

304 4137 541 4193 scopus,
588 4122 920 4179 Bertholdus
957 4124 1088 4190 dux,
1121 4122 1425 4194 Sigefridus
1453 4125 1600 4195 regis
1629 4124 1965 4195 capellauus.

304 4214 447 4267 Nam
477 4215 733 4267 mortuus
772 4213 883 4280 jam
930 4226 1109 4282 nuper
1137 4219 1254 4267 erat
1288 4211 1619 4268 Adalbertus
1662 4214 1971 4269 Bremensis

306 4301 633 4370 episcopus.
679 4300 886 4367 Quibus
935 4301 1178 4356 omnium
1209 4303 1482 4356 Saxonum
1521 4302 1676 4357 dedit
1705 4302 1815 4358 dux
1843 4308 1970 4359 Otto

2042 3154 2230 3222 jurare
2268 3152 2311 3183 ’8
2349 3152 2777 3223 compellebant.

2119 3243 2209 3299 29.
2234 3244 2331 3298 His
2359 3243 2617 3299 omnibus
2652 3243 2758 3297 rite
2790 3242 3046 3311 peractis,
3089 3241 3242 3297 brevi
3282 3248 3531 3309 tempore
3569 3252 3690 3293 cum

2048 3333 2387 3402 Hartespurg
2424 3330 2707 3387 castellum
2767 3344 2964 3399 capere
3002 3329 3195 3385 fuisset
3233 3327 3612 3383 difficillimum
3651 3325 3693 3355 99

2046 3449 2120 3459 —
2156 3433 2278 3475 nam
2335 3421 2381 3474 si
2421 3419 2478 3473 in
2525 3419 2651 3473 loco
2690 3419 3028 3487 competenti
3064 3422 3256 3482 staret,
3288 3414 3458 3485 regali
3490 3413 3692 3483 palatio

2049 3507 2202 3563 locus
2231 3507 2466 3562 idoneus
2486 3513 2632 3561 esset
2656 3536 2730 3545 —
2750 3513 2805 3561 et
2841 3505 2977 3560 illud
3015 3504 3289 3559 dimittere
3318 3501 3515 3558 fuisset
3543 3502 3691 3557 omni

2049 3596 2299 3652 Saxoniae
2339 3595 2733 3665 periculosum,
2810 3594 2936 3665 quia
2985 3594 3030 3649 si
3105 3592 3217 3647 illic
3282 3606 3424 3646 esca:
3481 3595 3691 3646 tantum

2050 3691 2406 3754 comportatae
2428 3691 2634 3751 essent,
2659 3684 2962 3754 quamlibet
2980 3682 3187 3752 ingenti
3227 3680 3496 3736 exercitui
3533 3680 3692 3735 insu-

2050 3773 2292 3843 perabile
2329 3779 2596 3840 maneret,
2633 3773 2783 3828 aliud
2821 3771 3105 3828 castellum
3138 3784 3295 3840 aeque
3318 3771 3527 3825 firmum
3558 3782 3693 3825 con-

2049 3868 2367 3918 struxerunt
2400 3862 2479 3929 ¹⁰⁰,
2524 3863 2582 3918 in
2611 3876 2722 3933 quo
2755 3862 2951 3932 positis
2979 3874 3077 3931 per
3113 3860 3262 3915 vices
3291 3859 3565 3928 praesidiis
3593 3858 3695 3915 ho-

2049 3951 2226 4008 stibus
2263 3950 2465 4006 auxilia
2492 3951 2578 4006 vel
2616 3950 2877 4007 alimenta
2912 3949 3097 4005 venire
3138 3948 3559 4019 prohibuerunt.
3587 3948 3692 4003 Sed

2048 4041 2129 4097 illi
2168 4054 2583 4111 nonnunquam,
2635 4040 2766 4096 dum
2803 4041 3108 4097 Saxonibus
3154 4039 3223 4095 ad
3272 4051 3470 4094 novum
3500 4039 3696 4094 castel-

2048 4131 2159 4186 lum
2198 4130 2548 4187 deferrentur
2582 4129 2862 4196 alimenta,
2892 4129 3075 4185 subito
3106 4134 3426 4198 eruperunt,
3470 4133 3524 4182 et
3550 4127 3695 4182 intra

2053 4219 2108 4251 ¹⁰¹
2149 4233 2280 4276 suos
2335 4233 2523 4275 muros
2581 4233 2645 4273 ea
2700 4217 2981 4286 deportari
3026 4217 3297 4272 fecerunt.
3338 4219 3536 4271 Verum
3575 4215 3694 4269 haec

2048 4306 2322 4375 faciendo,
2345 4308 2600 4364 damnum
2637 4306 2859 4376 quidem
2896 4305 3119 4373 aliquod
3157 4306 3270 4359 sive
3309 4302 3694 4359 contumeliam

308 4402 649 4460 responsum
692 4409 706 4444 :
746 4404 806 4444 se
827 4403 938 4445 non
971 4390 1159 4445 hostili
1189 4391 1393 4456 animo,
1427 4404 1530 4446 nec
1561 4398 1622 4446 ut
1651 4392 1810 4447 civile
1841 4379 2035 4448 bel—D
2056 4397 2171 4453 suis
2205 4397 2459 4453 hostibus
2512 4395 2838 4461 intulerunt,
2896 4392 2993 4448 sed
3049 4392 3247 4447 exinde
3285 4391 3457 4462 magis
3504 4395 3696 4445 cautos

312 4479 427 4533 lum
456 4477 667 4532 vellent
713 4478 980 4547 incipere,
1012 4477 1092 4532 ibi
1144 4492 1267 4533 esse
1296 4484 1698 4548 congregatos;
1737 4494 1797 4535 se
1829 4480 1965 4551 regi,

309 4568 361 4621 si
402 4580 503 4621 rex
568 4579 690 4619 esse
728 4565 912 4631 vellet,
973 4568 1121 4621 omni
1188 4566 1451 4621 fidelitate
1512 4568 1851 4636 servituros;
1909 4583 1968 4624 se

312 4662 512 4724 petere
572 4661 631 4709 ut
686 4654 932 4719 castella,
965 4669 1089 4723 qua:
1145 4668 1257 4710 non
1305 4654 1373 4710 ad
1412 4656 1777 4712 munitionem
1814 4657 1969 4727 regni

313 4746 415 4799 sed
448 4744 521 4799 ad
567 4743 1001 4799 destructionem
1028 4743 1409 4812 fabricaverat,
1448 4744 1614 4800 vellet
1642 4746 1966 4813 destruere;

314 4836 365 4889 si
395 4846 531 4888 vero
590 4832 783 4900 nollet,
815 4840 945 4887 tunc
993 4847 1052 4888 se
1100 4833 1410 4904 intelligere
1448 4848 1618 4904 quare
1654 4842 1972 4892 constructa

315 4921 598 4987 fuissent;
631 4921 728 4976 sed
760 4920 1073 4976 libertatem
1111 4935 1265 4976 suam
1314 4922 1430 4978 sive
1475 4923 1623 4979 bona
1651 4938 1749 4979 sua
1778 4933 1971 4981 contra

314 5011 568 5066 omnium
616 5009 899 5065 hominum
936 5008 1252 5065 violentiam
1310 5024 1434 5066 cum
1492 5011 1693 5068 divinae
1751 5014 1971 5082 pietatis

312 5099 525 5155 auxilio
576 5098 714 5153 velle
745 5097 1062 5155 defendere.
1120 5100 1363 5169 Cumque
1404 5101 1582 5158 nuntii
1612 5103 1815 5159 reversi
1854 5106 1971 5176 regi

2052 4498 2150 4540 eos
2178 4493 2234 4540 et
2269 4484 2575 4540 industrios
2629 4496 2749 4539 esse
2816 4482 3143 4538 docuerunt.
3185 4482 3328 4550 Ergo
3357 4494 3425 4535 ex
3462 4485 3693 4547 utraque

2052 4580 2205 4643 parte
2246 4585 2386 4642 pene
2441 4571 2674 4642 singulis
2721 4570 2919 4626 diebus
2962 4568 3182 4625 fortiter
3244 4573 3555 4638 pugnatur;
3596 4566 3694 4622 sed

2050 4665 2292 4718 Saxones
2322 4661 2449 4717 inde
2480 4659 2739 4716 fortiores
2768 4666 2944 4726 erant,
2976 4659 3104 4729 quia
3142 4663 3196 4713 et
3227 4657 3510 4713 castellum
3537 4670 3696 4710 suum

2052 4750 2109 4805 in
2160 4750 2343 4807 altiori
2372 4758 2558 4806 monte
2599 4749 2836 4819 positum
2880 4754 3019 4813 erat,
3050 4748 3127 4802 ita
3155 4752 3215 4801 ut
3254 4748 3311 4802 in
3341 4734 3436 4801 illo
3467 4743 3697 4800 inferius

2052 4841 2351 4896 constituto
2382 4840 2565 4895 nullus
2595 4839 2700 4894 nisi
2729 4839 2832 4893 sub
2862 4838 3024 4893 tectis
3052 4842 3204 4893 tutus
3221 4842 3370 4892 esset
3396 4850 3426 4890 a
3458 4834 3698 4904 jactibus

2052 4928 2315 4999 lapidum,
2348 4935 2404 4984 et
2440 4927 2678 4998 fatigatis
2714 4928 2841 4983 novi
2871 4925 3073 4981 milites
3108 4924 3500 4989 succedebant,
3534 4930 3589 4978 et
3618 4922 3698 4978 eis

2052 5016 2310 5072 alimenta
2367 5016 2593 5086 copiose
2641 5014 2972 5082 veniebant;
3024 5028 3148 5085 quae
3205 5013 3388 5069 omnia
3444 5012 3696 5068 hostibus

2053 5112 2211 5161 erant
2247 5110 2493 5161 econtra.
2528 5105 2659 5159 Nam
2699 5116 2879 5173 neque
2934 5102 3094 5159 facile
3131 5101 3342 5172 lapides
3380 5102 3436 5157 in
3501 5100 3697 5156 altiora

1679 5312 1897 5366 νΑιίιΑς
1936 5313 2320 5368 LECTIONES.

394 5458 437 5488 θ’
464 5472 521 5527 q.
557 5470 656 5526 per
698 5454 771 5527 ι,
822 5454 868 5487 ⁹³
888 5469 941 5527 β.
966 5469 1129 5525 quam
1160 5456 1455 5527 liunburgk
1490 5458 1537 5514 l.
1614 5458 1659 5491 9‘
1685 5460 1874 5516 abacia
1908 5460 1955 5516 l.

822 5454 868 5487 ⁹³
888 5469 941 5527 β.
966 5469 1129 5525 quam
1160 5456 1455 5527 liunburgk
1490 5458 1537 5514 l.

315 5529 363 5559 "
395 5527 723 5595 hertesburg
761 5526 808 5579 l.

885 5526 926 5555 ⁹⁷
958 5533 1110 5582 tanto
1149 5528 1193 5581 1.
1271 5526 1458 5597 9"jura
1503 5529 1550 5584 l.

1629 5531 1670 5561 9"
1700 5531 2059 5587 difiicilimum
2098 5533 2144 5586 l.

2032 5460 2076 5491 ⁸⁸
2106 5460 2524 5518 Herasdesfelde
2560 5457 2607 5514 1.
2652 5458 3178 5516 Heroldesfelder.
3258 5460 3538 5517 lleresfeld
3570 5460 3623 5513 2.

2224 5532 2284 5564 ¹⁰⁰
2321 5537 2673 5587 estruxerunt
2708 5530 2755 5584 l.
2836 5530 2892 5561 ¹⁰¹
2921 5529 3061 5586 infra
3092 5530 3145 5586 2.
