4014 6176
359 260 468 318 507

1410 276 1744 332 BRUNONIS
1781 273 2047 331 CLERICI
2085 273 2682 330 MAGDEBURGENSIS

3622 270 3723 328 508

361 385 672 476 mittebant,
728 404 906 462 neque
963 393 1141 454 fessos
1192 397 1360 469 ipsosf
1396 398 1490 455 alii
1527 399 1903 467 sublevabant,
1944 398 2072 476 etA
2088 397 2204 453 suis
2242 397 2393 467 quod
2438 398 2691 455 viderant
2736 397 3039 455 certissime
3084 398 3423 455 renuntiant.
3476 399 3607 455 Erat
3635 411 3725 454 au-

360 474 552 546 fames,
602 480 905 538 acerrimus
951 482 1146 552 hostis,
1188 499 1284 542 eos
1312 500 1423 543 non
1453 502 1641 557 parum
1681 487 1997 559 afﬂigebat;

362 578 487 636 quae
536 580 634 624 eos
677 569 883 627 dudum
931 573 1177 631 devictos
1214 575 1280 630 ad
1330 576 1670 633 deditionem
1702 578 1998 648 coegisset,

361 654 469 710 nisi
499 655 581 711 eis
609 656 766 714 cibos
821 660 1041 729 quidam
1072 676 1137 718 ex
1167 664 1473 721 Saxonibus
1501 665 1689 723 furtim
1719 666 2000 723 ministra-

366 748 509 812 rent,
544 746 638 815 qui
667 747 822 817 prius
850 748 932 804 eis
959 748 1254 808 familiares
1282 752 1517 812 fuerant.

434 833 525 891 30.
585 837 799 893 Interea
844 853 944 895 rex
970 841 1217 912 singulos
1246 843 1570 901 Theutoniei
1602 846 1757 917 regni
1787 845 2000 916 princi-

365 936 463 993 pes
517 925 750 995 supplex
777 927 965 996 adivit,
996 944 1056 986 se
1085 931 1155 987 de
1186 947 1356 1003 regno
1387 936 1661 1002 Saxoniaz,
1702 935 1852 1005 quod
1879 950 2001 991 cum

362 1017 589 1082 paterna
626 1015 952 1085 hereditate,
1014 1025 1126 1077 tum
1189 1036 1379 1079 eorum
1437 1025 1681 1081 omnium
1732 1024 2003 1082 electione

360 1104 713 1173 suscepisset,
744 1107 946 1175 injuste
995 1110 1305 1181 depulsum,
1335 1115 1593 1171 flebiliter
1630 1114 1911 1182 indicavit,
1946 1116 2002 1171 in

361 1204 468 1261 qua
497 1206 558 1248 re
587 1206 697 1249 non
729 1203 836 1251 tam
864 1198 972 1254 sibi
1003 1199 1249 1258 dedecus
1296 1202 1517 1272 factum,
1551 1220 1714 1276 quam
1743 1207 1854 1263 illis
1874 1220 2003 1262 .om-

359 1280 522 1335 nibus
549 1281 643 1351 qui
672 1282 730 1338 in
758 1299 817 1340 se
857 1284 1091 1345 fuissent
1147 1291 1415 1362 despecti,
1466 1296 1742 1362 narravit;
1776 1296 1847 1351 ab
1878 1308 2001 1351 om-

357 1369 522 1425 nibus
549 1372 831 1442 auxilium,
866 1392 977 1447 quo
1028 1384 1083 1435 et
1127 1395 1279 1437 suam
1338 1383 1559 1439 illorum
1592 1384 1898 1441 vindicaret
1923 1385 2002 1441 in-

352 1458 573 1528 juriam,
605 1462 931 1532 suppliciter
986 1470 1301 1538 postulavit.
1337 1473 1443 1528 Sed
1483 1487 1594 1529 non
1626 1473 1827 1530 multos
1857 1473 2006 1543 ipso-

358 1562 478 1604 rum
516 1564 801 1610 sermones
837 1556 957 1624 ejus
994 1560 1302 1628 movebant,
1357 1562 1485 1631 quia
1523 1569 1756 1633 quantas
1785 1562 2007 1619 calami-

358 1640 500 1693 tates
554 1640 861 1698 Saxonibus
899 1644 1195 1716 intulisset,
1254 1664 1396 1720 pene
1446 1665 1639 1708 omnes
1689 1656 2001 1708 noverant:

2083 492 2193 541 tem
2234 488 2507 543 Saxonum
2561 494 2671 543 tam
2710 500 2939 558 magnus
2994 488 3290 555 exercitus,
3322 492 3382 543 ut
3410 486 3581 557 duplo
3612 500 3724 542 ore

2085 574 2312 631 deretur
2370 590 2491 631 esse
2547 577 2723 646 major
2799 589 2961 646 quam
3027 576 3172 647 regis
3227 575 3521 631 exercitus.
3581 575 3724 646 Ergo

2084 665 2177 735 qui
2244 670 2400 721 erant
2470 680 2537 721 ex
2593 672 2749 736 parte
2805 666 2972 737 regis,
3014 664 3198 721 audita
3252 666 3526 721 Saxonum
3595 665 3729 721 mul-

2083 754 2319 810 titudine
2392 755 2555 811 simul
2612 763 2668 812 et
2723 769 2999 812 armorum
3057 755 3424 811 instructions
3479 784 3550 795 -—
3606 768 3731 811 nam

2084 857 2181 899 rex
2207 845 2324 899 suis
2378 843 2590 900 dixerat
2655 844 2782 900 illos
2838 859 2940 900 nec
2995 858 3171 915 equos
3206 845 3410 901 habere
3440 858 3544 900 nec
3574 857 3731 900 usum

2084 933 2316 1001 militiae,
2371 934 2469 990 sed
2528 934 2840 990 rusticanos
2886 934 3140 991 homines
3186 933 3509 991 bellicarum
3548 946 3733 989 rerum

2084 1021 2373 1091 imperitos
2410 1051 2471 1064 —
2499 1036 2620 1080 cum
2679 1022 2834 1092 prius
2889 1022 2958 1078 ad
3014 1021 3358 1093 preliandum
3388 1020 3623 1078 fuissent
3652 1022 3736 1076 in-

2085 1113 2223 1167 certi
2263 1112 2391 1182 quia
2419 1112 2638 1183 dignam
2687 1126 2799 1168 non
2840 1112 3101 1168 videbant
3155 1126 3373 1168 causam
3430 1110 3735 1182 pugnandi,

2086 1214 2234 1257 nunc
2262 1201 2332 1257 ad
2362 1214 2474 1257 non
2514 1201 2867 1272 pugnandum
2933 1200 3063 1257 facti
3092 1206 3221 1257 sunt
3263 1202 3400 1256 certi
3439 1202 3569 1270 quia
3607 1213 3737 1256 cum

2087 1305 2250 1347 causa
2287 1291 2518 1347 deerant
2577 1292 2657 1347 eis
2713 1291 2912 1361 copiae,
2953 1291 3156 1361 quibus
3194 1296 3361 1347 tantae
3391 1289 3738 1346 multitudini

2086 1386 2206 1436 tuto
2237 1387 2464 1450 possent
2497 1380 2741 1437 obviare.
2784 1380 2962 1436 Missis
2989 1381 3176 1450 itaque
3207 1394 3324 1446 rex,
3366 1385 3427 1435 ut
3455 1378 3741 1449 principes

2087 1470 2171 1525 sui
2224 1469 2513 1540 jubebant,
2572 1469 2641 1524 ad
2684 1469 2932 1525 Saxones
2970 1469 3358 1541 legationibus,
3392 1468 3648 1539 promisit
3676 1481 3739 1524 se

2087 1558 2355 1615 facturum
2412 1559 2594 1616 omnia
2623 1574 2747 1630 quae
2795 1559 2999 1616 vellent
3027 1560 3133 1630 ipsi
3166 1558 3552 1630 praescribere,
3584 1558 3742 1614 dum-

2088 1650 2253 1706 modo
2311 1655 2595 1720 paternam
2650 1649 2710 1680 ¹⁰⁷
2757 1650 3101 1721 dignitatem,
3141 1663 3303 1720 quam
3334 1649 3590 1720 pueritia:
3619 1663 3741 1706 sua:

360 1729 667 1795 praesertim
697 1731 827 1799 quia
856 1735 1045 1791 eadem
1084 1738 1224 1794 mala
1254 1740 1416 1796 etiam
1455 1742 1645 1798 Suevis
1675 1750 1729 1797 et
1758 1741 2002 1798 orienta-
2021 1726 2069 1784 Β
2090 1739 2466 1810 malorumque
2524 1738 2967 1797 consiliariorum
2996 1739 3158 1809 culpa
3204 1753 3264 1794 se
3302 1737 3576 1795 fatebatur
3604 1738 3743 1794 ami-

361 1814 508 1870 libus
563 1819 787 1875 Francis
844 1822 1045 1881 inferre
1110 1828 1377 1884 voluerat.
1437 1831 1639 1886 Tamen
1689 1844 1792 1887 suo
1832 1831 2005 1903 magis

363 1918 526 1973 quam
555 1905 705 1963 illius
733 1908 932 1968 honori
980 1916 1348 1985 prospiciunt,
1381 1918 1543 1989 eique
1568 1935 1627 1976 se
1655 1926 1918 1977 venturos
1946 1921 2005 1977 in

364 1994 625 2050 auxilium
655 1996 759 2054 hac
816 2001 1027 2058 ratione
1077 2007 1423 2075 promittunt,
1474 2014 1553 2076 ut,
1601 2010 1908 2065 Saxonibus
1936 2008 2005 2065 ad

366 2082 628 2154 placitum
660 2093 995 2159 convocatis,
1038 2096 1324 2165 utriusque
1353 2097 1526 2167 partis
1556 2113 1747 2154 causas
1777 2099 2009 2169 diligen-

366 2176 452 2229 ter
480 2184 882 2248 agnoscerent;
915 2186 990 2249 et,
1023 2183 1068 2238 si
1096 2184 1317 2253 quidem
1349 2200 1472 2242 eum
1529 2188 1649 2244 sine
1679 2188 1841 2258 culpa
1868 2189 2009 2244 vio—

366 2259 547 2318 lenter
576 2266 891 2335 ejecissent,
943 2271 1077 2327 totis
1121 2287 1244 2328 eum
1274 2274 1485 2332 viribus
1512 2277 1568 2331 in
1599 2291 1826 2348 regnum
1849 2291 2007 2333 suum

367 2352 659 2409 restituere
710 2354 1065 2428 laborarent;
1099 2362 1146 2416 si
1183 2376 1314 2418 vero
1345 2364 1505 2433 culpa
1534 2378 1632 2420 sua
1661 2371 1862 2421 terram
1895 2378 2008 2421 om-

367 2440 531 2496 nibus
559 2443 858 2512 opulentiis
886 2447 1102 2517 plenam
1130 2450 1424 2507 stultorum
1455 2453 1705 2509 consiliis
1751 2453 2010 2510 credulus

364 2530 656 2599 amisisset,
691 2532 762 2598 ei,
793 2535 841 2589 si
871 2549 930 2590 se
951 2537 1117 2592 vellet
1144 2538 1357 2606 audire,
1389 2540 1682 2597 suaderent
1714 2546 2009 2613 quatenus,

360 2615 549 2695 furore
578 2618 856 2690 deposito,
913 2625 1180 2695 subjectis
1217 2628 1323 2684 sibi
1389 2631 1707 2687 nationibus
1740 2633 1924 2701 justus
1953 2639 2009 2689 et

362 2706 506 2776 pius,
559 2709 708 2778 quod
767 2720 913 2769 esset
950 2718 1235 2787 proprium
1264 2719 1432 2790 regis,
1464 2721 1746 2789 existeret,
1780 2736 1883 2778 nec
1912 2736 2008 2779 eos

362 2809 594 2865 quorum
625 2798 765 2855 male
796 2803 1029 2860 consilio
1061 2805 1328 2876 deceptus
1356 2814 1475 2863 erat
1502 2809 1739 2879 amplius
1766 2810 2004 2866 audiret.

361 2884 429 2940 Se
459 2892 653 2943 contra
683 2889 937 2947 homines
991 2894 1345 2964 christianos,
1397 2898 1743 2966 innocentes,
1785 2901 2005 2970 sibique

362 2976 691 3043 cognatione
747 2981 1112 3050 propinquos,
1163 2986 1334 3054 gratis
1371 2987 1596 3043 omnino
1626 3001 1871 3059 pugnare
1912 2988 2007 3044 de-

364 3069 583 3131 negant.
616 3066 763 3131 Quos
790 3082 1075 3125 sermones
1102 3086 1199 3127 rex
1218 3072 1344 3130 ideo
1375 3076 1530 3144 quasi
1552 3083 1739 3146 gratos
1766 3061 2070 3147 accepith

365 3151 493 3221 quia
532 3154 680 3221 quod
710 3154 1032 3213 intendebat
1060 3158 1180 3215 ﬁeri
1220 3176 1329 3218 non
1360 3177 1523 3233 posse
1553 3167 1829 3236 cognovit,
1861 3167 2007 3223 scili-

363 3245 453 3296 cet
483 3246 543 3297 ut
570 3242 691 3299 sine
748 3245 951 3315 placito
981 3249 1270 3306 Saxoniam
1308 3266 1433 3308 cum
1462 3256 1707 3311 exercitu
1736 3256 2009 3313 violentus

336 3328 428 3407 ﬂ“
456 3330 709 3399 intraret,
743 3339 796 3389 et
818 3348 915 3391 eos
951 3336 1155 3395 invitos
1177 3339 1239 3371 ¹⁰⁸
1255 3355 1370 3397 suae
1401 3342 1599 3399 ditioni
1623 3344 1905 3415 subjectos
1941 3361 2009 3403 ex

362 3418 555 3475 liberis
583 3434 776 3478 omnes
812 3438 1003 3481 servos
1039 3425 1264 3484 faceret.
1295 3431 1442 3486 Misit
1469 3432 1656 3503 itaque
1684 3436 1910 3491 nuntios
1938 3436 2007 3492 ad

363 3509 647 3581 principes
697 3514 971 3582 Saxonias,
1031 3518 1213 3573 omnia
1269 3520 1415 3576 bona
1472 3524 1821 3592 promittens,
1870 3526 1917 3581 si
1948 3539 2008 3581 se

362 3601 747 3670 permitterent
784 3604 842 3659 in
872 3619 1099 3677 regnum
1130 3623 1288 3665 suum
1328 3625 1452 3667 cum
1492 3627 1625 3682 pace
1656 3613 1841 3670 redire
1868 3634 1882 3682 ;
1916 3616 2011 3671 Ot-

363 3691 480 3746 toni
511 3692 663 3759 duci,
697 3693 765 3749 de
805 3708 916 3764 quo
946 3696 1157 3753 sciebat
1198 3700 1441 3756 omnium
1470 3703 1702 3759 consilia
1741 3705 2005 3775 pendere,

364 3777 634 3835 honorem
690 3781 894 3849 injuste
951 3783 1191 3840 ablatum
1256 3788 1554 3856 pollicetur
1626 3806 1751 3847 cum
1807 3806 2007 3863 magno

364 3873 657 3936 augmento
696 3870 1008 3938 restituere,
1049 3874 1097 3928 si
1162 3888 1223 3930 se
1282 3875 1343 3907 ¹⁰⁴
1389 3877 1551 3934 vellet
1616 3879 1672 3935 in
1735 3881 2008 3952 honorem

366 3955 658 4021 pristinum
687 3958 974 4015 reducere.

436 4041 528 4099 31.
588 4044 760 4115 igitur
815 4049 1059 4104 exercitu
1099 4051 1321 4120 quidem
1376 4066 1593 4125 magno,
1660 4058 1757 4113 sed
1800 4072 1909 4115 non
1939 4061 2009 4116 ad

369 4131 733 4202 praeliandum
783 4143 974 4205 parato
1030 4139 1138 4195 nisi
1183 4154 1377 4212 magna
1423 4145 1724 4202 necessitas
1762 4156 2007 4218 cogeret,

365 4227 721 4293 congregato,
781 4224 901 4281 Kal.
959 4227 1222 4286 Februar.
1264 4245 1388 4286 cum
1418 4231 1709 4292 dominica
1739 4236 2013 4294 incarna—

2083 1829 2246 1893 sisse,
2280 1828 2493 1885 nollent
2521 1828 2628 1884 sibi
2659 1828 2954 1900 denegare.
2993 1829 3144 1884 Tunc
3171 1828 3299 1884 Otto
3337 1826 3448 1883 dux
3477 1831 3531 1882 et
3561 1825 3743 1883 ceteri

2086 1917 2288 1988 quibus
2341 1931 2536 1988 magna
2580 1916 2797 1973 fuerant
2870 1916 3160 1987 promissa,
3229 1915 3563 1987 persuadent
3610 1915 3744 1974 aliis

2087 2013 2358 2077 quatenus
2390 2006 2493 2062 hac
2522 2020 2645 2064 eum
2666 2006 2986 2063 conditione
3015 2006 3329 2076 reciperent
3359 2004 3423 2036 ¹⁰⁸
3456 2025 3469 2061 :
3500 2004 3744 2061 Castella

2087 2111 2186 2152 sua
2224 2097 2555 2163 destrueret,
2590 2110 2693 2152 nec
2723 2095 2956 2152 ulterius
2995 2110 3060 2152 ea
3089 2101 3462 2161 restauraret;
3524 2095 3744 2165 deprae-

2090 2187 2342 2243 dationes
2388 2186 2627 2256 amplius
2672 2186 2731 2242 in
2781 2200 2880 2241 sua
2927 2192 3073 2241 terra
3102 2185 3282 2240 nullas
3310 2191 3639 2252 exerceret;
3680 2184 3742 2240 in

2089 2276 2323 2333 Saxonia
2352 2278 2625 2333 Saxonum
2673 2275 2906 2332 consilio
2937 2282 3135 2331 cuncta
3163 2273 3508 2344 disponenda
3546 2273 3741 2344 dispo-

2089 2372 2267 2433 neret,
2291 2360 2627 2435 'nullumque
2684 2370 2959 2420 extraneae
3006 2364 3189 2434 gentis
3218 2362 3493 2420 hominem
3524 2363 3644 2418 suis
3672 2360 3739 2392 ⁸⁰⁹

2089 2454 2256 2510 rebus
2284 2453 2513 2525 agendis
2542 2452 2952 2509 consiliatorem
2980 2451 3333 2519 admitteret;
3375 2457 3432 2507 et
3469 2450 3612 2506 hanc
3653 2450 3743 2506 sui

2093 2543 2471 2614 expulsionem
2519 2555 2815 2612 numquam
2871 2541 2930 2597 in
2959 2540 3147 2611 aliquo
3177 2554 3367 2597 eorum
3404 2539 3741 2596 vindicaret.

2090 2635 2336 2703 Cumque
2366 2647 2465 2688 rex
2493 2631 2677 2688 omnia
2732 2631 2852 2686 haec
2909 2635 2965 2686 et
3012 2629 3101 2685 bis
3136 2631 3344 2700 majora
3372 2643 3432 2685 se
3462 2626 3743 2685 facturum

2090 2721 2406 2777 ﬁdelissime
2472 2720 2839 2790 promitteret,
2900 2718 3146 2775 exercitu
3202 2732 3303 2774 suo
3328 2717 3578 2784 dimisso,
3613 2731 3745 2774 cum

2091 2810 2281 2879 paucis
2330 2810 2399 2865 ad
2456 2810 2699 2865 Saxones
2755 2807 3026 2874 transivit,
3086 2812 3141 2863 et
3188 2821 3313 2863 cum
3370 2804 3632 2861 laudibus
3689 2812 3747 2861 et

2087 2900 2288 2970 gaudio
2339 2898 2658 2968 triumphali
2723 2896 3014 2963 deductus,
3045 2896 3343 2954 Goslariam
3387 2908 3564 2965 usque
3617 2909 3746 2964 per-

2089 2990 2258 3046 venit.
2301 2990 2475 3059 Hujus
2517 2985 2743 3043 foederis
2789 2986 3103 3043 inconsulta
3150 2985 3482 3055 compositio
3512 2986 3747 3044 Saxoni~

2091 3081 2195 3136 bus
2250 3078 2608 3135 maximorum
2657 3075 2921 3132 malorum
2978 3073 3080 3131 fuit
3135 3074 3313 3145 origo.
3367 3076 3502 3131 Nam
3532 3077 3748 3133 Suevo-

2091 3183 2231 3236 rum,
2265 3169 2359 3239 qui
2421 3165 2648 3223 fmderis
2680 3166 2793 3234 jam
2851 3162 3065 3234 pridem
3115 3177 3239 3219 cum
3269 3163 3581 3220 Saxonibus
3610 3162 3744 3220 facti

2090 3272 2201 3314 non
2247 3258 2601 3322 inmemores,
2633 3267 2757 3311 cum
2813 3267 2942 3324 rege
3002 3257 3196 3310 contra
3251 3254 3496 3309 Saxones
3552 3252 3747 3310 venire

2089 3348 2380 3404 noluerant
2439 3345 2519 3413 ¹¹⁰,
2580 3343 2687 3414 ipsi
2735 3345 2998 3411 Saxones,
3047 3342 3177 3398 dum
3234 3340 3413 3397 fmdus
3442 3356 3569 3398 eum
3609 3356 3745 3413 rege

2089 3436 2354 3503 facerent,
2402 3434 2620 3491 fuerunt
2671 3432 2868 3498 obliti;
2911 3436 2968 3487 et
3004 3430 3077 3488 ob
3116 3430 3224 3487 hoc
3271 3430 3383 3486 illis
3417 3431 3580 3487 Suevi
3610 3430 3745 3488 facti

2089 3531 2218 3582 sunt
2255 3540 2323 3580 ex
2355 3524 2545 3579 amicis
2575 3520 2832 3577 ﬁdelibus
2880 3520 3069 3576 hostes
3111 3518 3460 3576 atrocissimi.
3491 3520 3657 3586 Quod
3698 3519 3745 3575 si

2090 3623 2184 3671 aut
2213 3614 2346 3670 illud
2394 3626 2504 3669 non
2559 3610 2838 3677 fecissent,
2889 3610 3071 3665 autin
3118 3608 3216 3665 illo
3246 3606 3500 3665 faciendo
3531 3610 3747 3666 Suevos

2090 3704 2196 3760 sibi
2225 3703 2611 3768 associassent,
2662 3705 2718 3755 et
2757 3698 3002 3768 perﬁdia:
3053 3704 3184 3754 nota
3231 3702 3507 3764 carerent,
3542 3703 3598 3754 et
3632 3712 3745 3755 non

2092 3800 2199 3849 tam
2231 3791 2432 3848 multos
2470 3791 2660 3846 hostes
2687 3788 3018 3843 saevissimos
3055 3786 3342 3843 haberent.

2160 3879 2251 3936 32.
2314 3879 2518 3935 Eodem
2576 3884 2757 3933 tamen
2814 3881 3063 3944 tempore
3120 3874 3407 3930 maximam
3458 3875 3611 3931 circa
3643 3888 3747 3933 nos

2091 3970 2437 4025 clementiam
2484 3966 2581 4023 Dei
2621 3965 2997 4036 cognovimus,
3065 3978 3227 4033 quam
3286 3977 3583 4034 numquam
3632 3971 3748 4021 tra-

2093 4058 2224 4114 dere
2256 4056 2522 4115 oblivioni
2563 4055 2848 4111 debemus.
2899 4055 3033 4109 Nam
3081 4066 3203 4109 cum
3250 4059 3401 4109 tanta
3446 4060 3593 4108 esset
3626 4053 3744 4110 hie-

2099 4145 2201 4200 mis
2238 4144 2507 4215 asperitas
2557 4148 2619 4198 ut
2647 4154 2841 4197 omnes
2899 4139 3049 4196 ﬂuvii
3093 4139 3179 4195 vel
3244 4139 3474 4209 paludes
3502 4140 3744 4196 transire

2092 4234 2405 4291 volentibus
2452 4234 2561 4288 iter
2617 4237 2880 4287 terrestre
2921 4228 3257 4300 praeberent,
3308 4234 3366 4284 et
3408 4242 3554 4297 eum,
3610 4230 3745 4285 viris

365 4310 534 4366 tionis
577 4325 753 4368 annus
805 4312 941 4369 1074
988 4317 1048 4348 ¹⁰³
1096 4332 1274 4390 nuper
1309 4321 1564 4392 inceptus
1604 4332 1881 4396 ageretur,
1912 4330 2010 4383 Sa-
2095 4327 2349 4383 omnibus
2395 4331 2588 4380 contra
2638 4336 2823 4393 regem
2881 4320 3250 4391 congregatis,
3290 4319 3425 4375 solae
3482 4318 3748 4376 mulieres

364 4401 581 4457 xoniam
638 4402 853 4474 ingredi
909 4405 1201 4477 disposuit.
1233 4412 1302 4466 At
1334 4412 1576 4469 Saxones
1604 4414 1840 4472 adventu
1870 4407 2071 4489 prae-2D
2094 4430 2217 4472 cum
2257 4414 2495 4485 parvulis
2542 4411 2691 4468 domi
2739 4409 2949 4466 relictae
3000 4408 3255 4476 fuissent,
3287 4408 3484 4478 pagani
3522 4422 3746 4479 semper

364 4493 608 4563 cognito,
659 4499 861 4550 terram
909 4511 1062 4553 suam
1111 4498 1388 4557 defensuri
1436 4518 1559 4560 cum
1590 4506 1824 4563 maximo
1854 4522 2009 4565 exer-
2089 4506 2253 4563 nobis
2290 4502 2496 4570 infesti,
2531 4506 2699 4557 totam
2749 4498 3060 4564 Saxoniam,
3094 4497 3420 4554 mulieribus
3456 4502 3514 4553 et
3541 4512 3740 4568 parvu-

361 4581 475 4636 citu
529 4582 598 4638 ad
642 4584 906 4653 oppidum
964 4587 1113 4657 quod
1160 4589 1381 4646 Nachan
1423 4591 1485 4623 ¹⁰⁶
1519 4592 1641 4665 (26)
1673 4596 2004 4666 appellatur,
2091 4597 2160 4653 lis
2188 4593 2463 4660 abductis,
2526 4594 2782 4662 poterant
2838 4590 2894 4644 in
2946 4589 3191 4644 cinerem
3239 4593 3585 4654 convertere,
3637 4586 3742 4642 nisi

361 4678 683 4743 occurrunt,
733 4679 788 4729 et
836 4688 867 4729 a
915 4689 1044 4747 rege
1077 4691 1185 4735 non
1217 4679 1456 4751 longius,
1493 4697 1655 4753 quam
1684 4691 1745 4740 ut
1770 4692 2005 4757 uterque
2093 4687 2238 4741 Deus
2265 4697 2363 4740 eos
2405 4680 2643 4738 mirabili
2682 4693 2780 4735 sua
2810 4678 3036 4748 pietate,
3069 4676 3217 4732 velut
3244 4676 3501 4746 genuina;
3535 4677 3594 4709 ¹¹⁸
3624 4690 3747 4732 cru-

363 4762 640 4818 exercitus
694 4763 931 4821 alterum
986 4767 1174 4824 videre
1233 4771 1523 4839 potuisset,
1574 4779 1752 4830 castra
1808 4778 2010 4831 consti-
2090 4774 2331 4831 delitatis
2377 4772 2601 4837 oblitos,
2653 4770 2801 4824 intra
2840 4766 3099 4838 proprios
3167 4766 3306 4822 lines
3341 4767 3497 4836 quasi
3529 4766 3746 4823 clausos

363 4855 544 4906 tuunt.
577 4852 778 4909 Tamen
826 4854 1060 4912 invicem
1108 4857 1259 4914 missi
1298 4861 1695 4930 speculatores,
1727 4865 2004 4921 exercitus
2084 4865 2311 4936 juberet
2339 4862 2649 4933 quiescere.

366 4940 654 5010 utriusque
699 4942 958 5001 virtutem
1001 4946 1300 5018 diligenter
1331 4951 1640 5020 explorant,
1686 4958 1742 5008 et
1788 4956 2008 5025 utrique
2158 4952 2250 5008 33.
2308 4951 2478 5023 Igitur
2506 4962 2630 5006 cum
2672 4961 2771 5004 rex
2822 4945 3069 5002 exercitu
3113 4946 3387 5001 Saxonum
3445 4944 3744 5000 comitante

1714 5106 1940 5162 VARIIE
1993 5106 2275 5163 LECTION
2282 5105 2380 5160 ES.

439 5234 500 5315 ‘°’_'
538 5236 810 5296 violenter
863 5240 958 5315 2...
1000 5242 1062 5275 ὀε
1100 5244 1199 5300 ita.
1256 5246 1330 5300 1b.
1382 5260 1590 5303 mmeos
1646 5247 1694 5303 1.
1775 5248 1836 5278 ιοδ
1882 5249 2025 5305 deest
2086 5250 2132 5315 1,
2188 5248 2243 5304 2.
2286 5261 2408 5302 eum
2461 5241 2535 5301 ιδ.
2614 5245 2675 5277 ὀυ
2725 5241 3158 5315 MLXXXllll‘l.
3207 5238 3276 5315 1°}
3320 5238 3533 5315 nacban
3578 5239 3736 5315 1.19.

367 5305 593 5431 ﬂagitat;
646 5313 1111 5450 ggqéigevll’irram
1176 5317 1232 5371 2.
1313 5317 1373 5348 ¹⁰⁷
1440 5318 1827 5389 paternitatem
1874 5320 1932 5378 d.
2007 5321 2054 5376 l.
2114 5305 2192 5351 ’¹⁰⁸
2256 5320 2505 5389 recipere
2568 5317 2615 5372 l.
2696 5315 2756 5346 ¹⁰⁹
2811 5327 3003 5371 eorum
3068 5311 3123 5365 2.
3202 5311 3263 5341 ¹¹⁰
3328 5309 3627 5367 noluerunt
3684 5311 3733 5365 ι.

444 5553 567 5627 (26)
602 5556 768 5616 Vach.
1937 5479 2153 5537 ΝΟΜ
