4014 6176
239 303 332 358 509

1536 303 1624 357 DE
1662 300 1874 356 BELLO
1911 300 2258 358 SAXONICO.

3480 305 3590 361 510

237 425 515 486 Goslariam
544 427 804 494 venisset,
836 428 921 484 sui
951 440 1062 484 non
1093 427 1318 494 oblitus,
1342 426 1512 496 coepit
1540 425 2026 491 occasionesA’”,
2059 426 2217 482 valde
2257 426 2553 496 turbatum,
2613 428 2868 484 omnibus
2925 427 3104 484 modis
3156 443 3280 484 eum
3336 431 3587 502 mitigare

237 531 484 588 quaerere,
511 531 601 584 ne,
626 518 770 574 sicut
790 518 1137 588 promiserat,
1163 517 1390 573 deberet
1413 518 1467 571 in
1493 515 1751 586 praesenti
1775 529 1862 569 ca-

236 606 376 662 stella
403 621 498 660 sua
529 607 836 662 destruere.
862 609 1029 674 Quem
1051 621 1171 663 cum
1195 620 1376 662 moras
1395 612 1615 660 nectere
1638 604 1859 673 quidam

235 695 495 767 principes
525 696 700 752 nostri
732 697 1002 763 viderent,
1035 697 1283 752 volentes
1313 697 1362 750 ei
1395 695 1633 765 placere,
1665 707 1857 748 suase-

233 792 344 840 runt
382 790 439 839 ut
469 785 604 840 illud
637 786 920 841 castellum
952 787 1125 856 majus
1159 787 1220 816 ¹¹²
1263 784 1394 856 (27),
1440 784 1615 861 quod
1639 795 1858 838 manere

233 873 451 933 volebat.
483 873 648 929 alicui
682 874 749 930 de
781 875 1128 944 principibus
1157 875 1408 930 Saxoniai
1439 874 1594 944 quasi
1625 873 1680 927 in
1710 871 1863 926 dedi-

233 963 416 1017 tionem
444 962 714 1032 traderet,
755 963 934 1018 donec
966 964 1155 1034 populi
1187 963 1361 1030 furor,
1396 964 1490 1033 qui
1535 969 1664 1018 tunc
1704 960 1864 1016 vehe-

232 1057 426 1106 menter
456 1051 710 1118 ardebat,
751 1052 1088 1122 aliquantum
1121 1058 1451 1122 tepesceret,
1484 1059 1539 1107 et
1585 1056 1715 1106 tunc
1763 1065 1858 1104 ca-

227 1139 447 1204 stellum,
493 1141 634 1196 sicut
693 1141 932 1209 volebat,
973 1142 1247 1209 integrum
1307 1145 1673 1212 permaneret.
1724 1141 1857 1194 Nam

225 1228 469 1298 populus,
502 1235 563 1284 ut
613 1230 945 1297 dirueretur,
996 1230 1348 1286 vehementer
1393 1229 1667 1296 instabat;
1710 1226 1857 1298 quod

223 1318 319 1372 nisi
350 1317 525 1385 fieret,
559 1333 618 1374 se
669 1319 853 1375 statim
893 1321 962 1375 ab
1010 1320 1225 1390 integro
1272 1319 1533 1375 rebellem
1582 1318 1699 1373 fore
1749 1317 1856 1372 cla-

225 1407 412 1462 mabat.
455 1408 575 1463 Rex
621 1423 752 1464 vero
801 1410 857 1464 in
905 1409 1092 1465 multis
1136 1409 1403 1479 angustiis
1451 1408 1683 1478 positus,
1724 1407 1855 1476 quid

222 1494 412 1552 faceret
443 1498 766 1566 nesciebat;
801 1499 929 1568 quia
961 1514 1062 1555 nec
1091 1498 1374 1554 castellum
1405 1497 1540 1553 illud
1572 1497 1856 1552 destruere

223 1585 442 1655 volebat,
481 1601 584 1642 nec
613 1587 776 1643 alicui
809 1589 1138 1658 principum,
1163 1589 1257 1658 qui
1289 1587 1424 1643 illud
1449 1630 1463 1654 ,
1490 1587 1535 1641 si
1567 1587 1671 1641 sibi
1702 1585 1858 1655 quasi

221 1674 542 1741 traderetur,
576 1681 845 1732 staturum
881 1677 1296 1747 promittebant,
1357 1677 1520 1732 fidem
1578 1675 1853 1740 habebat;

1942 516 2284 584 quaarebant,
2319 532 2378 572 se
2402 517 2553 587 ipsos
2582 531 2613 572 a
2643 517 2861 573 consilii
2891 517 3003 572 sive
3033 516 3330 572 voluntatis
3358 521 3587 576 crimine

1943 618 2292 675 quocumque
2332 607 2498 663 modo
2541 607 2762 676 juberet
2809 607 2947 677 ipse,
3000 605 3323 676 purgando;
3365 615 3420 662 et
3467 623 3585 678 eos,

1942 694 2036 761 qui
2077 695 2307 750 crimine
2339 703 2497 751 erant
2525 696 2776 762 involuti,
2819 710 3163 766 quacumque
3213 694 3378 750 vellet
3426 711 3587 764 poena

1942 783 2278 850 cruciando;
2322 785 2418 840 sed
2452 785 2526 841 nil
2560 785 2938 855 proficiebant.
2987 787 3120 841 Nam
3167 799 3264 840 rex
3310 798 3420 840 non
3460 790 3588 840 tan-

1943 877 2057 927 tum
2097 873 2209 928 illis
2247 874 2342 943 qui
2391 876 2572 930 scelus
2622 875 2860 932 confessi
2915 876 2973 908 ¹¹⁶
3011 875 3274 942 fecerant,
3323 882 3586 945 quantum

1942 962 2063 1016 istis
2092 964 2186 1032 qui
2219 977 2278 1018 se
2317 978 2348 1018 a
2377 979 2436 1019 se
2475 971 2791 1034 perpetrato
2839 965 3048 1023 scelere
3098 965 3425 1036 purgabant,
3476 965 3587 1020 ira-

1941 1052 2149 1118 scitur;
2183 1058 2238 1107 et
2267 1051 2572 1123 dedignans
2610 1055 2774 1110 irasci
2813 1056 2868 1110 in
2917 1056 3175 1121 rusticos,
3226 1057 3280 1111 in
3321 1055 3588 1111 maximos

1941 1141 2105 1211 hujus
2143 1141 2386 1211 regionis
2440 1142 2693 1199 homines
2749 1143 2991 1201 furorem
3030 1159 3208 1213 suum,
3259 1145 3306 1200 si
3362 1145 3582 1215 quando

1941 1237 2156 1300 tempus
2185 1230 2432 1286 haberet.
2466 1233 2772 1288 accendere
2802 1234 3116 1290 meditatur.
3151 1237 3364 1290 Interea
3401 1242 3582 1290 tamen

1941 1333 2051 1375 non
2091 1326 2355 1389 quantum
2384 1320 2623 1387 volebat,
2657 1323 2754 1377 sed
2786 1329 3048 1391 quantum
3080 1325 3136 1379 in
3178 1326 3438 1394 praesenti
3483 1339 3582 1380 va-

1938 1409 2107 1475 lebat,
2139 1422 2294 1464 suum
2326 1408 2609 1464 castellum
2639 1410 2900 1477 vindicat,
2941 1417 2997 1467 et
3034 1413 3217 1468 omnia
3245 1414 3468 1469 castella
3499 1413 3581 1470 vel

1941 1497 2215 1566 quaslibet
2244 1497 2407 1569 hujus
2454 1504 2616 1554 terra:
2656 1500 3010 1568 munitiones,
3071 1509 3276 1571 praeter
3330 1505 3583 1573 antiquas

1940 1587 2106 1642 urbes
2133 1588 2202 1642 ab
2240 1589 2506 1644 honorem
2538 1590 2692 1660 regni
2725 1596 3092 1657 constructas,
3133 1591 3278 1646 dirui
3327 1593 3580 1663 imperat.

1939 1676 2094 1742 Quod
2125 1676 2414 1746 imperium
2445 1693 2556 1735 non
2588 1693 2654 1734 ex
2676 1679 2973 1749 tranquillo
3005 1680 3186 1750 rigore
3212 1682 3462 1749 justitiae,
3487 1680 3584 1736 sed

220 1771 269 1820 et
296 1765 578 1834 populum,
622 1780 689 1821 ne
719 1767 960 1822 recidiva
991 1767 1132 1822 bella
1165 1771 1488 1834 resumeret,
1530 1765 1686 1820 valde
1735 1778 1854 1820 me-
1874 1754 1922 1813 Β
1946 1781 2012 1822 ex
2041 1767 2290 1823 iracundi
2312 1769 2558 1838 pectoris
2577 1769 2946 1826 commotione
2978 1769 3196 1824 turbida
3226 1771 3585 1840 processisse,

220 1852 413 1909 tuebat.
447 1855 564 1920 Qua
618 1855 762 1910 enim
793 1856 993 1910 virtute
1028 1869 1164 1925 pene
1196 1855 1348 1910 solus
1385 1856 1442 1910 in
1482 1854 1664 1910 medio
1695 1868 1857 1910 exer-

219 1939 323 1995 citu
354 1941 738 2011 deprehensus
773 1958 832 1999 se
892 1943 1234 2010 defenderet,
1293 1943 1375 1998 vel
1433 1957 1541 2013 qua
1595 1942 1720 2014 fuga
1773 1957 1853 2008 se,

216 2036 400 2098 septus
439 2031 686 2101 undique
715 2032 880 2088 saevis
909 2033 1182 2100 hostibus,
1231 2032 1638 2088 absconderet?
1687 2030 1858 2101 Igitur

215 2119 278 2174 ad
307 2119 590 2190 ingenium
621 2137 777 2178 suum
809 2137 1083 2190 reversus,
1119 2124 1447 2193 excogitavit
1477 2123 1668 2178 dolum
1695 2142 1710 2189 ;
1761 2121 1856 2191 qui

212 2215 386 2265 tamen
452 2224 563 2266 non
629 2226 751 2268 eum
809 2227 970 2282 quem
1037 2214 1293 2284 sperabat
1349 2213 1525 2268 tenuit
1581 2211 1852 2268 effectum.

206 2296 335 2352 Nam
366 2300 697 2367 quibusdam
755 2302 823 2357 de
881 2302 996 2356 suis
1053 2303 1298 2372 antiquis
1350 2301 1711 2357 familiaribus
1754 2315 1854 2356 oc-

204 2383 349 2440 culte
391 2389 661 2456 przecepit
691 2395 752 2443 ut
789 2391 910 2457 ejus
949 2395 1155 2444 tantum
1190 2391 1663 2460 propugnaculum
1700 2403 1856 2444 sum—

195 2475 386 2530 matim
430 2476 803 2544 deponerent,
845 2485 899 2532 et
929 2491 1049 2534 cum
1083 2479 1319 2547 populus
1367 2479 1471 2534 hoc
1524 2479 1640 2534 viso
1680 2485 1857 2534 totum

186 2576 433 2631 sperans
485 2577 736 2619 casurum
776 2564 1106 2634 discederet,
1157 2567 1236 2622 illi
1285 2581 1316 2622 a
1361 2567 1632 2623 diruendo
1681 2581 1859 2622 cessa-

185 2658 336 2734 rent,
372 2659 430 2707 et
472 2655 551 2708 sic
593 2653 670 2720 “3,
712 2653 902 2723 paucis
958 2655 1130 2710 ruinis
1185 2657 1524 2723 restauratis,
1583 2657 1855 2726 integrum

200 2741 346 2796 sicut
377 2741 602 2797 volebat
630 2751 998 2812 permaneret.
1039 2745 1144 2800 Sed
1203 2745 1304 2812 illi,
1364 2760 1464 2801 suo
1503 2746 1678 2801 labori
1737 2760 1860 2814 par-

203 2836 418 2898 centes,
454 2830 666 2886 vicinos
693 2832 974 2888 adduxere
1006 2835 1263 2901 rusticos,
1306 2849 1466 2904 quos,
1508 2836 1654 2890 sicut
1701 2841 1859 2891 erant

202 2919 359 2987 jussi,
390 2921 679 2990 jusserunt
706 2935 951 2978 summos
982 2929 1188 2978 tantum
1223 2937 1411 2980 muros
1437 2923 1711 2979 demoliri.
1749 2926 1860 2979 Ru-

203 3009 322 3064 stici
344 3022 483 3065 vero
500 3025 622 3065 cum
646 3011 765 3080 ejus
788 3011 898 3067 loci
949 3018 1277 3081 potestatem
1308 3026 1454 3068 nunc
1485 3013 1850 3082 accepissent,

1942 1857 2072 1912 hinc
2102 1858 2382 1927 praecipue
2413 1858 2675 1928 cognosci
2716 1860 2917 1928 potuit,
2965 1858 3091 1928 quia
3141 1873 3204 1914 ea
3253 1858 3381 1913 tella
3430 1873 3590 1928 qua-'3-

1941 1945 2063 2000 dam
2113 1945 2180 2001 de
2220 1946 2371 2001 nullo
2421 1947 2564 2002 malo
2604 1946 2860 2002 infamata
2899 1947 3131 2015 destrui,
3173 1947 3406 2018 plurima
3457 1962 3589 2004 vero

1940 2034 2008 2089 de
2048 2035 2252 2103 praedis
2290 2041 2345 2090 et
2384 2036 2691 2091 latrociniis
2739 2037 3010 2103 convicta,
3070 2037 3116 2092 si
3174 2038 3405 2106 pecunia
3461 2038 3587 2093 data

1938 2122 2152 2191 fuisset,
2205 2124 2410 2182 intacta
2459 2139 2681 2180 manere
2730 2126 3017 2196 praecepit.
3070 2127 3166 2181 llis
3212 2127 3285 2182 ita
3337 2128 3586 2197 patratis,

1941 2227 2050 2269 non
2092 2213 2248 2284 quasi
2279 2214 2391 2270 ullo
2432 2214 2624 2270 dolore
2656 2221 2965 2271 commotus
2994 2215 3077 2271 vel
3119 2216 3412 2285 quicquam
3462 2216 3589 2271 mali

1941 2304 2192 2359 Saxoniaa
2250 2303 2520 2373 cegitans,
2562 2305 2759 2360 martio
2816 2319 3004 2359 mense
3061 2305 3302 2359 nondum
3363 2311 3586 2374 peracto

1945 2393 2061 2464 (an.
2123 2392 2308 2464 1074),
2360 2393 2649 2448 Saxoniam
2708 2393 2954 2463 reliquit,
3014 2400 3068 2448 et
3126 2393 3192 2447 ad
3250 2393 3588 2448 habitatores

1938 2482 2116 2537 Rheni
2175 2488 2592 2552 ceterarumque
2657 2483 2902 2538 Francize
2971 2483 3203 2552 partium
3263 2482 3402 2537 male
3462 2481 3589 2536 laeta

1940 2576 2123 2626 mente
2175 2572 2234 2602 ¹¹⁶
2273 2571 2545 2627 transivit.
2611 2574 2809 2628 Fertur
2850 2586 3001 2637 vero,
3061 2585 3091 2626 a
3131 2571 3330 2625 finibus
3385 2569 3591 2625 nostris

1943 2658 2256 2726 discedens,
2308 2675 2431 2715 cum
2465 2663 2777 2729 juramento
2817 2660 3042 2727 dixisse,
3095 2660 3243 2729 quod
3295 2671 3589 2729 numquam

1942 2747 2109 2803 vellet
2133 2748 2368 2818 amplius
2406 2751 2463 2804 in
2520 2751 2807 2806 Saxoniam
2860 2751 3043 2805 redire
3097 2751 3203 2804 nisi
3260 2749 3414 2818 prius
3470 2762 3589 2803 eam

1944 2837 2202 2893 virtutem
2233 2839 2618 2906 contraxisset,
2651 2854 2758 2909 qua
2789 2847 2975 2909 posset
3024 2840 3080 2893 in
3127 2839 3361 2894 Saxonia
3408 2837 3592 2893 facere

1942 2927 2208 2996 quicquid
2247 2927 2354 2983 sibi
2385 2927 2658 2983 libuisset.

2012 3014 2103 3072 35.
2145 3017 2502 3086 Congregatis
2540 3017 2725 3086 itaque
2782 3017 2996 3072 illarum
3056 3018 3288 3086 partium
3330 3015 3590 3085 principi-

207 3112 312 3167 quo
351 3099 528 3155 multa
561 3101 672 3169 jam
703 3101 916 3170 pridem
945 3103 1085 3157 mala
1115 3103 1260 3172 passi
1292 3101 1544 3168 fuissent,
1579 3081 1688 3159 non
1721 3103 1853 3173 quid
1876 3081 1918 3139 (ἶ
1942 3105 2064 3170 bus,
2116 3081 2531 3175 nuncvsingulis
2580 3081 2726 3159 nunc
2773 3081 3372 3160 universis-humiliter
3418 3103 3478 3134 “7
3525 3117 3584 3158 se

202 3188 532 3255 juberentur
552 3189 647 3244 sed
673 3190 924 3259 quidjam
939 3191 1032 3246 diu
1045 3191 1454 3247 desiderassent
1467 3192 1849 3260 intendebant,

208 3290 234 3330 a
255 3278 531 3333 diruendo
561 3292 669 3334 non
694 3280 1256 3348 quiescentes,donec
1277 3281 1512 3351 lapidem
1534 3296 1702 3351 super
1720 3282 1854 3351 lapi-

207 3365 323 3422 dem
363 3382 478 3424 non
522 3383 805 3424 remanere
844 3369 1120 3425 videbant.
1163 3373 1305 3440 Ergo
1344 3371 1548 3441 regalia
1598 3371 1848 3438 aedilicia,

209 3458 368 3526 regali
399 3465 630 3528 sumptu
652 3473 750 3527 per
770 3460 972 3514 multos
992 3473 1166 3514 annos
1187 3466 1525 3526 constructa,
1549 3459 1700 3514 brevi
1723 3469 1854 3515 tem-

209 3558 333 3614 pore
363 3548 688 3615 destruunt,
713 3555 768 3603 et
797 3549 853 3603 in
884 3550 1050 3604 tantis
1080 3549 1352 3604 moenibus
1371 3563 1473 3604 nec
1503 3546 1856 3604 fundamenta

210 3648 310 3690 non
341 3647 502 3693 eruta
537 3638 878 3707 relinquunt.
905 3639 1089 3709 Legati
1113 3640 1259 3709 regis
1277 3653 1388 3694 non
1408 3638 1613 3693 audent
1629 3638 1856 3694 verbum

209 3722 400 3793 facere,
435 3727 574 3797 quia
606 3735 660 3782 et
691 3728 862 3796 ipsos,
893 3728 940 3782 si
975 3728 1107 3797 quid
1149 3727 1614 3794 contradicerent,
1647 3728 1859 3782 minan-

209 3819 291 3869 tur
317 3817 662 3873 interficere.
697 3819 885 3887 Itaque
927 3818 1317 3872 monasterium
1368 3817 1646 3874 laborioso
1690 3832 1857 3887 opere

209 3903 507 3972 perfectum
544 3905 812 3974 dejiciunt
854 3921 1029 3976 usque
1078 3907 1146 3961 ad
1197 3905 1630 3973 fundamentum,
1683 3912 1857 3962 totum

209 3993 523 4052 thesaurum
570 3995 646 4050 ibi
678 4003 1023 4066 congestum,
1071 3997 1184 4052 sive
1224 3997 1370 4067 regis
1417 4003 1562 4052 esset
1607 3998 1720 4052 sive
1758 4012 1857 4053 ec-

208 4081 402 4154 clesiae,
436 4085 740 4153 diripiunt,
774 4099 1065 4155 campanas
1114 4086 1432 4142 dulcisonas
1481 4085 1856 4158 confringunt,

208 4169 368 4228 ﬁlium
410 4175 572 4245 regis
627 4180 682 4229 et
742 4172 987 4240 fratrem,
1048 4189 1189 4244 quos
1245 4176 1321 4230 ibi
1381 4182 1658 4245 posuerat,
1719 4176 1860 4232 etio-

209 4260 377 4331 diunt,
418 4278 668 4332 ossaque
725 4278 915 4319 eorum
972 4265 1120 4320 velut
1166 4265 1439 4335 quaslibet
1485 4265 1860 4322 immunditias

208 4350 555 4424 dispergunt,
593 4359 647 4408 et
703 4353 872 4408 nichil
932 4354 1150 4424 penitus
1207 4356 1326 4424 ejus
1364 4355 1471 4411 loci
1530 4371 1853 4426 permanere

209 4444 554 4509 permittunt.

271 4529 356 4587 34.
399 4533 512 4589 Sed
551 4545 647 4586 rex
676 4546 800 4587 cum
857 4532 1141 4588 castellum
1198 4547 1357 4589 suum
1413 4534 1492 4589 sic
1550 4536 1860 4604 agnovisset

209 4619 626 4685 adnichilatum,
670 4635 866 4692 magno
899 4622 1119 4691 quidem
1161 4623 1354 4678 dolore
1386 4623 1572 4678 cordis
1603 4623 1860 4678 intrinse-

208 4722 298 4764 cus
325 4711 722 4776 conturbatus,
756 4711 854 4766 sed
876 4725 999 4765 eum
1031 4710 1182 4766 nullo
1213 4710 1522 4768 forinsecus
1553 4713 1709 4782 signo
1732 4726 1859 4781 pro-

208 4805 452 4866 testatur,
487 4801 624 4870 quia
654 4800 992 4869 superfluum
1033 4801 1281 4869 putabat,
1315 4801 1402 4856 his
1441 4816 1581 4872 quos
1621 4802 1861 4857 habebat

208 4886 329 4943 odio
360 4889 622 4945 dolorem
661 4903 816 4944 suum
868 4895 1195 4956 monstrare,
1240 4906 1362 4946 cum
1407 4905 1516 4946 non
1568 4897 1754 4960 posset
1802 4893 1858 4946 in

211 4988 394 5032 eorum
426 4977 723 5048 suppliciis
753 4978 820 5033 ad
854 4992 1098 5048 praesens
1137 4980 1323 5034 odium
1363 4993 1520 5035 suum
1575 4995 1674 5049 pro
1724 4981 1862 5038 velle

209 5078 304 5120 suo
334 5074 615 5122 saturare.
649 5067 916 5124 Primates
963 5076 1142 5124 autem
1197 5070 1471 5144 Saxoniae,
1534 5083 1658 5124 cum
1717 5069 1865 5140 regis

212 5156 446 5212 animum
481 5156 693 5212 scirent
722 5171 833 5213 non
863 5158 1142 5225 inmerito,
1193 5148 1439 5229 quamvis
1487 5159 1604 5229 ipse
1654 5160 1863 5215 celaret

1938 3199 2318 3262 prosternens,
2351 3194 2750 3262 querimoniam
2776 3193 2907 3249 fecit
2946 3193 3156 3260 dicens,
3191 3193 3338 3264 quod
3370 3194 3586 3262 priores

1935 3297 2050 3338 sua:
2081 3283 2422 3352 expulsionis
2451 3283 2668 3352 injuria:
2708 3283 2813 3338 sibi
2853 3296 2998 3338 nunc
3029 3283 3176 3338 leves
3205 3289 3410 3348 essent,
3453 3282 3586 3336 istas

1934 3373 2041 3427 sibi
2075 3385 2298 3441 magnas
2345 3377 2400 3426 et
2439 3372 2776 3427 insanabiles
2825 3371 3040 3436 videri;
3093 3372 3148 3425 in
3200 3371 3481 3439 prioribus
3527 3384 3585 3423 se

1935 3476 2059 3518 cum
2096 3462 2211 3516 suis
2242 3461 2588 3530 principibus
2618 3459 2785 3514 fuisse
2835 3459 3178 3527 despectum,
3221 3459 3276 3512 in
3329 3458 3421 3513 isti
3461 3472 3588 3513 vere

1935 3567 2036 3606 suo
2066 3563 2402 3618 suorumque
2433 3549 2723 3617 despectui
2773 3549 3134 3614 conjunctum
3179 3561 3298 3600 esse
3349 3546 3591 3602 caelestis

1939 3639 2172 3704 militiae,
2205 3644 2260 3692 et
2298 3637 2448 3706 quod
2499 3641 2644 3691 esset
2685 3635 2770 3689 his
2818 3637 3010 3704 majus,
3054 3636 3354 3702 majestatis
3391 3635 3591 3690 divinae

1939 3733 2337 3797 contemptum.
2368 3727 2501 3781 Nam
2533 3725 2779 3780 narravit
2812 3725 2893 3780 eis
2931 3724 3244 3790 lacrimans,
3277 3725 3406 3794 quia
3463 3723 3592 3780 dum

1941 3818 2186 3887 ipsorum
2218 3814 2467 3870 consiliis
2515 3821 2709 3869 contra
2766 3827 2918 3869 suam
2975 3813 3312 3868 voluntatem
3364 3812 3589 3882 cedens,

1939 3905 2246 3962 Saxonibus
2263 3918 2420 3960 suum
2445 3903 2729 3959 castellum
2750 3903 2921 3974 regali
2954 3917 3064 3959 non
3086 3909 3306 3973 sumptu
3329 3909 3591 3959 constru-

1941 4002 2089 4052 ctum
2150 3994 2397 4049 traderet
2455 3993 2887 4059 demoliendum,
2939 3992 3018 4048 illi
3070 4006 3181 4048 non
3211 3992 3410 4062 solum,
3441 3993 3590 4063 quod

1942 4086 2024 4141 eis
2054 4084 2377 4155 permissum
2418 4088 2557 4150 erat,
2597 4082 2732 4138 illud
2781 4082 3081 4138 inhumano
3130 4095 3282 4138 more
3332 4083 3591 4138 destrue-

1941 4181 2086 4242 rent,
2117 4175 2214 4230 sed
2244 4173 2472 4243 insuper
2510 4174 2903 4228 monasterium
2943 4175 3055 4228 Deo
3095 4175 3410 4242 sanctisque
3459 4185 3592 4228 con-

1939 4269 2234 4330 secratum,
2305 4261 2535 4332 paganis
2599 4261 2867 4316 omnibus.
2917 4261 3282 4329 crudeliores,
3342 4261 3590 4316 funditus

1946 4353 2232 4408 diruerent
2262 4351 2343 4418 “8,
2385 4365 2698 4420 campanas,
2733 4349 2934 4404 calices
2973 4355 3027 4403 et
3066 4354 3248 4403 cetera
3300 4349 3368 4402 ad
3415 4350 3590 4403 hono-

1949 4455 2062 4496 rem
2109 4441 2206 4495 Dei
2252 4439 2488 4494 collecta
2543 4438 2691 4493 velut
2751 4436 2976 4507 profana
3033 4435 3464 4506 confringerent,
3506 4437 3591 4493 vel

1944 4530 2129 4586 hostili
2207 4529 2548 4598 praedatione.
2623 4527 2952 4596 diriperent,
3020 4523 3244 4580 fratrem
3312 4524 3592 4594 filiumque

1943 4633 2122 4682 suum,
2187 4623 2480 4686 utrumque
2549 4616 2760 4685 prolem
2828 4615 3054 4685 regiam,
3119 4613 3506 4668 miserabiliter
3563 4626 3592 4666 a

1942 4707 2214 4778 sepulcris
2244 4708 2451 4775 ejectos
2478 4706 2534 4760 in
2559 4711 2775 4760 ventum
2807 4702 3147 4758 membratim
3183 4702 3592 4771 dispergerent,

1943 4805 1998 4853 et
2027 4796 2176 4867 quod
2217 4796 2303 4850 his
2332 4795 2588 4850 omnibus
2619 4794 2792 4864 magis
2820 4797 2964 4848 esset
3016 4790 3330 4858 nefandum,
3367 4795 3596 4846 sancto-

1943 4902 2063 4942 rum
2121 4886 2382 4956 reliquias
2411 4885 2478 4940 ab
2518 4884 2784 4939 altaribus
2830 4881 3004 4936 sacris
3043 4881 3367 4936 execrandis
3415 4879 3590 4935 mani-

1947 4977 2052 5032 bus
2080 4982 2285 5042 erutas,
2328 4973 2475 5029 velut
2515 4971 2893 5027 immunditias
2923 4969 3185 5040 quasdam
3228 4984 3327 5040 per
3366 4968 3594 5038 profana

1947 5067 2068 5122 loca
2098 5065 2453 5134 dissiparent.
2489 5062 2586 5116 His
2613 5061 2869 5118 omnibus
2921 5074 3033 5116 non
3080 5060 3199 5116 sine
3239 5059 3390 5130 largo
3431 5059 3597 5113 ﬂetu-

1947 5156 2237 5228 peroratis,
2278 5152 2619 5223 singulorum
2682 5151 2853 5221 pedes
2909 5149 3168 5206 osculans
3215 5148 3408 5216 oravit,
3452 5153 3511 5202 ut
3549 5148 3595 5202 si

1565 5279 1788 5333 VARIZE
1847 5273 2128 5332 LECTION
2135 5275 2231 5329 ES.

283 5372 346 5401 ¹¹²
377 5377 441 5426 ut
475 5387 528 5427 c.
565 5373 936 5428 Harcesburth
965 5372 1018 5427 2.

1098 5373 1157 5403 ¹¹³
1185 5373 1265 5428 sic
1295 5373 1430 5429 illud
1464 5389 1519 5444 p.
1559 5373 1614 5427 1b
1646 5419 1657 5431 .

215 5441 273 5470 ¹¹⁸
302 5443 605 5498 diruerunt
648 5445 694 5499 l.

1741 5375 1800 5406 ¹¹⁵
1831 5375 2039 5430 velaret
2073 5365 2127 5425 1"
2156 5414 2168 5427 .

2249 5371 2309 5401 “5
2340 5366 2590 5425 confessa
2631 5369 2674 5421 1.
2759 5366 2818 5396 ¹¹⁶
2849 5372 2990 5422 mete
3035 5366 3083 5421 1.
3165 5367 3222 5396 “7
3254 5365 3510 5420 humilem
3541 5364 3594 5420 2.

1805 5518 2020 5573 NOT/E.

289 5584 416 5655 (27)
463 5585 589 5642 scil.
631 5587 930 5656 Harzburg.
