4014 6176
378 260 475 314 511

1425 263 1759 317 BRUNONIS
1795 263 2060 319 CLERICI
2101 261 2697 317 MAGDEBURGENSIS

3639 259 3744 313 512

377 398 487 440 non
525 398 680 440 suam
709 392 968 441 curarent
1012 386 1289 442 vindicare
1336 384 1607 455 injuriam,
1649 386 1840 441 saltem
1880 385 2361 449 con-Aviolemia
2408 385 2732 456 pervasisse,
2786 392 2842 439 et
2887 384 3035 450 ideo,
3083 385 3130 439 si
3168 383 3455 454 reliquerit
3503 398 3645 451 eam,
3678 398 3746 440 ne

382 472 659 528 tumeliam
698 476 813 530 Deo
853 476 1058 544 Deique
1097 475 1301 529 sanctis
1337 473 1541 528 illatam
1579 488 1863 531 remanere
1911 490 2022 532 non

383 568 707 631 paterentur
736 562 983 618 inultam.
1024 564 1114 618 Ait
1142 564 1383 617 Saxones
1431 576 1539 618 non
1588 562 1857 621 dicendos
1903 579 2024 620 esse

384 650 740 717 christianos,
790 652 904 720 qui,
954 665 1075 706 cum
1132 650 1445 720 supradicta
1500 651 1710 708 scelera
1748 654 1804 708 in
1859 653 2025 710 domo

383 738 587 795 Christi
652 739 917 805 facerent,
973 754 1032 794 se
1089 740 1363 795 Christum
1421 754 1524 797 nec
1575 740 1637 772 ¹¹⁹
1684 756 1865 799 amare
1922 758 2025 799 nec

387 827 581 883 timere
610 833 999 883 monstrarent.
1032 827 1163 882 Illos
1200 840 1329 882 vero
1362 828 1564 885 debere
1613 845 1714 900 per
1759 831 1866 887 hoc
1905 847 2026 889 esse

388 930 447 971 se
477 916 677 971 Christi
700 916 889 972 fideles
918 917 1230 982 ostendere,
1254 917 1321 983 si,
1355 917 1472 974 zelo
1502 919 1702 975 Christi
1731 919 2025 989 ferventes,

387 1006 507 1073 ejus
535 1005 764 1074 injurias
793 1019 903 1060 non
935 1006 1252 1061 dubitarent
1272 1007 1394 1077 ipso
1416 1007 1706 1076 adjuvante
1727 1009 2025 1065 vindicare.

386 1093 497 1146 Has
534 1093 904 1161 querimonias
964 1099 1018 1148 et
1074 1095 1507 1165 supplicationes
1562 1097 1712 1165 dum,
1771 1099 2030 1169 quotiens

386 1180 542 1235 fieret
574 1182 883 1251 principum
923 1189 1248 1251 conventus,
1283 1190 1579 1253 repeteret,
1611 1199 1788 1241 annus
1817 1188 2031 1258 integer

385 1267 674 1337 evolvitur,
714 1276 1008 1341 antequam
1064 1287 1163 1328 sua
1218 1273 1490 1339 voluntas,
1532 1280 1591 1329 ut
1647 1276 1702 1330 in
1742 1277 2030 1332 Saxoniam

386 1356 588 1412 ducere
666 1365 855 1427 posset
928 1362 1249 1428 exercitum,
1330 1364 1719 1433 compleretur.
1785 1367 2029 1435 Namque

385 1456 576 1499 omnes
606 1447 700 1515 qui
739 1447 988 1503 miserias
1017 1450 1379 1517 miserabiles,
1412 1466 1549 1521 quas
1576 1452 1838 1509 intulerat
1866 1456 2032 1509 Saxo-

385 1533 514 1597 niae,
557 1534 826 1602 sciebant,
869 1551 990 1592 cum
1022 1550 1183 1592 omne
1221 1538 1421 1594 bellum
1454 1554 1543 1595 res
1580 1542 1652 1597 sit
1698 1556 1892 1612 aspera
1931 1556 2033 1598 nec

2105 475 2335 545 posthac
2393 475 2694 544 recipiatur
2741 474 2797 528 in
2847 488 2931 541 ea,
2990 472 3306 529 formidare.
3345 472 3746 528 Willehalmum

2105 563 2300 619 ducem
2341 563 2705 629 Pictavorum,
2756 563 2946 618 matris
2982 577 3097 618 suae
3147 575 3487 632 germanum,
3540 561 3751 617 sororis

2106 665 2221 708 suae
2260 651 2374 708 lilio
2423 652 2635 722 rogavit
2682 650 2952 718 misereri,
2993 651 3210 720 sibique
3255 649 3400 705 ferre
3446 649 3749 716 auxilium,

2107 754 2219 811 quo
2250 746 2439 811 posset
2468 740 2524 794 in
2555 754 2781 811 regnum
2813 739 2986 809 patris
3004 740 3111 806 sui,
3144 752 3253 809 quo
3283 744 3498 794 careret
3526 738 3752 807 injuste,

2108 830 2346 885 restitui.
2388 832 2455 884 At
2494 828 2586 884 ille
2627 835 2807 884 tantas
2854 828 3334 899 Francigenarum,
3384 817 3755 882 Nortmanno.

2106 931 2227 973 rum
2260 918 2343 984 ¹²²,
2375 916 2459 973 vel
2488 917 2886 987 Aquitanorum
2924 916 3156 971 virtutes
3202 917 3348 971 inter
3393 929 3451 969 se
3499 920 3554 968 et
3601 913 3759 968 illum

2110 1021 2231 1062 esse
2262 1006 2567 1077 respondit,
2600 1012 2661 1062 ut
2690 1005 2842 1061 nullo
2881 1005 3104 1075 ingenio
3152 1019 3252 1075 per
3294 1010 3501 1060 tantam
3538 1002 3760 1058 fortitu-

2109 1093 2293 1149 dinem
2324 1107 2447 1148 cum
2486 1094 2733 1148 exercitu
2762 1092 2998 1147 transire
3030 1092 3321 1162 potuisset.

2180 1181 2269 1237 37.
2313 1182 2409 1237 His
2456 1183 2714 1238 omnibus
2751 1187 2956 1251 praater
2997 1180 3252 1236 Boemios
3277 1178 3593 1243 fraudatus,
3636 1192 3762 1233 cum

2112 1270 2180 1327 de
2218 1271 2478 1343 gentibus
2507 1272 2712 1327 exteris
2740 1271 2884 1326 vires
2911 1272 3045 1325 satis
3063 1283 3287 1338 magnas
3305 1274 3496 1325 contra
3517 1269 3766 1323 Saxones

2112 1373 2225 1415 non
2253 1360 2502 1427 haberet,
2534 1360 2854 1429 pessimum,
2904 1358 3053 1428 quod
3101 1358 3307 1428 optime
3346 1357 3578 1423 sciebat,
3629 1369 3768 1411 con-

2112 1447 2293 1502 silium
2324 1448 2550 1513 invenit,
2586 1454 2645 1503 ut
2673 1449 2962 1503 Saxoniam
3012 1446 3302 1512 divideret,
3356 1451 3411 1500 et
3454 1445 3771 1500 Saxonibus

2114 1543 2306 1591 contra
2335 1538 2578 1591 Saxones
2607 1541 2896 1606 pugnaret,
2930 1541 2990 1590 ut
3017 1533 3279 1604 quaelibet
3309 1548 3435 1603 pars
3454 1533 3598 1588 victa
3615 1533 3773 1601 jace~

386 1621 552 1690 hujus
581 1623 710 1677 belli
740 1625 874 1678 satis
913 1631 1125 1693 pateret
1163 1625 1363 1681 idonea
1409 1642 1592 1695 causa,
1644 1629 1712 1685 ad
1764 1629 2086 1695 differen-_
2116 1630 2220 1691 ret,
2254 1624 2371 1694 ipse
2390 1626 2567 1680 victor
2592 1624 2841 1679 exultans
2870 1623 3250 1692 triumpharet.
3286 1622 3570 1691 Principes
3598 1620 3772 1691 igitur

390 1707 519 1763 dum
575 1709 682 1765 hoc
739 1691 939 1766 bellum
999 1713 1272 1782 quaslibet
1310 1691 1629 1773 occasiones
1684 1720 2025 1788 quierebant.
2047 1691 2096 1747 Β
2117 1691 2369 1769 Saxonite
2391 1712 2708 1783 singillatim
2734 1713 2893 1782 jubet
2911 1711 2980 1767 ad
3000 1691 3060 1766 se
3080 1711 3288 1777 venire,
3313 1723 3530 1765 causam
3551 1708 3774 1780 ﬁngens

390 1796 545 1863 Quod
585 1799 689 1853 nisi
722 1799 1012 1856 liodolfum
1064 1802 1259 1859 ducem
1298 1806 1618 1872 Suevorum,
1660 1808 1882 1876 quando
1912 1822 2035 1863 cum

393 1897 521 1953 rege
552 1884 730 1941 foedus
768 1888 1001 1955 inibant,
1052 1897 1112 1945 ut
1147 1904 1314 1960 supra
1370 1893 1574 1948 dictum
1636 1903 1739 1962 est,
1797 1898 2039 1951 Saxones

393 1972 771 2041 offendissent,
804 1976 983 2033 adhuc
1013 1978 1240 2034 forsitan
1281 1996 1377 2037 rex
1423 1983 1614 2051 copias
1642 1991 1835 2039 contra
1874 1987 2039 2041 Saxo-

395 2061 538 2116 niam
571 2076 679 2118 non
719 2064 969 2120 haberet.
1021 2067 1117 2122 Ille
1166 2070 1310 2124 enim
1358 2084 1389 2125 a
1436 2072 1762 2139 Saxonibus,
1805 2086 2039 2142 quorum

395 2151 710 2206 confidebat
747 2155 972 2221 auxilio,
1016 2156 1303 2227 deceptus,
1345 2161 1459 2229 regi
1500 2160 1778 2230 quomodo
1826 2168 2069 2231 poterat.

394 2240 809 2308 reconciliatur,
854 2248 908 2296 et
965 2244 1014 2299 ei
1055 2246 1265 2313 primus
1320 2261 1379 2302 se
1434 2262 1556 2302 cum
1614 2250 1730 2304 suis
1786 2250 2043 2305 omnibus

393 2328 635 2382 Saxones
684 2328 961 2386 hostiliter
1007 2332 1319 2389 invasurum
1380 2336 1693 2405 pollicetur.
1752 2339 1856 2394 Sed
1912 2339 2039 2406 hoc,

394 2422 451 2469 ut
492 2416 625 2482 dixi,
671 2427 794 2486 post
832 2434 1031 2476 annum
1064 2422 1157 2478 fiet
1185 2424 1479 2494 integrum.

465 2591 555 2646 36.
603 2594 816 2650 interea
856 2597 1038 2653 missis
1087 2613 1217 2655 vero
1257 2601 1311 2655 in
1369 2615 1560 2658 omnes
1616 2604 2044 2674 circumquaque

396 2686 589 2750 gentes
662 2682 903 2754 legatis,
992 2686 1272 2756 donando,
1358 2693 1563 2760 majora
1649 2693 2044 2761 promittendo,

392 2776 626 2826 cunctos
654 2772 701 2826 si
751 2780 937 2842 posset
976 2774 1230 2834 homines
1278 2782 1590 2837 Saxonibus
1636 2782 1809 2838 voluit
1857 2783 2047 2839 hostes

401 2857 642 2928 efﬁcere,
677 2863 805 2931 quia
837 2878 946 2920 non
979 2873 1086 2922 tam
1118 2882 1215 2924 eos
1244 2884 1357 2925 suae
1380 2872 1659 2939 potestati,
1684 2873 1831 2941 quod
1856 2874 2050 2930 leviter

394 2947 553 3003 fleret
592 2951 711 3005 sine
751 2952 917 3019 bello,
951 2955 1225 3022 subicere,
1268 2972 1429 3026 quam
1479 2958 1727 3016 funditus
1755 2962 1823 3016 ab
1864 2962 2047 3017 homi-

2118 1801 2355 1871 aliquam
2393 1802 2677 1869 grandem,
2729 1815 2890 1871 quam
2939 1801 3158 1856 dicebat
3200 1813 3389 1855 eorum
3431 1797 3668 1854 consilio
3711 1810 3773 1851 se

2119 1891 2258 1946 velle
2297 1892 2611 1945 terminare.
2654 1890 2758 1957 illi,
2791 1890 2868 1944 nil
2899 1889 3236 1955 dubitantes,
3269 1901 3381 1957 quo
3420 1893 3546 1942 sunt
3586 1885 3777 1941 vocati

2120 1986 2435 2046 venerunt,
2494 1992 2605 2048 quo
2662 1991 2763 2033 nec
2828 1978 3016 2033 venire
3072 1983 3392 2041 cessarent,
3459 1976 3505 2030 si
3563 1974 3777 2029 nullius

2122 2083 2303 2124 causae
2342 2067 2763 2137 interpositione
2802 2065 3039 2136 simplici
3073 2071 3350 2136 praecepto
3389 2078 3573 2134 regem
3611 2063 3776 2118 adire

2119 2157 2257 2227 jussi
2288 2156 2538 2212 fuissent.
2570 2157 2676 2212 Sed
2724 2156 3008 2211 venientes
3052 2155 3300 2224 singulos
3329 2153 3506 2223 primo
3535 2151 3782 2207 blandus

2125 2245 2452 2315 accipiebat,
2497 2260 2729 2314 cumque
2763 2246 2874 2314 jam
2921 2258 3106 2299 secum
3156 2241 3491 2312 aliquamdiu
3536 2247 3778 2304 starent,

2126 2335 2363 2389 animum
2392 2349 2549 2390 suum
2589 2334 2669 2389 eis
2697 2333 2934 2403 aperuit,
2987 2338 3043 2387 et
3089 2346 3207 2397 eos,
3261 2338 3322 2387 ut
3368 2345 3427 2386 se
3466 2329 3533 2385 ad
3582 2329 3784 2399 oppri-

2127 2423 2379 2479 mendam
2434 2424 2720 2478 Saxouiam
2764 2436 2864 2491 pro
2911 2421 3121 2476 viribus
3164 2421 3280 2475 suis
3325 2418 3672 2487 adjuvarent,
3727 2423 3781 2472 et

2128 2514 2235 2568 hoc
2264 2513 2445 2582 ipsum
2484 2511 2620 2565 nulli
2679 2510 2998 2580 proderent,
3051 2510 3239 2578 jurarc
3297 2507 3563 2577 cogebat;
3624 2505 3783 2575 quod

2131 2603 2235 2657 nisi
2266 2601 2446 2655 statim
2488 2598 2753 2664 facerent,
2808 2599 2876 2654 ab
2923 2613 2988 2653 eo
3029 2597 3289 2653 recedere
3338 2608 3450 2652 non
3496 2594 3783 2669 valebant.

2130 2691 2263 2746 lude
2320 2689 2521 2745 factum
2570 2695 2673 2755 est,
2719 2695 2779 2744 ut
2825 2688 2881 2742 in
2935 2695 3123 2743 nostra
3169 2691 3322 2755 parte
3381 2691 3556 2754 pater,
3618 2684 3679 2738 in
3724 2682 3789 2714 ¹²³

2129 2780 2356 2836 adversa
2396 2778 2540 2833 ﬁlius
2577 2784 2760 2843 esset;
2800 2776 2931 2831 hinc
2978 2774 3146 2830 frater
3195 2788 3357 2839 unus,
3403 2773 3558 2828 illinc
3604 2779 3791 2827 staret

2130 2868 2288 2924 alius.
2322 2867 2472 2922 Multi
2503 2867 2667 2922 etiam
2696 2865 2765 2920 de
2796 2864 3097 2934 majoribus
3133 2864 3229 2933 qui
3258 2862 3403 2918 bona
3432 2861 3489 2916 in
3520 2862 3786 2930 utrisque

2137 2957 2456 3029 regionibus
2502 2955 2798 3019 habebant,
2846 2961 2907 3009 ut
2954 2959 3186 3022 utraque
3224 2957 3525 3015 servarent,
3575 2955 3789 3018 sponte

401 3049 527 3090 num
587 3052 814 3095 numero
871 3044 1159 3110 quaerebat
1222 3045 1482 3103 adimere.
1542 3050 1676 3104 Duci
1725 3051 2050 3107 Boemorum
2072 3045 2116 3105 C
2138 3062 2236 3102 sua
2266 3046 2356 3102 hic
2386 3045 2580 3101 relicto
2612 3044 2723 3099 tilio
2753 3044 2866 3098 sive
2903 3041 3071 3097 fratre
3109 3040 3177 3095 ad
3216 3052 3400 3110 regem
3446 3037 3791 3103 transibant,

404 3124 699 3181 \Vrotizlao
759 3126 820 3157 ¹²⁰
875 3130 1102 3186 Misnam
1162 3132 1438 3190 civitatem
1496 3150 1619 3191 cum
1675 3139 1930 3194 omnibus
1988 3140 2043 3171 ””

403 3211 469 3266 ad
512 3226 629 3268 eam
670 3218 1077 3285 pertinentibus
1105 3222 1379 3291 promisit,
1430 3229 1485 3279 et
1522 3223 1604 3279 sic
1642 3239 1787 3294 eum,
1838 3234 1898 3282 ut
1935 3228 2050 3284 suis

403 3302 655 3369 partibus
691 3304 916 3373 adjutor
962 3317 1127 3375 esset,
1179 3309 1390 3366 ascivit.
1444 3312 1851 3370 Liuticensibus
1889 3330 2052 3385 paga-

405 3390 489 3444 nis
519 3392 863 3449 crudelitatis
903 3410 1065 3465 quam
1106 3412 1328 3469 semper
1366 3400 1423 3454 in
1461 3402 1707 3458 Saxones
1742 3403 2049 3461 habuerant

404 3477 557 3534 frena
596 3480 816 3549 laxavit,
849 3492 905 3540 et
943 3493 1206 3555 quantum
1237 3490 1487 3545 Saxoniae
1515 3491 1634 3547 suis
1671 3492 1872 3548 finibus
1918 3507 2053 3563 pos-

404 3575 527 3623 sent
593 3570 892 3643 adjungcre
958 3576 1254 3631 concessit.
1322 3577 1407 3633 Illi
1471 3594 1603 3635 vero
1672 3581 1931 3637 dixerunt
1993 3596 2054 3638 se

405 3658 648 3713 Saxones
714 3662 900 3716 multis
966 3663 1236 3719 bellorum
1305 3669 1725 3735 tempestatibus
1799 3676 2057 3740 expertos

406 3749 717 3815 agnovisse,
751 3757 806 3803 et
840 3765 899 3805 se
942 3765 1066 3806 raro
1106 3752 1190 3806 vel
1239 3767 1516 3824 nunquam
1556 3756 1624 3811 de
1666 3757 1827 3814 bellis
1865 3772 2055 3814 eorum

408 3834 626 3901 gavisos
655 3833 864 3902 fuisse;
906 3838 1012 3891 sibi
1058 3853 1209 3893 suam
1269 3849 1470 3896 terram
1528 3843 1803 3911 sufﬁcere,
1862 3861 2053 3916 seque,

410 3921 457 3974 si
488 3935 619 3975 suos
658 3923 926 3978 terminos
954 3925 1251 3982 defendere
1300 3929 1533 3998 valeant,
1575 3940 1869 3989 contentos
1912 3950 2053 3991 esse.

412 4008 614 4077 Regem
656 4011 929 4066 Danorum
959 4016 1345 4081 promissionis
1374 4019 1689 4087 juramento
1721 4022 2057 4080 confirmatae

2130 3136 2214 3193 vel
2246 3136 2351 3206 ipsi
2378 3135 2469 3190 hic
2499 3139 2867 3196 remanentes,
2908 3131 3106 3187 fratres
3153 3128 3238 3185 vel
3288 3128 3429 3183 tilios
3475 3127 3544 3182 ad
3596 3141 3792 3196 regem

2132 3223 2594 3282 transmittebant.
2661 3220 2961 3290 Plerosque
3017 3217 3269 3274 militaris
3325 3215 3538 3272 ordinis
3594 3215 3671 3269 ad
3736 3230 3795 3270 se

2133 3314 2328 3370 eodem
2382 3311 2544 3368 modo
2601 3309 2853 3376 vocabat,
2912 3313 2967 3364 et
3021 3315 3185 3377 prout
3237 3307 3503 3375 cujusque
3539 3303 3795 3359 animum

2134 3400 2524 3473 cognoscebat,
2566 3398 2731 3453 minis
2785 3398 2897 3453 sive
2936 3395 3397 3466 promissionibus
3451 3392 3519 3447 ad
3580 3391 3797 3447 bellum

2134 3490 2293 3547 civile
2322 3488 2672 3545 sollicitabat.
2708 3488 2881 3542 Etiam
2911 3480 3145 3541 famulos
3180 3483 3249 3539 ad
3299 3498 3359 3538 se
3406 3487 3637 3537 vocatos
3679 3495 3793 3536 non

2136 3579 2466 3649 dedignatur
2502 3590 2683 3641 orare,
2717 3582 2777 3631 ut
2803 3574 2887 3630 vel
2919 3571 3301 3629 interficiendo
3339 3569 3423 3626 vel
3471 3569 3795 3625 deserendo

2134 3666 2429 3731 dominos,
2492 3671 2838 3720 mererentur
2892 3662 3147 3717 libertate
3206 3660 3400 3716 donari
3457 3657 3543 3712 vel
3622 3658 3795 3713 etiam

2137 3756 2346 3811 domini
2388 3754 2735 3811 dominorum
2787 3764 3012 3807 suorum
3070 3749 3209 3805 fieri.
3270 3747 3375 3803 Sed
3423 3747 3545 3802 haec
3604 3747 3799 3801 omnia

2138 3844 2355 3901 occulta
2389 3850 2545 3899 erant
2582 3842 2799 3909 adhuc;
2852 3841 2981 3910 quia
3018 3839 3065 3894 si
3104 3838 3229 3909 quis
3275 3838 3327 3892 ei
3364 3850 3521 3891 suum
3565 3836 3798 3904 jurabat

2137 3933 2469 4003 adjutorium
2495 3933 2681 4001 jurare
2703 3929 3004 3999 cogebatur
3023 3926 3267 3997 ejusdem
3291 3924 3449 3981 fidele
3478 3924 3793 3980 silentium.

2210 4022 2300 4075 38.
2349 4021 2486 4089 Quid
2545 4019 2723 4075 dicam
2781 4018 2929 4089 quod
2987 4016 3286 4087 episcopis,
3345 4028 3485 4083 quos
3543 4015 3603 4068 in
3663 4029 3799 4069 suas

412 4104 824 4166 commemorat,
886 4115 1057 4170 seque
1116 4102 1196 4158 illi
1253 4104 1505 4161 daturum
1563 4114 1759 4164 cuncta
1815 4126 1937 4181 quae
1989 4113 2061 4168 sit
2142 4118 2327 4181 partes
2367 4110 2581 4165 trahere
2613 4121 2724 4164 non
2747 4113 2982 4177 poterat,
3007 4103 3320 4174 hujusmodi
3343 4102 3488 4158 dona
3510 4102 3796 4170 mittebat,

414 4185 695 4254 pollicitus
724 4186 974 4245 affirmat.
1009 4190 1341 4262 Philippum,
1366 4196 1570 4251 Latium
1601 4198 1843 4255 Francia:
1874 4207 2062 4257 recto-
2142 4201 2344 4271 quibus
2380 4199 2491 4254 illis
2529 4198 2905 4267 episcopatum
2947 4195 3153 4265 pariter
3190 4198 3246 4249 et
3275 4192 3434 4247 vitam
3481 4190 3801 4256 adimeret,

412 4287 549 4341 rem,
585 4274 768 4331 multis
828 4278 1323 4346 pollicitationibus
1379 4283 1662 4351 sollicitat,
1722 4292 1783 4341 ut
1820 4289 2061 4359 antiqua:
2144 4295 2416 4360 quatenus
2444 4286 2532 4342 his
2570 4285 2823 4356 personis
2870 4284 3027 4340 daret
3082 4282 3479 4352 episcopatum,
3520 4279 3619 4349 qui
3681 4295 3801 4335 sua:

412 4377 622 4419 memor
648 4365 926 4432 amicitiae,
968 4368 1074 4423 sibi
1123 4370 1582 4442 quandocumque
1622 4382 1847 4431 vocatus
1894 4371 2413 4434 fueritDvoluntati
2488 4376 2804 4446 przeberent
2876 4373 2941 4429 ad
3020 4371 3201 4427 omnia
3267 4383 3619 4425 consensum.
3698 4370 3806 4424 Per

409 4452 468 4506 in
507 4452 768 4509 auxilium
796 4455 996 4511 veniat.
1031 4457 1137 4512 Sed
1196 4458 1288 4513 ille
1346 4460 1603 4516 similiter
1658 4477 1688 4517 a
1745 4465 1862 4519 suis
1898 4479 2061 4520 accu-
2143 4466 2414 4538 quendam
2489 4464 2736 4520 fallacem
2806 4461 2868 4493 ““
2932 4459 3259 4516 monachum
3331 4456 3667 4513 Werinhero
3744 4457 3804 4487 ³³⁵

412 4546 585 4606 satus,
637 4546 693 4596 et
730 4556 871 4611 pene
923 4550 1152 4614 paterno
1212 4547 1354 4603 solio
1414 4548 1720 4619 depositus,
1761 4553 1849 4607 vix
1902 4568 2059 4609 suum
2144 4554 2630 4626 Magedaburgensi
2680 4551 3100 4620 archiepiscopo
3153 4547 3430 4618 pulverem
3485 4545 3807 4616 pigmenta-

415 4627 702 4697 honorem,
759 4632 847 4687 cui
906 4633 1086 4689 adhuc
1142 4635 1410 4703 haerebat,
1469 4653 1528 4694 se
1586 4640 1726 4696 dixit
1782 4642 2057 4708 retinere;
2146 4646 2286 4699 rium
2342 4657 2540 4699 munus
2596 4642 2874 4712 egregium
2933 4638 3100 4705 misit,
3143 4650 3306 4707 quem
3352 4640 3547 4690 contra
3595 4633 3807 4689 multas

415 4719 615 4775 nedum
646 4721 736 4777 isti
767 4737 947 4789 suum,
975 4738 1147 4794 aquo
1181 4726 1401 4795 penitus
1430 4729 1728 4799 ceciderat,
1771 4739 2064 4802 temptaret
2146 4732 2504 4803 aegritudines
2562 4730 2836 4785 salubrem
2891 4726 2999 4782 sibi
3050 4726 3118 4781 ab
3176 4724 3329 4780 Italia
3385 4737 3418 4778 a
3464 4729 3640 4777 matre
3701 4737 3808 4778 sua

415 4820 705 4876 reponere.
737 4811 1142 4868 Willehalmum
1182 4816 1362 4885 gentis
1418 4818 1659 4888 Anglicte
1727 4835 1911 4891 regem
1960 4822 2063 4877 hac
2146 4823 2521 4877 transmissum
2578 4833 2699 4875 esse
2747 4815 3041 4872 mandavit.
3099 4815 3268 4883 Cujus
3325 4819 3535 4883 partem
3593 4818 3807 4866 crusta":

414 4896 732 4954 conditione
771 4916 928 4957 suum
986 4904 1199 4959 vocavit
1235 4905 1291 4959 in
1330 4907 1611 4974 auxilium,
1667 4917 1727 4965 ut
1779 4911 1828 4965 ei
1884 4911 2057 4967 vicem
2142 4911 2301 4980 panis
2359 4911 2617 4965 insertam
2674 4905 2855 4963 catulo
2910 4903 3025 4959 dari
3084 4902 3375 4972 praecipit;
3435 4913 3678 4969 eumque
3745 4902 3809 4931 "‘

416 4985 673 5041 redderet
723 5003 955 5059 aequam,
1006 4993 1053 5046 si
1102 5006 1161 5047 se
1211 5007 1467 5064 umquam
1527 4997 1754 5053 haberet
1809 5013 2061 5054 necessa—
2141 5000 2260 5055 sine
2298 5012 2451 5054 mora
2507 4996 2646 5053 mori
2684 4995 2939 5060 vidimus,
2983 5000 3037 5048 et
3093 4991 3222 5060 quia
3278 4990 3575 5060 episcopus
3632 4987 3807 5043 talem

414 5073 573 5128 rium.
610 5075 704 5131 ille
734 5091 863 5133 vero
903 5080 1188 5149 respondit
1234 5096 1293 5137 se
1341 5089 1542 5139 terram
1595 5085 1744 5142 illam
1788 5086 2060 5142 bellorum
2143 5085 2469 5141 medicinam
2502 5098 2613 5139 non
2639 5087 2951 5153 gustaverat
2988 5079 3158 5135 laetati
3188 5092 3395 5135 sumus.

1774 5280 1999 5335 V’AerE
2050 5280 2215 5336 LECT
2220 5280 2330 5334 1οΝ
2336 5279 2434 5333 ES.

490 5446 549 5475 “9
581 5460 635 5499 n.
674 5448 772 5504 Ch.
822 5449 868 5504 l.

3023 5451 3083 5483 ⁸³³
3121 5450 3263 5506 deest
3300 5447 3320 5501 ι
3405 5446 3467 5477 ¹²⁸
3505 5445 3703 5501 falsum
3746 5444 3809 5498 2.

419 5516 477 5546 ‘”
507 5518 834 5575 werenhero
872 5522 919 5574 l.

949 5452 1009 5482 ¹²⁰
1045 5452 1321 5508 wratislao
1351 5454 1405 5508 2.
1484 5456 1539 5486 ¹²¹
1580 5456 1723 5512 deest
1760 5457 1806 5513 ι.
1840 5458 1991 5513 adest
2050 5450 2107 5511 1"
2137 5499 2149 5513 .
2183 5455 2236 5509 2.

1000 5522 1061 5553 ¹²⁶
1091 5537 1213 5578 eum
1252 5526 1298 5579 si
1333 5528 1598 5597 praecepit
1636 5541 1704 5584 ne
1740 5527 1786 5584 l.

2319 5457 2376 5488 ‘“
2416 5469 2842 5512 normaunorum
2892 5453 2941 5509 1.
