4014 6176
252 212 347 269 513

1554 209 1641 264 DE
1678 209 1892 264 BELLU
1928 206 2274 261 SAXONICU.

3498 215 3604 270 514

309 334 392 389 39.
443 332 549 388 Sed
594 335 884 402 postquam
930 332 1050 388 haec
1106 332 1291 388 omnia
1345 330 1502 388 fama:
1562 331 2106 401 loquacitasAmore
2136 329 2394 399 portavit.
2413 335 2546 398 Qua
2575 331 2758 387 omnia
2781 331 2916 402 quid
2945 332 3283 403 signiﬁcasse
3313 344 3587 408 putemus,

249 438 338 495 per
386 422 671 477 Saxoniam
731 421 901 491 cmpit
965 421 1308 491 praedicare,
1365 427 1421 477 et
1486 421 1626 475 mala
1690 420 1873 476 futura

247 512 431 570 eodem
489 523 600 580 quo
666 516 858 580 postea
922 511 1217 567 veniebant
1279 509 1475 566 ordine
1542 510 1870 580 praedicere,

249 600 389 671 plebs
416 598 662 669 quidem,
694 613 819 669 qua:
866 613 1058 654 causas
1107 598 1285 655 nescit
1334 612 1586 667 pensare,
1634 598 1873 664 laetatur,

247 696 295 746 et
321 702 506 745 onmes
550 688 645 758 qui
694 702 823 743 suas
870 695 1047 744 terras
1091 689 1413 755 invaserint,
1455 682 1661 757 impetu
1699 688 1875 757 primo

247 783 583 847 prosternere
632 777 909 843 minatur;
959 782 1015 831 at
1048 776 1310 832 nobilitas
1358 776 1568 846 magnis
1609 775 1878 847 angustiis

243 866 465 922 afﬁcitur
496 907 511 931 ,
572 865 703 921 dum
760 865 933 921 robur
987 865 1134 936 regis
1194 864 1550 936 praevalidum
1608 879 1877 935 suumque

242 954 587 1026 perexiguum
633 953 821 1009 subtili
869 952 1101 1009 rationis
1150 953 1397 1009 examine
1443 953 1686 1009 metitur.
1720 952 1876 1009 Illinc

240 1056 464 1113 namque
524 1047 787 1099 venturos
850 1041 919 1097 ad
985 1056 1221 1113 pugnam
1278 1044 1520 1097 Francos
1584 1048 1878 1111 utrumque

238 1131 384 1186 littus
440 1131 618 1187 Rheni
676 1136 961 1196 tenentes,
1010 1131 1255 1197 Suevos,
1306 1131 1620 1199 Bawarios,
1669 1130 1876 1186 Lotha-

237 1220 437 1290 ringos,
479 1225 534 1275 et
590 1220 845 1275 Boemios
894 1218 1206 1288 aspiciunt;
1257 1218 1387 1274 hinc
1426 1208 1555 1275 vero
1606 1232 1719 1274 non
1771 1217 1877 1274 nisi

234 1307 479 1364 Saxonia:
530 1308 620 1363 vix
657 1309 875 1363 tertiam
916 1315 1124 1377 partem
1182 1308 1486 1376 inveniunt,
1519 1309 1648 1378 quia
1687 1322 1880 1364 omnes

234 1395 477 1452 Westfali
532 1402 589 1451 et
635 1409 827 1451 omnes
880 1396 1028 1451 circa
1076 1395 1301 1451 Misnam
1359 1396 1692 1464 habitantes,
1735 1396 1881 1467 regis

234 1498 360 1540 auro
406 1484 682 1554 corrupti,
732 1498 762 1539 a
811 1483 974 1540 nobis
1011 1483 1335 1540 defecerunt
1354 1485 1438 1540 “7.
1494 1487 1615 1555 Ipsa
1656 1499 1878 1556 quoque

235 1586 353 1642 pars
398 1573 568 1628 tertia
613 1572 703 1627 vix
749 1587 937 1628 secum
985 1572 1092 1628 ﬁda
1140 1573 1432 1640 manebat,
1484 1573 1614 1643 quia
1644 1574 1705 1603 ¹²⁸
1759 1574 1880 1628 sin-

1958 418 2065 473 nisi
2097 418 2341 474 laborem
2370 433 2534 488 quem
2566 427 2691 489 post
2721 420 2934 489 experti
2958 420 3017 451 “°
3044 431 3276 478 sumus?

2028 505 2119 559 41.
2151 508 2292 577 Ergo
2315 522 2437 563 cum
2468 508 2615 577 regis
2642 509 2722 563 ira
2752 508 3099 580 longitudine
3132 514 3398 582 temporis
3418 517 3472 569 in
3502 531 3604 574 nos

1958 595 2121 650 nimis
2158 608 2410 663 accensa,
2455 596 2663 652 diutius
2701 597 2871 653 latere
2923 611 3035 655 non
3082 607 3290 669 posset,
3324 604 3603 673 certisque

1958 683 2151 753 signis,
2202 699 2327 754 quae
2373 685 2514 741 mala
2564 686 2726 742 nobis
2771 688 3048 758 cogitabat
3104 687 3307 755 facere,
3348 697 3601 759 pateret;

1957 776 2087 827 tunc
2119 773 2398 842 principes
2428 776 2603 830 nostri
2632 776 2835 846 singuli
2865 784 2921 831 et
2949 777 3191 833 universi
3222 779 3430 848 pariter
3459 780 3609 849 lega-

1958 859 2140 915 tiones
2186 860 2436 917 assiduas
2474 876 2621 919 nunc
2669 878 2793 919 cum
2829 864 3030 920 litteris
3059 879 3204 921 nunc
3244 867 3364 923 sine
3404 867 3607 923 litteris

1958 949 2063 1018 ipsi
2112 950 2228 1019 regi
2275 948 2545 1018 fecerunt,
2596 953 2798 1021 quibus
2845 954 2952 1010 hoc
3000 954 3176 1010 solum
3216 956 3285 1010 ab
3325 970 3392 1012 eo
3432 956 3602 1012 multa

1957 1036 2367 1107 supplicatione
2406 1039 2706 1108 petierunt,
2741 1046 2820 1109 ut,
2854 1047 3001 1098 coetu
3032 1043 3344 1114 principum
3382 1057 3606 1100 suorum

1959 1126 2215 1192 collecto,
2249 1141 2309 1182 se
2339 1141 2524 1183 coram
2554 1128 2637 1183 eis
2685 1136 2781 1184 aut
2824 1131 3131 1201 culpabiles
3180 1133 3520 1196 ostenderet,
3554 1138 3611 1188 et

1961 1216 2246 1272 convictos
2275 1230 2462 1272 eorum
2489 1216 2703 1286 judicio
2733 1219 2974 1287 puniret,
3009 1227 3103 1276 aut
3130 1222 3237 1291 ipsi
3266 1238 3421 1279 suam
3449 1226 3613 1284 inno-

1960 1305 2195 1360 centiam
2220 1305 2432 1375 judicio
2463 1305 2715 1375 quolibet
2744 1308 3126 1376 ostenderent,
3158 1315 3215 1366 et
3242 1312 3299 1367 in
3332 1314 3452 1382 ejus
3479 1330 3611 1385 gra-

1961 1392 2058 1460 tia,
2097 1393 2241 1449 sicut
2288 1394 2558 1449 hactenus
2608 1400 2785 1463 erant,
2819 1404 3227 1467 permanerent.
3260 1403 3457 1458 Verum
3488 1418 3611 1458 cum

1961 1482 2029 1536 ah
2060 1497 2126 1539 eo
2158 1482 2362 1538 nullum
2396 1483 2617 1553 pietatis
2644 1497 2972 1553 responsum
3000 1488 3367 1558 accepissent,
3400 1497 3456 1546 et
3484 1506 3609 1547 eum

1966 1571 2034 1628 de
2083 1587 2181 1628 sua
2227 1579 2437 1628 tantum
2489 1572 2803 1643 perditione
2852 1575 3031 1631 modis
3069 1578 3326 1633 omnibus
3375 1588 3612 1636 tractare

234 1661 386 1733 gulos
424 1661 485 1717 in
517 1675 582 1717 ea
619 1661 771 1732 regia
805 1661 868 1691 ¹¹⁹
909 1661 1177 1731 promissa
1217 1662 1437 1718 assidue
1485 1662 1941 1721 sollicitabantB
1963 1661 2374 1732 cognovissent,
2406 1660 2475 1716 ad
2506 1675 2604 1717 eos
2642 1662 2736 1731 qui
2767 1676 2890 1718 cum
2929 1677 2996 1719 eo
3037 1664 3321 1733 principes
3350 1674 3508 1721 erant
3537 1668 3616 1723 le-

233 1751 429 1806 Omnes
469 1749 634 1805 etiam
685 1750 935 1820 episcopi
984 1756 1188 1821 praeter
1217 1756 1475 1820 quatuor,
1516 1752 1878 1821 Magedabur-

231 1852 475 1909 gensem,
509 1839 1053 1906 Halberstadensem,
1095 1840 1624 1911 Merseburgensem,
1658 1841 1881 1895 Pathar-

235 1927 569 1985 brunensem
601 1927 681 1994 “°,
724 1934 818 1984 aut
846 1935 1035 1998 aperte
1067 1929 1135 1985 ad
1176 1944 1359 2000 regem
1400 1930 1757 1995 transierunt,
1789 1934 1883 1984 aut

236 2018 417 2073 animo
440 2016 657 2073 nutanti
679 2018 965 2073 nobiscum
997 2024 1292 2084 steterunt,
1323 2017 1458 2073 utin
1481 2032 1883 2087 quamcumque

235 2113 447 2175 partem
477 2121 569 2163 res
605 2121 870 2177 prospere
910 2107 1194 2173 cederent,
1226 2106 1340 2163 illic
1379 2107 1561 2163 securi
1602 2107 1884 2162 declinare

234 2197 572 2262 potuissent.

302 2282 399 2337 40.
441 2283 645 2340 Eodem
705 2289 954 2352 tempore
1012 2284 1183 2339 multa
1240 2297 1339 2353 per
1394 2285 1684 2340 Saxoniam
1732 2284 1888 2354 signa

232 2371 355 2427 ﬁeri
393 2371 654 2437 vidimus,
706 2385 774 2426 ex
820 2372 1024 2440 quibus
1078 2370 1219 2427 mala
1267 2387 1392 2442 qua:
1449 2379 1574 2442 post
1620 2378 1890 2427 venerunt

232 2459 507 2529 praescire
556 2459 851 2529 potuimus.
906 2459 1062 2526 Quod
1111 2461 1256 2515 enim
1309 2460 1367 2515 in
1406 2461 1890 2531 Magedaburgensi

232 2551 405 2616 prato
428 2546 663 2602 vidimus
680 2548 944 2603 corvosm
970 2554 1077 2602 tam
1101 2548 1305 2603 acriter
1322 2548 1468 2603 inter
1486 2563 1545 2604 se
1566 2555 1891 2619 pugnantes,

1961 1751 2214 1820 gationes
2260 1751 2530 1821 dirigunt,
2563 1756 2619 1806 et
2648 1764 2766 1817 eos,
2799 1758 2860 1806 ut
2887 1752 3127 1808 animum
3167 1753 3315 1824 regis
3345 1754 3452 1810 sibi
3493 1755 3617 1824 pla-
3692 1776 3699 1781 ·

1964 1852 2091 1893 care
2122 1838 2313 1903 velint,
2335 1837 2619 1893 humiliter
2647 1845 2860 1908 petunt.
2895 1841 2973 1895 Ex
3002 1839 3203 1909 quibus
3233 1854 3418 1907 unam,
3457 1856 3618 1912 quam

1962 1925 2481 1997 Magedaburgensis
2510 1926 2966 1998 archiepiscopus
3002 1927 3317 1999 Magontino
3348 1931 3497 1985 misit
3525 1944 3618 1985 ar-

1966 2016 2347 2085 chiepiscopo,
2381 2015 2586 2085 placuit
2617 2016 2905 2085 epistolam
2943 2031 3281 2087 supponere,
3313 2025 3374 2074 ut
3412 2034 3480 2074 cx
3519 2019 3622 2074 hac

1968 2118 2160 2161 omnes
2187 2105 2343 2170 alias,
2376 2105 2506 2173 quia
2543 2117 2736 2160 omnes
2784 2105 2947 2161 unius
2995 2106 3143 2162 modi
3174 2112 3353 2174 erant,
3385 2108 3621 2177 quilibet

1968 2194 2145 2265 possit
2174 2207 2495 2265 agnoscere.

2039 2282 2131 2339 42.
2178 2304 2203 2332 α
2232 2285 2441 2339 Domno
2480 2281 2754 2353 Sigefrido
2796 2282 2851 2313 “'
2899 2282 3102 2338 Christi
3150 2284 3498 2340 sanctissimo
3546 2300 3625 2341 sa-

1974 2372 2213 2438 cerdoti,
2253 2372 2612 2428 Werinherus
2636 2370 2696 2403 '“
2726 2371 2858 2427 licet
2896 2370 3156 2442 indignus
3192 2378 3398 2428 sanctae
3438 2374 3624 2443 Mage-

1972 2460 2335 2531 daburgensis
2400 2460 2652 2517 ecclesiae
2718 2460 3195 2530 archiepiscopus,
3253 2466 3309 2517 et
3364 2476 3486 2517 cum
3553 2475 3620 2517 eo

1975 2561 2167 2604 omnes
2197 2549 2447 2605 Saxoniaa
2478 2550 2767 2619 praesules,
2801 2549 2992 2616 duces,
3025 2548 3279 2616 comites,
3304 2554 3361 2605 et
3389 2550 3631 2606 universi

238 2640 302 2690 ut.
350 2634 482 2690 aliis
525 2635 665 2692 alios
706 2638 893 2706 jacere
933 2636 1277 2692 dimitterent
1323 2637 1621 2705 exanimes,
1671 2651 1896 2693 narrare
1977 2638 2139 2693 simul
2188 2638 2378 2694 clerici
2445 2645 2501 2694 et
2545 2638 2693 2705 laici,
2739 2639 2923 2709 magni
2961 2638 3046 2694 vel
3096 2639 3271 2708 parvi,
3323 2641 3630 2695 orationem

238 2724 610 2795 supersedeo,
659 2727 788 2795 quia
835 2726 1158 2793 saeratiora,
1204 2739 1315 2782 non
1364 2726 1545 2782 minus
1588 2726 1899 2783 futurorum
1980 2725 2231 2782 devotam
2280 2727 2489 2796 pariter
2534 2734 2591 2783 et
2637 2727 2958 2783 servitutem
2997 2728 3321 2797 subjectam.
3371 2727 3635 2797 Multipli-

242 2828 516 2884 praesaga,
566 2814 840 2869 narranda
890 2814 1091 2871 habeo.
1134 2815 1537 2884 Episcoporum
1584 2822 1897 2871 nostrorum
1982 2828 2077 2870 ces
2125 2818 2182 2869 et
2230 2829 2440 2885 magna
2488 2815 2901 2883 tribulationes,
2940 2830 3065 2885 qua:
3104 2829 3207 2871 nos
3244 2815 3453 2871 nostris
3498 2830 3636 2885 pec-

243 2902 414 2973 virgaa
463 2901 787 2971 pastorales,
836 2917 965 2958 aere
1012 2917 1233 2971 sereno,
1274 2904 1442 2959 immo
1474 2904 1535 2934 ¹⁸²
1574 2904 1764 2959 aestivo
1803 2919 1900 2959 ca-
1982 2904 2121 2957 catis
2167 2903 2517 2973 exigentibus
2564 2903 3060 2960 inremediabiliter
3097 2903 3204 2959 nisi
3244 2905 3422 2973 pietas
3450 2902 3633 2959 divina

245 2989 361 3046 lore
413 2997 665 3060 perusto,
714 2995 925 3047 stantes
980 2990 1038 3046 in
1095 2991 1324 3062 capellis
1376 2991 1453 3047 ita
1506 2992 2301 3053 madescebantCsubvenerit
2337 2991 2608 3063 aflligunt,
2649 2992 2892 3048 omnium
2931 2992 3027 3063 qui
3074 2993 3157 3048 vel
3197 2994 3365 3048 Deum
3417 2994 3634 3060 timent,

247 3087 305 3135 ut
348 3094 498 3150 aqua
546 3095 644 3136 sua
690 3095 912 3136 manum
959 3095 1113 3136 suam
1162 3080 1489 3151 implerent,
1539 3081 1587 3136 si
1634 3082 1760 3152 quis
1806 3096 1900 3137 cas
1980 3080 2063 3135 vel
2093 3094 2153 3135 se
2192 3080 2446 3135 homines
2474 3095 2595 3137 esse
2626 3087 2991 3152 cognoscunt,
3026 3081 3463 3137 misericordiam
3494 3096 3631 3151 sup-

246 3169 559 3240 accipiebat
580 3169 663 3224 ³⁸³.
698 3172 758 3225 ln
806 3169 1163 3241 Stidaraburg
1211 3175 1330 3226 erat
1373 3170 1556 3241 lignea
1603 3169 1805 3225 Christi
1843 3170 1898 3225 in

249 3272 410 3314 cruce
462 3259 764 3329 pendentis
810 3258 1011 3330 imago,
1044 3274 1170 3329 quae
1217 3259 1413 3315 eodem
1460 3265 1708 3329 tempore
1747 3263 1901 3313 tanto

248 3347 473 3403 sudoris
525 3347 581 3402 in
632 3336 836 3403 aestivis
887 3348 1086 3403 diebus
1133 3348 1388 3403 manabat
1436 3348 1643 3413 ﬂuvio,
1693 3352 1752 3401 ut
1800 3360 1904 3402 nec

249 3435 532 3506 mappulis
560 3435 622 3466 ‘”
667 3443 815 3492 tersa
861 3436 1061 3492 sudare
1109 3436 1442 3506 quiesceret,
1492 3440 1550 3490 et
1580 3434 1640 3465 ¹³³
1686 3434 1903 3490 vascula

251 3526 526 3581 nonnulla
598 3532 857 3597 suscepto
931 3526 1137 3582 sudore
1212 3525 1487 3595 impleret.
1548 3524 1909 3579 Werinherus

256 3613 734 3686 Merseburgensis
798 3617 1139 3686 episcopus,
1207 3614 1337 3669 dum
1401 3628 1557 3669 sacra
1622 3613 1908 3668 missarum

255 3703 534 3761 solemnia
581 3704 911 3771 celebraret,
940 3708 994 3759 et
1032 3717 1184 3759 more
1214 3702 1383 3758 solito
1431 3700 1685 3772 sanguini
1728 3701 1910 3757 domi-

257 3791 379 3848 nico
438 3799 659 3864 partem
717 3793 971 3863 corporis
1026 3791 1229 3848 Christi
1293 3791 1625 3861 imponeret,
1684 3789 1911 3845 fundum

256 3880 443 3938 calicis
490 3895 624 3951 pars
659 3881 754 3937 illa
794 3881 1037 3951 petebat,
1070 3894 1134 3935 ac
1174 3880 1221 3935 si
1251 3893 1380 3935 caro
1409 3879 1612 3935 Christi
1642 3879 1698 3933 in
1730 3878 1914 3947 plum-

256 3967 381 4024 bum
427 3984 599 4026 versa
646 3968 859 4026 fuisset.
900 3968 1129 4037 Quidam
1166 3969 1454 4038 presbyter
1494 3967 1551 4022 in
1590 3968 1914 4037 episcopatu

1984 3167 2201 3238 pliciter
2229 3184 2481 3239 quaerere
2512 3183 2617 3225 nos
2649 3170 3010 3240 compellunt.
3044 3171 3198 3225 Unde
3236 3171 3365 3240 quia
3391 3176 3634 3226 vestram

1984 3258 2368 3314 excellentiam
2417 3261 2585 3314 Deum
2633 3259 2829 3316 timere
2878 3260 3087 3328 pariter
3116 3265 3172 3315 et
3209 3274 3391 3314 amare
3432 3272 3640 3327 cogno-

1985 3348 2212 3414 scimus,
2261 3348 2580 3417 specialiter
2625 3348 2695 3402 ad
2744 3348 3006 3402 almitatis
3056 3353 3252 3401 vestrae
3314 3346 3636 3401 misericor-

1986 3435 2132 3490 diam
2198 3434 2563 3504 confugimus,
2623 3434 2906 3490 humiliter
2960 3442 3185 3488 orantes
3242 3441 3300 3488 ut
3357 3446 3459 3502 pro
3516 3433 3641 3500 ipso

1988 3524 2085 3578 Dei
2135 3523 2331 3578 timore
2388 3536 2608 3577 causam
2656 3527 2902 3577 nostram
2942 3522 3090 3590 juste
3148 3522 3413 3590 pensetis,
3464 3527 3539 3585 et,
3592 3520 3640 3575 si

1984 3613 2131 3681 justa
2178 3610 2345 3666 fuerit
2392 3612 2631 3676 inventa,
2664 3609 3063 3665 misericordia
3104 3616 3300 3665 vestrae
3345 3609 3508 3664 nobis
3536 3622 3640 3664 au-

1990 3700 2181 3756 xilium
2237 3700 2411 3770 ipsius
2465 3713 2651 3756 amore
2705 3698 2983 3769 justitite,
3044 3712 3168 3768 quae
3226 3697 3477 3754 Christus
3536 3704 3641 3763 est,

1992 3788 2268 3844 tribuatis.
2331 3788 2594 3844 Dominus
2644 3794 2836 3844 noster
2892 3802 2987 3843 rex
3022 3829 3036 3854 ,
3108 3794 3400 3857 postquam
3464 3785 3642 3843 factus

1992 3878 2338 3943 adolescens,
2370 3878 2588 3946 abjccto
2636 3877 2948 3947 principum
2986 3890 3214 3932 suorum
3265 3875 3521 3942 consilio,
3554 3872 3642 3931 sui

1990 3966 2133 4036 juris
2180 3981 2301 4022 esse
2350 3967 2539 4036 cmpit,
2591 3972 2647 4022 et
2702 3978 2894 4021 eorum
2951 3967 3045 4035 qui
3104 3979 3205 4021 nec
3263 3980 3482 4036 aequum
3541 3979 3646 4020 nec

256 4055 751 4130 Magedaburgensi
790 4059 849 4113 in
886 4057 1017 4113 villa
1054 4056 1445 4128 Weddinge‘“
1475 4055 1601 4127 (28),
1632 4056 1689 4111 in
1722 4062 1916 4111 neutra
1997 4057 2200 4113 bonum
2247 4056 2624 4124 considerant,
2667 4050 2981 4126 magisterio
3020 4070 3079 4111 se
3116 4055 3384 4122 subdidit,
3424 4069 3647 4125 semper

258 4154 410 4214 parte
453 4146 902 4205 conversationis
931 4148 1207 4219 egregius,
1239 4148 1334 4216 qui
1376 4161 1479 4202 nec
1507 4146 1765 4201 vitiorum
1794 4145 1917 4200 labe
1998 4157 2100 4200 nos
2128 4144 2353 4201 insolito
2385 4159 2538 4201 more
2581 4146 2866 4214 quaerebat
2904 4146 3239 4214 opprimere,
3272 4144 3416 4199 bona
3457 4149 3647 4199 nostra

259 4247 358 4291 nec
387 4239 661 4294 virtutum
700 4237 862 4293 laude
905 4237 1141 4292 clareret
1182 4237 1435 4301 eximius,
1469 4235 1598 4290 dum
1630 4235 1687 4289 in
1725 4247 1915 4289 sacra-
2003 4234 2167 4289 nobis
2213 4235 2452 4303 eripere,
2493 4234 2717 4302 suisque
2765 4232 3129 4287 familiaribus
3181 4246 3246 4286 ea
3291 4231 3642 4294 contradere,

259 4333 577 4383 mentorum
633 4325 982 4383 confectione
1031 4325 1271 4381 venisset
1321 4324 1390 4379 ad
1447 4317 2112 4391 communionem,Dnon
2170 4323 2242 4378 ob
2296 4323 2458 4378 aliam
2516 4322 2753 4392 culpam,
2798 4320 2904 4374 nisi
2953 4319 3084 4389 quia
3130 4317 3211 4373 illi
3260 4317 3407 4374 domi
3458 4329 3648 4386 parum

264 4415 431 4474 calice
482 4417 667 4472 levato
712 4416 851 4471 vidit
902 4416 1086 4470 vinum
1135 4428 1247 4470 non
1295 4413 1474 4469 solum
1531 4412 1918 4481 spiritualiter,
2000 4411 2085 4467 vel
2116 4410 2288 4467 nichil
2336 4412 2612 4467 habebant
2660 4415 2716 4465 et
2767 4414 2968 4463 terram
3021 4412 3262 4462 nostram
3312 4404 3648 4461 fructuosam

264 4505 357 4559 sed
388 4513 445 4561 et
467 4504 538 4536 ¹³⁷
566 4505 881 4571 visibiliter,
916 4506 972 4559 in
1012 4504 1335 4574 sanguinem
1366 4515 1734 4568 conversum;
1766 4502 1925 4570 cujus
2002 4499 2282 4555 videbant.
2343 4500 2532 4569 Itaque
2590 4497 2889 4553 munitiora
2954 4501 3161 4551 nostra:
3226 4494 3472 4563 regionis
3528 4493 3652 4547 loca

268 4593 469 4651 rubore
497 4593 562 4625 ⁸³⁸
600 4594 808 4663 pariter
844 4601 900 4649 et
938 4592 1211 4649 densitate
1261 4591 1589 4661 perterritus
1627 4588 1764 4644 nihil
1794 4589 1924 4645 inde
2005 4589 2322 4647 fortissimis
2368 4589 2611 4645 castellis
2659 4585 3054 4657 occupavit“,
3092 4584 3149 4639 in
3180 4583 3382 4654 quibus
3418 4586 3658 4637 armatos

266 4695 483 4739 sumere
537 4683 909 4765 praesumpsit,
960 4682 1058 4738 sed
1108 4682 1164 4737 in
1212 4680 1579 4752 Magedaburg
1627 4678 1923 4746 civitatem,
2008 4693 2119 4735 non
2177 4693 2384 4748 paucos
2440 4677 2749 4743 constituit,
2786 4676 2879 4746 qui
2936 4688 3041 4731 nos
3089 4678 3184 4728 aut
3229 4670 3505 4765 serviliter
3551 4669 3655 4725 sibi

271 4770 360 4826 ubi
399 4773 589 4828 adhuc
620 4759 683 4803 '5'
723 4770 1113 4828 venerabiliter
1158 4777 1427 4839 servatur,
1459 4782 1583 4825 cum
1622 4781 1819 4839 magno
1860 4769 1929 4824 ti-
2008 4768 2216 4824 servire
2266 4767 2665 4838 compellerent
2712 4771 2807 4821 aut
2854 4764 3166 4819 libertatem
3214 4759 3514 4817 defendere
3558 4772 3658 4815 vo-

1666 4921 1887 4976 νΑΒιίΕ
1933 4921 2215 4977 LECTION
2221 4922 2317 4976 ES.

343 5051 403 5081 "7
444 5049 694 5106 defecert
730 5049 775 5105 l.
856 5047 917 5079 ¹²⁸
955 5050 1049 5118 qui
1086 5047 1134 5103 1.
1213 5049 1272 5078 "9
1311 5048 1458 5119 regis
1486 5048 1539 5102 2.
1620 5046 1685 5119 “ff
1721 5045 2222 5119 pathabrunensem
2260 5044 2330 5119 l_?
2405 5043 2463 5119 "1
2502 5041 2976 5119 ilq__scribeud_um_,
3018 5042 3263 5119 resumite
3294 5044 3343 5119 et
3377 5036 3661 5119 ᾼηηςίζίδζίι

270 5122 422 5176 Sam
481 5121 763 5186 indicant;
822 5110 1017 5176 cervos
1071 5120 1115 5175 1.
1216 5120 1276 5150 ¹³²
1316 5110 1517 5190 ymmo.
1616 5110 2076 5190 7'33'arripiebat?
2133 5116 2407 5190 tangebat
2436 5116 2491 5169 2.
2553 5113 2902 5190 _'“_mapu_l_is
2953 5114 3001 5167 1.
3080 5110 3322 5190 “f'deest
3377 5110 3563 5190 l.__n‘“
3603 5110 3659 5190 in

272 5198 473 5248 neutra
523 5200 677 5262 parte
725 5183 1171 5248 conversacionis
1213 5190 1268 5245 in
1315 5183 1443 5246 villa
1489 5189 1796 5313 Weddinge
1844 5183 2103 5290 egregius
2146 5186 2194 5242 l.
2232 5183 2335 5217 “¹³⁷
2375 5187 2517 5242 deest
2553 5184 2599 5241 l.
2641 5184 2721 5242 1b.
2800 5183 2860 5214 ’³³
2897 5199 2947 5240 c.
2980 5184 3252 5239 corobore
3298 5184 3345 5235 ι.

272 5263 484 5313 sacello
514 5270 775 5313 argenteo
801 5278 852 5313 ν.
892 5264 967 5313 1h.
999 5261 1117 5313 cod.
1152 5261 1340 5313 Dresd.
1420 5260 1482 5292 “°
1520 5268 1697 5313 enertt
1768 5303 1781 5313 .
1863 5259 1874 5290 ¹
1907 5259 1923 5290 ί
1962 5262 2018 5313 ὃ.
2058 5258 2107 5313 l.
2188 5257 2248 5289 '"
2288 5259 2373 5311 W.
2414 5258 2462 5313 l.
2541 5254 2605 5288 ω
2642 5260 2972 5313 occupatum
3011 5254 3058 5308 l.

272 5263 484 5320 sacello
514 5254 775 5334 argenteo
801 5278 852 5317 ν.
892 5264 967 5318 1b.
999 5261 1117 5316 cod.
1152 5261 1340 5316 Dresd.
1420 5260 1482 5292 “°
1520 5262 1697 5331 eperti
1732 5254 1781 5317 Ῐ.
1863 5254 1923 5290 ’ῖί
1962 5254 2018 5316 ς.
2058 5258 2107 5315 l.
2188 5257 2248 5289 ‘"
2288 5259 2373 5311 W.
2414 5258 2462 5313 l.
2541 5254 2605 5288 ω
2642 5260 2972 5325 occupatum
3011 5254 3058 5308 l.

1859 5396 2076 5451 NOT.£.

3424 5180 3484 5212 “9
3522 5196 3571 5236 a.
3609 5182 3662 5235 in

353 5487 483 5557 (28)
530 5484 700 5545 llodie
734 5486 1108 5556 Wedringen?
