  <div class='ocr_page' id='page_1' title='image "/cluster/home/n/w/nwhite01/storage/ocr_20150623/147/hvd.32044073505281/263.png"; bbox 0 0 4014 6176; ppageno 0'>
   <div class='ocr_carea' id='block_1_1' title="bbox 399 275 506 330">
    <p class='ocr_par' dir='ltr' id='par_1_1' title="bbox 399 275 506 330">
     <span class='ocr_line' id='line_1_1' title="bbox 399 275 506 330; baseline -0.019 0"><span class='ocrx_word' id='word_1_1' title='bbox 399 275 506 330; x_wconf 72' lang='lat'><strong>515</strong></span> 
     </span>
    </p>
   </div>
   <div class='ocr_carea' id='block_1_2' title="bbox 1453 247 2720 329">
    <p class='ocr_par' dir='ltr' id='par_1_2' title="bbox 1453 247 2720 329">
     <span class='ocr_line' id='line_1_2' title="bbox 1453 247 2720 329; baseline 0.002 -3"><span class='ocrx_word' id='word_1_2' title='bbox 1453 247 1786 328; x_wconf 66' lang='lat' dir='ltr'><strong>enUnoms</strong></span> <span class='ocrx_word' id='word_1_3' title='bbox 1823 273 2088 328; x_wconf 78' lang='lat' dir='ltr'><strong>CLERICI</strong></span> <span class='ocrx_word' id='word_1_4' title='bbox 2125 273 2720 329; x_wconf 63' lang='lat' dir='ltr'><strong>nranoenuacexsns</strong></span> 
     </span>
    </p>
   </div>
   <div class='ocr_carea' id='block_1_3' title="bbox 3668 275 3772 331">
    <p class='ocr_par' dir='ltr' id='par_1_3' title="bbox 3668 275 3772 331">
     <span class='ocr_line' id='line_1_3' title="bbox 3668 275 3772 331; baseline 0.01 -1"><span class='ocrx_word' id='word_1_5' title='bbox 3668 275 3772 331; x_wconf 80' lang='lat'><strong>516</strong></span> 
     </span>
    </p>
   </div>
   <div class='ocr_carea' id='block_1_4' title="bbox 401 395 3772 470">
    <p class='ocr_par' dir='ltr' id='par_1_4' title="bbox 401 395 3772 470">
     <span class='ocr_line' id='line_1_4' title="bbox 401 395 3772 470; baseline 0.001 -15"><span class='ocrx_word' id='word_1_6' title='bbox 401 405 582 456; x_wconf 89' lang='lat' dir='ltr'><strong>tentes</strong></span> <span class='ocrx_word' id='word_1_7' title='bbox 609 397 948 455; x_wconf 89' lang='lat' dir='ltr'><strong>occiderent.</strong></span> <span class='ocrx_word' id='word_1_8' title='bbox 989 396 1071 454; x_wconf 90' lang='lat' dir='ltr'><strong>lbi</strong></span> <span class='ocrx_word' id='word_1_9' title='bbox 1100 399 1301 467; x_wconf 91' lang='lat' dir='ltr'><strong>quanta</strong></span> <span class='ocrx_word' id='word_1_10' title='bbox 1340 395 1606 466; x_wconf 89' lang='lat' dir='ltr'><strong>pericula,</strong></span> <span class='ocrx_word' id='word_1_11' title='bbox 1638 401 1870 466; x_wconf 89' lang='lat' dir='ltr'><strong>quantas</strong></span> <span class='ocrx_word' id='word_1_12' title='bbox 1907 397 2283 459; x_wconf 77' lang='lat' dir='ltr'><strong>con-Amitas</strong></span> <span class='ocrx_word' id='word_1_13' title='bbox 2335 399 2487 469; x_wconf 89' lang='lat' dir='ltr'><strong>pigra</strong></span> <span class='ocrx_word' id='word_1_14' title='bbox 2517 398 2600 453; x_wconf 86' lang='lat' dir='ltr'><strong>vel</strong></span> <span class='ocrx_word' id='word_1_15' title='bbox 2629 399 2808 452; x_wconf 90' lang='lat' dir='ltr'><strong>minus</strong></span> <span class='ocrx_word' id='word_1_16' title='bbox 2839 398 2927 467; x_wconf 88' lang='lat' dir='ltr'><strong>pia</strong></span> <span class='ocrx_word' id='word_1_17' title='bbox 2957 399 3013 452; x_wconf 94' lang='lat' dir='ltr'><strong>in</strong></span> <span class='ocrx_word' id='word_1_18' title='bbox 3054 399 3142 454; x_wconf 91' lang='lat' dir='ltr'><strong>his</strong></span> <span class='ocrx_word' id='word_1_19' title='bbox 3188 401 3422 470; x_wconf 85' lang='lat' dir='ltr'><strong>agendis</strong></span> <span class='ocrx_word' id='word_1_20' title='bbox 3469 400 3657 468; x_wconf 88' lang='lat' dir='ltr'><strong>fuerit,</strong></span> <span class='ocrx_word' id='word_1_21' title='bbox 3691 401 3772 456; x_wconf 89' lang='lat' dir='ltr'><strong>di-</strong></span> 
     </span>
    </p>
   </div>
   <div class='ocr_carea' id='block_1_5' title="bbox 403 482 2040 559">
    <p class='ocr_par' dir='ltr' id='par_1_5' title="bbox 403 482 2040 559">
     <span class='ocr_line' id='line_1_5' title="bbox 403 482 2040 559; baseline -0.002 -14"><span class='ocrx_word' id='word_1_22' title='bbox 403 489 674 554; x_wconf 88' lang='lat' dir='ltr'><strong>tumelias,</strong></span> <span class='ocrx_word' id='word_1_23' title='bbox 722 494 925 559; x_wconf 90' lang='lat' dir='ltr'><strong>quanta</strong></span> <span class='ocrx_word' id='word_1_24' title='bbox 951 482 1206 556; x_wconf 80' lang='lat' dir='ltr'><strong>&#39;dampna</strong></span> <span class='ocrx_word' id='word_1_25' title='bbox 1253 487 1308 540; x_wconf 89' lang='lat' dir='ltr'><strong>in</strong></span> <span class='ocrx_word' id='word_1_26' title='bbox 1360 487 1565 542; x_wconf 77' lang='lat' dir='ltr'><strong>nostris</strong></span> <span class='ocrx_word' id='word_1_27' title='bbox 1603 487 1953 555; x_wconf 83' lang='lat' dir='ltr'><strong>corporibus,</strong></span> <span class='ocrx_word' id='word_1_28' title='bbox 1985 486 2040 541; x_wconf 91' lang='lat' dir='ltr'><strong>in</strong></span> 
     </span>
    </p>
   </div>
   <div class='ocr_carea' id='block_1_6' title="bbox 401 574 2039 645">
    <p class='ocr_par' dir='ltr' id='par_1_6' title="bbox 401 574 2039 645">
     <span class='ocr_line' id='line_1_6' title="bbox 401 574 2039 645; baseline -0.003 -10"><span class='ocrx_word' id='word_1_29' title='bbox 401 579 606 635; x_wconf 76' lang='lat' dir='ltr'><strong>nostris</strong></span> <span class='ocrx_word' id='word_1_30' title='bbox 661 579 955 642; x_wconf 86' lang='lat' dir='ltr'><strong>uxoribus,</strong></span> <span class='ocrx_word' id='word_1_31' title='bbox 1014 576 1070 630; x_wconf 91' lang='lat' dir='ltr'><strong>in</strong></span> <span class='ocrx_word' id='word_1_32' title='bbox 1129 574 1335 631; x_wconf 80' lang='lat' dir='ltr'><strong>nostris</strong></span> <span class='ocrx_word' id='word_1_33' title='bbox 1393 575 1837 644; x_wconf 79' lang='lat' dir='ltr'><strong>possessionibus</strong></span> <span class='ocrx_word' id='word_1_34' title='bbox 1895 575 2039 645; x_wconf 91' lang='lat' dir='ltr'><strong>passi</strong></span> 
     </span>
    </p>
   </div>
   <div class='ocr_carea' id='block_1_7' title="bbox 397 664 2039 737">
    <p class='ocr_par' dir='ltr' id='par_1_7' title="bbox 397 664 2039 737">
     <span class='ocr_line' id='line_1_7' title="bbox 397 664 2039 737; baseline -0.003 -12"><span class='ocrx_word' id='word_1_35' title='bbox 397 683 586 725; x_wconf 91' lang='lat' dir='ltr'><strong>sumus</strong></span> <span class='ocrx_word' id='word_1_36' title='bbox 607 668 688 735; x_wconf 54' lang='grc' dir='ltr'><strong>ιιι,</strong></span> <span class='ocrx_word' id='word_1_37' title='bbox 721 675 776 723; x_wconf 90' lang='lat' dir='ltr'><strong>et</strong></span> <span class='ocrx_word' id='word_1_38' title='bbox 805 666 1042 737; x_wconf 84' lang='lat' dir='ltr'><strong>qualiter</strong></span> <span class='ocrx_word' id='word_1_39' title='bbox 1079 665 1207 720; x_wconf 89' lang='lat' dir='ltr'><strong>inde</strong></span> <span class='ocrx_word' id='word_1_40' title='bbox 1240 678 1341 720; x_wconf 91' lang='lat' dir='ltr'><strong>nos</strong></span> <span class='ocrx_word' id='word_1_41' title='bbox 1369 664 1438 719; x_wconf 88' lang='lat' dir='ltr'><strong>ad</strong></span> <span class='ocrx_word' id='word_1_42' title='bbox 1471 670 1688 734; x_wconf 89' lang='lat' dir='ltr'><strong>tempus</strong></span> <span class='ocrx_word' id='word_1_43' title='bbox 1719 666 2039 721; x_wconf 88' lang='lat' dir='ltr'><strong>misericor-</strong></span> 
     </span>
    </p>
   </div>
   <div class='ocr_carea' id='block_1_8' title="bbox 400 753 2038 824">
    <p class='ocr_par' dir='ltr' id='par_1_8' title="bbox 400 753 2038 824">
     <span class='ocr_line' id='line_1_8' title="bbox 400 753 2038 824; baseline -0.003 -9"><span class='ocrx_word' id='word_1_44' title='bbox 400 759 490 814; x_wconf 88' lang='lat' dir='ltr'><strong>dia</strong></span> <span class='ocrx_word' id='word_1_45' title='bbox 532 758 627 814; x_wconf 86' lang='lat' dir='ltr'><strong>Dei</strong></span> <span class='ocrx_word' id='word_1_46' title='bbox 676 757 924 812; x_wconf 85' lang='lat' dir='ltr'><strong>liberavit</strong></span> <span class='ocrx_word' id='word_1_47' title='bbox 967 754 1047 821; x_wconf 64' lang='lat' dir='ltr'><strong>m,</strong></span> <span class='ocrx_word' id='word_1_48' title='bbox 1081 753 1208 824; x_wconf 89' lang='lat' dir='ltr'><strong>quia</strong></span> <span class='ocrx_word' id='word_1_49' title='bbox 1246 754 1404 809; x_wconf 85' lang='lat' dir='ltr'><strong>vobis</strong></span> <span class='ocrx_word' id='word_1_50' title='bbox 1443 759 1634 809; x_wconf 91' lang='lat' dir='ltr'><strong>notum</strong></span> <span class='ocrx_word' id='word_1_51' title='bbox 1681 768 1803 810; x_wconf 90' lang='lat' dir='ltr'><strong>esse</strong></span> <span class='ocrx_word' id='word_1_52' title='bbox 1852 755 2038 810; x_wconf 89' lang='lat' dir='ltr'><strong>credi-</strong></span> 
     </span>
    </p>
   </div>
   <div class='ocr_carea' id='block_1_9' title="bbox 401 845 2037 915">
    <p class='ocr_par' dir='ltr' id='par_1_9' title="bbox 401 845 2037 915">
     <span class='ocr_line' id='line_1_9' title="bbox 401 845 2037 915; baseline -0.002 -13"><span class='ocrx_word' id='word_1_53' title='bbox 401 861 522 902; x_wconf 90' lang='lat' dir='ltr'><strong>mus</strong></span> <span class='ocrx_word' id='word_1_54' title='bbox 553 890 567 913; x_wconf 97' lang='lat'><strong>,</strong></span> <span class='ocrx_word' id='word_1_55' title='bbox 644 845 1004 915; x_wconf 79' lang='lat' dir='ltr'><strong>praeterimus.</strong></span> <span class='ocrx_word' id='word_1_56' title='bbox 1090 845 1384 912; x_wconf 88' lang='lat' dir='ltr'><strong>Postquam</strong></span> <span class='ocrx_word' id='word_1_57' title='bbox 1458 857 1589 899; x_wconf 86' lang='lat' dir='ltr'><strong>vero</strong></span> <span class='ocrx_word' id='word_1_58' title='bbox 1622 885 1636 910; x_wconf 90' lang='lat'><strong>,</strong></span> <span class='ocrx_word' id='word_1_59' title='bbox 1714 847 2037 913; x_wconf 87' lang='lat' dir='ltr'><strong>tempestate</strong></span> 
     </span>
    </p>
   </div>
   <div class='ocr_carea' id='block_1_10' title="bbox 400 930 2036 1002">
    <p class='ocr_par' dir='ltr' id='par_1_10' title="bbox 400 930 2036 1002">
     <span class='ocr_line' id='line_1_10' title="bbox 400 930 2036 1002; baseline -0.002 -12"><span class='ocrx_word' id='word_1_60' title='bbox 400 941 550 990; x_wconf 85' lang='lat' dir='ltr'><strong>tanta</strong></span> <span class='ocrx_word' id='word_1_61' title='bbox 604 931 981 989; x_wconf 85' lang='lat' dir='ltr'><strong>misericordia</strong></span> <span class='ocrx_word' id='word_1_62' title='bbox 1037 930 1134 986; x_wconf 90' lang='lat' dir='ltr'><strong>Dei</strong></span> <span class='ocrx_word' id='word_1_63' title='bbox 1189 931 1398 998; x_wconf 90' lang='lat' dir='ltr'><strong>sedata,</strong></span> <span class='ocrx_word' id='word_1_64' title='bbox 1452 946 1641 1000; x_wconf 89' lang='lat' dir='ltr'><strong>pacem</strong></span> <span class='ocrx_word' id='word_1_65' title='bbox 1700 938 1755 987; x_wconf 93' lang='lat' dir='ltr'><strong>et</strong></span> <span class='ocrx_word' id='word_1_66' title='bbox 1809 932 2036 1002; x_wconf 86' lang='lat' dir='ltr'><strong>gratiam</strong></span> 
     </span>
    </p>
   </div>
   <div class='ocr_carea' id='block_1_11' title="bbox 398 1019 2037 1085">
    <p class='ocr_par' dir='ltr' id='par_1_11' title="bbox 398 1019 2037 1085">
     <span class='ocr_line' id='line_1_11' title="bbox 398 1019 2037 1085; baseline -0.002 -6"><span class='ocrx_word' id='word_1_67' title='bbox 398 1038 550 1080; x_wconf 87' lang='lat' dir='ltr'><strong>suam</strong></span> <span class='ocrx_word' id='word_1_68' title='bbox 589 1023 750 1078; x_wconf 89' lang='lat' dir='ltr'><strong>nobis</strong></span> <span class='ocrx_word' id='word_1_69' title='bbox 797 1020 1057 1085; x_wconf 88' lang='lat' dir='ltr'><strong>reddidit,</strong></span> <span class='ocrx_word' id='word_1_70' title='bbox 1091 1019 1261 1075; x_wconf 90' lang='lat' dir='ltr'><strong>nichil</strong></span> <span class='ocrx_word' id='word_1_71' title='bbox 1310 1035 1413 1076; x_wconf 93' lang='lat' dir='ltr'><strong>nos</strong></span> <span class='ocrx_word' id='word_1_72' title='bbox 1450 1021 1652 1076; x_wconf 84' lang='lat' dir='ltr'><strong>scimus</strong></span> <span class='ocrx_word' id='word_1_73' title='bbox 1683 1026 1875 1076; x_wconf 89' lang='lat' dir='ltr'><strong>contra</strong></span> <span class='ocrx_word' id='word_1_74' title='bbox 1915 1035 2037 1076; x_wconf 90' lang='lat' dir='ltr'><strong>eum</strong></span> 
     </span>
    </p>
   </div>
   <div class='ocr_carea' id='block_1_12' title="bbox 398 1109 2037 1178">
    <p class='ocr_par' dir='ltr' id='par_1_12' title="bbox 398 1109 2037 1178">
     <span class='ocr_line' id='line_1_12' title="bbox 398 1109 2037 1178; baseline -0.002 -11"><span class='ocrx_word' id='word_1_75' title='bbox 398 1109 593 1167; x_wconf 82' lang='lat' dir='ltr'><strong>fecisse</strong></span> <span class='ocrx_word' id='word_1_76' title='bbox 615 1110 693 1178; x_wconf 62' lang='grc' dir='ltr'><strong>Μ,</strong></span> <span class='ocrx_word' id='word_1_77' title='bbox 736 1111 881 1166; x_wconf 92' lang='lat' dir='ltr'><strong>unde</strong></span> <span class='ocrx_word' id='word_1_78' title='bbox 912 1110 1109 1165; x_wconf 92' lang='lat' dir='ltr'><strong>merito</strong></span> <span class='ocrx_word' id='word_1_79' title='bbox 1150 1109 1350 1164; x_wconf 89' lang='lat' dir='ltr'><strong>debeat</strong></span> <span class='ocrx_word' id='word_1_80' title='bbox 1387 1109 1444 1163; x_wconf 90' lang='lat' dir='ltr'><strong>in</strong></span> <span class='ocrx_word' id='word_1_81' title='bbox 1493 1123 1596 1165; x_wconf 91' lang='lat' dir='ltr'><strong>nos</strong></span> <span class='ocrx_word' id='word_1_82' title='bbox 1625 1109 1864 1164; x_wconf 85' lang='lat' dir='ltr'><strong>recidiva</strong></span> <span class='ocrx_word' id='word_1_83' title='bbox 1894 1109 2037 1164; x_wconf 92' lang='lat' dir='ltr'><strong>bella</strong></span> 
     </span>
    </p>
   </div>
   <div class='ocr_carea' id='block_1_13' title="bbox 394 1198 2038 1268">
    <p class='ocr_par' dir='ltr' id='par_1_13' title="bbox 394 1198 2038 1268">
     <span class='ocr_line' id='line_1_13' title="bbox 394 1198 2038 1268; baseline -0.002 -13"><span class='ocrx_word' id='word_1_84' title='bbox 394 1214 628 1256; x_wconf 88' lang='lat' dir='ltr'><strong>movere.</strong></span> <span class='ocrx_word' id='word_1_85' title='bbox 698 1199 910 1255; x_wconf 66' lang='lat' dir='ltr'><strong>Praedia</strong></span> <span class='ocrx_word' id='word_1_86' title='bbox 982 1214 1106 1268; x_wconf 65' lang='lat' dir='ltr'><strong>quae</strong></span> <span class='ocrx_word' id='word_1_87' title='bbox 1174 1198 1511 1268; x_wconf 90' lang='lat' dir='ltr'><strong>querebatur</strong></span> <span class='ocrx_word' id='word_1_88' title='bbox 1575 1198 1776 1266; x_wconf 89' lang='lat' dir='ltr'><strong>ablata,</strong></span> <span class='ocrx_word' id='word_1_89' title='bbox 1845 1198 2038 1268; x_wconf 78' lang='lat' dir='ltr'><strong>legatis</strong></span> 
     </span>
    </p>
   </div>
   <div class='ocr_carea' id='block_1_14' title="bbox 391 1287 2033 1359">
    <p class='ocr_par' dir='ltr' id='par_1_14' title="bbox 391 1287 2033 1359">
     <span class='ocr_line' id='line_1_14' title="bbox 391 1287 2033 1359; baseline -0.001 -15"><span class='ocrx_word' id='word_1_90' title='bbox 391 1288 564 1358; x_wconf 87' lang='lat' dir='ltr'><strong>ipsius</strong></span> <span class='ocrx_word' id='word_1_91' title='bbox 611 1289 970 1354; x_wconf 89' lang='lat' dir='ltr'><strong>reddidimus,</strong></span> <span class='ocrx_word' id='word_1_92' title='bbox 1004 1288 1182 1344; x_wconf 93' lang='lat' dir='ltr'><strong>donec</strong></span> <span class='ocrx_word' id='word_1_93' title='bbox 1213 1288 1316 1358; x_wconf 91' lang='lat' dir='ltr'><strong>ipsi</strong></span> <span class='ocrx_word' id='word_1_94' title='bbox 1350 1288 1513 1359; x_wconf 89' lang='lat' dir='ltr'><strong>legati</strong></span> <span class='ocrx_word' id='word_1_95' title='bbox 1544 1288 1821 1354; x_wconf 89' lang='lat' dir='ltr'><strong>dixerunt,</strong></span> <span class='ocrx_word' id='word_1_96' title='bbox 1864 1287 2033 1342; x_wconf 89' lang='lat' dir='ltr'><strong>nichil</strong></span> 
     </span>
    </p>
   </div>
   <div class='ocr_carea' id='block_1_15' title="bbox 391 1377 2035 1449">
    <p class='ocr_par' dir='ltr' id='par_1_15' title="bbox 391 1377 2035 1449">
     <span class='ocr_line' id='line_1_15' title="bbox 391 1377 2035 1449; baseline -0.001 -16"><span class='ocrx_word' id='word_1_97' title='bbox 391 1391 511 1434; x_wconf 88' lang='lat' dir='ltr'><strong>esse</strong></span> <span class='ocrx_word' id='word_1_98' title='bbox 548 1379 818 1449; x_wconf 90' lang='lat' dir='ltr'><strong>reliquum</strong></span> <span class='ocrx_word' id='word_1_99' title='bbox 850 1379 998 1449; x_wconf 90' lang='lat' dir='ltr'><strong>quod</strong></span> <span class='ocrx_word' id='word_1_100' title='bbox 1038 1378 1271 1434; x_wconf 85' lang='lat' dir='ltr'><strong>reddere</strong></span> <span class='ocrx_word' id='word_1_101' title='bbox 1301 1378 1648 1434; x_wconf 87' lang='lat' dir='ltr'><strong>deberemus.</strong></span> <span class='ocrx_word' id='word_1_102' title='bbox 1685 1377 1920 1433; x_wconf 91' lang='lat' dir='ltr'><strong>Castella</strong></span> <span class='ocrx_word' id='word_1_103' title='bbox 1949 1377 2035 1432; x_wconf 89' lang='lat' dir='ltr'><strong>vel</strong></span> 
     </span>
    </p>
   </div>
   <div class='ocr_carea' id='block_1_16' title="bbox 391 1467 2035 1538">
    <p class='ocr_par' dir='ltr' id='par_1_16' title="bbox 391 1467 2035 1538">
     <span class='ocr_line' id='line_1_16' title="bbox 391 1467 2035 1538; baseline 0 -15"><span class='ocrx_word' id='word_1_104' title='bbox 391 1475 602 1525; x_wconf 90' lang='lat' dir='ltr'><strong>ceteras</strong></span> <span class='ocrx_word' id='word_1_105' title='bbox 649 1469 983 1525; x_wconf 89' lang='lat' dir='ltr'><strong>munitiones</strong></span> <span class='ocrx_word' id='word_1_106' title='bbox 1021 1484 1156 1538; x_wconf 89' lang='lat' dir='ltr'><strong>quas</strong></span> <span class='ocrx_word' id='word_1_107' title='bbox 1187 1469 1245 1524; x_wconf 93' lang='lat' dir='ltr'><strong>in</strong></span> <span class='ocrx_word' id='word_1_108' title='bbox 1292 1469 1499 1524; x_wconf 89' lang='lat' dir='ltr'><strong>nostris</strong></span> <span class='ocrx_word' id='word_1_109' title='bbox 1538 1468 1786 1538; x_wconf 90' lang='lat' dir='ltr'><strong>partibus</strong></span> <span class='ocrx_word' id='word_1_110' title='bbox 1823 1467 2035 1523; x_wconf 87' lang='lat' dir='ltr'><strong>destrui</strong></span> 
     </span>
    </p>
   </div>
   <div class='ocr_carea' id='block_1_17' title="bbox 386 1558 2031 1630">
    <p class='ocr_par' dir='ltr' id='par_1_17' title="bbox 386 1558 2031 1630">
     <span class='ocr_line' id='line_1_17' title="bbox 386 1558 2031 1630; baseline -0.001 -16"><span class='ocrx_word' id='word_1_111' title='bbox 386 1560 673 1630; x_wconf 64' lang='lat' dir='ltr'><strong>praecepit,</strong></span> <span class='ocrx_word' id='word_1_112' title='bbox 723 1573 914 1615; x_wconf 92' lang='lat' dir='ltr'><strong>omnes</strong></span> <span class='ocrx_word' id='word_1_113' title='bbox 961 1558 1331 1629; x_wconf 85' lang='lat' dir='ltr'><strong>confregimus</strong></span> <span class='ocrx_word' id='word_1_114' title='bbox 1355 1558 1435 1626; x_wconf 69' lang='lat'><strong>&quot;7,</strong></span> <span class='ocrx_word' id='word_1_115' title='bbox 1468 1559 1574 1613; x_wconf 92' lang='lat' dir='ltr'><strong>nisi</strong></span> <span class='ocrx_word' id='word_1_116' title='bbox 1605 1572 1742 1628; x_wconf 93' lang='lat' dir='ltr'><strong>quas</strong></span> <span class='ocrx_word' id='word_1_117' title='bbox 1780 1558 1898 1628; x_wconf 92' lang='lat' dir='ltr'><strong>ipse</strong></span> <span class='ocrx_word' id='word_1_118' title='bbox 1928 1571 2031 1613; x_wconf 92' lang='lat' dir='ltr'><strong>no-</strong></span> 
     </span>
    </p>
   </div>
   <div class='ocr_carea' id='block_1_18' title="bbox 386 1647 2032 1717">
    <p class='ocr_par' dir='ltr' id='par_1_18' title="bbox 386 1647 2032 1717">
     <span class='ocr_line' id='line_1_18' title="bbox 386 1647 2032 1717; baseline -0.001 -13"><span class='ocrx_word' id='word_1_119' title='bbox 386 1648 474 1704; x_wconf 89' lang='lat' dir='ltr'><strong>bis</strong></span> <span class='ocrx_word' id='word_1_120' title='bbox 523 1649 842 1704; x_wconf 88' lang='lat' dir='ltr'><strong>nolentibus</strong></span> <span class='ocrx_word' id='word_1_121' title='bbox 865 1647 927 1680; x_wconf 73' lang='grc'><strong>¹⁸⁸</strong></span> <span class='ocrx_word' id='word_1_122' title='bbox 955 1652 1101 1703; x_wconf 92' lang='lat' dir='ltr'><strong>stare</strong></span> <span class='ocrx_word' id='word_1_123' title='bbox 1142 1648 1411 1717; x_wconf 85' lang='lat' dir='ltr'><strong>permisit.</strong></span> <span class='ocrx_word' id='word_1_124' title='bbox 1460 1649 1535 1703; x_wconf 93' lang='lat' dir='ltr'><strong>De</strong></span> <span class='ocrx_word' id='word_1_125' title='bbox 1566 1647 1901 1703; x_wconf 90' lang='lat' dir='ltr'><strong>monasterio</strong></span> <span class='ocrx_word' id='word_1_126' title='bbox 1931 1660 2032 1702; x_wconf 90' lang='lat' dir='ltr'><strong>suo</strong></span> 
     </span>
    </p>
   </div>
   <div class='ocr_carea' id='block_1_19' title="bbox 2122 488 3775 558">
    <p class='ocr_par' dir='ltr' id='par_1_19' title="bbox 2122 488 3775 558">
     <span class='ocr_line' id='line_1_19' title="bbox 2122 488 3775 558; baseline 0.002 -16"><span class='ocrx_word' id='word_1_127' title='bbox 2122 488 2372 543; x_wconf 89' lang='lat' dir='ltr'><strong>strictum</strong></span> <span class='ocrx_word' id='word_1_128' title='bbox 2402 488 2518 558; x_wconf 64' lang='lat' dir='ltr'><strong>{Dei</strong></span> <span class='ocrx_word' id='word_1_129' title='bbox 2565 488 2834 556; x_wconf 88' lang='lat' dir='ltr'><strong>judicium</strong></span> <span class='ocrx_word' id='word_1_130' title='bbox 2882 494 3100 544; x_wconf 90' lang='lat' dir='ltr'><strong>nostras</strong></span> <span class='ocrx_word' id='word_1_131' title='bbox 3150 491 3359 546; x_wconf 91' lang='lat' dir='ltr'><strong>animas</strong></span> <span class='ocrx_word' id='word_1_132' title='bbox 3397 506 3429 547; x_wconf 89' lang='lat' dir='ltr'><strong>a</strong></span> <span class='ocrx_word' id='word_1_133' title='bbox 3466 491 3624 547; x_wconf 89' lang='lat' dir='ltr'><strong>vobis</strong></span> <span class='ocrx_word' id='word_1_134' title='bbox 3665 491 3775 546; x_wconf 79' lang='lat' dir='ltr'><strong>exi~</strong></span> 
     </span>
    </p>
   </div>
   <div class='ocr_carea' id='block_1_20' title="bbox 2121 577 3772 650">
    <p class='ocr_par' dir='ltr' id='par_1_20' title="bbox 2121 577 3772 650">
     <span class='ocr_line' id='line_1_20' title="bbox 2121 577 3772 650; baseline 0.002 -18"><span class='ocrx_word' id='word_1_135' title='bbox 2121 592 2251 649; x_wconf 89' lang='lat' dir='ltr'><strong>gere</strong></span> <span class='ocrx_word' id='word_1_136' title='bbox 2301 577 2544 632; x_wconf 86' lang='lat' dir='ltr'><strong>habebit.</strong></span> <span class='ocrx_word' id='word_1_137' title='bbox 2597 577 2751 644; x_wconf 84' lang='lat' dir='ltr'><strong>Quod</strong></span> <span class='ocrx_word' id='word_1_138' title='bbox 2793 578 2837 631; x_wconf 93' lang='lat' dir='ltr'><strong>si</strong></span> <span class='ocrx_word' id='word_1_139' title='bbox 2869 585 3107 633; x_wconf 89' lang='lat' dir='ltr'><strong>vestrum</strong></span> <span class='ocrx_word' id='word_1_140' title='bbox 3158 580 3305 650; x_wconf 92' lang='lat' dir='ltr'><strong>pium</strong></span> <span class='ocrx_word' id='word_1_141' title='bbox 3343 581 3638 637; x_wconf 89' lang='lat' dir='ltr'><strong>consilium</strong></span> <span class='ocrx_word' id='word_1_142' title='bbox 3679 595 3772 636; x_wconf 88' lang='lat' dir='ltr'><strong>rex</strong></span> 
     </span>
    </p>
   </div>
   <div class='ocr_carea' id='block_1_21' title="bbox 2122 664 3772 736">
    <p class='ocr_par' dir='ltr' id='par_1_21' title="bbox 2122 664 3772 736">
     <span class='ocr_line' id='line_1_21' title="bbox 2122 664 3772 736; baseline 0.002 -17"><span class='ocrx_word' id='word_1_143' title='bbox 2122 664 2368 721; x_wconf 88' lang='lat' dir='ltr'><strong>forsitam</strong></span> <span class='ocrx_word' id='word_1_144' title='bbox 2417 665 2608 720; x_wconf 90' lang='lat' dir='ltr'><strong>audire</strong></span> <span class='ocrx_word' id='word_1_145' title='bbox 2656 664 2919 732; x_wconf 88' lang='lat' dir='ltr'><strong>noluerit,</strong></span> <span class='ocrx_word' id='word_1_146' title='bbox 2962 680 3217 736; x_wconf 82' lang='lat' dir='ltr'><strong>rogamus</strong></span> <span class='ocrx_word' id='word_1_147' title='bbox 3262 683 3360 724; x_wconf 93' lang='lat' dir='ltr'><strong>vos</strong></span> <span class='ocrx_word' id='word_1_148' title='bbox 3398 675 3454 724; x_wconf 89' lang='lat' dir='ltr'><strong>et</strong></span> <span class='ocrx_word' id='word_1_149' title='bbox 3503 668 3772 724; x_wconf 88' lang='lat' dir='ltr'><strong>obsecra-</strong></span> 
     </span>
    </p>
   </div>
   <div class='ocr_carea' id='block_1_22' title="bbox 2120 754 3774 821">
    <p class='ocr_par' dir='ltr' id='par_1_22' title="bbox 2120 754 3774 821">
     <span class='ocr_line' id='line_1_22' title="bbox 2120 754 3774 821; baseline 0.002 -12"><span class='ocrx_word' id='word_1_150' title='bbox 2120 767 2261 821; x_wconf 90' lang='lat' dir='ltr'><strong>mus,</strong></span> <span class='ocrx_word' id='word_1_151' title='bbox 2304 759 2363 809; x_wconf 91' lang='lat' dir='ltr'><strong>ut</strong></span> <span class='ocrx_word' id='word_1_152' title='bbox 2400 754 2592 809; x_wconf 86' lang='lat' dir='ltr'><strong>saltem</strong></span> <span class='ocrx_word' id='word_1_153' title='bbox 2631 767 2728 809; x_wconf 92' lang='lat' dir='ltr'><strong>vos</strong></span> <span class='ocrx_word' id='word_1_154' title='bbox 2759 758 2814 809; x_wconf 90' lang='lat' dir='ltr'><strong>et</strong></span> <span class='ocrx_word' id='word_1_155' title='bbox 2850 762 3065 811; x_wconf 91' lang='lat' dir='ltr'><strong>vestros</strong></span> <span class='ocrx_word' id='word_1_156' title='bbox 3101 757 3530 813; x_wconf 88' lang='lat' dir='ltr'><strong>instrumentum</strong></span> <span class='ocrx_word' id='word_1_157' title='bbox 3570 758 3658 812; x_wconf 90' lang='lat' dir='ltr'><strong>sui</strong></span> <span class='ocrx_word' id='word_1_158' title='bbox 3690 756 3774 812; x_wconf 86' lang='lat' dir='ltr'><strong>fu-</strong></span> 
     </span>
    </p>
   </div>
   <div class='ocr_carea' id='block_1_23' title="bbox 2121 843 3770 916">
    <p class='ocr_par' dir='ltr' id='par_1_23' title="bbox 2121 843 3770 916">
     <span class='ocr_line' id='line_1_23' title="bbox 2121 843 3770 916; baseline 0.001 -17"><span class='ocrx_word' id='word_1_159' title='bbox 2121 845 2266 899; x_wconf 90' lang='lat' dir='ltr'><strong>roris</strong></span> <span class='ocrx_word' id='word_1_160' title='bbox 2293 843 2498 900; x_wconf 90' lang='lat' dir='ltr'><strong>habere</strong></span> <span class='ocrx_word' id='word_1_161' title='bbox 2537 858 2646 899; x_wconf 92' lang='lat' dir='ltr'><strong>non</strong></span> <span class='ocrx_word' id='word_1_162' title='bbox 2680 843 2894 913; x_wconf 89' lang='lat' dir='ltr'><strong>possit;</strong></span> <span class='ocrx_word' id='word_1_163' title='bbox 2938 859 3026 910; x_wconf 89' lang='lat' dir='ltr'><strong>ne,</strong></span> <span class='ocrx_word' id='word_1_164' title='bbox 3064 845 3192 901; x_wconf 89' lang='lat' dir='ltr'><strong>dum</strong></span> <span class='ocrx_word' id='word_1_165' title='bbox 3235 845 3407 902; x_wconf 90' lang='lat' dir='ltr'><strong>furori</strong></span> <span class='ocrx_word' id='word_1_166' title='bbox 3452 849 3573 916; x_wconf 90' lang='lat' dir='ltr'><strong>ejus</strong></span> <span class='ocrx_word' id='word_1_167' title='bbox 3612 847 3770 901; x_wconf 86' lang='lat' dir='ltr'><strong>mini-</strong></span> 
     </span>
    </p>
   </div>
   <div class='ocr_carea' id='block_1_24' title="bbox 2120 933 3776 1006">
    <p class='ocr_par' dir='ltr' id='par_1_24' title="bbox 2120 933 3776 1006">
     <span class='ocr_line' id='line_1_24' title="bbox 2120 933 3776 1006; baseline 0.001 -18"><span class='ocrx_word' id='word_1_168' title='bbox 2120 935 2326 1001; x_wconf 91' lang='lat' dir='ltr'><strong>stratis,</strong></span> <span class='ocrx_word' id='word_1_169' title='bbox 2372 934 2496 989; x_wconf 72' lang='lat' dir='ltr'><strong>vitae</strong></span> <span class='ocrx_word' id='word_1_170' title='bbox 2546 933 2829 989; x_wconf 67' lang='lat' dir='ltr'><strong>vestraa&#39;“</strong></span> <span class='ocrx_word' id='word_1_171' title='bbox 2876 939 2930 988; x_wconf 90' lang='lat' dir='ltr'><strong>et</strong></span> <span class='ocrx_word' id='word_1_172' title='bbox 2979 935 3175 991; x_wconf 74' lang='lat' dir='ltr'><strong>animae</strong></span> <span class='ocrx_word' id='word_1_173' title='bbox 3234 936 3540 1006; x_wconf 91' lang='lat' dir='ltr'><strong>periculum</strong></span> <span class='ocrx_word' id='word_1_174' title='bbox 3591 937 3776 991; x_wconf 90' lang='lat' dir='ltr'><strong>incur-</strong></span> 
     </span>
    </p>
   </div>
   <div class='ocr_carea' id='block_1_25' title="bbox 2119 1023 2586 1079">
    <p class='ocr_par' dir='ltr' id='par_1_25' title="bbox 2119 1023 2586 1079">
     <span class='ocr_line' id='line_1_25' title="bbox 2119 1023 2586 1079; baseline -0.009 -1"><span class='ocrx_word' id='word_1_175' title='bbox 2119 1023 2273 1079; x_wconf 88' lang='lat' dir='ltr'><strong>ratis.</strong></span> <span class='ocrx_word' id='word_1_176' title='bbox 2317 1023 2521 1078; x_wconf 85' lang='lat' dir='ltr'><strong>Valetc.</strong></span> <span class='ocrx_word' id='word_1_177' title='bbox 2558 1042 2586 1074; x_wconf 90' lang='lat'><strong>»</strong></span> 
     </span>
    </p>
   </div>
   <div class='ocr_carea' id='block_1_26' title="bbox 2186 1112 3772 1170">
    <p class='ocr_par' dir='ltr' id='par_1_26' title="bbox 2186 1112 3772 1170">
     <span class='ocr_line' id='line_1_26' title="bbox 2186 1112 3772 1170; baseline 0.002 -5"><span class='ocrx_word' id='word_1_178' title='bbox 2186 1112 2276 1168; x_wconf 87' lang='lat'><strong>43.</strong></span> <span class='ocrx_word' id='word_1_179' title='bbox 2318 1113 2561 1167; x_wconf 91' lang='lat' dir='ltr'><strong>Eundem</strong></span> <span class='ocrx_word' id='word_1_180' title='bbox 2610 1127 2831 1169; x_wconf 90' lang='lat' dir='ltr'><strong>sensum</strong></span> <span class='ocrx_word' id='word_1_181' title='bbox 2891 1115 3243 1170; x_wconf 91' lang='lat' dir='ltr'><strong>continentes</strong></span> <span class='ocrx_word' id='word_1_182' title='bbox 3291 1114 3373 1170; x_wconf 89' lang='lat' dir='ltr'><strong>vel</strong></span> <span class='ocrx_word' id='word_1_183' title='bbox 3427 1114 3630 1170; x_wconf 90' lang='lat' dir='ltr'><strong>litteris</strong></span> <span class='ocrx_word' id='word_1_184' title='bbox 3684 1114 3772 1169; x_wconf 88' lang='lat' dir='ltr'><strong>vel</strong></span> 
     </span>
    </p>
   </div>
   <div class='ocr_carea' id='block_1_27' title="bbox 2115 1201 3772 1274">
    <p class='ocr_par' dir='ltr' id='par_1_27' title="bbox 2115 1201 3772 1274">
     <span class='ocr_line' id='line_1_27' title="bbox 2115 1201 3772 1274; baseline 0.002 -20"><span class='ocrx_word' id='word_1_185' title='bbox 2115 1201 2297 1255; x_wconf 89' lang='lat' dir='ltr'><strong>verbis</strong></span> <span class='ocrx_word' id='word_1_186' title='bbox 2343 1202 2650 1271; x_wconf 86' lang='lat' dir='ltr'><strong>legationes</strong></span> <span class='ocrx_word' id='word_1_187' title='bbox 2698 1203 2911 1258; x_wconf 90' lang='lat' dir='ltr'><strong>cunctis</strong></span> <span class='ocrx_word' id='word_1_188' title='bbox 2962 1218 3028 1258; x_wconf 88' lang='lat' dir='ltr'><strong>ex</strong></span> <span class='ocrx_word' id='word_1_189' title='bbox 3076 1203 3169 1258; x_wconf 90' lang='lat' dir='ltr'><strong>illa</strong></span> <span class='ocrx_word' id='word_1_190' title='bbox 3213 1210 3368 1273; x_wconf 86' lang='lat' dir='ltr'><strong>parte</strong></span> <span class='ocrx_word' id='word_1_191' title='bbox 3418 1204 3772 1274; x_wconf 89' lang='lat' dir='ltr'><strong>principibus</strong></span> 
     </span>
    </p>
   </div>
   <div class='ocr_carea' id='block_1_28' title="bbox 2117 1289 3771 1360">
    <p class='ocr_par' dir='ltr' id='par_1_28' title="bbox 2117 1289 3771 1360">
     <span class='ocr_line' id='line_1_28' title="bbox 2117 1289 3771 1360; baseline 0.004 -17"><span class='ocrx_word' id='word_1_192' title='bbox 2117 1289 2316 1360; x_wconf 89' lang='lat' dir='ltr'><strong>singuli</strong></span> <span class='ocrx_word' id='word_1_193' title='bbox 2375 1291 2656 1360; x_wconf 89' lang='lat' dir='ltr'><strong>principes</strong></span> <span class='ocrx_word' id='word_1_194' title='bbox 2695 1292 2871 1347; x_wconf 91' lang='lat' dir='ltr'><strong>nostri</strong></span> <span class='ocrx_word' id='word_1_195' title='bbox 2903 1293 3192 1359; x_wconf 90' lang='lat' dir='ltr'><strong>miserunt,</strong></span> <span class='ocrx_word' id='word_1_196' title='bbox 3226 1297 3281 1347; x_wconf 92' lang='lat' dir='ltr'><strong>et</strong></span> <span class='ocrx_word' id='word_1_197' title='bbox 3326 1293 3545 1348; x_wconf 89' lang='lat' dir='ltr'><strong>tandem</strong></span> <span class='ocrx_word' id='word_1_198' title='bbox 3576 1307 3607 1347; x_wconf 91' lang='lat' dir='ltr'><strong>a</strong></span> <span class='ocrx_word' id='word_1_199' title='bbox 3639 1307 3771 1356; x_wconf 76' lang='lat' dir='ltr'><strong>rege</strong></span> 
     </span>
    </p>
   </div>
   <div class='ocr_carea' id='block_1_29' title="bbox 2115 1379 3771 1452">
    <p class='ocr_par' dir='ltr' id='par_1_29' title="bbox 2115 1379 3771 1452">
     <span class='ocr_line' id='line_1_29' title="bbox 2115 1379 3771 1452; baseline 0.001 -18"><span class='ocrx_word' id='word_1_200' title='bbox 2115 1379 2223 1447; x_wconf 90' lang='lat' dir='ltr'><strong>vix,</strong></span> <span class='ocrx_word' id='word_1_201' title='bbox 2265 1380 2434 1450; x_wconf 89' lang='lat' dir='ltr'><strong>magis</strong></span> <span class='ocrx_word' id='word_1_202' title='bbox 2465 1380 2879 1450; x_wconf 86' lang='lat' dir='ltr'><strong>importunitate</strong></span> <span class='ocrx_word' id='word_1_203' title='bbox 2915 1381 3130 1437; x_wconf 90' lang='lat' dir='ltr'><strong>devicto</strong></span> <span class='ocrx_word' id='word_1_204' title='bbox 3161 1395 3323 1452; x_wconf 88' lang='lat' dir='ltr'><strong>quam</strong></span> <span class='ocrx_word' id='word_1_205' title='bbox 3374 1382 3580 1451; x_wconf 87' lang='lat' dir='ltr'><strong>pietate</strong></span> <span class='ocrx_word' id='word_1_206' title='bbox 3622 1382 3771 1437; x_wconf 87' lang='lat' dir='ltr'><strong>mol-</strong></span> 
     </span>
    </p>
   </div>
   <div class='ocr_carea' id='block_1_30' title="bbox 2117 1469 3772 1540">
    <p class='ocr_par' dir='ltr' id='par_1_30' title="bbox 2117 1469 3772 1540">
     <span class='ocr_line' id='line_1_30' title="bbox 2117 1469 3772 1540; baseline 0.002 -16"><span class='ocrx_word' id='word_1_207' title='bbox 2117 1469 2236 1536; x_wconf 90' lang='lat' dir='ltr'><strong>lito,</strong></span> <span class='ocrx_word' id='word_1_208' title='bbox 2307 1483 2630 1540; x_wconf 89' lang='lat' dir='ltr'><strong>responsum</strong></span> <span class='ocrx_word' id='word_1_209' title='bbox 2689 1471 2794 1526; x_wconf 94' lang='lat' dir='ltr'><strong>hoc</strong></span> <span class='ocrx_word' id='word_1_210' title='bbox 2851 1475 3205 1540; x_wconf 91' lang='lat' dir='ltr'><strong>acceperunt,</strong></span> <span class='ocrx_word' id='word_1_211' title='bbox 3267 1471 3416 1540; x_wconf 91' lang='lat' dir='ltr'><strong>quod</strong></span> <span class='ocrx_word' id='word_1_212' title='bbox 3483 1471 3589 1526; x_wconf 89' lang='lat' dir='ltr'><strong>hoc</strong></span> <span class='ocrx_word' id='word_1_213' title='bbox 3646 1471 3772 1527; x_wconf 89' lang='lat' dir='ltr'><strong>solo</strong></span> 
     </span>
    </p>
   </div>
   <div class='ocr_carea' id='block_1_31' title="bbox 2116 1557 3770 1630">
    <p class='ocr_par' dir='ltr' id='par_1_31' title="bbox 2116 1557 3770 1630">
     <span class='ocr_line' id='line_1_31' title="bbox 2116 1557 3770 1630; baseline 0.001 -18"><span class='ocrx_word' id='word_1_214' title='bbox 2116 1557 2281 1613; x_wconf 89' lang='lat' dir='ltr'><strong>modo</strong></span> <span class='ocrx_word' id='word_1_215' title='bbox 2311 1572 2464 1613; x_wconf 91' lang='lat' dir='ltr'><strong>suam</strong></span> <span class='ocrx_word' id='word_1_216' title='bbox 2494 1558 2724 1630; x_wconf 84' lang='lat' dir='ltr'><strong>gratiam</strong></span> <span class='ocrx_word' id='word_1_217' title='bbox 2783 1558 2986 1614; x_wconf 91' lang='lat' dir='ltr'><strong>habere</strong></span> <span class='ocrx_word' id='word_1_218' title='bbox 3046 1565 3291 1628; x_wconf 91' lang='lat' dir='ltr'><strong>possent,</strong></span> <span class='ocrx_word' id='word_1_219' title='bbox 3324 1560 3370 1614; x_wconf 92' lang='lat' dir='ltr'><strong>si</strong></span> <span class='ocrx_word' id='word_1_220' title='bbox 3401 1574 3460 1614; x_wconf 91' lang='lat' dir='ltr'><strong>se</strong></span> <span class='ocrx_word' id='word_1_221' title='bbox 3501 1573 3770 1629; x_wconf 88' lang='lat' dir='ltr'><strong>suamque</strong></span> 
     </span>
    </p>
   </div>
   <div class='ocr_carea' id='block_1_32' title="bbox 2115 1646 3772 1719">
    <p class='ocr_par' dir='ltr' id='par_1_32' title="bbox 2115 1646 3772 1719">
     <span class='ocr_line' id='line_1_32' title="bbox 2115 1646 3772 1719; baseline 0.002 -19"><span class='ocrx_word' id='word_1_222' title='bbox 2115 1646 2427 1702; x_wconf 91' lang='lat' dir='ltr'><strong>libertatem</strong></span> <span class='ocrx_word' id='word_1_223' title='bbox 2486 1655 2541 1702; x_wconf 89' lang='lat' dir='ltr'><strong>et</strong></span> <span class='ocrx_word' id='word_1_224' title='bbox 2607 1647 2789 1704; x_wconf 90' lang='lat' dir='ltr'><strong>omnia</strong></span> <span class='ocrx_word' id='word_1_225' title='bbox 2844 1663 2968 1719; x_wconf 60' lang='lat' dir='ltr'><strong>qua;</strong></span> <span class='ocrx_word' id='word_1_226' title='bbox 3035 1647 3414 1718; x_wconf 89' lang='lat' dir='ltr'><strong>possidebant,</strong></span> <span class='ocrx_word' id='word_1_227' title='bbox 3477 1649 3772 1718; x_wconf 89' lang='lat' dir='ltr'><strong>potestatis</strong></span> 
     </span>
    </p>
   </div>
   <div class='ocr_carea' id='block_1_33' title="bbox 387 1735 3769 1816">
    <p class='ocr_par' dir='ltr' id='par_1_33' title="bbox 387 1735 3769 1816">
     <span class='ocr_line' id='line_1_33' title="bbox 387 1735 3769 1816; baseline 0 -24"><span class='ocrx_word' id='word_1_228' title='bbox 387 1737 670 1793; x_wconf 92' lang='lat' dir='ltr'><strong>destructo</strong></span> <span class='ocrx_word' id='word_1_229' title='bbox 711 1739 794 1793; x_wconf 90' lang='lat' dir='ltr'><strong>vel</strong></span> <span class='ocrx_word' id='word_1_230' title='bbox 828 1738 895 1792; x_wconf 92' lang='lat' dir='ltr'><strong>de</strong></span> <span class='ocrx_word' id='word_1_231' title='bbox 935 1737 1207 1806; x_wconf 88' lang='lat' dir='ltr'><strong>sepulcris</strong></span> <span class='ocrx_word' id='word_1_232' title='bbox 1235 1737 1332 1816; x_wconf 82' lang='lat' dir='ltr'><strong>ﬁlii</strong></span> <span class='ocrx_word' id='word_1_233' title='bbox 1362 1736 1445 1792; x_wconf 88' lang='lat' dir='ltr'><strong>vel</strong></span> <span class='ocrx_word' id='word_1_234' title='bbox 1478 1736 1662 1792; x_wconf 90' lang='lat' dir='ltr'><strong>fratris</strong></span> <span class='ocrx_word' id='word_1_235' title='bbox 1691 1739 1776 1792; x_wconf 90' lang='lat' dir='ltr'><strong>sui</strong></span> <span class='ocrx_word' id='word_1_236' title='bbox 1814 1735 2096 1793; x_wconf 91' lang='lat' dir='ltr'><strong>violatisB</strong></span> <span class='ocrx_word' id='word_1_237' title='bbox 2118 1735 2283 1806; x_wconf 63' lang='lat' dir='ltr'><strong>regiae</strong></span> <span class='ocrx_word' id='word_1_238' title='bbox 2321 1735 2440 1790; x_wconf 89' lang='lat' dir='ltr'><strong>sine</strong></span> <span class='ocrx_word' id='word_1_239' title='bbox 2471 1737 2619 1792; x_wconf 91' lang='lat' dir='ltr'><strong>omni</strong></span> <span class='ocrx_word' id='word_1_240' title='bbox 2651 1736 2972 1792; x_wconf 86' lang='lat' dir='ltr'><strong>conditione</strong></span> <span class='ocrx_word' id='word_1_241' title='bbox 3001 1736 3217 1793; x_wconf 88' lang='lat' dir='ltr'><strong>tradere</strong></span> <span class='ocrx_word' id='word_1_242' title='bbox 3248 1737 3572 1794; x_wconf 89' lang='lat' dir='ltr'><strong>voluissent.</strong></span> <span class='ocrx_word' id='word_1_243' title='bbox 3606 1736 3769 1804; x_wconf 87' lang='lat' dir='ltr'><strong>Quod</strong></span> 
     </span>
    </p>
   </div>
   <div class='ocr_carea' id='block_1_34' title="bbox 387 1824 2032 1896">
    <p class='ocr_par' dir='ltr' id='par_1_34' title="bbox 387 1824 2032 1896">
     <span class='ocr_line' id='line_1_34' title="bbox 387 1824 2032 1896; baseline 0 -16"><span class='ocrx_word' id='word_1_244' title='bbox 387 1828 444 1880; x_wconf 90' lang='lat' dir='ltr'><strong>et</strong></span> <span class='ocrx_word' id='word_1_245' title='bbox 482 1825 700 1881; x_wconf 90' lang='lat' dir='ltr'><strong>ossibus</strong></span> <span class='ocrx_word' id='word_1_246' title='bbox 739 1840 927 1882; x_wconf 91' lang='lat' dir='ltr'><strong>eorum</strong></span> <span class='ocrx_word' id='word_1_247' title='bbox 977 1825 1225 1895; x_wconf 88' lang='lat' dir='ltr'><strong>disjectis</strong></span> <span class='ocrx_word' id='word_1_248' title='bbox 1273 1839 1395 1880; x_wconf 92' lang='lat' dir='ltr'><strong>cum</strong></span> <span class='ocrx_word' id='word_1_249' title='bbox 1435 1825 1673 1896; x_wconf 90' lang='lat' dir='ltr'><strong>qualiter</strong></span> <span class='ocrx_word' id='word_1_250' title='bbox 1720 1824 1920 1880; x_wconf 89' lang='lat' dir='ltr'><strong>factum</strong></span> <span class='ocrx_word' id='word_1_251' title='bbox 1959 1825 2032 1880; x_wconf 88' lang='lat' dir='ltr'><strong>sit</strong></span> 
     </span>
    </p>
   </div>
   <div class='ocr_carea' id='block_1_35' title="bbox 386 1913 2029 1986">
    <p class='ocr_par' dir='ltr' id='par_1_35' title="bbox 386 1913 2029 1986">
     <span class='ocr_line' id='line_1_35' title="bbox 386 1913 2029 1986; baseline 0.001 -17"><span class='ocrx_word' id='word_1_252' title='bbox 386 1914 694 1982; x_wconf 86' lang='lat' dir='ltr'><strong>audieritis,</strong></span> <span class='ocrx_word' id='word_1_253' title='bbox 744 1915 873 1986; x_wconf 91' lang='lat' dir='ltr'><strong>quia</strong></span> <span class='ocrx_word' id='word_1_254' title='bbox 921 1927 1024 1970; x_wconf 91' lang='lat' dir='ltr'><strong>nos</strong></span> <span class='ocrx_word' id='word_1_255' title='bbox 1079 1928 1267 1970; x_wconf 91' lang='lat' dir='ltr'><strong>sumus</strong></span> <span class='ocrx_word' id='word_1_256' title='bbox 1315 1913 1643 1970; x_wconf 88' lang='lat' dir='ltr'><strong>innocentes</strong></span> <span class='ocrx_word' id='word_1_257' title='bbox 1698 1915 2029 1984; x_wconf 87' lang='lat' dir='ltr'><strong>agnoscetis.</strong></span> 
     </span>
    </p>
   </div>
   <div class='ocr_carea' id='block_1_36' title="bbox 385 2003 2032 2074">
    <p class='ocr_par' dir='ltr' id='par_1_36' title="bbox 385 2003 2032 2074">
     <span class='ocr_line' id='line_1_36' title="bbox 385 2003 2032 2074; baseline -0.001 -15"><span class='ocrx_word' id='word_1_258' title='bbox 385 2004 564 2074; x_wconf 90' lang='lat' dir='ltr'><strong>Ipsius</strong></span> <span class='ocrx_word' id='word_1_259' title='bbox 593 2005 804 2060; x_wconf 88' lang='lat' dir='ltr'><strong>castelli</strong></span> <span class='ocrx_word' id='word_1_260' title='bbox 836 2004 929 2059; x_wconf 92' lang='lat' dir='ltr'><strong>ubi</strong></span> <span class='ocrx_word' id='word_1_261' title='bbox 960 2004 1080 2060; x_wconf 77' lang='lat' dir='ltr'><strong>haec</strong></span> <span class='ocrx_word' id='word_1_262' title='bbox 1109 2009 1230 2059; x_wconf 91' lang='lat' dir='ltr'><strong>acta</strong></span> <span class='ocrx_word' id='word_1_263' title='bbox 1259 2009 1389 2059; x_wconf 92' lang='lat' dir='ltr'><strong>sunt</strong></span> <span class='ocrx_word' id='word_1_264' title='bbox 1419 2003 1855 2059; x_wconf 88' lang='lat' dir='ltr'><strong>destructionem</strong></span> <span class='ocrx_word' id='word_1_265' title='bbox 1896 2003 2032 2058; x_wconf 87' lang='lat' dir='ltr'><strong>nulli</strong></span> 
     </span>
    </p>
   </div>
   <div class='ocr_carea' id='block_1_37' title="bbox 385 2092 2032 2163">
    <p class='ocr_par' dir='ltr' id='par_1_37' title="bbox 385 2092 2032 2163">
     <span class='ocr_line' id='line_1_37' title="bbox 385 2092 2032 2163; baseline -0.001 -13"><span class='ocrx_word' id='word_1_266' title='bbox 385 2099 635 2150; x_wconf 90' lang='lat' dir='ltr'><strong>nostrum</strong></span> <span class='ocrx_word' id='word_1_267' title='bbox 683 2094 911 2150; x_wconf 92' lang='lat' dir='ltr'><strong>credere</strong></span> <span class='ocrx_word' id='word_1_268' title='bbox 941 2092 1133 2160; x_wconf 91' lang='lat' dir='ltr'><strong>voluit,</strong></span> <span class='ocrx_word' id='word_1_269' title='bbox 1168 2093 1265 2148; x_wconf 91' lang='lat' dir='ltr'><strong>sed</strong></span> <span class='ocrx_word' id='word_1_270' title='bbox 1316 2093 1457 2148; x_wconf 90' lang='lat' dir='ltr'><strong>hanc</strong></span> <span class='ocrx_word' id='word_1_271' title='bbox 1508 2107 1730 2163; x_wconf 90' lang='lat' dir='ltr'><strong>operam</strong></span> <span class='ocrx_word' id='word_1_272' title='bbox 1782 2093 1896 2149; x_wconf 85' lang='lat' dir='ltr'><strong>suis</strong></span> <span class='ocrx_word' id='word_1_273' title='bbox 1946 2092 2032 2148; x_wconf 91' lang='lat' dir='ltr'><strong>fa-</strong></span> 
     </span>
    </p>
   </div>
   <div class='ocr_carea' id='block_1_38' title="bbox 386 2182 2032 2254">
    <p class='ocr_par' dir='ltr' id='par_1_38' title="bbox 386 2182 2032 2254">
     <span class='ocr_line' id='line_1_38' title="bbox 386 2182 2032 2254; baseline -0.001 -15"><span class='ocrx_word' id='word_1_274' title='bbox 386 2184 549 2239; x_wconf 91' lang='lat' dir='ltr'><strong>mulis</strong></span> <span class='ocrx_word' id='word_1_275' title='bbox 570 2182 629 2215; x_wconf 74' lang='lat'>“°</span> <span class='ocrx_word' id='word_1_276' title='bbox 668 2190 722 2239; x_wconf 89' lang='lat' dir='ltr'><strong>et</strong></span> <span class='ocrx_word' id='word_1_277' title='bbox 759 2183 1116 2238; x_wconf 87' lang='lat' dir='ltr'><strong>familiaribus</strong></span> <span class='ocrx_word' id='word_1_278' title='bbox 1147 2182 1420 2252; x_wconf 90' lang='lat' dir='ltr'><strong>injunxit;</strong></span> <span class='ocrx_word' id='word_1_279' title='bbox 1465 2183 1559 2252; x_wconf 93' lang='lat' dir='ltr'><strong>qui</strong></span> <span class='ocrx_word' id='word_1_280' title='bbox 1594 2182 1937 2254; x_wconf 86' lang='lat' dir='ltr'><strong>negligentes</strong></span> <span class='ocrx_word' id='word_1_281' title='bbox 1977 2187 2032 2237; x_wconf 90' lang='lat' dir='ltr'><strong>et</strong></span> 
     </span>
    </p>
   </div>
   <div class='ocr_carea' id='block_1_39' title="bbox 384 2271 2030 2343">
    <p class='ocr_par' dir='ltr' id='par_1_39' title="bbox 384 2271 2030 2343">
     <span class='ocr_line' id='line_1_39' title="bbox 384 2271 2030 2343; baseline 0 -17"><span class='ocrx_word' id='word_1_282' title='bbox 384 2273 547 2343; x_wconf 85' lang='lat' dir='ltr'><strong>pigri,</strong></span> <span class='ocrx_word' id='word_1_283' title='bbox 576 2288 685 2343; x_wconf 93' lang='lat' dir='ltr'><strong>quo</strong></span> <span class='ocrx_word' id='word_1_284' title='bbox 712 2273 876 2328; x_wconf 88' lang='lat' dir='ltr'><strong>citius</strong></span> <span class='ocrx_word' id='word_1_285' title='bbox 906 2273 1054 2343; x_wconf 92' lang='lat' dir='ltr'><strong>quod</strong></span> <span class='ocrx_word' id='word_1_286' title='bbox 1086 2279 1242 2327; x_wconf 89' lang='lat' dir='ltr'><strong>erant</strong></span> <span class='ocrx_word' id='word_1_287' title='bbox 1278 2271 1417 2342; x_wconf 91' lang='lat' dir='ltr'><strong>jussi</strong></span> <span class='ocrx_word' id='word_1_288' title='bbox 1459 2277 1806 2342; x_wconf 87' lang='lat' dir='ltr'><strong>peragerent,</strong></span> <span class='ocrx_word' id='word_1_289' title='bbox 1840 2284 2030 2327; x_wconf 89' lang='lat' dir='ltr'><strong>omnes</strong></span> 
     </span>
    </p>
   </div>
   <div class='ocr_carea' id='block_1_40' title="bbox 384 2358 2026 2432">
    <p class='ocr_par' dir='ltr' id='par_1_40' title="bbox 384 2358 2026 2432">
     <span class='ocr_line' id='line_1_40' title="bbox 384 2358 2026 2432; baseline -0.002 -15"><span class='ocrx_word' id='word_1_290' title='bbox 384 2361 622 2418; x_wconf 88' lang='lat' dir='ltr'><strong>rusticos</strong></span> <span class='ocrx_word' id='word_1_291' title='bbox 652 2362 744 2432; x_wconf 92' lang='lat' dir='ltr'><strong>qui</strong></span> <span class='ocrx_word' id='word_1_292' title='bbox 784 2362 840 2417; x_wconf 91' lang='lat' dir='ltr'><strong>in</strong></span> <span class='ocrx_word' id='word_1_293' title='bbox 877 2361 970 2417; x_wconf 94' lang='lat' dir='ltr'><strong>illa</strong></span> <span class='ocrx_word' id='word_1_294' title='bbox 999 2361 1199 2416; x_wconf 89' lang='lat' dir='ltr'><strong>vicinia</strong></span> <span class='ocrx_word' id='word_1_295' title='bbox 1229 2366 1384 2417; x_wconf 88' lang='lat' dir='ltr'><strong>erant</strong></span> <span class='ocrx_word' id='word_1_296' title='bbox 1424 2361 1719 2416; x_wconf 89' lang='lat' dir='ltr'><strong>convenire</strong></span> <span class='ocrx_word' id='word_1_297' title='bbox 1757 2358 2026 2427; x_wconf 90' lang='lat' dir='ltr'><strong>fecerunt,</strong></span> 
     </span>
    </p>
   </div>
   <div class='ocr_carea' id='block_1_41' title="bbox 382 2449 2025 2520">
    <p class='ocr_par' dir='ltr' id='par_1_41' title="bbox 382 2449 2025 2520">
     <span class='ocr_line' id='line_1_41' title="bbox 382 2449 2025 2520; baseline -0.001 -15"><span class='ocrx_word' id='word_1_298' title='bbox 382 2454 437 2506; x_wconf 91' lang='lat' dir='ltr'><strong>et</strong></span> <span class='ocrx_word' id='word_1_299' title='bbox 475 2451 555 2507; x_wconf 92' lang='lat' dir='ltr'><strong>eis</strong></span> <span class='ocrx_word' id='word_1_300' title='bbox 585 2451 917 2507; x_wconf 89' lang='lat' dir='ltr'><strong>demoliendi</strong></span> <span class='ocrx_word' id='word_1_301' title='bbox 951 2450 1161 2506; x_wconf 89' lang='lat' dir='ltr'><strong>castelli</strong></span> <span class='ocrx_word' id='word_1_302' title='bbox 1212 2455 1540 2520; x_wconf 89' lang='lat' dir='ltr'><strong>potestatem</strong></span> <span class='ocrx_word' id='word_1_303' title='bbox 1579 2449 1871 2504; x_wconf 89' lang='lat' dir='ltr'><strong>dederunt.</strong></span> <span class='ocrx_word' id='word_1_304' title='bbox 1912 2449 2025 2503; x_wconf 85' lang='lat' dir='ltr'><strong>Ru-</strong></span> 
     </span>
    </p>
   </div>
   <div class='ocr_carea' id='block_1_42' title="bbox 378 2538 2028 2609">
    <p class='ocr_par' dir='ltr' id='par_1_42' title="bbox 378 2538 2028 2609">
     <span class='ocr_line' id='line_1_42' title="bbox 378 2538 2028 2609; baseline -0.001 -15"><span class='ocrx_word' id='word_1_305' title='bbox 378 2539 505 2595; x_wconf 85' lang='lat' dir='ltr'><strong>stici</strong></span> <span class='ocrx_word' id='word_1_306' title='bbox 542 2554 694 2607; x_wconf 92' lang='lat' dir='ltr'><strong>vero,</strong></span> <span class='ocrx_word' id='word_1_307' title='bbox 736 2541 880 2595; x_wconf 91' lang='lat' dir='ltr'><strong>sicut</strong></span> <span class='ocrx_word' id='word_1_308' title='bbox 936 2539 1128 2595; x_wconf 88' lang='lat' dir='ltr'><strong>rustici</strong></span> <span class='ocrx_word' id='word_1_309' title='bbox 1179 2539 1420 2609; x_wconf 88' lang='lat' dir='ltr'><strong>imperiti</strong></span> <span class='ocrx_word' id='word_1_310' title='bbox 1469 2542 1524 2593; x_wconf 89' lang='lat' dir='ltr'><strong>et</strong></span> <span class='ocrx_word' id='word_1_311' title='bbox 1578 2539 1646 2594; x_wconf 90' lang='lat' dir='ltr'><strong>ab</strong></span> <span class='ocrx_word' id='word_1_312' title='bbox 1695 2538 1889 2593; x_wconf 91' lang='lat' dir='ltr'><strong>eodem</strong></span> <span class='ocrx_word' id='word_1_313' title='bbox 1939 2551 2028 2592; x_wconf 89' lang='lat' dir='ltr'><strong>ca-</strong></span> 
     </span>
    </p>
   </div>
   <div class='ocr_carea' id='block_1_43' title="bbox 379 2627 2026 2700">
    <p class='ocr_par' dir='ltr' id='par_1_43' title="bbox 379 2627 2026 2700">
     <span class='ocr_line' id='line_1_43' title="bbox 379 2627 2026 2700; baseline -0.002 -16"><span class='ocrx_word' id='word_1_314' title='bbox 379 2629 540 2685; x_wconf 89' lang='lat' dir='ltr'><strong>stello</strong></span> <span class='ocrx_word' id='word_1_315' title='bbox 590 2629 759 2684; x_wconf 90' lang='lat' dir='ltr'><strong>multa</strong></span> <span class='ocrx_word' id='word_1_316' title='bbox 799 2629 940 2684; x_wconf 89' lang='lat' dir='ltr'><strong>mala</strong></span> <span class='ocrx_word' id='word_1_317' title='bbox 979 2629 1249 2700; x_wconf 91' lang='lat' dir='ltr'><strong>perpessi,</strong></span> <span class='ocrx_word' id='word_1_318' title='bbox 1282 2643 1407 2684; x_wconf 92' lang='lat' dir='ltr'><strong>cum</strong></span> <span class='ocrx_word' id='word_1_319' title='bbox 1446 2627 1631 2683; x_wconf 89' lang='lat' dir='ltr'><strong>nullus</strong></span> <span class='ocrx_word' id='word_1_320' title='bbox 1674 2628 1894 2682; x_wconf 89' lang='lat' dir='ltr'><strong>adesset</strong></span> <span class='ocrx_word' id='word_1_321' title='bbox 1931 2627 2026 2697; x_wconf 90' lang='lat' dir='ltr'><strong>qui</strong></span> 
     </span>
    </p>
   </div>
   <div class='ocr_carea' id='block_1_44' title="bbox 379 2716 2026 2791">
    <p class='ocr_par' dir='ltr' id='par_1_44' title="bbox 379 2716 2026 2791">
     <span class='ocr_line' id='line_1_44' title="bbox 379 2716 2026 2791; baseline -0.001 -17"><span class='ocrx_word' id='word_1_322' title='bbox 379 2720 692 2791; x_wconf 82' lang='lat' dir='ltr'><strong>castigaret,</strong></span> <span class='ocrx_word' id='word_1_323' title='bbox 752 2718 889 2774; x_wconf 89' lang='lat' dir='ltr'><strong>nihil</strong></span> <span class='ocrx_word' id='word_1_324' title='bbox 949 2720 1005 2774; x_wconf 89' lang='lat' dir='ltr'><strong>in</strong></span> <span class='ocrx_word' id='word_1_325' title='bbox 1063 2720 1184 2790; x_wconf 92' lang='lat' dir='ltr'><strong>ipso</strong></span> <span class='ocrx_word' id='word_1_326' title='bbox 1240 2718 1465 2774; x_wconf 90' lang='lat' dir='ltr'><strong>voluere</strong></span> <span class='ocrx_word' id='word_1_327' title='bbox 1519 2718 1779 2788; x_wconf 89' lang='lat' dir='ltr'><strong>relinqui,</strong></span> <span class='ocrx_word' id='word_1_328' title='bbox 1821 2731 1932 2788; x_wconf 91' lang='lat' dir='ltr'><strong>quo</strong></span> <span class='ocrx_word' id='word_1_329' title='bbox 1965 2716 2026 2748; x_wconf 80' lang='grc'><strong>¹⁸⁰</strong></span> 
     </span>
    </p>
   </div>
   <div class='ocr_carea' id='block_1_45' title="bbox 2119 1823 3773 1898">
    <p class='ocr_par' dir='ltr' id='par_1_45' title="bbox 2119 1823 3773 1898">
     <span class='ocr_line' id='line_1_45' title="bbox 2119 1823 3773 1898; baseline 0.002 -20"><span class='ocrx_word' id='word_1_330' title='bbox 2119 1823 2300 1880; x_wconf 89' lang='lat' dir='ltr'><strong>facere</strong></span> <span class='ocrx_word' id='word_1_331' title='bbox 2348 1826 2712 1892; x_wconf 90' lang='lat' dir='ltr'><strong>rennucbant,</strong></span> <span class='ocrx_word' id='word_1_332' title='bbox 2765 1828 2894 1898; x_wconf 88' lang='lat' dir='ltr'><strong>quia</strong></span> <span class='ocrx_word' id='word_1_333' title='bbox 2943 1826 3148 1882; x_wconf 89' lang='lat' dir='ltr'><strong>nullius</strong></span> <span class='ocrx_word' id='word_1_334' title='bbox 3195 1841 3319 1883; x_wconf 89' lang='lat' dir='ltr'><strong>eum</strong></span> <span class='ocrx_word' id='word_1_335' title='bbox 3367 1828 3589 1898; x_wconf 89' lang='lat' dir='ltr'><strong>pietatis</strong></span> <span class='ocrx_word' id='word_1_336' title='bbox 3646 1841 3773 1883; x_wconf 89' lang='lat' dir='ltr'><strong>esse</strong></span> 
     </span>
    </p>
   </div>
   <div class='ocr_carea' id='block_1_46' title="bbox 2116 1913 2772 1984">
    <p class='ocr_par' dir='ltr' id='par_1_46' title="bbox 2116 1913 2772 1984">
     <span class='ocr_line' id='line_1_46' title="bbox 2116 1913 2772 1984; baseline 0 -16"><span class='ocrx_word' id='word_1_337' title='bbox 2116 1927 2263 1983; x_wconf 72' lang='lat' dir='ltr'><strong>saepe</strong></span> <span class='ocrx_word' id='word_1_338' title='bbox 2295 1914 2506 1984; x_wconf 84' lang='lat' dir='ltr'><strong>experti</strong></span> <span class='ocrx_word' id='word_1_339' title='bbox 2536 1913 2772 1970; x_wconf 83' lang='lat' dir='ltr'><strong>fuerant.</strong></span> 
     </span>
    </p>
   </div>
   <div class='ocr_carea' id='block_1_47' title="bbox 2185 2003 3772 2076">
    <p class='ocr_par' dir='ltr' id='par_1_47' title="bbox 2185 2003 3772 2076">
     <span class='ocr_line' id='line_1_47' title="bbox 2185 2003 3772 2076; baseline 0.005 -20"><span class='ocrx_word' id='word_1_340' title='bbox 2185 2003 2274 2057; x_wconf 85' lang='lat'><strong>44.</strong></span> <span class='ocrx_word' id='word_1_341' title='bbox 2315 2008 2471 2061; x_wconf 88' lang='lat' dir='ltr'><strong>Anno</strong></span> <span class='ocrx_word' id='word_1_342' title='bbox 2520 2006 2689 2076; x_wconf 84' lang='lat' dir='ltr'><strong>igitur</strong></span> <span class='ocrx_word' id='word_1_343' title='bbox 2727 2010 2782 2061; x_wconf 90' lang='lat' dir='ltr'><strong>et</strong></span> <span class='ocrx_word' id='word_1_344' title='bbox 2830 2005 3085 2076; x_wconf 90' lang='lat' dir='ltr'><strong>amplius,</strong></span> <span class='ocrx_word' id='word_1_345' title='bbox 3147 2012 3440 2076; x_wconf 90' lang='lat' dir='ltr'><strong>postquam</strong></span> <span class='ocrx_word' id='word_1_346' title='bbox 3488 2005 3556 2062; x_wconf 93' lang='lat' dir='ltr'><strong>de</strong></span> <span class='ocrx_word' id='word_1_347' title='bbox 3595 2008 3772 2064; x_wconf 80' lang='lat' dir='ltr'><strong>Saxo-</strong></span> 
     </span>
    </p>
   </div>
   <div class='ocr_carea' id='block_1_48' title="bbox 2116 2093 3766 2167">
    <p class='ocr_par' dir='ltr' id='par_1_48' title="bbox 2116 2093 3766 2167">
     <span class='ocr_line' id='line_1_48' title="bbox 2116 2093 3766 2167; baseline 0.002 -18"><span class='ocrx_word' id='word_1_348' title='bbox 2116 2093 2205 2149; x_wconf 93' lang='lat' dir='ltr'><strong>nia</strong></span> <span class='ocrx_word' id='word_1_349' title='bbox 2254 2109 2348 2149; x_wconf 87' lang='lat' dir='ltr'><strong>rex</strong></span> <span class='ocrx_word' id='word_1_350' title='bbox 2398 2094 2550 2160; x_wconf 89' lang='lat' dir='ltr'><strong>abiit,</strong></span> <span class='ocrx_word' id='word_1_351' title='bbox 2596 2094 2839 2161; x_wconf 90' lang='lat' dir='ltr'><strong>evoluto,</strong></span> <span class='ocrx_word' id='word_1_352' title='bbox 2882 2110 3048 2165; x_wconf 89' lang='lat' dir='ltr'><strong>quum</strong></span> <span class='ocrx_word' id='word_1_353' title='bbox 3099 2109 3196 2150; x_wconf 87' lang='lat' dir='ltr'><strong>rex</strong></span> <span class='ocrx_word' id='word_1_354' title='bbox 3242 2102 3388 2152; x_wconf 90' lang='lat' dir='ltr'><strong>esset</strong></span> <span class='ocrx_word' id='word_1_355' title='bbox 3447 2098 3766 2167; x_wconf 65' lang='lat' dir='ltr'><strong>Maguntim,</strong></span> 
     </span>
    </p>
   </div>
   <div class='ocr_carea' id='block_1_49' title="bbox 2114 2183 3764 2257">
    <p class='ocr_par' dir='ltr' id='par_1_49' title="bbox 2114 2183 3764 2257">
     <span class='ocr_line' id='line_1_49' title="bbox 2114 2183 3764 2257; baseline 0 -19"><span class='ocrx_word' id='word_1_356' title='bbox 2114 2183 2170 2238; x_wconf 87' lang='lat' dir='ltr'><strong>in</strong></span> <span class='ocrx_word' id='word_1_357' title='bbox 2206 2183 2499 2239; x_wconf 73' lang='lat' dir='ltr'><strong>dominicae</strong></span> <span class='ocrx_word' id='word_1_358' title='bbox 2533 2185 2956 2239; x_wconf 89' lang='lat' dir='ltr'><strong>resurrectionis</strong></span> <span class='ocrx_word' id='word_1_359' title='bbox 2987 2183 3126 2240; x_wconf 91' lang='lat' dir='ltr'><strong>festo</strong></span> <span class='ocrx_word' id='word_1_360' title='bbox 3161 2183 3278 2255; x_wconf 84' lang='lat' dir='ltr'><strong>(an.</strong></span> <span class='ocrx_word' id='word_1_361' title='bbox 3318 2185 3472 2250; x_wconf 86' lang='lat'><strong>1075,</strong></span> <span class='ocrx_word' id='word_1_362' title='bbox 3506 2188 3638 2257; x_wconf 84' lang='lat' dir='ltr'><strong>Apr.</strong></span> <span class='ocrx_word' id='word_1_363' title='bbox 3671 2185 3764 2257; x_wconf 89' lang='lat'><strong>5),</strong></span> 
     </span>
    </p>
   </div>
   <div class='ocr_carea' id='block_1_50' title="bbox 2111 2272 3766 2346">
    <p class='ocr_par' dir='ltr' id='par_1_50' title="bbox 2111 2272 3766 2346">
     <span class='ocr_line' id='line_1_50' title="bbox 2111 2272 3766 2346; baseline 0.002 -20"><span class='ocrx_word' id='word_1_364' title='bbox 2111 2272 2382 2327; x_wconf 86' lang='lat' dir='ltr'><strong>Saxonum</strong></span> <span class='ocrx_word' id='word_1_365' title='bbox 2439 2273 2663 2328; x_wconf 90' lang='lat' dir='ltr'><strong>nuntius</strong></span> <span class='ocrx_word' id='word_1_366' title='bbox 2723 2273 2855 2329; x_wconf 90' lang='lat' dir='ltr'><strong>illuc</strong></span> <span class='ocrx_word' id='word_1_367' title='bbox 2913 2288 3036 2329; x_wconf 92' lang='lat' dir='ltr'><strong>cum</strong></span> <span class='ocrx_word' id='word_1_368' title='bbox 3102 2273 3306 2329; x_wconf 89' lang='lat' dir='ltr'><strong>litteris</strong></span> <span class='ocrx_word' id='word_1_369' title='bbox 3363 2276 3560 2342; x_wconf 87' lang='lat' dir='ltr'><strong>venit,</strong></span> <span class='ocrx_word' id='word_1_370' title='bbox 3623 2289 3766 2346; x_wconf 89' lang='lat' dir='ltr'><strong>quas</strong></span> 
     </span>
    </p>
   </div>
   <div class='ocr_carea' id='block_1_51' title="bbox 2111 2361 3764 2433">
    <p class='ocr_par' dir='ltr' id='par_1_51' title="bbox 2111 2361 3764 2433">
     <span class='ocr_line' id='line_1_51' title="bbox 2111 2361 3764 2433; baseline 0.002 -18"><span class='ocrx_word' id='word_1_371' title='bbox 2111 2361 2289 2416; x_wconf 92' lang='lat' dir='ltr'><strong>Udoni</strong></span> <span class='ocrx_word' id='word_1_372' title='bbox 2339 2362 2658 2417; x_wconf 89' lang='lat' dir='ltr'><strong>Treverensi</strong></span> <span class='ocrx_word' id='word_1_373' title='bbox 2707 2362 3150 2433; x_wconf 87' lang='lat' dir='ltr'><strong>archiepiscopo,</strong></span> <span class='ocrx_word' id='word_1_374' title='bbox 3185 2363 3280 2432; x_wconf 90' lang='lat' dir='ltr'><strong>qui</strong></span> <span class='ocrx_word' id='word_1_375' title='bbox 3330 2365 3524 2418; x_wconf 90' lang='lat' dir='ltr'><strong>missas</strong></span> <span class='ocrx_word' id='word_1_376' title='bbox 3563 2377 3629 2419; x_wconf 91' lang='lat' dir='ltr'><strong>eo</strong></span> <span class='ocrx_word' id='word_1_377' title='bbox 3666 2364 3764 2420; x_wconf 89' lang='lat' dir='ltr'><strong>die</strong></span> 
     </span>
    </p>
   </div>
   <div class='ocr_carea' id='block_1_52' title="bbox 2111 2449 3768 2522">
    <p class='ocr_par' dir='ltr' id='par_1_52' title="bbox 2111 2449 3768 2522">
     <span class='ocr_line' id='line_1_52' title="bbox 2111 2449 3768 2522; baseline 0.001 -16"><span class='ocrx_word' id='word_1_378' title='bbox 2111 2449 2444 2517; x_wconf 89' lang='lat' dir='ltr'><strong>celebrabat,</strong></span> <span class='ocrx_word' id='word_1_379' title='bbox 2479 2465 2602 2506; x_wconf 90' lang='lat' dir='ltr'><strong>cum</strong></span> <span class='ocrx_word' id='word_1_380' title='bbox 2633 2457 2785 2507; x_wconf 91' lang='lat' dir='ltr'><strong>stans</strong></span> <span class='ocrx_word' id='word_1_381' title='bbox 2814 2453 2869 2506; x_wconf 93' lang='lat' dir='ltr'><strong>in</strong></span> <span class='ocrx_word' id='word_1_382' title='bbox 2914 2451 3128 2522; x_wconf 89' lang='lat' dir='ltr'><strong>pulpito</strong></span> <span class='ocrx_word' id='word_1_383' title='bbox 3169 2450 3373 2508; x_wconf 89' lang='lat' dir='ltr'><strong>faceret</strong></span> <span class='ocrx_word' id='word_1_384' title='bbox 3411 2453 3619 2522; x_wconf 90' lang='lat' dir='ltr'><strong>populo</strong></span> <span class='ocrx_word' id='word_1_385' title='bbox 3649 2467 3768 2508; x_wconf 90' lang='lat' dir='ltr'><strong>ser-</strong></span> 
     </span>
    </p>
   </div>
   <div class='ocr_carea' id='block_1_53' title="bbox 2111 2540 3768 2611">
    <p class='ocr_par' dir='ltr' id='par_1_53' title="bbox 2111 2540 3768 2611">
     <span class='ocr_line' id='line_1_53' title="bbox 2111 2540 3768 2611; baseline 0.003 -18"><span class='ocrx_word' id='word_1_386' title='bbox 2111 2547 2350 2606; x_wconf 90' lang='lat' dir='ltr'><strong>monem,</strong></span> <span class='ocrx_word' id='word_1_387' title='bbox 2393 2542 2660 2610; x_wconf 87' lang='lat' dir='ltr'><strong>porrexit,</strong></span> <span class='ocrx_word' id='word_1_388' title='bbox 2702 2549 2757 2596; x_wconf 91' lang='lat' dir='ltr'><strong>et</strong></span> <span class='ocrx_word' id='word_1_389' title='bbox 2806 2546 2866 2595; x_wconf 89' lang='lat' dir='ltr'><strong>ut</strong></span> <span class='ocrx_word' id='word_1_390' title='bbox 2906 2555 2999 2596; x_wconf 89' lang='lat' dir='ltr'><strong>eas</strong></span> <span class='ocrx_word' id='word_1_391' title='bbox 3047 2540 3194 2596; x_wconf 89' lang='lat' dir='ltr'><strong>omni</strong></span> <span class='ocrx_word' id='word_1_392' title='bbox 3245 2543 3451 2611; x_wconf 86' lang='lat' dir='ltr'><strong>populo</strong></span> <span class='ocrx_word' id='word_1_393' title='bbox 3502 2543 3768 2599; x_wconf 87' lang='lat' dir='ltr'><strong>recitaret</strong></span> 
     </span>
    </p>
   </div>
   <div class='ocr_carea' id='block_1_54' title="bbox 2108 2630 3766 2702">
    <p class='ocr_par' dir='ltr' id='par_1_54' title="bbox 2108 2630 3766 2702">
     <span class='ocr_line' id='line_1_54' title="bbox 2108 2630 3766 2702; baseline 0.002 -18"><span class='ocrx_word' id='word_1_394' title='bbox 2108 2633 2164 2684; x_wconf 91' lang='lat' dir='ltr'><strong>et</strong></span> <span class='ocrx_word' id='word_1_395' title='bbox 2220 2634 2543 2698; x_wconf 88' lang='lat' dir='ltr'><strong>exponeret,</strong></span> <span class='ocrx_word' id='word_1_396' title='bbox 2607 2644 2672 2685; x_wconf 90' lang='lat' dir='ltr'><strong>ex</strong></span> <span class='ocrx_word' id='word_1_397' title='bbox 2730 2630 2972 2686; x_wconf 88' lang='lat' dir='ltr'><strong>omnium</strong></span> <span class='ocrx_word' id='word_1_398' title='bbox 3032 2643 3269 2699; x_wconf 90' lang='lat' dir='ltr'><strong>persona</strong></span> <span class='ocrx_word' id='word_1_399' title='bbox 3326 2632 3601 2688; x_wconf 89' lang='lat' dir='ltr'><strong>Saxonum</strong></span> <span class='ocrx_word' id='word_1_400' title='bbox 3660 2648 3766 2702; x_wconf 86' lang='lat' dir='ltr'><strong>pro</strong></span> 
     </span>
    </p>
   </div>
   <div class='ocr_carea' id='block_1_55' title="bbox 2105 2716 3762 2790">
    <p class='ocr_par' dir='ltr' id='par_1_55' title="bbox 2105 2716 3762 2790">
     <span class='ocr_line' id='line_1_55' title="bbox 2105 2716 3762 2790; baseline 0.003 -19"><span class='ocrx_word' id='word_1_401' title='bbox 2105 2716 2202 2772; x_wconf 92' lang='lat' dir='ltr'><strong>Dei</strong></span> <span class='ocrx_word' id='word_1_402' title='bbox 2251 2732 2436 2773; x_wconf 91' lang='lat' dir='ltr'><strong>amore</strong></span> <span class='ocrx_word' id='word_1_403' title='bbox 2485 2719 2716 2789; x_wconf 83' lang='lat' dir='ltr'><strong>rogavit.</strong></span> <span class='ocrx_word' id='word_1_404' title='bbox 2760 2718 2913 2787; x_wconf 87' lang='lat' dir='ltr'><strong>Quod</strong></span> <span class='ocrx_word' id='word_1_405' title='bbox 2956 2733 3079 2773; x_wconf 89' lang='lat' dir='ltr'><strong>cum</strong></span> <span class='ocrx_word' id='word_1_406' title='bbox 3129 2734 3222 2774; x_wconf 85' lang='lat' dir='ltr'><strong>rex</strong></span> <span class='ocrx_word' id='word_1_407' title='bbox 3263 2719 3381 2774; x_wconf 79' lang='lat' dir='ltr'><strong>fieri</strong></span> <span class='ocrx_word' id='word_1_408' title='bbox 3432 2721 3762 2790; x_wconf 88' lang='lat' dir='ltr'><strong>prohiberet</strong></span> 
     </span>
    </p>
   </div>
   <div class='ocr_carea' id='block_1_56' title="bbox 377 2807 3767 2880">
    <p class='ocr_par' dir='ltr' id='par_1_56' title="bbox 377 2807 3767 2880">
     <span class='ocr_line' id='line_1_56' title="bbox 377 2807 3767 2880; baseline 0.001 -17"><span class='ocrx_word' id='word_1_409' title='bbox 377 2807 576 2865; x_wconf 90' lang='lat' dir='ltr'><strong>iterum</strong></span> <span class='ocrx_word' id='word_1_410' title='bbox 606 2809 837 2865; x_wconf 89' lang='lat' dir='ltr'><strong>deberet</strong></span> <span class='ocrx_word' id='word_1_411' title='bbox 884 2809 1159 2864; x_wconf 89' lang='lat' dir='ltr'><strong>renovari.</strong></span> <span class='ocrx_word' id='word_1_412' title='bbox 1195 2810 1391 2864; x_wconf 90' lang='lat' dir='ltr'><strong>Postea</strong></span> <span class='ocrx_word' id='word_1_413' title='bbox 1429 2808 1632 2878; x_wconf 69' lang='lat' dir='ltr'><strong>saepius</strong></span> <span class='ocrx_word' id='word_1_414' title='bbox 1661 2807 1885 2864; x_wconf 93' lang='lat' dir='ltr'><strong>domino</strong></span> <span class='ocrx_word' id='word_1_415' title='bbox 1918 2821 2022 2863; x_wconf 90' lang='lat' dir='ltr'><strong>no-</strong></span> <span class='ocrx_word' id='word_1_416' title='bbox 2105 2807 2331 2862; x_wconf 88' lang='lat' dir='ltr'><strong>nuntius</strong></span> <span class='ocrx_word' id='word_1_417' title='bbox 2370 2808 2487 2878; x_wconf 82' lang='lat' dir='ltr'><strong>ipse</strong></span> <span class='ocrx_word' id='word_1_418' title='bbox 2526 2807 2834 2863; x_wconf 89' lang='lat' dir='ltr'><strong>litterarum</strong></span> <span class='ocrx_word' id='word_1_419' title='bbox 2865 2822 3082 2862; x_wconf 90' lang='lat' dir='ltr'><strong>sensum</strong></span> <span class='ocrx_word' id='word_1_420' title='bbox 3125 2814 3326 2864; x_wconf 87' lang='lat' dir='ltr'><strong>cuncto</strong></span> <span class='ocrx_word' id='word_1_421' title='bbox 3367 2810 3574 2880; x_wconf 90' lang='lat' dir='ltr'><strong>populo</strong></span> <span class='ocrx_word' id='word_1_422' title='bbox 3607 2810 3767 2867; x_wconf 83' lang='lat' dir='ltr'><strong>brevi</strong></span> 
     </span>
    </p>
   </div>
   <div class='ocr_carea' id='block_1_57' title="bbox 377 2896 3764 2972">
    <p class='ocr_par' dir='ltr' id='par_1_57' title="bbox 377 2896 3764 2972">
     <span class='ocr_line' id='line_1_57' title="bbox 377 2896 3764 2972; baseline 0.001 -20"><span class='ocrx_word' id='word_1_423' title='bbox 377 2903 492 2954; x_wconf 90' lang='lat' dir='ltr'><strong>stro</strong></span> <span class='ocrx_word' id='word_1_424' title='bbox 524 2899 641 2971; x_wconf 87' lang='lat' dir='ltr'><strong>regi</strong></span> <span class='ocrx_word' id='word_1_425' title='bbox 690 2899 1018 2972; x_wconf 88' lang='lat' dir='ltr'><strong>legationem</strong></span> <span class='ocrx_word' id='word_1_426' title='bbox 1069 2899 1212 2954; x_wconf 87' lang='lat' dir='ltr'><strong>sicut</strong></span> <span class='ocrx_word' id='word_1_427' title='bbox 1251 2897 1486 2954; x_wconf 90' lang='lat' dir='ltr'><strong>humiles</strong></span> <span class='ocrx_word' id='word_1_428' title='bbox 1523 2898 1667 2952; x_wconf 88' lang='lat' dir='ltr'><strong>servi</strong></span> <span class='ocrx_word' id='word_1_429' title='bbox 1699 2911 1821 2952; x_wconf 90' lang='lat' dir='ltr'><strong>eum</strong></span> <span class='ocrx_word' id='word_1_430' title='bbox 1852 2896 2022 2952; x_wconf 91' lang='lat' dir='ltr'><strong>multa</strong></span> <span class='ocrx_word' id='word_1_431' title='bbox 2109 2909 2364 2952; x_wconf 87' lang='lat' dir='ltr'><strong>sermone</strong></span> <span class='ocrx_word' id='word_1_432' title='bbox 2433 2896 2668 2952; x_wconf 83' lang='lat' dir='ltr'><strong>ﬁdenter</strong></span> <span class='ocrx_word' id='word_1_433' title='bbox 2723 2896 3022 2966; x_wconf 85' lang='lat' dir='ltr'><strong>exposuit,</strong></span> <span class='ocrx_word' id='word_1_434' title='bbox 3077 2903 3130 2952; x_wconf 90' lang='lat' dir='ltr'><strong>et</strong></span> <span class='ocrx_word' id='word_1_435' title='bbox 3185 2911 3376 2953; x_wconf 91' lang='lat' dir='ltr'><strong>omnes</strong></span> <span class='ocrx_word' id='word_1_436' title='bbox 3432 2899 3526 2969; x_wconf 90' lang='lat' dir='ltr'><strong>qui</strong></span> <span class='ocrx_word' id='word_1_437' title='bbox 3589 2901 3764 2956; x_wconf 88' lang='lat' dir='ltr'><strong>Deum</strong></span> 
     </span>
    </p>
   </div>
   <div class='ocr_carea' id='block_1_58' title="bbox 376 2986 3766 3060">
    <p class='ocr_par' dir='ltr' id='par_1_58' title="bbox 376 2986 3766 3060">
     <span class='ocr_line' id='line_1_58' title="bbox 376 2986 3766 3060; baseline 0.001 -18"><span class='ocrx_word' id='word_1_438' title='bbox 376 2988 778 3057; x_wconf 85' lang='lat' dir='ltr'><strong>supplicatione</strong></span> <span class='ocrx_word' id='word_1_439' title='bbox 827 2989 1094 3054; x_wconf 90' lang='lat' dir='ltr'><strong>misimus,</strong></span> <span class='ocrx_word' id='word_1_440' title='bbox 1127 2993 1206 3054; x_wconf 92' lang='lat' dir='ltr'><strong>ut,</strong></span> <span class='ocrx_word' id='word_1_441' title='bbox 1240 2988 1287 3042; x_wconf 92' lang='lat' dir='ltr'><strong>si</strong></span> <span class='ocrx_word' id='word_1_442' title='bbox 1336 2987 1469 3057; x_wconf 88' lang='lat' dir='ltr'><strong>quid</strong></span> <span class='ocrx_word' id='word_1_443' title='bbox 1517 2986 1574 3042; x_wconf 91' lang='lat' dir='ltr'><strong>in</strong></span> <span class='ocrx_word' id='word_1_444' title='bbox 1621 2986 1714 3042; x_wconf 91' lang='lat' dir='ltr'><strong>illa</strong></span> <span class='ocrx_word' id='word_1_445' title='bbox 1755 2987 1838 3042; x_wconf 92' lang='lat' dir='ltr'><strong>vel</strong></span> <span class='ocrx_word' id='word_1_446' title='bbox 1888 3000 2022 3057; x_wconf 91' lang='lat' dir='ltr'><strong>qua-</strong></span> <span class='ocrx_word' id='word_1_447' title='bbox 2107 2987 2412 3053; x_wconf 89' lang='lat' dir='ltr'><strong>timerent,</strong></span> <span class='ocrx_word' id='word_1_448' title='bbox 2472 3000 2540 3041; x_wconf 92' lang='lat' dir='ltr'><strong>ne</strong></span> <span class='ocrx_word' id='word_1_449' title='bbox 2599 2987 2888 3042; x_wconf 88' lang='lat' dir='ltr'><strong>Saxoniam</strong></span> <span class='ocrx_word' id='word_1_450' title='bbox 2924 3029 2939 3053; x_wconf 96' lang='lat'><strong>,</strong></span> <span class='ocrx_word' id='word_1_451' title='bbox 3009 2987 3162 3056; x_wconf 88' lang='lat' dir='ltr'><strong>prius</strong></span> <span class='ocrx_word' id='word_1_452' title='bbox 3219 3002 3382 3057; x_wconf 86' lang='lat' dir='ltr'><strong>quam</strong></span> <span class='ocrx_word' id='word_1_453' title='bbox 3440 2988 3509 3043; x_wconf 90' lang='lat' dir='ltr'><strong>de</strong></span> <span class='ocrx_word' id='word_1_454' title='bbox 3567 2989 3766 3060; x_wconf 89' lang='lat' dir='ltr'><strong>aliquo</strong></span> 
     </span>
    </p>
   </div>
   <div class='ocr_carea' id='block_1_59' title="bbox 377 3061 3763 3146">
    <p class='ocr_par' dir='ltr' id='par_1_59' title="bbox 377 3061 3763 3146">
     <span class='ocr_line' id='line_1_59' title="bbox 377 3061 3763 3146; baseline 0.001 -16"><span class='ocrx_word' id='word_1_455' title='bbox 377 3075 514 3131; x_wconf 89' lang='lat' dir='ltr'><strong>libet</strong></span> <span class='ocrx_word' id='word_1_456' title='bbox 560 3092 722 3132; x_wconf 89' lang='lat' dir='ltr'><strong>causa</strong></span> <span class='ocrx_word' id='word_1_457' title='bbox 771 3084 964 3133; x_wconf 89' lang='lat' dir='ltr'><strong>contra</strong></span> <span class='ocrx_word' id='word_1_458' title='bbox 1016 3091 1138 3132; x_wconf 91' lang='lat' dir='ltr'><strong>eum</strong></span> <span class='ocrx_word' id='word_1_459' title='bbox 1188 3075 1383 3132; x_wconf 88' lang='lat' dir='ltr'><strong>fecisse</strong></span> <span class='ocrx_word' id='word_1_460' title='bbox 1430 3077 1762 3145; x_wconf 89' lang='lat' dir='ltr'><strong>videremur,</strong></span> <span class='ocrx_word' id='word_1_461' title='bbox 1816 3061 2334 3146; x_wconf 80' lang='lat' dir='ltr'><strong>princi-Ccrimine</strong></span> <span class='ocrx_word' id='word_1_462' title='bbox 2393 3076 2644 3130; x_wconf 87' lang='lat' dir='ltr'><strong>convicta</strong></span> <span class='ocrx_word' id='word_1_463' title='bbox 2701 3074 2923 3143; x_wconf 85' lang='lat' dir='ltr'><strong>fuisset,</strong></span> <span class='ocrx_word' id='word_1_464' title='bbox 2983 3075 3149 3130; x_wconf 89' lang='lat' dir='ltr'><strong>armis</strong></span> <span class='ocrx_word' id='word_1_465' title='bbox 3205 3076 3463 3132; x_wconf 89' lang='lat' dir='ltr'><strong>invadere</strong></span> <span class='ocrx_word' id='word_1_466' title='bbox 3519 3078 3763 3145; x_wconf 88' lang='lat' dir='ltr'><strong>vellent,</strong></span> 
     </span>
    </p>
   </div>
   <div class='ocr_carea' id='block_1_60' title="bbox 378 3164 3764 3236">
    <p class='ocr_par' dir='ltr' id='par_1_60' title="bbox 378 3164 3764 3236">
     <span class='ocr_line' id='line_1_60' title="bbox 378 3164 3764 3236; baseline 0.001 -15"><span class='ocrx_word' id='word_1_467' title='bbox 378 3180 505 3236; x_wconf 90' lang='lat' dir='ltr'><strong>pum</strong></span> <span class='ocrx_word' id='word_1_468' title='bbox 554 3181 775 3222; x_wconf 92' lang='lat' dir='ltr'><strong>suorum</strong></span> <span class='ocrx_word' id='word_1_469' title='bbox 828 3167 1039 3236; x_wconf 82' lang='lat' dir='ltr'><strong>judicio</strong></span> <span class='ocrx_word' id='word_1_470' title='bbox 1098 3166 1180 3222; x_wconf 87' lang='lat' dir='ltr'><strong>vel</strong></span> <span class='ocrx_word' id='word_1_471' title='bbox 1238 3166 1488 3236; x_wconf 90' lang='lat' dir='ltr'><strong>negando</strong></span> <span class='ocrx_word' id='word_1_472' title='bbox 1538 3167 1622 3220; x_wconf 87' lang='lat' dir='ltr'><strong>vel</strong></span> <span class='ocrx_word' id='word_1_473' title='bbox 1673 3167 2016 3223; x_wconf 91' lang='lat' dir='ltr'><strong>emendando</strong></span> <span class='ocrx_word' id='word_1_474' title='bbox 2105 3165 2288 3220; x_wconf 88' lang='lat' dir='ltr'><strong>verbis</strong></span> <span class='ocrx_word' id='word_1_475' title='bbox 2341 3165 2583 3220; x_wconf 92' lang='lat' dir='ltr'><strong>omnium</strong></span> <span class='ocrx_word' id='word_1_476' title='bbox 2637 3166 2909 3221; x_wconf 89' lang='lat' dir='ltr'><strong>Saxonum</strong></span> <span class='ocrx_word' id='word_1_477' title='bbox 2969 3164 3284 3234; x_wconf 90' lang='lat' dir='ltr'><strong>postulavit.</strong></span> <span class='ocrx_word' id='word_1_478' title='bbox 3328 3166 3433 3223; x_wconf 90' lang='lat' dir='ltr'><strong>Sed</strong></span> <span class='ocrx_word' id='word_1_479' title='bbox 3474 3166 3588 3224; x_wconf 86' lang='lat' dir='ltr'><strong>dux</strong></span> <span class='ocrx_word' id='word_1_480' title='bbox 3625 3170 3764 3223; x_wconf 87' lang='lat' dir='ltr'><strong>Sue-</strong></span> 
     </span>
    </p>
   </div>
   <div class='ocr_carea' id='block_1_61' title="bbox 377 3253 3761 3329">
    <p class='ocr_par' dir='ltr' id='par_1_61' title="bbox 377 3253 3761 3329">
     <span class='ocr_line' id='line_1_61' title="bbox 377 3253 3761 3329; baseline 0.001 -18"><span class='ocrx_word' id='word_1_481' title='bbox 377 3255 839 3311; x_wconf 87' lang='lat' dir='ltr'><strong>satisfaceremus.</strong></span> <span class='ocrx_word' id='word_1_482' title='bbox 909 3258 1075 3324; x_wconf 89' lang='lat' dir='ltr'><strong>Quam</strong></span> <span class='ocrx_word' id='word_1_483' title='bbox 1145 3255 1474 3326; x_wconf 89' lang='lat' dir='ltr'><strong>legationem</strong></span> <span class='ocrx_word' id='word_1_484' title='bbox 1531 3256 1661 3326; x_wconf 90' lang='lat' dir='ltr'><strong>quia</strong></span> <span class='ocrx_word' id='word_1_485' title='bbox 1717 3256 1896 3312; x_wconf 90' lang='lat' dir='ltr'><strong>adhuc</strong></span> <span class='ocrx_word' id='word_1_486' title='bbox 1962 3262 2022 3312; x_wconf 88' lang='lat' dir='ltr'><strong>ut</strong></span> <span class='ocrx_word' id='word_1_487' title='bbox 2101 3268 2290 3310; x_wconf 92' lang='lat' dir='ltr'><strong>vorum</strong></span> <span class='ocrx_word' id='word_1_488' title='bbox 2357 3253 2626 3310; x_wconf 83' lang='lat' dir='ltr'><strong>Rodulfus</strong></span> <span class='ocrx_word' id='word_1_489' title='bbox 2690 3253 2918 3310; x_wconf 72' lang='lat' dir='ltr'><strong>fmderis</strong></span> <span class='ocrx_word' id='word_1_490' title='bbox 2974 3269 3004 3309; x_wconf 91' lang='lat' dir='ltr'><strong>a</strong></span> <span class='ocrx_word' id='word_1_491' title='bbox 3071 3256 3380 3311; x_wconf 88' lang='lat' dir='ltr'><strong>Saxonibus</strong></span> <span class='ocrx_word' id='word_1_492' title='bbox 3435 3271 3558 3311; x_wconf 87' lang='lat' dir='ltr'><strong>cum</strong></span> <span class='ocrx_word' id='word_1_493' title='bbox 3627 3272 3761 3329; x_wconf 88' lang='lat' dir='ltr'><strong>rege</strong></span> 
     </span>
    </p>
   </div>
   <div class='ocr_carea' id='block_1_62' title="bbox 374 3344 2016 3415">
    <p class='ocr_par' dir='ltr' id='par_1_62' title="bbox 374 3344 2016 3415">
     <span class='ocr_line' id='line_1_62' title="bbox 374 3344 2016 3415; baseline -0.001 -14"><span class='ocrx_word' id='word_1_494' title='bbox 374 3344 628 3414; x_wconf 90' lang='lat' dir='ltr'><strong>accipere</strong></span> <span class='ocrx_word' id='word_1_495' title='bbox 687 3345 851 3400; x_wconf 88' lang='lat' dir='ltr'><strong>vellet</strong></span> <span class='ocrx_word' id='word_1_496' title='bbox 919 3345 1102 3400; x_wconf 92' lang='lat' dir='ltr'><strong>nullus</strong></span> <span class='ocrx_word' id='word_1_497' title='bbox 1156 3344 1361 3401; x_wconf 87' lang='lat' dir='ltr'><strong>auxilio</strong></span> <span class='ocrx_word' id='word_1_498' title='bbox 1409 3345 1660 3400; x_wconf 89' lang='lat' dir='ltr'><strong>obtinere</strong></span> <span class='ocrx_word' id='word_1_499' title='bbox 1719 3347 2016 3415; x_wconf 89' lang='lat' dir='ltr'><strong>potuimus,</strong></span> 
     </span>
    </p>
   </div>
   <div class='ocr_carea' id='block_1_63' title="bbox 371 3431 2018 3504">
    <p class='ocr_par' dir='ltr' id='par_1_63' title="bbox 371 3431 2018 3504">
     <span class='ocr_line' id='line_1_63' title="bbox 371 3431 2018 3504; baseline -0.001 -16"><span class='ocrx_word' id='word_1_500' title='bbox 371 3439 568 3490; x_wconf 70' lang='lat' dir='ltr'><strong>vestrae</strong></span> <span class='ocrx_word' id='word_1_501' title='bbox 605 3435 881 3490; x_wconf 89' lang='lat' dir='ltr'><strong>sanctitati</strong></span> <span class='ocrx_word' id='word_1_502' title='bbox 922 3433 1080 3489; x_wconf 89' lang='lat' dir='ltr'><strong>simul</strong></span> <span class='ocrx_word' id='word_1_503' title='bbox 1115 3447 1326 3500; x_wconf 91' lang='lat' dir='ltr'><strong>omnes,</strong></span> <span class='ocrx_word' id='word_1_504' title='bbox 1370 3433 1604 3504; x_wconf 90' lang='lat' dir='ltr'><strong>pedibus</strong></span> <span class='ocrx_word' id='word_1_505' title='bbox 1632 3433 1828 3489; x_wconf 90' lang='lat' dir='ltr'><strong>vestris</strong></span> <span class='ocrx_word' id='word_1_506' title='bbox 1857 3431 2018 3486; x_wconf 86' lang='lat' dir='ltr'><strong>advo-</strong></span> 
     </span>
    </p>
   </div>
   <div class='ocr_carea' id='block_1_64' title="bbox 370 3521 2016 3595">
    <p class='ocr_par' dir='ltr' id='par_1_64' title="bbox 370 3521 2016 3595">
     <span class='ocr_line' id='line_1_64' title="bbox 370 3521 2016 3595; baseline -0.002 -16"><span class='ocrx_word' id='word_1_507' title='bbox 370 3522 509 3589; x_wconf 92' lang='lat' dir='ltr'><strong>luti,</strong></span> <span class='ocrx_word' id='word_1_508' title='bbox 563 3524 954 3595; x_wconf 86' lang='lat' dir='ltr'><strong>supplicamus,</strong></span> <span class='ocrx_word' id='word_1_509' title='bbox 1019 3528 1078 3579; x_wconf 92' lang='lat' dir='ltr'><strong>ut</strong></span> <span class='ocrx_word' id='word_1_510' title='bbox 1141 3522 1301 3579; x_wconf 91' lang='lat' dir='ltr'><strong>nobis</strong></span> <span class='ocrx_word' id='word_1_511' title='bbox 1369 3524 1515 3578; x_wconf 89' lang='lat' dir='ltr'><strong>iram</strong></span> <span class='ocrx_word' id='word_1_512' title='bbox 1575 3521 1781 3578; x_wconf 91' lang='lat' dir='ltr'><strong>domini</strong></span> <span class='ocrx_word' id='word_1_513' title='bbox 1842 3521 2016 3576; x_wconf 86' lang='lat' dir='ltr'><strong>nostri</strong></span> 
     </span>
    </p>
   </div>
   <div class='ocr_carea' id='block_1_65' title="bbox 367 3608 2016 3684">
    <p class='ocr_par' dir='ltr' id='par_1_65' title="bbox 367 3608 2016 3684">
     <span class='ocr_line' id='line_1_65' title="bbox 367 3608 2016 3684; baseline 0 -20"><span class='ocrx_word' id='word_1_514' title='bbox 367 3611 516 3681; x_wconf 86' lang='lat' dir='ltr'><strong>regis</strong></span> <span class='ocrx_word' id='word_1_515' title='bbox 572 3613 824 3683; x_wconf 88' lang='lat' dir='ltr'><strong>mitigare</strong></span> <span class='ocrx_word' id='word_1_516' title='bbox 873 3613 1073 3680; x_wconf 91' lang='lat' dir='ltr'><strong>velitis,</strong></span> <span class='ocrx_word' id='word_1_517' title='bbox 1125 3613 1287 3684; x_wconf 90' lang='lat' dir='ltr'><strong>eique</strong></span> <span class='ocrx_word' id='word_1_518' title='bbox 1337 3612 1569 3667; x_wconf 90' lang='lat' dir='ltr'><strong>suadere</strong></span> <span class='ocrx_word' id='word_1_519' title='bbox 1611 3618 1689 3679; x_wconf 91' lang='lat' dir='ltr'><strong>ut,</strong></span> <span class='ocrx_word' id='word_1_520' title='bbox 1733 3610 1881 3681; x_wconf 90' lang='lat' dir='ltr'><strong>quod</strong></span> <span class='ocrx_word' id='word_1_521' title='bbox 1923 3608 2016 3664; x_wconf 90' lang='lat' dir='ltr'><strong>uni</strong></span> 
     </span>
    </p>
   </div>
   <div class='ocr_carea' id='block_1_66' title="bbox 370 3697 2012 3773">
    <p class='ocr_par' dir='ltr' id='par_1_66' title="bbox 370 3697 2012 3773">
     <span class='ocr_line' id='line_1_66' title="bbox 370 3697 2012 3773; baseline -0.001 -18"><span class='ocrx_word' id='word_1_522' title='bbox 370 3697 576 3757; x_wconf 88' lang='lat' dir='ltr'><strong>faceret</strong></span> <span class='ocrx_word' id='word_1_523' title='bbox 631 3702 882 3769; x_wconf 91' lang='lat' dir='ltr'><strong>homini,</strong></span> <span class='ocrx_word' id='word_1_524' title='bbox 939 3702 1118 3758; x_wconf 90' lang='lat' dir='ltr'><strong>facere</strong></span> <span class='ocrx_word' id='word_1_525' title='bbox 1175 3703 1434 3773; x_wconf 86' lang='lat' dir='ltr'><strong>dignetur</strong></span> <span class='ocrx_word' id='word_1_526' title='bbox 1490 3703 1758 3757; x_wconf 75' lang='lat' dir='ltr'><strong>universae</strong></span> <span class='ocrx_word' id='word_1_527' title='bbox 1815 3700 2012 3772; x_wconf 90' lang='lat' dir='ltr'><strong>genti,</strong></span> 
     </span>
    </p>
   </div>
   <div class='ocr_carea' id='block_1_67' title="bbox 369 3789 2021 3861">
    <p class='ocr_par' dir='ltr' id='par_1_67' title="bbox 369 3789 2021 3861">
     <span class='ocr_line' id='line_1_67' title="bbox 369 3789 2021 3861; baseline 0.001 -17"><span class='ocrx_word' id='word_1_528' title='bbox 369 3789 582 3847; x_wconf 87' lang='lat' dir='ltr'><strong>scilicet</strong></span> <span class='ocrx_word' id='word_1_529' title='bbox 620 3805 689 3846; x_wconf 91' lang='lat' dir='ltr'><strong>ne</strong></span> <span class='ocrx_word' id='word_1_530' title='bbox 729 3791 881 3861; x_wconf 89' lang='lat' dir='ltr'><strong>prius</strong></span> <span class='ocrx_word' id='word_1_531' title='bbox 928 3805 1030 3847; x_wconf 90' lang='lat' dir='ltr'><strong>nos</strong></span> <span class='ocrx_word' id='word_1_532' title='bbox 1075 3790 1260 3847; x_wconf 91' lang='lat' dir='ltr'><strong>furore</strong></span> <span class='ocrx_word' id='word_1_533' title='bbox 1311 3791 1512 3847; x_wconf 88' lang='lat' dir='ltr'><strong>bellico</strong></span> <span class='ocrx_word' id='word_1_534' title='bbox 1552 3792 1833 3846; x_wconf 88' lang='lat' dir='ltr'><strong>devastare</strong></span> <span class='ocrx_word' id='word_1_535' title='bbox 1873 3805 2021 3860; x_wconf 52' lang='lat' dir='ltr'><strong>qua»</strong></span> 
     </span>
    </p>
   </div>
   <div class='ocr_carea' id='block_1_68' title="bbox 369 3881 2015 3950">
    <p class='ocr_par' dir='ltr' id='par_1_68' title="bbox 369 3881 2015 3950">
     <span class='ocr_line' id='line_1_68' title="bbox 369 3881 2015 3950; baseline 0.001 -15"><span class='ocrx_word' id='word_1_536' title='bbox 369 3884 475 3945; x_wconf 90' lang='lat' dir='ltr'><strong>rat,</strong></span> <span class='ocrx_word' id='word_1_537' title='bbox 509 3895 670 3949; x_wconf 90' lang='lat' dir='ltr'><strong>quam</strong></span> <span class='ocrx_word' id='word_1_538' title='bbox 701 3893 803 3935; x_wconf 92' lang='lat' dir='ltr'><strong>nos</strong></span> <span class='ocrx_word' id='word_1_539' title='bbox 837 3894 1020 3936; x_wconf 89' lang='lat' dir='ltr'><strong>coram</strong></span> <span class='ocrx_word' id='word_1_540' title='bbox 1071 3881 1415 3950; x_wconf 91' lang='lat' dir='ltr'><strong>principibus</strong></span> <span class='ocrx_word' id='word_1_541' title='bbox 1461 3881 1575 3936; x_wconf 90' lang='lat' dir='ltr'><strong>suis</strong></span> <span class='ocrx_word' id='word_1_542' title='bbox 1603 3881 1931 3936; x_wconf 90' lang='lat' dir='ltr'><strong>criminosos</strong></span> <span class='ocrx_word' id='word_1_543' title='bbox 1961 3886 2015 3936; x_wconf 91' lang='lat' dir='ltr'><strong>et</strong></span> 
     </span>
    </p>
   </div>
   <div class='ocr_carea' id='block_1_69' title="bbox 368 3969 2012 4027">
    <p class='ocr_par' dir='ltr' id='par_1_69' title="bbox 368 3969 2012 4027">
     <span class='ocr_line' id='line_1_69' title="bbox 368 3969 2012 4027; baseline 0 -3"><span class='ocrx_word' id='word_1_544' title='bbox 368 3969 578 4024; x_wconf 86' lang='lat' dir='ltr'><strong>crimen</strong></span> <span class='ocrx_word' id='word_1_545' title='bbox 645 3969 936 4024; x_wconf 90' lang='lat' dir='ltr'><strong>emendare</strong></span> <span class='ocrx_word' id='word_1_546' title='bbox 996 3969 1250 4025; x_wconf 89' lang='lat' dir='ltr'><strong>nolentes</strong></span> <span class='ocrx_word' id='word_1_547' title='bbox 1307 3970 1582 4027; x_wconf 86' lang='lat' dir='ltr'><strong>ostendat.</strong></span> <span class='ocrx_word' id='word_1_548' title='bbox 1651 3970 2012 4026; x_wconf 89' lang='lat' dir='ltr'><strong>Securitatem</strong></span> 
     </span>
    </p>
   </div>
   <div class='ocr_carea' id='block_1_70' title="bbox 369 4057 2012 4130">
    <p class='ocr_par' dir='ltr' id='par_1_70' title="bbox 369 4057 2012 4130">
     <span class='ocr_line' id='line_1_70' title="bbox 369 4057 2012 4130; baseline 0 -18"><span class='ocrx_word' id='word_1_549' title='bbox 369 4071 531 4127; x_wconf 92' lang='lat' dir='ltr'><strong>quam</strong></span> <span class='ocrx_word' id='word_1_550' title='bbox 561 4071 658 4113; x_wconf 88' lang='lat' dir='ltr'><strong>vos</strong></span> <span class='ocrx_word' id='word_1_551' title='bbox 702 4063 756 4112; x_wconf 90' lang='lat' dir='ltr'><strong>et</strong></span> <span class='ocrx_word' id='word_1_552' title='bbox 805 4057 898 4112; x_wconf 92' lang='lat' dir='ltr'><strong>alii</strong></span> <span class='ocrx_word' id='word_1_553' title='bbox 950 4059 1230 4129; x_wconf 80' lang='lat' dir='ltr'><strong>principes</strong></span> <span class='ocrx_word' id='word_1_554' title='bbox 1278 4060 1395 4128; x_wconf 88' lang='lat' dir='ltr'><strong>ejus</strong></span> <span class='ocrx_word' id='word_1_555' title='bbox 1428 4059 1726 4130; x_wconf 88' lang='lat' dir='ltr'><strong>jusseritis,</strong></span> <span class='ocrx_word' id='word_1_556' title='bbox 1768 4074 1798 4113; x_wconf 91' lang='lat' dir='ltr'><strong>a</strong></span> <span class='ocrx_word' id='word_1_557' title='bbox 1850 4058 2012 4114; x_wconf 90' lang='lat' dir='ltr'><strong>nobis</strong></span> 
     </span>
    </p>
   </div>
   <div class='ocr_carea' id='block_1_71' title="bbox 368 4147 2012 4216">
    <p class='ocr_par' dir='ltr' id='par_1_71' title="bbox 368 4147 2012 4216">
     <span class='ocr_line' id='line_1_71' title="bbox 368 4147 2012 4216; baseline 0 -15"><span class='ocrx_word' id='word_1_558' title='bbox 368 4147 623 4216; x_wconf 87' lang='lat' dir='ltr'><strong>accipiat,</strong></span> <span class='ocrx_word' id='word_1_559' title='bbox 657 4152 717 4202; x_wconf 89' lang='lat' dir='ltr'><strong>ut</strong></span> <span class='ocrx_word' id='word_1_560' title='bbox 763 4147 830 4202; x_wconf 88' lang='lat' dir='ltr'><strong>ad</strong></span> <span class='ocrx_word' id='word_1_561' title='bbox 881 4161 984 4203; x_wconf 92' lang='lat' dir='ltr'><strong>nos</strong></span> <span class='ocrx_word' id='word_1_562' title='bbox 1030 4147 1148 4202; x_wconf 89' lang='lat' dir='ltr'><strong>sine</strong></span> <span class='ocrx_word' id='word_1_563' title='bbox 1194 4147 1339 4203; x_wconf 88' lang='lat' dir='ltr'><strong>bello</strong></span> <span class='ocrx_word' id='word_1_564' title='bbox 1368 4149 1569 4216; x_wconf 89' lang='lat' dir='ltr'><strong>veniat,</strong></span> <span class='ocrx_word' id='word_1_565' title='bbox 1604 4154 1658 4204; x_wconf 87' lang='lat' dir='ltr'><strong>et</strong></span> <span class='ocrx_word' id='word_1_566' title='bbox 1689 4155 1870 4203; x_wconf 81' lang='lat' dir='ltr'><strong>vestro</strong></span> <span class='ocrx_word' id='word_1_567' title='bbox 1909 4161 2012 4203; x_wconf 92' lang='lat' dir='ltr'><strong>nos</strong></span> 
     </span>
    </p>
   </div>
   <div class='ocr_carea' id='block_1_72' title="bbox 360 4235 2008 4306">
    <p class='ocr_par' dir='ltr' id='par_1_72' title="bbox 360 4235 2008 4306">
     <span class='ocr_line' id='line_1_72' title="bbox 360 4235 2008 4306; baseline 0 -16"><span class='ocrx_word' id='word_1_568' title='bbox 360 4235 573 4304; x_wconf 90' lang='lat' dir='ltr'><strong>judicio</strong></span> <span class='ocrx_word' id='word_1_569' title='bbox 621 4235 704 4290; x_wconf 90' lang='lat' dir='ltr'><strong>vel</strong></span> <span class='ocrx_word' id='word_1_570' title='bbox 753 4235 961 4305; x_wconf 88' lang='lat' dir='ltr'><strong>puniat,</strong></span> <span class='ocrx_word' id='word_1_571' title='bbox 1011 4236 1056 4291; x_wconf 93' lang='lat' dir='ltr'><strong>si</strong></span> <span class='ocrx_word' id='word_1_572' title='bbox 1106 4237 1423 4305; x_wconf 90' lang='lat' dir='ltr'><strong>meruimus,</strong></span> <span class='ocrx_word' id='word_1_573' title='bbox 1473 4237 1556 4293; x_wconf 88' lang='lat' dir='ltr'><strong>vel</strong></span> <span class='ocrx_word' id='word_1_574' title='bbox 1609 4238 1664 4292; x_wconf 87' lang='lat' dir='ltr'><strong>in</strong></span> <span class='ocrx_word' id='word_1_575' title='bbox 1704 4251 1837 4306; x_wconf 90' lang='lat' dir='ltr'><strong>pace</strong></span> <span class='ocrx_word' id='word_1_576' title='bbox 1888 4251 2008 4290; x_wconf 92' lang='lat' dir='ltr'><strong>cum</strong></span> 
     </span>
    </p>
   </div>
   <div class='ocr_carea' id='block_1_73' title="bbox 364 4325 2003 4397">
    <p class='ocr_par' dir='ltr' id='par_1_73' title="bbox 364 4325 2003 4397">
     <span class='ocr_line' id='line_1_73' title="bbox 364 4325 2003 4397; baseline 0.001 -17"><span class='ocrx_word' id='word_1_577' title='bbox 364 4325 538 4397; x_wconf 89' lang='lat' dir='ltr'><strong>gratia</strong></span> <span class='ocrx_word' id='word_1_578' title='bbox 577 4341 673 4382; x_wconf 91' lang='lat' dir='ltr'><strong>sua</strong></span> <span class='ocrx_word' id='word_1_579' title='bbox 704 4326 962 4394; x_wconf 82' lang='lat' dir='ltr'><strong>dimittat,</strong></span> <span class='ocrx_word' id='word_1_580' title='bbox 997 4326 1041 4382; x_wconf 93' lang='lat' dir='ltr'><strong>si</strong></span> <span class='ocrx_word' id='word_1_581' title='bbox 1092 4329 1417 4383; x_wconf 88' lang='lat' dir='ltr'><strong>innocentes</strong></span> <span class='ocrx_word' id='word_1_582' title='bbox 1465 4327 1672 4382; x_wconf 90' lang='lat' dir='ltr'><strong>inventi</strong></span> <span class='ocrx_word' id='word_1_583' title='bbox 1721 4325 2003 4382; x_wconf 88' lang='lat' dir='ltr'><strong>fuerimus.</strong></span> 
     </span>
    </p>
   </div>
   <div class='ocr_carea' id='block_1_74' title="bbox 2102 3344 3761 3416">
    <p class='ocr_par' dir='ltr' id='par_1_74' title="bbox 2102 3344 3761 3416">
     <span class='ocr_line' id='line_1_74' title="bbox 2102 3344 3761 3416; baseline 0.002 -18"><span class='ocrx_word' id='word_1_584' title='bbox 2102 3345 2285 3400; x_wconf 91' lang='lat' dir='ltr'><strong>subito</strong></span> <span class='ocrx_word' id='word_1_585' title='bbox 2336 3344 2628 3414; x_wconf 89' lang='lat' dir='ltr'><strong>compositi</strong></span> <span class='ocrx_word' id='word_1_586' title='bbox 2679 3358 2790 3400; x_wconf 91' lang='lat' dir='ltr'><strong>non</strong></span> <span class='ocrx_word' id='word_1_587' title='bbox 2839 3344 3066 3412; x_wconf 90' lang='lat' dir='ltr'><strong>oblitus,</strong></span> <span class='ocrx_word' id='word_1_588' title='bbox 3109 3359 3315 3415; x_wconf 84' lang='lat' dir='ltr'><strong>regem,</strong></span> <span class='ocrx_word' id='word_1_589' title='bbox 3367 3352 3642 3416; x_wconf 87' lang='lat' dir='ltr'><strong>quatenus</strong></span> <span class='ocrx_word' id='word_1_590' title='bbox 3676 3348 3761 3403; x_wconf 88' lang='lat' dir='ltr'><strong>in-</strong></span> 
     </span>
    </p>
   </div>
   <div class='ocr_carea' id='block_1_75' title="bbox 2096 3433 3761 3506">
    <p class='ocr_par' dir='ltr' id='par_1_75' title="bbox 2096 3433 3761 3506">
     <span class='ocr_line' id='line_1_75' title="bbox 2096 3433 3761 3506; baseline 0.002 -18"><span class='ocrx_word' id='word_1_591' title='bbox 2096 3434 2300 3504; x_wconf 89' lang='lat' dir='ltr'><strong>juriam</strong></span> <span class='ocrx_word' id='word_1_592' title='bbox 2347 3448 2470 3489; x_wconf 91' lang='lat' dir='ltr'><strong>eum</strong></span> <span class='ocrx_word' id='word_1_593' title='bbox 2502 3435 2613 3491; x_wconf 90' lang='lat' dir='ltr'><strong>Deo</strong></span> <span class='ocrx_word' id='word_1_594' title='bbox 2654 3439 2767 3489; x_wconf 89' lang='lat' dir='ltr'><strong>tum</strong></span> <span class='ocrx_word' id='word_1_595' title='bbox 2814 3433 2920 3488; x_wconf 92' lang='lat' dir='ltr'><strong>sibi</strong></span> <span class='ocrx_word' id='word_1_596' title='bbox 2970 3435 3195 3503; x_wconf 85' lang='lat' dir='ltr'><strong>suisque</strong></span> <span class='ocrx_word' id='word_1_597' title='bbox 3246 3435 3598 3506; x_wconf 89' lang='lat' dir='ltr'><strong>principibus</strong></span> <span class='ocrx_word' id='word_1_598' title='bbox 3637 3439 3761 3492; x_wconf 83' lang='lat' dir='ltr'><strong>uni-</strong></span> 
     </span>
    </p>
   </div>
   <div class='ocr_carea' id='block_1_76' title="bbox 2098 3522 3760 3582">
    <p class='ocr_par' dir='ltr' id='par_1_76' title="bbox 2098 3522 3760 3582">
     <span class='ocr_line' id='line_1_76' title="bbox 2098 3522 3760 3582; baseline 0.002 -4"><span class='ocrx_word' id='word_1_599' title='bbox 2098 3524 2272 3579; x_wconf 90' lang='lat' dir='ltr'><strong>versis</strong></span> <span class='ocrx_word' id='word_1_600' title='bbox 2328 3523 2724 3579; x_wconf 90' lang='lat' dir='ltr'><strong>contumeliose</strong></span> <span class='ocrx_word' id='word_1_601' title='bbox 2781 3522 2979 3579; x_wconf 75' lang='lat' dir='ltr'><strong>faciant</strong></span> <span class='ocrx_word' id='word_1_602' title='bbox 3037 3537 3147 3578; x_wconf 92' lang='lat' dir='ltr'><strong>non</strong></span> <span class='ocrx_word' id='word_1_603' title='bbox 3195 3524 3314 3579; x_wconf 92' lang='lat' dir='ltr'><strong>sine</strong></span> <span class='ocrx_word' id='word_1_604' title='bbox 3372 3525 3617 3581; x_wconf 89' lang='lat' dir='ltr'><strong>vindicta</strong></span> <span class='ocrx_word' id='word_1_605' title='bbox 3677 3526 3760 3582; x_wconf 87' lang='lat' dir='ltr'><strong>di-</strong></span> 
     </span>
    </p>
   </div>
   <div class='ocr_carea' id='block_1_77' title="bbox 2100 3613 3758 3687">
    <p class='ocr_par' dir='ltr' id='par_1_77' title="bbox 2100 3613 3758 3687">
     <span class='ocr_line' id='line_1_77' title="bbox 2100 3613 3758 3687; baseline 0.002 -19"><span class='ocrx_word' id='word_1_606' title='bbox 2100 3614 2362 3678; x_wconf 89' lang='lat' dir='ltr'><strong>mitteret,</strong></span> <span class='ocrx_word' id='word_1_607' title='bbox 2395 3613 2691 3685; x_wconf 85' lang='lat' dir='ltr'><strong>instigavit,</strong></span> <span class='ocrx_word' id='word_1_608' title='bbox 2726 3619 2782 3670; x_wconf 92' lang='lat' dir='ltr'><strong>et</strong></span> <span class='ocrx_word' id='word_1_609' title='bbox 2819 3614 2869 3668; x_wconf 89' lang='lat' dir='ltr'><strong>ei</strong></span> <span class='ocrx_word' id='word_1_610' title='bbox 2917 3629 2976 3668; x_wconf 91' lang='lat' dir='ltr'><strong>se</strong></span> <span class='ocrx_word' id='word_1_611' title='bbox 3025 3628 3148 3669; x_wconf 90' lang='lat' dir='ltr'><strong>cum</strong></span> <span class='ocrx_word' id='word_1_612' title='bbox 3195 3620 3311 3670; x_wconf 90' lang='lat' dir='ltr'><strong>tota</strong></span> <span class='ocrx_word' id='word_1_613' title='bbox 3355 3616 3554 3670; x_wconf 89' lang='lat' dir='ltr'><strong>virtute</strong></span> <span class='ocrx_word' id='word_1_614' title='bbox 3589 3630 3758 3687; x_wconf 88' lang='lat' dir='ltr'><strong>quam</strong></span> 
     </span>
    </p>
   </div>
   <div class='ocr_carea' id='block_1_78' title="bbox 2100 3701 3762 3775">
    <p class='ocr_par' dir='ltr' id='par_1_78' title="bbox 2100 3701 3762 3775">
     <span class='ocr_line' id='line_1_78' title="bbox 2100 3701 3762 3775; baseline 0.001 -17"><span class='ocrx_word' id='word_1_615' title='bbox 2100 3708 2290 3772; x_wconf 89' lang='lat' dir='ltr'><strong>posset</strong></span> <span class='ocrx_word' id='word_1_616' title='bbox 2338 3701 2541 3757; x_wconf 90' lang='lat' dir='ltr'><strong>habere</strong></span> <span class='ocrx_word' id='word_1_617' title='bbox 2592 3703 2864 3772; x_wconf 89' lang='lat' dir='ltr'><strong>promisit.</strong></span> <span class='ocrx_word' id='word_1_618' title='bbox 2899 3701 3045 3757; x_wconf 89' lang='lat' dir='ltr'><strong>Idem</strong></span> <span class='ocrx_word' id='word_1_619' title='bbox 3091 3703 3279 3758; x_wconf 80' lang='lat' dir='ltr'><strong>caeteri</strong></span> <span class='ocrx_word' id='word_1_620' title='bbox 3319 3704 3605 3775; x_wconf 90' lang='lat' dir='ltr'><strong>principes</strong></span> <span class='ocrx_word' id='word_1_621' title='bbox 3635 3706 3762 3760; x_wconf 90' lang='lat' dir='ltr'><strong>uni-</strong></span> 
     </span>
    </p>
   </div>
   <div class='ocr_carea' id='block_1_79' title="bbox 2098 3791 3760 3863">
    <p class='ocr_par' dir='ltr' id='par_1_79' title="bbox 2098 3791 3760 3863">
     <span class='ocr_line' id='line_1_79' title="bbox 2098 3791 3760 3863; baseline 0.002 -16"><span class='ocrx_word' id='word_1_622' title='bbox 2098 3793 2241 3847; x_wconf 87' lang='lat' dir='ltr'><strong>versi</strong></span> <span class='ocrx_word' id='word_1_623' title='bbox 2280 3791 2549 3859; x_wconf 88' lang='lat' dir='ltr'><strong>fecerunt,</strong></span> <span class='ocrx_word' id='word_1_624' title='bbox 2591 3791 2761 3863; x_wconf 88' lang='lat' dir='ltr'><strong>aliqui</strong></span> <span class='ocrx_word' id='word_1_625' title='bbox 2801 3792 3024 3862; x_wconf 88' lang='lat' dir='ltr'><strong>quidem</strong></span> <span class='ocrx_word' id='word_1_626' title='bbox 3064 3793 3250 3848; x_wconf 90' lang='lat' dir='ltr'><strong>multis</strong></span> <span class='ocrx_word' id='word_1_627' title='bbox 3290 3794 3760 3862; x_wconf 77' lang='lat' dir='ltr'><strong>promissionibus</strong></span> 
     </span>
    </p>
   </div>
   <div class='ocr_carea' id='block_1_80' title="bbox 2098 3881 3756 3951">
    <p class='ocr_par' dir='ltr' id='par_1_80' title="bbox 2098 3881 3756 3951">
     <span class='ocr_line' id='line_1_80' title="bbox 2098 3881 3756 3951; baseline 0.002 -15"><span class='ocrx_word' id='word_1_628' title='bbox 2098 3881 2322 3947; x_wconf 90' lang='lat' dir='ltr'><strong>allecti,</strong></span> <span class='ocrx_word' id='word_1_629' title='bbox 2384 3881 2572 3951; x_wconf 91' lang='lat' dir='ltr'><strong>plures</strong></span> <span class='ocrx_word' id='word_1_630' title='bbox 2630 3887 2811 3937; x_wconf 89' lang='lat' dir='ltr'><strong>autem</strong></span> <span class='ocrx_word' id='word_1_631' title='bbox 2869 3881 3063 3937; x_wconf 73' lang='lat' dir='ltr'><strong>vicina:</strong></span> <span class='ocrx_word' id='word_1_632' title='bbox 3130 3883 3325 3938; x_wconf 90' lang='lat' dir='ltr'><strong>mortis</strong></span> <span class='ocrx_word' id='word_1_633' title='bbox 3380 3883 3756 3950; x_wconf 87' lang='lat' dir='ltr'><strong>necessitate,</strong></span> 
     </span>
    </p>
   </div>
   <div class='ocr_carea' id='block_1_81' title="bbox 2097 3970 3164 4042">
    <p class='ocr_par' dir='ltr' id='par_1_81' title="bbox 2097 3970 3164 4042">
     <span class='ocr_line' id='line_1_81' title="bbox 2097 3970 3164 4042; baseline 0.001 -17"><span class='ocrx_word' id='word_1_634' title='bbox 2097 3985 2257 4042; x_wconf 88' lang='lat' dir='ltr'><strong>quam</strong></span> <span class='ocrx_word' id='word_1_635' title='bbox 2289 3971 2458 4025; x_wconf 87' lang='lat' dir='ltr'><strong>vitare</strong></span> <span class='ocrx_word' id='word_1_636' title='bbox 2489 3985 2598 4027; x_wconf 91' lang='lat' dir='ltr'><strong>non</strong></span> <span class='ocrx_word' id='word_1_637' title='bbox 2633 3975 2889 4041; x_wconf 91' lang='lat' dir='ltr'><strong>poterant</strong></span> <span class='ocrx_word' id='word_1_638' title='bbox 2917 3970 3164 4026; x_wconf 88' lang='lat' dir='ltr'><strong>adducti.</strong></span> 
     </span>
    </p>
   </div>
   <div class='ocr_carea' id='block_1_82' title="bbox 2166 4059 3754 4128">
    <p class='ocr_par' dir='ltr' id='par_1_82' title="bbox 2166 4059 3754 4128">
     <span class='ocr_line' id='line_1_82' title="bbox 2166 4059 3754 4128; baseline 0.004 -16"><span class='ocrx_word' id='word_1_639' title='bbox 2166 4059 2255 4115; x_wconf 85' lang='lat'><strong>45.</strong></span> <span class='ocrx_word' id='word_1_640' title='bbox 2297 4060 2452 4127; x_wconf 91' lang='lat' dir='ltr'><strong>Quod</strong></span> <span class='ocrx_word' id='word_1_641' title='bbox 2500 4061 2594 4116; x_wconf 91' lang='lat' dir='ltr'><strong>ubi</strong></span> <span class='ocrx_word' id='word_1_642' title='bbox 2650 4061 2958 4116; x_wconf 87' lang='lat' dir='ltr'><strong>Saxonibus</strong></span> <span class='ocrx_word' id='word_1_643' title='bbox 3005 4066 3089 4116; x_wconf 90' lang='lat' dir='ltr'><strong>est</strong></span> <span class='ocrx_word' id='word_1_644' title='bbox 3144 4061 3412 4128; x_wconf 89' lang='lat' dir='ltr'><strong>auditum,</strong></span> <span class='ocrx_word' id='word_1_645' title='bbox 3455 4067 3588 4118; x_wconf 90' lang='lat' dir='ltr'><strong>tunc</strong></span> <span class='ocrx_word' id='word_1_646' title='bbox 3644 4061 3754 4119; x_wconf 84' lang='lat' dir='ltr'><strong>fre-</strong></span> 
     </span>
    </p>
   </div>
   <div class='ocr_carea' id='block_1_83' title="bbox 2096 4150 3756 4222">
    <p class='ocr_par' dir='ltr' id='par_1_83' title="bbox 2096 4150 3756 4222">
     <span class='ocr_line' id='line_1_83' title="bbox 2096 4150 3756 4222; baseline 0.002 -19"><span class='ocrx_word' id='word_1_647' title='bbox 2096 4157 2331 4218; x_wconf 89' lang='lat' dir='ltr'><strong>quentes</strong></span> <span class='ocrx_word' id='word_1_648' title='bbox 2377 4151 2492 4219; x_wconf 89' lang='lat' dir='ltr'><strong>regi</strong></span> <span class='ocrx_word' id='word_1_649' title='bbox 2541 4151 2867 4220; x_wconf 90' lang='lat' dir='ltr'><strong>cunctisque</strong></span> <span class='ocrx_word' id='word_1_650' title='bbox 2927 4150 3253 4220; x_wconf 85' lang='lat' dir='ltr'><strong>primatibus</strong></span> <span class='ocrx_word' id='word_1_651' title='bbox 3307 4150 3612 4222; x_wconf 88' lang='lat' dir='ltr'><strong>legationes</strong></span> <span class='ocrx_word' id='word_1_652' title='bbox 3652 4152 3756 4207; x_wconf 89' lang='lat' dir='ltr'><strong>mi-</strong></span> 
     </span>
    </p>
   </div>
   <div class='ocr_carea' id='block_1_84' title="bbox 2094 4238 3755 4306">
    <p class='ocr_par' dir='ltr' id='par_1_84' title="bbox 2094 4238 3755 4306">
     <span class='ocr_line' id='line_1_84' title="bbox 2094 4238 3755 4306; baseline 0.003 -14"><span class='ocrx_word' id='word_1_653' title='bbox 2094 4246 2306 4306; x_wconf 88' lang='lat' dir='ltr'><strong>serunt,</strong></span> <span class='ocrx_word' id='word_1_654' title='bbox 2363 4239 2739 4305; x_wconf 86' lang='lat' dir='ltr'><strong>obsecrantes,</strong></span> <span class='ocrx_word' id='word_1_655' title='bbox 2793 4246 2852 4294; x_wconf 91' lang='lat' dir='ltr'><strong>ut</strong></span> <span class='ocrx_word' id='word_1_656' title='bbox 2899 4253 2958 4294; x_wconf 90' lang='lat' dir='ltr'><strong>se</strong></span> <span class='ocrx_word' id='word_1_657' title='bbox 3009 4254 3131 4295; x_wconf 89' lang='lat' dir='ltr'><strong>cum</strong></span> <span class='ocrx_word' id='word_1_658' title='bbox 3189 4238 3336 4295; x_wconf 88' lang='lat' dir='ltr'><strong>ferro</strong></span> <span class='ocrx_word' id='word_1_659' title='bbox 3396 4240 3609 4297; x_wconf 89' lang='lat' dir='ltr'><strong>nollent</strong></span> <span class='ocrx_word' id='word_1_660' title='bbox 3670 4241 3755 4297; x_wconf 89' lang='lat' dir='ltr'><strong>iu-</strong></span> 
     </span>
    </p>
   </div>
   <div class='ocr_carea' id='block_1_85' title="bbox 2098 4327 3754 4400">
    <p class='ocr_par' dir='ltr' id='par_1_85' title="bbox 2098 4327 3754 4400">
     <span class='ocr_line' id='line_1_85' title="bbox 2098 4327 3754 4400; baseline 0.004 -19"><span class='ocrx_word' id='word_1_661' title='bbox 2098 4334 2362 4382; x_wconf 89' lang='lat' dir='ltr'><strong>nocentes</strong></span> <span class='ocrx_word' id='word_1_662' title='bbox 2412 4327 2710 4395; x_wconf 89' lang='lat' dir='ltr'><strong>invadere;</strong></span> <span class='ocrx_word' id='word_1_663' title='bbox 2761 4329 2889 4398; x_wconf 91' lang='lat' dir='ltr'><strong>quia</strong></span> <span class='ocrx_word' id='word_1_664' title='bbox 2920 4327 2964 4383; x_wconf 93' lang='lat' dir='ltr'><strong>si</strong></span> <span class='ocrx_word' id='word_1_665' title='bbox 3006 4329 3060 4383; x_wconf 92' lang='lat' dir='ltr'><strong>in</strong></span> <span class='ocrx_word' id='word_1_666' title='bbox 3102 4328 3286 4400; x_wconf 90' lang='lat' dir='ltr'><strong>aliquo</strong></span> <span class='ocrx_word' id='word_1_667' title='bbox 3328 4330 3406 4384; x_wconf 89' lang='lat' dir='ltr'><strong>rei</strong></span> <span class='ocrx_word' id='word_1_668' title='bbox 3447 4329 3754 4399; x_wconf 75' lang='lat' dir='ltr'><strong>maiestatis</strong></span> 
     </span>
    </p>
   </div>
   <div class='ocr_carea' id='block_1_86' title="bbox 363 4397 3751 4492">
    <p class='ocr_par' dir='ltr' id='par_1_86' title="bbox 363 4397 3751 4492">
     <span class='ocr_line' id='line_1_86' title="bbox 363 4397 3751 4492; baseline 0.002 -22"><span class='ocrx_word' id='word_1_669' title='bbox 363 4415 457 4470; x_wconf 89' lang='lat' dir='ltr'><strong>Sin</strong></span> <span class='ocrx_word' id='word_1_670' title='bbox 515 4415 620 4472; x_wconf 90' lang='lat' dir='ltr'><strong>hoc</strong></span> <span class='ocrx_word' id='word_1_671' title='bbox 679 4415 920 4471; x_wconf 88' lang='lat' dir='ltr'><strong>noluerit</strong></span> <span class='ocrx_word' id='word_1_672' title='bbox 957 4415 1038 4482; x_wconf 80' lang='grc'><strong>¹⁵¹,</strong></span> <span class='ocrx_word' id='word_1_673' title='bbox 1090 4417 1146 4470; x_wconf 90' lang='lat' dir='ltr'><strong>in</strong></span> <span class='ocrx_word' id='word_1_674' title='bbox 1203 4415 1450 4486; x_wconf 88' lang='lat' dir='ltr'><strong>qualibet</strong></span> <span class='ocrx_word' id='word_1_675' title='bbox 1499 4416 1654 4487; x_wconf 86' lang='lat' dir='ltr'><strong>regni</strong></span> <span class='ocrx_word' id='word_1_676' title='bbox 1712 4415 1795 4470; x_wconf 92' lang='lat' dir='ltr'><strong>sui</strong></span> <span class='ocrx_word' id='word_1_677' title='bbox 1854 4397 2264 4488; x_wconf 71' lang='lat' dir='ltr'><strong>parteDregia:</strong></span> <span class='ocrx_word' id='word_1_678' title='bbox 2313 4397 2880 4485; x_wconf 25' lang='lat' dir='ltr'><strong>ostenderenturpad</strong></span> <span class='ocrx_word' id='word_1_679' title='bbox 2939 4397 3751 4492; x_wconf 16' lang='lat' dir='ltr'><strong>ipsorumwarhitriumiparati</strong></span> 
     </span>
    </p>
   </div>
   <div class='ocr_carea' id='block_1_87' title="bbox 362 4505 2011 4578">
    <p class='ocr_par' dir='ltr' id='par_1_87' title="bbox 362 4505 2011 4578">
     <span class='ocr_line' id='line_1_87' title="bbox 362 4505 2011 4578; baseline 0.001 -18"><span class='ocrx_word' id='word_1_680' title='bbox 362 4505 643 4578; x_wconf 88' lang='lat' dir='ltr'><strong>principes</strong></span> <span class='ocrx_word' id='word_1_681' title='bbox 701 4520 831 4561; x_wconf 91' lang='lat' dir='ltr'><strong>suos</strong></span> <span class='ocrx_word' id='word_1_682' title='bbox 892 4506 1189 4562; x_wconf 87' lang='lat' dir='ltr'><strong>convenire</strong></span> <span class='ocrx_word' id='word_1_683' title='bbox 1243 4505 1464 4575; x_wconf 85' lang='lat' dir='ltr'><strong>jubeat,</strong></span> <span class='ocrx_word' id='word_1_684' title='bbox 1524 4512 1578 4559; x_wconf 90' lang='lat' dir='ltr'><strong>et</strong></span> <span class='ocrx_word' id='word_1_685' title='bbox 1635 4519 2011 4576; x_wconf 88' lang='lat' dir='ltr'><strong>quoscumque</strong></span> 
     </span>
    </p>
   </div>
   <div class='ocr_carea' id='block_1_88' title="bbox 363 4595 2013 4663">
    <p class='ocr_par' dir='ltr' id='par_1_88' title="bbox 363 4595 2013 4663">
     <span class='ocr_line' id='line_1_88' title="bbox 363 4595 2013 4663; baseline -0.001 -11"><span class='ocrx_word' id='word_1_686' title='bbox 363 4611 431 4652; x_wconf 91' lang='lat' dir='ltr'><strong>ex</strong></span> <span class='ocrx_word' id='word_1_687' title='bbox 464 4597 627 4652; x_wconf 92' lang='lat' dir='ltr'><strong>nobis</strong></span> <span class='ocrx_word' id='word_1_688' title='bbox 668 4595 861 4651; x_wconf 88' lang='lat' dir='ltr'><strong>adesse</strong></span> <span class='ocrx_word' id='word_1_689' title='bbox 892 4595 1148 4662; x_wconf 88' lang='lat' dir='ltr'><strong>voluerit,</strong></span> <span class='ocrx_word' id='word_1_690' title='bbox 1185 4595 1265 4649; x_wconf 90' lang='lat' dir='ltr'><strong>eis</strong></span> <span class='ocrx_word' id='word_1_691' title='bbox 1295 4595 1483 4661; x_wconf 89' lang='lat' dir='ltr'><strong>eundi,</strong></span> <span class='ocrx_word' id='word_1_692' title='bbox 1521 4595 1788 4650; x_wconf 89' lang='lat' dir='ltr'><strong>redeundi</strong></span> <span class='ocrx_word' id='word_1_693' title='bbox 1812 4595 1893 4663; x_wconf 67' lang='lat'><strong>‘5’,</strong></span> <span class='ocrx_word' id='word_1_694' title='bbox 1927 4611 2013 4651; x_wconf 90' lang='lat' dir='ltr'><strong>se-</strong></span> 
     </span>
    </p>
   </div>
   <div class='ocr_carea' id='block_1_89' title="bbox 362 4684 2011 4755">
    <p class='ocr_par' dir='ltr' id='par_1_89' title="bbox 362 4684 2011 4755">
     <span class='ocr_line' id='line_1_89' title="bbox 362 4684 2011 4755; baseline 0 -13"><span class='ocrx_word' id='word_1_695' title='bbox 362 4687 649 4743; x_wconf 87' lang='lat' dir='ltr'><strong>curitatem</strong></span> <span class='ocrx_word' id='word_1_696' title='bbox 695 4686 920 4752; x_wconf 89' lang='lat' dir='ltr'><strong>tribuat,</strong></span> <span class='ocrx_word' id='word_1_697' title='bbox 955 4693 1010 4740; x_wconf 92' lang='lat' dir='ltr'><strong>et</strong></span> <span class='ocrx_word' id='word_1_698' title='bbox 1061 4684 1332 4755; x_wconf 91' lang='lat' dir='ltr'><strong>quidquid</strong></span> <span class='ocrx_word' id='word_1_699' title='bbox 1381 4699 1478 4740; x_wconf 90' lang='lat' dir='ltr'><strong>vos</strong></span> <span class='ocrx_word' id='word_1_700' title='bbox 1521 4685 1900 4755; x_wconf 89' lang='lat' dir='ltr'><strong>judicaveritis</strong></span> <span class='ocrx_word' id='word_1_701' title='bbox 1945 4685 2011 4742; x_wconf 89' lang='lat' dir='ltr'><strong>de</strong></span> 
     </span>
    </p>
   </div>
   <div class='ocr_carea' id='block_1_90' title="bbox 363 4773 2015 4846">
    <p class='ocr_par' dir='ltr' id='par_1_90' title="bbox 363 4773 2015 4846">
     <span class='ocr_line' id='line_1_90' title="bbox 363 4773 2015 4846; baseline 0.001 -15"><span class='ocrx_word' id='word_1_702' title='bbox 363 4776 526 4832; x_wconf 91' lang='lat' dir='ltr'><strong>nobis</strong></span> <span class='ocrx_word' id='word_1_703' title='bbox 577 4775 908 4840; x_wconf 88' lang='lat' dir='ltr'><strong>faciendum,</strong></span> <span class='ocrx_word' id='word_1_704' title='bbox 963 4773 1147 4830; x_wconf 86' lang='lat' dir='ltr'><strong>faciat.</strong></span> <span class='ocrx_word' id='word_1_705' title='bbox 1190 4775 1306 4829; x_wconf 85' lang='lat' dir='ltr'><strong>Hoc</strong></span> <span class='ocrx_word' id='word_1_706' title='bbox 1338 4773 1399 4804; x_wconf 76' lang='grc'><strong>¹⁸³</strong></span> <span class='ocrx_word' id='word_1_707' title='bbox 1438 4775 1606 4846; x_wconf 89' lang='lat' dir='ltr'><strong>igitur</strong></span> <span class='ocrx_word' id='word_1_708' title='bbox 1653 4775 1878 4830; x_wconf 90' lang='lat' dir='ltr'><strong>domino</strong></span> <span class='ocrx_word' id='word_1_709' title='bbox 1919 4790 2015 4832; x_wconf 90' lang='lat' dir='ltr'><strong>no-</strong></span> 
     </span>
    </p>
   </div>
   <div class='ocr_carea' id='block_1_91' title="bbox 357 4864 2013 4936">
    <p class='ocr_par' dir='ltr' id='par_1_91' title="bbox 357 4864 2013 4936">
     <span class='ocr_line' id='line_1_91' title="bbox 357 4864 2013 4936; baseline 0.001 -16"><span class='ocrx_word' id='word_1_710' title='bbox 357 4870 478 4920; x_wconf 80' lang='lat' dir='ltr'><strong>stro</strong></span> <span class='ocrx_word' id='word_1_711' title='bbox 527 4865 824 4936; x_wconf 89' lang='lat' dir='ltr'><strong>suggerite,</strong></span> <span class='ocrx_word' id='word_1_712' title='bbox 871 4870 926 4920; x_wconf 93' lang='lat' dir='ltr'><strong>et</strong></span> <span class='ocrx_word' id='word_1_713' title='bbox 955 4864 1006 4920; x_wconf 91' lang='lat' dir='ltr'><strong>ei</strong></span> <span class='ocrx_word' id='word_1_714' title='bbox 1040 4878 1140 4934; x_wconf 92' lang='lat' dir='ltr'><strong>pro</strong></span> <span class='ocrx_word' id='word_1_715' title='bbox 1173 4864 1267 4919; x_wconf 86' lang='lat' dir='ltr'><strong>Dei</strong></span> <span class='ocrx_word' id='word_1_716' title='bbox 1300 4864 1497 4919; x_wconf 90' lang='lat' dir='ltr'><strong>timore</strong></span> <span class='ocrx_word' id='word_1_717' title='bbox 1545 4865 1770 4920; x_wconf 89' lang='lat' dir='ltr'><strong>suadetc</strong></span> <span class='ocrx_word' id='word_1_718' title='bbox 1803 4871 1862 4919; x_wconf 91' lang='lat' dir='ltr'><strong>ut</strong></span> <span class='ocrx_word' id='word_1_719' title='bbox 1909 4880 2013 4921; x_wconf 89' lang='lat' dir='ltr'><strong>nos</strong></span> 
     </span>
    </p>
   </div>
   <div class='ocr_carea' id='block_1_92' title="bbox 362 4954 2009 5026">
    <p class='ocr_par' dir='ltr' id='par_1_92' title="bbox 362 4954 2009 5026">
     <span class='ocr_line' id='line_1_92' title="bbox 362 4954 2009 5026; baseline 0.002 -16"><span class='ocrx_word' id='word_1_720' title='bbox 362 4954 614 5012; x_wconf 89' lang='lat' dir='ltr'><strong>homines</strong></span> <span class='ocrx_word' id='word_1_721' title='bbox 643 4970 763 5011; x_wconf 88' lang='lat' dir='ltr'><strong>esse</strong></span> <span class='ocrx_word' id='word_1_722' title='bbox 805 4956 1032 5026; x_wconf 90' lang='lat' dir='ltr'><strong>cogitet,</strong></span> <span class='ocrx_word' id='word_1_723' title='bbox 1067 4967 1136 5010; x_wconf 94' lang='lat' dir='ltr'><strong>ne</strong></span> <span class='ocrx_word' id='word_1_724' title='bbox 1176 4954 1245 5009; x_wconf 91' lang='lat' dir='ltr'><strong>ad</strong></span> <span class='ocrx_word' id='word_1_725' title='bbox 1296 4954 1601 5024; x_wconf 87' lang='lat' dir='ltr'><strong>periculum</strong></span> <span class='ocrx_word' id='word_1_726' title='bbox 1650 4955 1846 5012; x_wconf 81' lang='lat' dir='ltr'><strong>animae</strong></span> <span class='ocrx_word' id='word_1_727' title='bbox 1893 4971 2009 5013; x_wconf 67' lang='lat' dir='ltr'><strong>suae</strong></span> 
     </span>
    </p>
   </div>
   <div class='ocr_carea' id='block_1_93' title="bbox 361 5043 2008 5114">
    <p class='ocr_par' dir='ltr' id='par_1_93' title="bbox 361 5043 2008 5114">
     <span class='ocr_line' id='line_1_93' title="bbox 361 5043 2008 5114; baseline 0.001 -15"><span class='ocrx_word' id='word_1_728' title='bbox 361 5056 463 5100; x_wconf 92' lang='lat' dir='ltr'><strong>nos</strong></span> <span class='ocrx_word' id='word_1_729' title='bbox 509 5045 836 5100; x_wconf 90' lang='lat' dir='ltr'><strong>innocentes</strong></span> <span class='ocrx_word' id='word_1_730' title='bbox 882 5045 1115 5114; x_wconf 89' lang='lat' dir='ltr'><strong>perdere</strong></span> <span class='ocrx_word' id='word_1_731' title='bbox 1164 5043 1466 5100; x_wconf 89' lang='lat' dir='ltr'><strong>desideret.</strong></span> <span class='ocrx_word' id='word_1_732' title='bbox 1525 5044 1582 5100; x_wconf 91' lang='lat' dir='ltr'><strong>Si</strong></span> <span class='ocrx_word' id='word_1_733' title='bbox 1621 5052 1800 5100; x_wconf 89' lang='lat' dir='ltr'><strong>vestra</strong></span> <span class='ocrx_word' id='word_1_734' title='bbox 1839 5045 2008 5100; x_wconf 91' lang='lat' dir='ltr'><strong>subli-</strong></span> 
     </span>
    </p>
   </div>
   <div class='ocr_carea' id='block_1_94' title="bbox 2096 4507 3753 4580">
    <p class='ocr_par' dir='ltr' id='par_1_94' title="bbox 2096 4507 3753 4580">
     <span class='ocr_line' id='line_1_94' title="bbox 2096 4507 3753 4580; baseline 0.002 -18"><span class='ocrx_word' id='word_1_735' title='bbox 2096 4514 2282 4562; x_wconf 90' lang='lat' dir='ltr'><strong>essent</strong></span> <span class='ocrx_word' id='word_1_736' title='bbox 2330 4521 2521 4577; x_wconf 72' lang='lat' dir='ltr'><strong>ptenas</strong></span> <span class='ocrx_word' id='word_1_737' title='bbox 2563 4508 2713 4563; x_wconf 91' lang='lat' dir='ltr'><strong>dare.</strong></span> <span class='ocrx_word' id='word_1_738' title='bbox 2762 4509 2911 4562; x_wconf 91' lang='lat' dir='ltr'><strong>Tunc</strong></span> <span class='ocrx_word' id='word_1_739' title='bbox 2962 4521 3057 4563; x_wconf 86' lang='lat' dir='ltr'><strong>rex</strong></span> <span class='ocrx_word' id='word_1_740' title='bbox 3106 4507 3527 4578; x_wconf 89' lang='lat' dir='ltr'><strong>archiepiscopo</strong></span> <span class='ocrx_word' id='word_1_741' title='bbox 3577 4510 3753 4580; x_wconf 74' lang='lat' dir='ltr'><strong>Mage-</strong></span> 
     </span>
    </p>
   </div>
   <div class='ocr_carea' id='block_1_95' title="bbox 2097 4596 3751 4668">
    <p class='ocr_par' dir='ltr' id='par_1_95' title="bbox 2097 4596 3751 4668">
     <span class='ocr_line' id='line_1_95' title="bbox 2097 4596 3751 4668; baseline 0.002 -16"><span class='ocrx_word' id='word_1_742' title='bbox 2097 4598 2431 4668; x_wconf 86' lang='lat' dir='ltr'><strong>daburgensi</strong></span> <span class='ocrx_word' id='word_1_743' title='bbox 2507 4612 2627 4653; x_wconf 86' lang='lat' dir='ltr'><strong>cum</strong></span> <span class='ocrx_word' id='word_1_744' title='bbox 2696 4597 3023 4668; x_wconf 86' lang='lat' dir='ltr'><strong>quihusdam</strong></span> <span class='ocrx_word' id='word_1_745' title='bbox 3092 4596 3216 4652; x_wconf 88' lang='lat' dir='ltr'><strong>aliis</strong></span> <span class='ocrx_word' id='word_1_746' title='bbox 3289 4613 3439 4653; x_wconf 91' lang='lat' dir='ltr'><strong>suam</strong></span> <span class='ocrx_word' id='word_1_747' title='bbox 3514 4601 3751 4668; x_wconf 88' lang='lat' dir='ltr'><strong>gratiam</strong></span> 
     </span>
    </p>
   </div>
   <div class='ocr_carea' id='block_1_96' title="bbox 2099 4687 3748 4758">
    <p class='ocr_par' dir='ltr' id='par_1_96' title="bbox 2099 4687 3748 4758">
     <span class='ocr_line' id='line_1_96' title="bbox 2099 4687 3748 4758; baseline 0.002 -17"><span class='ocrx_word' id='word_1_748' title='bbox 2099 4687 2416 4754; x_wconf 85' lang='lat' dir='ltr'><strong>mandavit;</strong></span> <span class='ocrx_word' id='word_1_749' title='bbox 2487 4687 2704 4756; x_wconf 89' lang='lat' dir='ltr'><strong>sibique</strong></span> <span class='ocrx_word' id='word_1_750' title='bbox 2744 4702 2774 4742; x_wconf 92' lang='lat' dir='ltr'><strong>a</strong></span> <span class='ocrx_word' id='word_1_751' title='bbox 2814 4689 2929 4742; x_wconf 90' lang='lat' dir='ltr'><strong>suis</strong></span> <span class='ocrx_word' id='word_1_752' title='bbox 2984 4687 3176 4742; x_wconf 88' lang='lat' dir='ltr'><strong>amicis</strong></span> <span class='ocrx_word' id='word_1_753' title='bbox 3233 4702 3352 4743; x_wconf 89' lang='lat' dir='ltr'><strong>esse</strong></span> <span class='ocrx_word' id='word_1_754' title='bbox 3411 4689 3748 4758; x_wconf 90' lang='lat' dir='ltr'><strong>consultum,</strong></span> 
     </span>
    </p>
   </div>
   <div class='ocr_carea' id='block_1_97' title="bbox 2095 4775 3750 4848">
    <p class='ocr_par' dir='ltr' id='par_1_97' title="bbox 2095 4775 3750 4848">
     <span class='ocr_line' id='line_1_97' title="bbox 2095 4775 3750 4848; baseline 0.002 -16"><span class='ocrx_word' id='word_1_755' title='bbox 2095 4791 2165 4832; x_wconf 90' lang='lat' dir='ltr'><strong>ne</strong></span> <span class='ocrx_word' id='word_1_756' title='bbox 2199 4781 2368 4832; x_wconf 90' lang='lat' dir='ltr'><strong>totam</strong></span> <span class='ocrx_word' id='word_1_757' title='bbox 2414 4782 2631 4848; x_wconf 89' lang='lat' dir='ltr'><strong>gentem</strong></span> <span class='ocrx_word' id='word_1_758' title='bbox 2670 4777 2788 4833; x_wconf 92' lang='lat' dir='ltr'><strong>sine</strong></span> <span class='ocrx_word' id='word_1_759' title='bbox 2821 4777 2982 4846; x_wconf 91' lang='lat' dir='ltr'><strong>culpa</strong></span> <span class='ocrx_word' id='word_1_760' title='bbox 3030 4775 3262 4842; x_wconf 87' lang='lat' dir='ltr'><strong>deleret,</strong></span> <span class='ocrx_word' id='word_1_761' title='bbox 3295 4777 3574 4844; x_wconf 88' lang='lat' dir='ltr'><strong>innotuit;</strong></span> <span class='ocrx_word' id='word_1_762' title='bbox 3610 4794 3750 4848; x_wconf 88' lang='lat' dir='ltr'><strong>quo-</strong></span> 
     </span>
    </p>
   </div>
   <div class='ocr_carea' id='block_1_98' title="bbox 2097 4866 3747 4934">
    <p class='ocr_par' dir='ltr' id='par_1_98' title="bbox 2097 4866 3747 4934">
     <span class='ocr_line' id='line_1_98' title="bbox 2097 4866 3747 4934; baseline 0.002 -13"><span class='ocrx_word' id='word_1_763' title='bbox 2097 4881 2215 4922; x_wconf 87' lang='lat' dir='ltr'><strong>rum</strong></span> <span class='ocrx_word' id='word_1_764' title='bbox 2255 4867 2546 4923; x_wconf 90' lang='lat' dir='ltr'><strong>consilium</strong></span> <span class='ocrx_word' id='word_1_765' title='bbox 2586 4881 2643 4922; x_wconf 91' lang='lat' dir='ltr'><strong>se</strong></span> <span class='ocrx_word' id='word_1_766' title='bbox 2683 4866 2842 4932; x_wconf 88' lang='lat' dir='ltr'><strong>velle,</strong></span> <span class='ocrx_word' id='word_1_767' title='bbox 2878 4867 3036 4934; x_wconf 88' lang='lat' dir='ltr'><strong>dixit,</strong></span> <span class='ocrx_word' id='word_1_768' title='bbox 3069 4866 3284 4929; x_wconf 88' lang='lat' dir='ltr'><strong>audire,</strong></span> <span class='ocrx_word' id='word_1_769' title='bbox 3317 4868 3363 4922; x_wconf 91' lang='lat' dir='ltr'><strong>si</strong></span> <span class='ocrx_word' id='word_1_770' title='bbox 3411 4868 3501 4922; x_wconf 91' lang='lat' dir='ltr'><strong>isti</strong></span> <span class='ocrx_word' id='word_1_771' title='bbox 3541 4868 3747 4925; x_wconf 89' lang='lat' dir='ltr'><strong>vellent</strong></span> 
     </span>
    </p>
   </div>
   <div class='ocr_carea' id='block_1_99' title="bbox 2091 4956 3748 5027">
    <p class='ocr_par' dir='ltr' id='par_1_99' title="bbox 2091 4956 3748 5027">
     <span class='ocr_line' id='line_1_99' title="bbox 2091 4956 3748 5027; baseline 0.002 -15"><span class='ocrx_word' id='word_1_772' title='bbox 2091 4957 2286 5018; x_wconf 64' lang='lat' dir='ltr'><strong>a,suis</strong></span> <span class='ocrx_word' id='word_1_773' title='bbox 2331 4957 2572 5014; x_wconf 92' lang='lat' dir='ltr'><strong>inimicis</strong></span> <span class='ocrx_word' id='word_1_774' title='bbox 2628 4957 2936 5022; x_wconf 89' lang='lat' dir='ltr'><strong>discedere,</strong></span> <span class='ocrx_word' id='word_1_775' title='bbox 2997 4957 3214 5027; x_wconf 90' lang='lat' dir='ltr'><strong>sibique</strong></span> <span class='ocrx_word' id='word_1_776' title='bbox 3247 4956 3307 4988; x_wconf 79' lang='grc'><strong>¹⁶⁵</strong></span> <span class='ocrx_word' id='word_1_777' title='bbox 3365 4958 3748 5016; x_wconf 92' lang='lat' dir='ltr'><strong>Burchardum</strong></span> 
     </span>
    </p>
   </div>
   <div class='ocr_carea' id='block_1_100' title="bbox 2091 5045 3748 5118">
    <p class='ocr_par' dir='ltr' id='par_1_100' title="bbox 2091 5045 3748 5118">
     <span class='ocr_line' id='line_1_100' title="bbox 2091 5045 3748 5118; baseline 0.002 -16"><span class='ocrx_word' id='word_1_778' title='bbox 2091 5045 2605 5104; x_wconf 88' lang='lat' dir='ltr'><strong>Halberstadensem</strong></span> <span class='ocrx_word' id='word_1_779' title='bbox 2664 5047 3008 5118; x_wconf 90' lang='lat' dir='ltr'><strong>episcopum,</strong></span> <span class='ocrx_word' id='word_1_780' title='bbox 3064 5050 3319 5104; x_wconf 87' lang='lat' dir='ltr'><strong>Ottonem</strong></span> <span class='ocrx_word' id='word_1_781' title='bbox 3367 5047 3587 5115; x_wconf 89' lang='lat' dir='ltr'><strong>ducem,</strong></span> <span class='ocrx_word' id='word_1_782' title='bbox 3631 5050 3748 5106; x_wconf 85' lang='lat' dir='ltr'><strong>l-‘ri-</strong></span> 
     </span>
    </p>
   </div>
   <div class='ocr_carea' id='block_1_101' title="bbox 1669 5301 2386 5358">
    <p class='ocr_par' dir='ltr' id='par_1_101' title="bbox 1669 5301 2386 5358">
     <span class='ocr_line' id='line_1_101' title="bbox 1669 5301 2386 5358; baseline 0.004 -3"><span class='ocrx_word' id='word_1_783' title='bbox 1669 5324 1671 5326; x_wconf 93' lang='grc'><strong>·</strong></span> <span class='ocrx_word' id='word_1_784' title='bbox 1725 5301 1948 5356; x_wconf 64' lang='lat' dir='ltr'><strong>VARI/1&#39;3</strong></span> <span class='ocrx_word' id='word_1_785' title='bbox 2003 5301 2284 5358; x_wconf 87' lang='lat' dir='ltr'><strong>LECTION</strong></span> <span class='ocrx_word' id='word_1_786' title='bbox 2290 5303 2386 5358; x_wconf 83' lang='lat' dir='ltr'><strong>ES.</strong></span> 
     </span>
    </p>
   </div>
   <div class='ocr_carea' id='block_1_102' title="bbox 2925 5504 3736 5564">
    <p class='ocr_par' dir='ltr' id='par_1_102' title="bbox 2925 5504 3736 5564">
     <span class='ocr_line' id='line_1_102' title="bbox 2925 5504 3736 5564; baseline -0.004 -2"><span class='ocrx_word' id='word_1_787' title='bbox 2925 5505 2984 5537; x_wconf 61' lang='grc'><strong>’³⁸</strong></span> <span class='ocrx_word' id='word_1_788' title='bbox 3023 5507 3338 5564; x_wconf 87' lang='lat' dir='ltr'><strong>volentibus</strong></span> <span class='ocrx_word' id='word_1_789' title='bbox 3366 5505 3420 5560; x_wconf 94' lang='lat'><strong>2.</strong></span> <span class='ocrx_word' id='word_1_790' title='bbox 3505 5504 3566 5536; x_wconf 70' lang='lat'><strong>“9</strong></span> <span class='ocrx_word' id='word_1_791' title='bbox 3604 5507 3642 5562; x_wconf 85' lang='lat' dir='ltr'><strong>f.</strong></span> <span class='ocrx_word' id='word_1_792' title='bbox 3683 5513 3736 5561; x_wconf 87' lang='lat' dir='ltr'><strong>et</strong></span> 
     </span>
    </p>
   </div>
   <div class='ocr_carea' id='block_1_103' title="bbox 2034 5505 3386 5632">
    <p class='ocr_par' dir='ltr' id='par_1_103' title="bbox 2034 5505 3386 5632">
     <span class='ocr_line' id='line_1_103' title="bbox 2034 5505 3386 5576; baseline -0.001 -15"><span class='ocrx_word' id='word_1_793' title='bbox 2034 5505 2091 5538; x_wconf 74' lang='lat'><strong>&quot;7</strong></span> <span class='ocrx_word' id='word_1_794' title='bbox 2130 5507 2206 5561; x_wconf 77' lang='lat' dir='ltr'><strong>ita</strong></span> <span class='ocrx_word' id='word_1_795' title='bbox 2252 5507 2306 5561; x_wconf 89' lang='lat'><strong>2.</strong></span> <span class='ocrx_word' id='word_1_796' title='bbox 2342 5505 2741 5576; x_wconf 88' lang='lat' dir='ltr'><strong>eonfringimus</strong></span> <span class='ocrx_word' id='word_1_797' title='bbox 2795 5507 2841 5562; x_wconf 93' lang='lat' dir='ltr'><strong>l.</strong></span> <span class='ocrx_word' id='word_1_798' title='bbox 2925 5505 2984 5537; x_wconf 61' lang='grc'><strong>’³⁸</strong></span> <span class='ocrx_word' id='word_1_799' title='bbox 3023 5505 3386 5564; x_wconf 65' lang='lat' dir='ltr'><strong>volentibus:</strong></span> 
     </span>
     <span class='ocr_line' id='line_1_104' title="bbox 2034 5577 3386 5632; baseline -0.002 0"><span class='ocrx_word' id='word_1_800' title='bbox 2034 5601 2057 5632; x_wconf 73' lang='grc' dir='ltr'><strong>ι.</strong></span> <span class='ocrx_word' id='word_1_801' title='bbox 2092 5584 2146 5632; x_wconf 89' lang='lat' dir='ltr'><strong>et</strong></span> <span class='ocrx_word' id='word_1_802' title='bbox 2178 5592 2222 5632; x_wconf 75' lang='grc' dir='ltr'><strong>ι’.</strong></span> <span class='ocrx_word' id='word_1_803' title='bbox 2257 5577 2310 5631; x_wconf 83' lang='grc'><strong>2.</strong></span> <span class='ocrx_word' id='word_1_804' title='bbox 2392 5577 2450 5608; x_wconf 77' lang='grc'><strong>¹⁸⁸</strong></span> <span class='ocrx_word' id='word_1_805' title='bbox 2490 5579 2600 5632; x_wconf 91' lang='lat' dir='ltr'><strong>lIec</strong></span> <span class='ocrx_word' id='word_1_806' title='bbox 2631 5577 2683 5632; x_wconf 98' lang='lat'><strong>2.</strong></span> <span class='ocrx_word' id='word_1_807' title='bbox 2765 5577 2825 5607; x_wconf 85' lang='lat'><strong>&quot;&quot;</strong></span> <span class='ocrx_word' id='word_1_808' title='bbox 2865 5591 2961 5632; x_wconf 85' lang='lat' dir='ltr'><strong>nre</strong></span> <span class='ocrx_word' id='word_1_809' title='bbox 3001 5579 3043 5632; x_wconf 93' lang='lat' dir='ltr'><strong>l.</strong></span> <span class='ocrx_word' id='word_1_810' title='bbox 3129 5577 3187 5609; x_wconf 79' lang='grc'><strong>’⁵⁸</strong></span> <span class='ocrx_word' id='word_1_811' title='bbox 3226 5577 3331 5632; x_wconf 86' lang='lat' dir='ltr'><strong>sibi</strong></span> <span class='ocrx_word' id='word_1_812' title='bbox 3371 5577 3386 5629; x_wconf 86' lang='lat' dir='ltr'><strong>i</strong></span> 
     </span>
    </p>
   </div>
   <div class='ocr_carea' id='block_1_104' title="bbox 1447 5507 3043 5633">
    <p class='ocr_par' dir='ltr' id='par_1_104' title="bbox 1447 5507 3043 5633">
     <span class='ocr_line' id='line_1_105' title="bbox 1447 5507 3043 5580; baseline -0.001 -16"><span class='ocrx_word' id='word_1_813' title='bbox 1447 5507 1509 5540; x_wconf 66' lang='grc' dir='ltr'><em>Μ</em></span> <span class='ocrx_word' id='word_1_814' title='bbox 1548 5507 1848 5580; x_wconf 90' lang='lat' dir='ltr'><strong>deliquisse</strong></span> <span class='ocrx_word' id='word_1_815' title='bbox 1896 5507 1950 5560; x_wconf 89' lang='lat'><strong>2.</strong></span> <span class='ocrx_word' id='word_1_816' title='bbox 2034 5507 2091 5538; x_wconf 74' lang='lat'><strong>&quot;7</strong></span> <span class='ocrx_word' id='word_1_817' title='bbox 2130 5507 2206 5561; x_wconf 78' lang='lat' dir='ltr'><strong>ita</strong></span> <span class='ocrx_word' id='word_1_818' title='bbox 2252 5507 2306 5561; x_wconf 90' lang='lat'><strong>2.</strong></span> <span class='ocrx_word' id='word_1_819' title='bbox 2342 5507 2741 5576; x_wconf 88' lang='lat' dir='ltr'><strong>eonfringimus</strong></span> <span class='ocrx_word' id='word_1_820' title='bbox 2795 5507 2841 5562; x_wconf 93' lang='lat' dir='ltr'><strong>l.</strong></span> <span class='ocrx_word' id='word_1_821' title='bbox 2925 5507 2984 5537; x_wconf 57' lang='lat'><strong>“*3</strong></span> <span class='ocrx_word' id='word_1_822' title='bbox 3023 5521 3043 5562; x_wconf 59' lang='grc' dir='ltr'><strong>ι</strong></span> 
     </span>
     <span class='ocr_line' id='line_1_106' title="bbox 1447 5577 3043 5633; baseline -0.001 0"><span class='ocrx_word' id='word_1_823' title='bbox 1447 5581 1634 5633; x_wconf 82' lang='lat' dir='ltr'><strong>)luerit</strong></span> <span class='ocrx_word' id='word_1_824' title='bbox 1672 5581 1717 5633; x_wconf 93' lang='lat' dir='ltr'><strong>l.</strong></span> <span class='ocrx_word' id='word_1_825' title='bbox 1801 5578 1859 5610; x_wconf 81' lang='grc'><strong>¹⁵²</strong></span> <span class='ocrx_word' id='word_1_826' title='bbox 1898 5579 1978 5633; x_wconf 90' lang='lat' dir='ltr'><strong>cis</strong></span> <span class='ocrx_word' id='word_1_827' title='bbox 2008 5594 2057 5633; x_wconf 90' lang='lat' dir='ltr'><strong>e.</strong></span> <span class='ocrx_word' id='word_1_828' title='bbox 2092 5584 2146 5633; x_wconf 88' lang='lat' dir='ltr'><strong>et</strong></span> <span class='ocrx_word' id='word_1_829' title='bbox 2178 5592 2222 5632; x_wconf 88' lang='lat' dir='ltr'><strong>r.</strong></span> <span class='ocrx_word' id='word_1_830' title='bbox 2257 5577 2310 5631; x_wconf 87' lang='lat'><strong>2.</strong></span> <span class='ocrx_word' id='word_1_831' title='bbox 2392 5577 2450 5608; x_wconf 82' lang='grc'><strong>¹¹⁵⁸</strong></span> <span class='ocrx_word' id='word_1_832' title='bbox 2490 5579 2600 5632; x_wconf 90' lang='lat' dir='ltr'><strong>llec</strong></span> <span class='ocrx_word' id='word_1_833' title='bbox 2631 5577 2683 5633; x_wconf 95' lang='lat'><strong>2.</strong></span> <span class='ocrx_word' id='word_1_834' title='bbox 2765 5577 2825 5607; x_wconf 85' lang='lat'><strong>&quot;&quot;</strong></span> <span class='ocrx_word' id='word_1_835' title='bbox 2865 5591 2961 5633; x_wconf 85' lang='lat' dir='ltr'><strong>ure</strong></span> <span class='ocrx_word' id='word_1_836' title='bbox 3001 5579 3043 5632; x_wconf 94' lang='lat' dir='ltr'><strong>l.</strong></span> 
     </span>
    </p>
   </div>
   <div class='ocr_carea' id='block_1_105' title="bbox 1801 5577 2310 5633">
    <p class='ocr_par' dir='ltr' id='par_1_105' title="bbox 1801 5577 2310 5633">
     <span class='ocr_line' id='line_1_107' title="bbox 1801 5577 2310 5633; baseline -0.006 0"><span class='ocrx_word' id='word_1_837' title='bbox 1801 5578 1859 5610; x_wconf 81' lang='grc'><strong>¹⁵²</strong></span> <span class='ocrx_word' id='word_1_838' title='bbox 1898 5579 1978 5633; x_wconf 90' lang='lat' dir='ltr'><strong>cis</strong></span> <span class='ocrx_word' id='word_1_839' title='bbox 2008 5594 2057 5633; x_wconf 90' lang='lat' dir='ltr'><strong>e.</strong></span> <span class='ocrx_word' id='word_1_840' title='bbox 2092 5584 2146 5633; x_wconf 88' lang='lat' dir='ltr'><strong>et</strong></span> <span class='ocrx_word' id='word_1_841' title='bbox 2178 5592 2222 5632; x_wconf 88' lang='lat' dir='ltr'><strong>r.</strong></span> <span class='ocrx_word' id='word_1_842' title='bbox 2257 5577 2310 5631; x_wconf 94' lang='lat'><strong>2.</strong></span> 
     </span>
    </p>
   </div>
   <div class='ocr_carea' id='block_1_106' title="bbox 433 5510 1368 5568">
    <p class='ocr_par' dir='ltr' id='par_1_106' title="bbox 433 5510 1368 5568">
     <span class='ocr_line' id='line_1_108' title="bbox 433 5510 1368 5568; baseline -0.005 -1"><span class='ocrx_word' id='word_1_843' title='bbox 433 5511 492 5541; x_wconf 58' lang='lat' dir='ltr'><strong>W‘</strong></span> <span class='ocrx_word' id='word_1_844' title='bbox 531 5512 700 5568; x_wconf 90' lang='lat' dir='ltr'><strong>simus</strong></span> <span class='ocrx_word' id='word_1_845' title='bbox 737 5512 789 5566; x_wconf 82' lang='lat'><strong>2.</strong></span> <span class='ocrx_word' id='word_1_846' title='bbox 872 5513 928 5542; x_wconf 45' lang='grc' dir='ltr'><strong>’κδ</strong></span> <span class='ocrx_word' id='word_1_847' title='bbox 969 5511 1282 5566; x_wconf 88' lang='lat' dir='ltr'><strong>liberaverit</strong></span> <span class='ocrx_word' id='word_1_848' title='bbox 1315 5510 1368 5563; x_wconf 84' lang='lat'><strong>2.</strong></span> 
     </span>
    </p>
   </div>
   <div class='ocr_carea' id='block_1_107' title="bbox 359 5581 1717 5654">
    <p class='ocr_par' dir='ltr' id='par_1_107' title="bbox 359 5581 1717 5654">
     <span class='ocr_line' id='line_1_109' title="bbox 359 5581 1717 5654; baseline -0.003 -17"><span class='ocrx_word' id='word_1_849' title='bbox 359 5583 542 5639; x_wconf 81' lang='lat' dir='ltr'><strong>desunt</strong></span> <span class='ocrx_word' id='word_1_850' title='bbox 571 5584 624 5637; x_wconf 89' lang='lat'><strong>2.</strong></span> <span class='ocrx_word' id='word_1_851' title='bbox 704 5584 762 5614; x_wconf 84' lang='lat'><strong>“’°</strong></span> <span class='ocrx_word' id='word_1_852' title='bbox 800 5583 947 5654; x_wconf 88' lang='lat' dir='ltr'><strong>quod</strong></span> <span class='ocrx_word' id='word_1_853' title='bbox 978 5584 1031 5637; x_wconf 90' lang='lat'><strong>2.</strong></span> <span class='ocrx_word' id='word_1_854' title='bbox 1114 5581 1168 5613; x_wconf 83' lang='grc'><strong>¹¹⁵¹</strong></span> <span class='ocrx_word' id='word_1_855' title='bbox 1209 5582 1282 5636; x_wconf 78' lang='lat' dir='ltr'><strong>ita</strong></span> <span class='ocrx_word' id='word_1_856' title='bbox 1314 5581 1365 5634; x_wconf 90' lang='lat'><strong>2.</strong></span> <span class='ocrx_word' id='word_1_857' title='bbox 1399 5581 1634 5638; x_wconf 87' lang='lat' dir='ltr'><strong>voluerit</strong></span> <span class='ocrx_word' id='word_1_858' title='bbox 1672 5581 1717 5634; x_wconf 94' lang='lat' dir='ltr'><strong>l.</strong></span> 
     </span>
    </p>
   </div>
  </div>
