4014 6176
260 283 358 338 διτ

1569 280 1654 334 DE
1693 279 1904 335 BELLO
1939 279 2154 334 SAXON
2160 282 2287 336 100.

3508 289 3615 342 518

261 406 487 464 derieum
539 403 856 473 prmfectum
905 403 1088 473 palatii
1143 403 1284 474 (29),
1335 418 1457 460 eum
1497 404 1698 459 ceteris
1742 417 1883 472 quos
1902 402 2204 464 Afldeliter
2255 401 2612 469 defenderet,
2665 407 2874 472 partem
2921 405 3118 474 capitis
3164 409 3216 463 ei
3263 415 3608 480 superiorem

259 496 422 552 adhuc
469 499 782 563 quaereret,
841 493 1123 548 traderent
1174 493 1252 546 ‘5‘.
1302 494 1400 549 Cui
1453 493 1712 564 legationi
1761 507 1881 548 cum

256 597 512 641 consensu
562 583 804 652 ipsorum
850 583 944 652 qui
993 584 1361 651 poscebantur
1407 589 1487 638 est
1535 596 1880 652 responsum,

255 679 308 729 ut
336 673 434 742 ipsi
475 672 523 727 ei
564 672 665 726 hac
703 671 1023 727 conditione
1073 666 1560 742 praesentarentur,
1610 679 1883 742 quatenus

253 762 344 817 sub
391 767 748 829 utrorumque
798 761 1106 830 principum
1150 761 1360 831 judicio
1408 767 1637 826 starent,
1679 766 1739 816 ut
1787 774 1883 816 eos

252 850 458 905 illorum
513 849 786 904 sententia
834 848 916 904 vel
967 851 1252 906 convictos
1281 851 1625 920 dampnaret,
1657 849 1739 905 vel
1789 850 1879 904 in-

250 940 434 995 noxios
472 939 619 1009 regis
647 939 837 1008 gratia:
868 951 989 993 cum
1022 945 1136 994 tota
1174 942 1444 995 Saxonum
1486 946 1647 1010 gente
1687 952 1880 994 recon-

247 1027 467 1083 ciliaret.
520 1027 626 1082 Sed
672 1027 1049 1109 Willehalmus
1096 1029 1210 1084 Rex
1257 1030 1568 1098 agnomine,
1601 1033 1657 1084 et
1694 1028 1880 1083 Fride-

245 1117 383 1173 ricus
415 1117 475 1148 ³⁵⁷
505 1117 574 1172 de
605 1119 804 1182 Monte,
839 1131 961 1172 cum
1004 1116 1254 1173 viderent
1303 1125 1492 1188 aperte
1533 1119 1644 1188 jam
1675 1117 1877 1173 bellum

243 1207 465 1276 cmpisse
495 1248 510 1272 ,
567 1207 895 1261 sacramenti
939 1207 1087 1276 quod
1136 1221 1259 1262 cum
1317 1208 1519 1262 ceteris
1574 1207 1880 1262 Saxonibus

239 1294 478 1351 fecerant
510 1293 668 1350 obliti
695 1337 708 1361 ,
760 1294 1162 1364 multarumque
1211 1295 1577 1351 calamitatum
1607 1310 1744 1364 quas
1774 1295 1878 1364 ipsi

241 1383 445 1439 fuerant
496 1385 680 1453 passi,
738 1397 953 1439 necnon
1002 1385 1150 1454 quod
1200 1385 1305 1455 ipsi
1353 1399 1517 1440 causa
1560 1385 1880 1454 principalis

239 1479 386 1528 erant
437 1472 740 1542 incipiendi
799 1472 968 1537 belli,
1027 1474 1257 1542 patriam
1315 1474 1566 1530 infideles
1621 1474 1880 1529 deserue-

237 1566 376 1626 runt,
425 1566 483 1616 et
532 1561 872 1616 infideliores
905 1561 972 1615 ad
1013 1561 1225 1617 hostem
1267 1563 1458 1632 patriae
1498 1577 1682 1632 regem
1712 1569 1879 1618 noctu

237 1649 661 1722 transfugerunt.
731 1652 864 1705 Nam
920 1658 1112 1720 postea
1169 1665 1272 1707 nec
1329 1654 1476 1708 cives
1532 1667 1633 1708 nec
1691 1653 1881 1708 hostes

1967 493 2192 559 penitus
2255 491 2601 547 abscidisset.
2659 492 2879 546 Fratres
2934 490 2989 547 in
3045 493 3142 549 illo
3202 499 3398 564 prmlio
3455 500 3609 559 fuere

1965 579 2205 646 diversi,
2243 587 2426 650 patres
2471 587 2664 635 contra
2703 579 2878 646 filios,
2932 594 3144 636 necnon
3177 589 3228 638 et
3260 585 3354 640 alii
3383 589 3610 646 affectus

1968 667 2028 699 ¹⁶⁶
2057 675 2213 724 erant
2262 676 2454 725 contra
2503 685 2563 725 se
2611 669 2789 724 divisi.
2831 669 2936 725 Sed
2975 670 3021 724 si
3061 671 3185 740 quis
3213 673 3394 730 scelus
3422 676 3479 731 in
3507 693 3608 735 suo

1965 757 2278 827 propinquo
2319 758 2544 825 faceret,
2585 773 2615 813 a
2668 759 2886 814 nemine
2928 766 3144 828 poterat
3175 762 3324 817 sciri.
3357 765 3609 822 Saevissi-

1964 858 2109 899 mum
2160 847 2382 915 quidem
2439 848 2543 902 fuit
2597 847 2733 902 illud
2784 848 3074 916 praelium,
3129 851 3226 906 sed
3285 852 3608 912 brevissimo

1963 940 2212 1003 tempore
2253 942 2554 1005 peractum.
2605 939 2737 991 Nam
2787 938 2960 993 nostri
3000 952 3228 996 numero
3258 956 3418 1012 quam
3449 946 3608 1013 pauci

1961 1023 2059 1078 sed
2107 1025 2307 1080 virtute
2365 1025 2521 1080 multi
2568 1055 2640 1065 —
2695 1027 2802 1095 ipsi
2869 1027 3014 1082 enim
3070 1027 3258 1084 hostes
3315 1045 3608 1102 numquam

1965 1117 2146 1166 tantos
2201 1112 2344 1167 ictus
2409 1113 2717 1183 gladiorum
2783 1129 2842 1170 se
2908 1114 3220 1174 fatebantur
3283 1120 3501 1177 audisse
3539 1153 3610 1164 ~—

1963 1207 2252 1270 postquam
2303 1216 2363 1257 se
2410 1216 2440 1256 a
2490 1203 2605 1257 suis
2652 1203 2904 1260 desertos
2943 1219 3062 1262 esse
3100 1207 3375 1276 viderunt,
3407 1217 3462 1266 et
3503 1212 3610 1281 ipsi

1963 1290 2164 1345 multos
2192 1291 2500 1347 occidendo
2531 1291 2740 1363 fatigati
2771 1291 3010 1360 fuerunt,
3043 1309 3110 1350 ex
3157 1299 3348 1366 paucis
3388 1301 3612 1370 paucio-

1961 1391 2072 1444 res,
2115 1379 2375 1448 paulatim
2423 1394 2482 1436 se
2529 1395 2560 1435 a
2609 1381 2856 1450 periculo
2903 1384 3332 1454 subtraxerunt,
3384 1390 3609 1460 regique

1961 1468 2208 1522 victoriae
2257 1468 2478 1537 quidem
2533 1470 2764 1540 gloriam
2792 1512 2806 1537 ,
2857 1471 2954 1526 sed
3002 1487 3124 1528 cum
3172 1476 3343 1532 multa
3387 1492 3611 1534 suorum

1965 1557 2123 1612 ruina
2153 1557 2519 1626 reliquerunt.
2559 1560 2693 1613 Nam
2723 1573 2846 1613 cum
2879 1563 3086 1619 nostris
3130 1578 3197 1619 ex
3243 1567 3512 1634 partibus,
3544 1582 3612 1623 ex

1961 1648 2188 1702 summis
2238 1648 2582 1717 principibus
2627 1649 2979 1706 Gevehardus
3025 1666 3249 1720 comes,
3301 1670 3369 1711 ex
3415 1658 3612 1712 mediis

234 1740 310 1795 eis
353 1741 519 1796 fidem
550 1741 846 1808 habebant,
880 1746 935 1795 et
981 1742 1127 1811 apud
1176 1748 1440 1813 utrosque
1478 1744 1614 1798 viles
1662 1749 1716 1798 et
1749 1731 2094 1798 inti—Bvero
2136 1736 2455 1792 Folcmarus
2486 1737 2545 1768 ¹⁸⁷
2576 1744 2630 1794 et
2667 1739 2964 1810 Suidgerus
3011 1743 3364 1811 cecidissent,
3406 1760 3472 1800 ex
3518 1745 3611 1801 illa

233 1828 398 1896 deles,
441 1830 695 1900 despecti
725 1837 780 1885 et
811 1830 998 1885 miseri
1029 1836 1204 1886 erant.

295 1918 383 1974 46.
417 1921 564 1990 Ergo
596 1935 692 1975 rex
723 1934 845 1975 cum
878 1926 996 1976 toto
1027 1935 1188 1992 quem
1227 1924 1445 1990 poterat
1484 1921 1685 1976 habere
1716 1936 1876 1978 exer-

229 2006 334 2062 citu
379 2008 538 2077 juxta
582 2009 814 2080 Beringa
864 2007 926 2040 ¹⁵⁸
977 2007 1083 2080 (30)
1123 2011 1292 2075 venit,
1337 2010 1525 2080 ibique
1565 2011 1761 2081 positis
1790 2026 1880 2066 ca-

225 2096 351 2150 stris
399 2098 676 2154 consedit.
726 2101 794 2154 At
843 2113 910 2154 ex
957 2098 1064 2153 alia
1115 2105 1269 2168 parte
1319 2101 1562 2156 Saxones
1619 2101 1767 2157 circa
1816 2100 1878 2132 “9

224 2185 563 2243 Nechilstedi
612 2188 672 2220 ¹⁶⁰
715 2187 835 2260 (31)
879 2203 978 2243 sua
1032 2194 1209 2244 castra
1267 2190 1479 2255 locant,
1522 2197 1576 2245 et
1615 2191 1742 2247 dum
1783 2205 1878 2247 rex

220 2286 314 2329 eos
352 2275 422 2330 ad
476 2277 771 2333 concilium
823 2284 999 2344 vocet,
1051 2285 1364 2348 expectant.
1417 2282 1660 2350 Cumque
1708 2282 1875 2337 verba

211 2363 416 2431 quibus
468 2380 607 2421 suos
658 2372 948 2422 accusatos
983 2367 1244 2422 volebant
1282 2382 1586 2438 expurgare
1617 2370 1878 2439 dispone-

203 2459 350 2520 rent,
405 2453 617 2509 aderat
665 2455 893 2510 nuntius
941 2456 1106 2525 regis,
1149 2458 1243 2525 qui
1275 2472 1458 2527 regem
1498 2473 1620 2513 cum
1654 2460 1878 2515 Saxoni-

196 2541 302 2598 bus
333 2556 452 2598 non
503 2543 685 2598 verbis
723 2543 820 2598 sed
861 2543 1006 2599 ferro
1039 2544 1094 2575 ¹⁶¹
1137 2545 1418 2614 disputare
1449 2547 1586 2602 velle
1635 2549 1874 2616 dicebat,

192 2637 252 2686 et
302 2631 441 2686 huic
511 2632 898 2702 disceptationi
929 2633 1073 2688 diem
1117 2636 1415 2690 crastinum
1455 2637 1875 2694 determinabat.

201 2719 467 2775 Nondum
511 2720 651 2777 bene
683 2721 909 2777 nuntius
939 2723 1031 2777 ille
1062 2724 1226 2778 verba
1249 2723 1483 2790 finierat,
1509 2739 1632 2780 cum
1652 2727 1878 2783 veniens

213 2807 386 2874 alter,
447 2823 635 2880 regem
696 2825 818 2866 cum
869 2818 984 2868 toto
1031 2813 1276 2868 exercitu
1325 2815 1619 2870 adventare
1658 2815 1879 2871 dicebat

221 2896 317 2967 (an
370 2896 554 2964 1075,
612 2902 735 2955 Jun.
800 2901 901 2966 13).
961 2901 1116 2968 Quod
1170 2903 1352 2970 primo
1400 2917 1509 2959 non
1559 2903 1872 2972 credentes,

218 2985 307 3040 ubi
351 2987 524 3042 nimis
562 3003 749 3043 verum
788 3003 908 3044 esse
947 2997 1312 3060 cognoscunt,
1345 2992 1474 3060 quia
1513 3006 1615 3048 nec
1655 2993 1873 3048 consilii

1963 1832 2118 1896 parte
2143 1828 2434 1896 jacuerunt
2465 1836 2592 1884 octo
2624 1831 2920 1898 primates,
2972 1845 3082 1887 non
3122 1833 3301 1888 minus
3329 1833 3451 1903 ipso
3482 1849 3610 1905 rege

1963 1916 2199 1972 nobiles.
2251 1919 2366 1972 Hoc
2415 1919 2668 1987 proelium
2714 1920 2947 1988 primum
2978 1919 3180 1977 factum
3211 1928 3295 1977 est
3321 1936 3467 1979 anno
3497 1925 3608 1979 Do-

1959 2007 2091 2061 mini
2130 2006 2284 2072 1075,
2327 2007 2455 2062 ldus
2481 2008 2650 2074 Junii,
2682 2008 2816 2063 feria
2856 2010 3038 2064 tertia.

2029 2096 2118 2150 47.
2162 2098 2304 2167 Ergo
2347 2111 2464 2164 rex,
2515 2097 2714 2167 adepta
2761 2112 2884 2153 cum
2931 2099 3102 2155 multo
3141 2115 3364 2157 suorum
3413 2116 3609 2159 cruore

1961 2185 2230 2253 victoria,
2281 2187 2492 2256 aliquot
2551 2187 2669 2242 dies
2725 2188 2869 2243 intra
2925 2203 3024 2244 sua
3089 2196 3267 2246 castra
3327 2193 3605 2260 manebat,

1961 2274 2142 2329 donec
2191 2288 2288 2330 eos
2333 2289 2475 2345 quos
2513 2277 2581 2331 de
2621 2277 2736 2331 suis
2767 2282 2945 2332 metus
2974 2279 3309 2347 disperserat
3340 2280 3401 2313 ¹⁸³
3431 2283 3607 2338 recol-

1961 2363 2116 2434 legit,
2167 2371 2222 2418 et
2270 2371 2519 2420 mortuos
2565 2379 2697 2420 suos
2743 2366 2827 2420 vel
2874 2367 3099 2435 sepeliri
3146 2369 3228 2423 vel
3279 2369 3336 2423 in
3376 2371 3607 2438 patriam

1956 2455 2309 2524 sepeliendos
2356 2453 2486 2510 fecit
2532 2455 2836 2526 deportari.
2889 2457 3095 2512 Deinde
3125 2459 3413 2513 Saxoniam
3446 2460 3609 2514 nimis

1959 2542 2120 2597 laetus
2159 2544 2400 2610 intravit,
2435 2559 2596 2614 quam
2626 2546 2706 2600 sic
2746 2550 3095 2614 prostratam,
3129 2553 3188 2602 ut
3228 2547 3458 2602 ulterius
3497 2562 3606 2603 non

1958 2640 2313 2703 resurgeret,
2383 2635 2689 2688 aestimavit.
2759 2635 2926 2689 Obvia
3001 2650 3234 2706 qumque
3302 2636 3604 2705 praedando

1960 2717 2190 2788 diripuit
2235 2726 2331 2775 aut
2378 2722 2636 2777 incendio
2676 2724 3035 2792 consumpsit.
3088 2726 3141 2779 Si
3174 2725 3369 2794 pagani
3401 2739 3502 2781 nos
3529 2726 3606 2781 ita

1959 2807 2251 2876 vicissent,
2293 2823 2404 2865 non
2452 2811 2713 2879 majorem
2750 2812 2808 2866 in
2836 2813 3013 2867 victos
3041 2814 3420 2869 crudelitatem
3453 2829 3606 2870 exer-

1958 2903 2170 2952 cerent.
2221 2899 2459 2954 Feminis
2507 2899 2581 2954 nil
2630 2899 2836 2969 profuit
2874 2901 2931 2956 in
2980 2902 3241 2958 ecclesias
3285 2902 3489 2974 fugisse
3521 2904 3604 2960 vel

1957 2985 2089 3041 illuc
2141 3001 2268 3042 suas
2324 3003 2414 3044 res
2471 2996 2864 3058 comportasse.
2924 2991 3056 3045 Nam
3114 2991 3213 3046 viri
3279 3005 3381 3060 per
3443 2991 3606 3046 silvas

218 3071 371 3130 locus
421 3081 545 3131 erat
593 3077 820 3134 ineundi
869 3093 972 3134 nec
1019 3079 1296 3134 exercitus
1333 3079 1400 3134 ad
1442 3081 1694 3150 proelium
1726 3067 2304 3146 ordi-Gdilfugerant,
2356 3077 2439 3132 vel
2496 3077 2829 3147 ubicumque
2889 3093 3044 3148 spem
3101 3081 3295 3135 salutis
3351 3081 3599 3137 invenire

220 3165 423 3232 nandi,
480 3166 630 3235 quod
680 3181 746 3222 ex
794 3167 1093 3237 improviso
1141 3168 1401 3238 deprensi
1447 3170 1627 3225 solent
1665 3170 1866 3237 facere,

223 3255 377 3322 pauci
428 3255 637 3325 quibus
683 3256 768 3311 vel
823 3257 1036 3312 animus
1094 3255 1154 3288 ¹⁶²
1209 3257 1292 3312 vel
1341 3272 1488 3314 arma
1536 3258 1758 3315 fuerunt
1813 3259 1869 3315 in

218 3350 517 3414 promptu,
571 3343 792 3401 fortiter
838 3345 991 3401 ibant
1030 3346 1098 3401 ad
1152 3361 1386 3418 pugnam
1414 3390 1428 3414 ,
1481 3348 1668 3417 plures
1715 3362 1866 3416 vero,

216 3434 412 3502 quibus
463 3435 634 3506 longe
685 3434 768 3490 vel
809 3436 1022 3491 animus
1067 3436 1152 3492 vel
1202 3451 1350 3491 arma
1403 3443 1558 3492 erant
1608 3438 1705 3505 "3,
1751 3453 1871 3494 ver-

217 3529 399 3579 tuntur
428 3526 488 3580 in
541 3524 744 3594 fugam.
797 3527 993 3580 Verum
1042 3525 1149 3595 ipsi
1200 3527 1359 3596 pauci
1391 3527 1484 3596 qui
1516 3527 1581 3582 ad
1616 3528 1869 3597 prmlium

217 3615 624 3682 perstiterunt,
677 3615 816 3670 bene
865 3622 1129 3685 quantum
1180 3621 1435 3684 poterant
1472 3616 1555 3671 vel
1603 3631 1755 3671 suam
1785 3617 1869 3671 vel

216 3697 426 3758 illorum
479 3703 584 3775 qui
634 3701 887 3773 fugerant
928 3704 1102 3758 vicem
1155 3710 1503 3773 peregerunt.
1555 3707 1709 3770 Nam,
1761 3705 1871 3759 nisi

214 3789 347 3845 Deus
396 3793 476 3847 ibi
529 3791 853 3861 superbiam
902 3798 1144 3848 nostram
1186 3791 1476 3847 humiliare
1515 3792 1867 3860 decrevisset,

213 3880 527 3945 paucissimi
579 3881 757 3935 nostri
807 3886 983 3936 totum
1033 3881 1334 3936 exercitum
1385 3880 1537 3936 illum
1585 3883 1641 3936 in
1690 3881 1869 3952 fugam

209 3971 519 4026 vertissent.
581 3971 850 4026 Postremi
897 3971 1038 4026 enim
1088 3971 1330 4037 illorum,
1371 3972 1683 4027 nescientes
1722 3972 1868 4042 quod

213 4064 522 4116 nostrorum
584 4074 712 4129 pars
760 4063 936 4130 major
980 4059 1123 4132 fugae
1162 4074 1222 4115 se
1262 4059 1533 4127 dedisset,
1584 4066 1870 4131 coeperunt

211 4151 260 4200 et
291 4147 350 4178 “"
375 4149 483 4219 ipsi
518 4149 672 4218 fugae
703 4149 960 4219 praesidia
992 4164 1266 4220 quaerere,
1300 4155 1374 4217 et,
1408 4151 1512 4205 nisi
1546 4150 1623 4205 illi
1655 4158 1871 4206 nostro-

1953 3165 2176 3221 latendo
2225 3171 2540 3236 potuerant.
2589 3167 2842 3222 Feminas
2878 3167 2935 3222 in
2974 3169 3112 3238 ipsis
3139 3169 3408 3236 ecclesiis,
3437 3171 3602 3226 etiam

1951 3253 1998 3308 si
2037 3253 2305 3324 fugissent
2333 3255 2401 3310 ad
2431 3255 2624 3322 altare,
2656 3258 3105 3326 corrumpebant,
3134 3273 3341 3328 suaque
3372 3259 3600 3314 libidine

1952 3342 2186 3400 barbaro
2227 3358 2379 3400 more
2427 3345 2719 3413 completa,
2753 3344 2982 3400 feminas
3011 3361 3134 3401 cum
3174 3347 3424 3402 ecclesiis
3453 3361 3602 3402 com-

1951 3431 2244 3486 burebant.
2296 3432 2580 3502 Principes
2609 3447 2738 3488 vero
2779 3435 2954 3488 nostri
2995 3435 3239 3488 diversas
3269 3436 3604 3490 munitiones

1953 3520 2315 3586 intraverunt,
2349 3527 2404 3574 et
2450 3521 2579 3575 inde
2628 3520 2933 3590 legationes
2981 3521 3127 3592 regis
3167 3522 3510 3590 principibus
3542 3521 3602 3554 ¹⁶⁹

1953 3611 2168 3664 obviam
2218 3611 2505 3675 miserunt,
2555 3609 2931 3676 obsecrantes,
2974 3616 3033 3664 ut
3069 3609 3153 3665 vel
3204 3624 3350 3664 nunc
3388 3613 3500 3666 Deo
3532 3611 3602 3665 de

1953 3712 2052 3752 sua
2104 3698 2280 3768 gloria
2330 3698 2389 3727 ¹⁷⁰
2426 3697 2631 3768 gratias
2676 3704 2924 3766 agerent,
2973 3705 3030 3753 et
3079 3697 3342 3754 fratribus
3387 3699 3502 3755 suis
3544 3699 3600 3754 in

1953 3787 2170 3843 Christo
2203 3801 2302 3856 pro
2332 3787 2532 3842 Christi
2559 3788 2780 3842 nomine
2810 3787 2892 3842 vel
2924 3786 3084 3842 victis
3114 3794 3425 3858 parcerent.
3465 3790 3604 3856 Qua-

1953 3892 2073 3932 rum
2132 3878 2466 3948 legationum
2523 3878 2785 3947 quasdam
2852 3892 3166 3948 supponere
3233 3878 3597 3949 complacuit,

1954 3972 2014 4022 ut
2043 3981 2110 4021 ex
2140 3967 2226 4021 his
2256 3967 2431 4022 lector
2459 3973 2692 4033 ceteras,
2725 3967 2854 4037 quia
2893 3982 3084 4024 omnes
3113 3968 3347 4025 eundem
3378 3983 3600 4026 sensum

1952 4055 2246 4122 habebant,
2279 4068 2579 4125 agnoscere
2613 4057 2805 4125 possit.

2019 4145 2110 4198 48.
2153 4163 2181 4195 «
2226 4144 2496 4216 Sigefrido
2545 4146 2856 4216 Magontino
2895 4153 2949 4202 et
2978 4148 3310 4204 Adalberoni
3345 4149 3400 4181 ¹⁷¹
3434 4150 3602 4206 Wirt-

1951 4235 2274 4305 zeburgensi
2335 4236 2430 4303 ‘7',
2499 4235 2831 4304 praesulibus
2883 4235 2945 4266 ¹⁷³
3018 4238 3408 4304 sanctissimis,
3474 4240 3602 4294 We-

1952 4323 2210 4380 rinherus
2241 4324 2302 4354 ¹⁷⁸
2332 4324 2453 4380 solo
2483 4325 2707 4378 nomine
2737 4323 3252 4394 Magedaburgensis
3282 4327 3597 4394 episcopus,

212 4247 322 4291 rum
361 4236 550 4310 fugam
590 4238 745 4309 prius
773 4239 1161 4310 agnovissent,
1212 4237 1473 4309 fugiendo
1507 4240 1667 4295 nobis
1697 4241 1870 4296 victo-

211 4324 336 4382 riam
383 4329 776 4400 reliquissent.
828 4331 994 4396 Quem
1038 4329 1126 4384 cui
1177 4329 1306 4383 belli
1348 4343 1508 4384 casus
1537 4330 1694 4385 daret
1723 4330 1870 4386 occi-

211 4413 354 4482 dere,
407 4433 515 4475 nec
561 4417 705 4488 ipsis
744 4419 837 4488 qui
886 4417 1218 4474 occidebant
1265 4417 1498 4472 dabatur
1546 4407 2217 4489 agnoscere,unicquid
2267 4413 2526 4468 humilius
2572 4417 2755 4482 potest
2785 4418 2839 4466 et
2867 4410 3138 4466 devotius.
3171 4413 3304 4478 Quia
3335 4427 3432 4468 VOS
3460 4413 3601 4469 duos

191 4504 329 4572 .quia
360 4512 516 4563 tanta
570 4505 676 4561 fuit
714 4506 956 4578 pulveris
997 4505 1138 4562 facta
1167 4507 1486 4572 commotio,
1529 4513 1586 4561 ut
1616 4509 1869 4577 cuiquam
1951 4505 2185 4560 duorum
2234 4509 2637 4574 praeceptorum
2686 4501 2783 4556 Dei
2815 4501 3025 4555 flamma
3066 4500 3189 4569 plus
3217 4500 3340 4555 aliis
3387 4499 3599 4558 fervere

211 4592 292 4647 vix
321 4595 469 4651 inter
501 4597 682 4652 civem
720 4602 774 4650 et
814 4596 1028 4650 hostem
1060 4601 1248 4664 posset
1277 4609 1397 4650 esse
1437 4594 1722 4651 discretio.
1756 4598 1871 4652 Hoc
1952 4607 2065 4649 non
2117 4592 2330 4671 dubito,
2381 4591 2697 4661 specialiter
2743 4589 2809 4644 ad
2841 4603 2938 4644 vos
2967 4588 3108 4644 duos
3137 4588 3370 4658 supplex
3399 4589 3598 4645 confu-

214 4683 388 4739 tamen
437 4685 841 4754 comperimus,
893 4683 1041 4754 quod
1101 4683 1219 4739 Udo
1276 4688 1465 4738 noster
1520 4684 1773 4739 marchio'
1812 4684 1871 4715 ¹⁶⁸
1951 4683 2064 4753 gio,
2115 4695 2316 4751 rogans
2359 4687 2415 4736 et
2461 4681 2780 4746 obsecrans,
2827 4685 2885 4734 ut
2923 4678 2978 4732 in
3021 4678 3126 4734 hoc
3165 4677 3460 4746 perfectam
3504 4679 3601 4735 Dei

211 4775 617 4830 consobrinum
662 4788 817 4829 suum
868 4771 1162 4830 Rodulfum
1213 4773 1406 4827 ducem
1438 4773 1622 4843 gladio
1653 4772 1870 4829 fortiter
1951 4772 2255 4836 caritatem,
2288 4770 2433 4825 sicut
2480 4769 2699 4825 confido
2727 4783 2824 4824 vos
2867 4767 3091 4832 habere,
3135 4768 3404 4837 probetis,
3438 4773 3498 4823 ut
3544 4768 3600 4823 in

211 4863 482 4928 percussit
533 4865 597 4919 in
645 4861 858 4929 faciem,
902 4869 956 4918 et
1004 4863 1109 4918 nisi
1151 4877 1315 4918 nasus
1343 4863 1514 4934 galeae
1546 4863 1869 4933 dependens
1951 4863 2184 4918 miseros
2224 4859 2422 4916 fratres
2471 4858 2866 4939 misericordiae
2911 4858 3122 4912 viscera
3168 4857 3604 4914 misericorditer

1595 4990 1816 5044 VARH'J
1855 4990 2240 5046 LECTIONES.

1432 5087 1747 5168 "iubetinga
1779 5089 1853 5144 1b.
1879 5088 2150 5168 eLDresd.
2214 5087 2292 5168 _“9
2321 5090 2470 5168 δώ).
2518 5085 2722 5168 desunt.

211 5155 489 5215 chelstedt
517 5161 599 5213 1s.
632 5176 677 5215 c.
709 5161 898 5215 Dresd.
921 5160 1272 5215 Nechilstede
1302 5161 1354 5214 2.
1473 5159 1528 5189 ¹⁶¹
1563 5155 1705 5214 ἀθειδῖ
1733 5160 1778 5215 1.
1886 5160 1945 5191 ¹⁶¹
1975 5161 2174 5215 animis
2211 5157 2257 5213 ι.
2361 5157 2421 5188 ¹⁶³
2451 5163 2569 5212 erat
2597 5156 2644 5212 l.
2755 5155 2814 5187 ⁸⁸⁵⁵
2845 5156 3007 5211 etiam
3045 5157 3116 5210 1b.

212 5227 332 5300 chio
365 5232 437 5286 de
470 5231 719 5287 Stadhen
748 5231 801 5284 2.
917 5231 978 5260 ¹⁶⁶
1007 5231 1232 5286 effectus
1267 5229 1316 5286 Ι.
1431 5230 1490 5260 ¹⁶⁷
1521 5229 1824 5288 folomarus
1858 5231 1904 5287 1.
2023 5231 2082 5262 ¹⁶⁸
2131 5231 2376 5300 disperat
2430 5229 2476 5283 l.
2594 5227 2978 5300 ‘°9_princibus
3014 5227 3060 5282 1.

214 5298 264 5328 ¹⁷¹
296 5303 564 5359 alberoni
603 5302 647 5358 l.
682 5302 1024 5358 athelberoni
1065 5301 1118 5355 2.
1236 5301 1294 5331 ¹⁷¹
1322 5303 1687 5372 wertzeburg.
1729 5303 1771 5358 ι.
1888 5303 1949 5334 ¹⁷³
1992 5298 2247 5373 praesulis
2283 5301 2329 5354 l.
2446 5299 2508 5330 ‘7‘
2537 5300 2622 5354 W.
2664 5298 2710 5354 1.

1804 5403 2018 5457 ΝΟΤᾸΞ.

2030 5498 2137 5570 (31)
2176 5497 2495 5568 Nagelstadt
2532 5496 2600 5550 ad
2641 5497 2988 5552 Unstrudam.

2904 5085 2962 5168 1“
3001 5084 3601 5186 υξεξιιίιεξςείιὲςλξοηὶῖί·

3224 5156 3282 5186 ’⁸⁸
3313 5156 3431 5212 Udo
3453 5171 3601 5212 mar-

3178 5228 3236 5258 ”°
3284 5228 3514 5284 victoria
3543 5229 3597 5284 2.

279 5087 339 5117 ‘“
373 5089 634 5146 traderet
660 5088 707 5142 1.
825 5089 884 5119 "‘7
914 5087 1232 5144 frithericus
1265 5089 1314 5142 'l.

285 5498 414 5568 (29)
459 5501 502 5554 Ι.
553 5515 601 5554 e.
646 5501 899 5556 comitem
933 5499 1251 5570 palatinum.

288 5570 414 5640 (30)
465 5573 743 5642 Beriugen
787 5568 957 5640 prope
1000 5568 1436 5640 Langensalzam.
