4014 6176
401 214 507 268 519

1454 199 1786 255 BRUNUNIS
1822 197 2088 252 CLERlGI
2128 194 2725 251 MAGDEBURGENSIS

3666 187 3775 241 520

405 336 673 395 habeatis.
705 333 953 404 Cogitate
992 328 1142 400 quia,
1189 327 1333 382 sicut
1360 338 1458 380 vos
1497 323 1694 379 melius
1739 335 1901 392 quam
1949 319 2218 392 egoAvel
2257 319 2446 375 labore
2476 332 2591 373 sua:
2621 314 3028 385 dampnationis
3063 313 3301 369 subdere
3345 313 3637 382 potuisset,
3668 326 3778 368 non

406 426 657 491 novistis,
706 419 973 493 quicquid
1019 416 1185 473 alicui
1228 415 1404 486 gratia
1432 412 1616 467 divina
1662 411 1911 481 largitur,
1944 411 2052 466 hoc

409 516 461 573 ei
482 516 601 571 vice
624 510 839 578 talenti,
863 509 931 565 de
952 521 1063 577 quo
1093 505 1361 561 rationem
1382 507 1614 558 venturo
1638 499 1815 570 judici
1834 498 2048 565 reddat,

407 607 727 675 imputatur.
780 601 966 669 Itaque
1015 596 1143 666 quia
1188 593 1344 649 vobis
1388 590 1808 646 familiaritatem
1868 602 2052 644 coram

411 693 638 751 domino
686 692 875 745 nostro
913 699 1064 756 rege,
1105 682 1251 753 regis
1280 679 1523 736 cmlestis
1552 677 1932 733 misericordia
1960 689 2055 732 vo-

412 781 515 838 luit
554 778 880 841 concedere,
922 773 1003 828 sic
1042 772 1213 840 ipsam
1260 767 1683 824 familiaritatem
1720 764 1883 821 facite
1921 777 2055 820 cun-

413 870 519 926 ctis
547 868 642 939 qui
671 874 852 922 vestro
882 862 1130 932 indigent
1159 859 1364 915 auxilio
1396 856 1680 927 prodesse,
1704 862 1765 911 ut
1793 860 1850 910 et
1877 854 2055 910 omnis

417 959 513 1029 qui
550 963 731 1013 vestro
763 952 1075 1009 sublevatus
1102 948 1268 1004 fuerit
1309 946 1534 1012 auxilio,
1567 945 1636 1001 de
1666 950 1846 1000 vestra
1873 942 2057 999 felici-

414 1051 526 1102 tate
554 1043 806 1116 gaudeat,
839 1044 895 1095 et
921 1039 1040 1108 ipse
1068 1039 1214 1092 Deus
1243 1040 1504 1091 aeternam
1552 1032 1862 1088 mercedem
1899 1030 2056 1086 vobis

416 1148 517 1205 pro
549 1133 701 1188 lucro
734 1129 925 1186 talenti
955 1127 1181 1182 tribuat.
1214 1126 1275 1179 In
1306 1122 1499 1194 primis
1528 1121 1694 1193 igitur
1723 1133 1896 1175 meam
1924 1132 2053 1173 cau-

413 1236 527 1278 sam
571 1234 693 1276 cum
742 1218 965 1273 domino
1014 1220 1206 1271 nostro
1254 1213 1513 1284 dignetur
1560 1208 1939 1265 misericordia
1964 1222 2057 1263 ve-

410 1318 523 1366 stra
570 1306 1006 1365 misericorditer
1053 1308 1331 1367 tractare,
1386 1300 1601 1356 scilicet
1656 1299 1784 1369 quia
1838 1311 2057 1367 semper

410 1400 561 1456 volui
603 1403 661 1453 et
704 1397 832 1453 volo
883 1407 984 1466 pro
1014 1393 1224 1448 viribus
1269 1391 1428 1458 meis,
1466 1395 1523 1445 et
1561 1388 1705 1445 ultra
1740 1388 1903 1454 vires,
1938 1388 2057 1457 ejus

414 1487 616 1546 honori
649 1486 879 1543 servire.
931 1481 1086 1550 Quod
1136 1480 1183 1535 si
1226 1493 1312 1534 me
1344 1478 1487 1534 forte
1533 1479 1789 1546 majestas
1818 1477 1939 1545 ejus
1965 1489 2058 1531 ac-

412 1583 568 1634 cusat
597 1576 680 1644 ‘7‘,
730 1574 860 1643 quia
890 1572 951 1604 ¹⁷⁶
998 1584 1175 1641 nuper
1222 1568 1378 1638 quasi
1428 1572 1767 1637 pugnaturus
1816 1579 1939 1620 cum
1988 1577 2056 1620 eo

2134 408 2253 463 sine
2300 420 2400 462 suo
2452 417 2789 473 suorumque
2838 401 3087 473 periculo
3133 401 3241 456 sibi
3280 401 3555 470 subjicere
3593 401 3779 457 vellet.

2134 497 2288 565 Quod
2320 497 2364 551 si
2405 500 2651 551 nostrum
2682 492 3024 563 sanguinem,
3056 491 3185 547 dum
3230 490 3401 546 nichil
3441 492 3560 559 ejus
3587 505 3784 561 snper-

2134 586 2225 651 sit,
2278 585 2493 640 laborat
2539 582 2843 647 etl‘nndere,
2892 580 3101 650 cogitet
3137 579 3243 634 hoc
3293 592 3405 634 non
3454 577 3615 635 facile
3664 578 3782 635 fieri

2138 687 2297 744 posse
2326 673 2445 728 sine
2474 685 2696 728 suorum
2727 669 2910 739 aliqua
2938 668 3327 724 commixtione
3359 667 3438 722 ⁸⁸³.
3502 668 3694 737 Itaque
3736 668 3782 723 si

2139 762 2300 817 nobis
2348 760 2550 817 nullam
2603 757 3039 815 misericordiam
3083 755 3264 812 facere
3292 756 3557 827 disponit,
3588 755 3782 811 saltem

2137 864 2361 906 suorum
2393 848 2645 904 manibus
2674 852 2730 903 et
2769 845 2968 917 gladiis
3012 859 3239 915 parcere
3265 845 3416 900 velit.
3457 846 3587 900 Haec
3618 844 3786 915 igitur

2138 946 2193 994 et
2221 939 2267 993 si
2299 953 2407 1009 qua
2439 936 2730 1008 potueritis
2757 935 2995 1005 aptiora,
3021 934 3248 990 domino
3269 941 3460 990 nostro
3479 935 3784 1005 suggerite,

2138 1028 2300 1097 eique
2345 1033 2405 1083 ut
2450 1029 2617 1083 Deum
2658 1027 2865 1090 timeat,
2899 1023 3294 1094 populumque,
3342 1025 3430 1079 cui
3469 1030 3656 1079 rector
3702 1030 3789 1080 est

2138 1116 2320 1184 datus,
2351 1130 2461 1173 non
2494 1117 2689 1188 perdat
2726 1114 2823 1171 sed
2853 1113 3151 1181 custodiat,
3183 1113 3410 1169 suadete
3453 1132 3465 1168 :
3517 1119 3579 1168 ut
3608 1118 3666 1168 et
3694 1112 3788 1168 ille

2138 1208 2185 1263 si
2231 1222 2329 1264 vos
2374 1207 2629 1273 audierit,
2681 1211 2736 1263 et
2780 1220 2879 1261 vos
2919 1207 2966 1262 si
3004 1205 3146 1261 bene
3183 1204 3489 1270 suaseritis,
3523 1209 3786 1259 aeternam

2138 1297 2446 1354 mercedem
2476 1295 2777 1366 recipiatis.

2208 1385 2299 1439 49.
2351 1404 2378 1435 «
2419 1386 2664 1441 Dominis
2693 1392 2748 1440 et
2776 1387 2841 1441 Ν.
2872 1384 3258 1441 sacerdotibus
3304 1382 3512 1438 sanctis
3558 1382 3789 1438 ceteris-

2140 1488 2247 1544 que
2295 1474 2431 1530 viris
2482 1474 2731 1545 ejusdem
2778 1475 2998 1530 virtutis
3041 1480 3100 1529 et
3146 1472 3382 1541 ordinis,
3428 1471 3791 1527 Werinherus

2142 1562 2202 1593 ¹⁸³
2234 1556 2437 1633 plenus
2484 1564 2634 1619 omni
2678 1564 2921 1631 miseria,
2962 1566 3170 1618 aeterna
3207 1560 3529 1631 participari
3577 1559 3795 1615 miseri-

412 1641 696 1732 venerim’;
728 1641 854 1730 hoc,
886 1661 1035 1732 quod
1074 1659 1193 1729 ipsa
1224 1658 1457 1724 Veritas,
1498 1670 1622 1725 quae
1660 1654 1911 1711 Christus
1951 1641 2353 1720 est,Bcordia.
2404 1653 2658 1719 Quamvis
2705 1666 2896 1708 omnes
2941 1650 3395 1721 supplicationes,
3428 1662 3565 1720 quas
3592 1654 3790 1703 vestra:

415 1755 567 1811 novit
595 1767 784 1809 verum
827 1765 974 1817 esse,
1021 1747 1353 1817 respondete
1395 1766 1406 1801 :
1461 1760 1547 1802 me
1593 1744 1741 1800 nulla
1779 1742 2060 1814 pugnandi
2141 1742 2456 1812 paternitati
2503 1742 2687 1797 verbis
2732 1742 2815 1797 vel
2864 1740 3066 1797 litteris
3111 1739 3238 1807 feci,
3279 1738 3450 1794 nichil
3488 1737 3659 1794 michi
3692 1736 3792 1792 ad-

414 1857 582 1901 causa
610 1841 847 1907 venisse,
870 1839 968 1895 sed
993 1839 1064 1894 ob
1094 1838 1201 1893 hoc
1238 1835 1439 1902 solum,
1470 1834 1615 1890 sicut
1652 1846 1836 1889 coram
1866 1831 2061 1902 legatis
2140 1831 2250 1887 huc
2292 1831 2501 1887 videam
2551 1830 2845 1901 profuisse,
2897 1836 3077 1886 tamen
3124 1830 3323 1885 iterum
3359 1834 3557 1885 vestrae
3598 1827 3790 1897 pietati

416 1934 535 2002 ejus
564 1930 742 1987 fuerat
771 1927 1151 1991 constitutum,
1186 1928 1245 1980 ut
1293 1938 1391 1980 eos
1431 1936 1571 1993 quos
1600 1922 1657 1977 in
1687 1920 1894 1977 nostris
1937 1933 2064 1989 par—
2134 1933 2255 1975 non
2297 1934 2458 1976 cesso
2496 1919 2831 1991 supplicare,
2863 1907 2961 1987 ut,’
2975 1920 3023 1975 si
3053 1931 3152 1975 vos
3189 1932 3292 1974 nec
3321 1931 3442 1973 mea
3478 1916 3793 1973 innocentis

415 2021 565 2076 tibus
600 2033 731 2075 suos
759 2018 1048 2073 vocaverat
1078 2012 1355 2079 inimicos,
1384 2010 1635 2067 volentes
1663 2011 1778 2065 sive
1807 2008 2062 2065 nolentes

417 2110 467 2165 ei
500 2112 913 2179 praesentarem,
945 2110 1216 2174 quatenus
1245 2107 1428 2157 vestro
1457 2100 1800 2169 aliorumque
1847 2097 2063 2168 princi-

413 2211 540 2267 pum
582 2196 818 2266 judicio.
857 2193 942 2249 vel
989 2193 1046 2248 in
1095 2190 1326 2248 crimine
1365 2188 1697 2259 deprehensi
1730 2189 1881 2257 justo
1924 2201 2061 2257 sup-

413 2286 579 2355 plicio
636 2285 1018 2353 subjacerent,
1077 2280 1164 2336 vel
1221 2280 1550 2335 innocentes
1605 2276 1846 2345 inventi,
1904 2275 2063 2331 vobis

412 2373 884 2431 intercedentibus
948 2370 1178 2440 gratiam
1243 2370 1363 2437 ejus
1426 2367 1759 2436 reciperent.
1820 2366 2061 2432 Quorum

413 2477 632 2521 causam
656 2463 784 2532 quia
816 2474 924 2517 non
956 2465 1040 2514 est
1070 2458 1326 2528 dignatus
1353 2456 1629 2525 accipere,
1654 2453 1787 2524 quid
1814 2468 1900 2509 me
1930 2454 2059 2519 nisi,

411 2554 556 2609 sicut
591 2551 719 2617 feci,
752 2549 985 2604 decebat
1023 2545 1361 2602 abscedere?
1399 2544 1453 2600 Si
1483 2544 1619 2599 alias
1648 2543 1815 2599 michi
1847 2542 2060 2613 quasli-

412 2643 506 2698 bet
553 2639 744 2710 culpas
791 2639 1074 2707 imponet,
1135 2649 1202 2690 ne
1254 2634 1477 2704 longum
1533 2632 1766 2700 faciam,
1825 2638 2059 2688 vestram

409 2730 756 2799 aliorumque
805 2726 1050 2796 ejusdem
1097 2724 1310 2780 ordinis
1340 2724 1579 2779 virorum
1628 2722 1804 2791 patiar
1840 2727 2062 2777 senten-

412 2821 563 2876 tiam.
613 2818 821 2874 Deinde
869 2815 1094 2872 domino
1126 2814 1185 2845 ¹⁷⁷
1225 2817 1415 2869 nostro
1454 2812 1571 2882 regi
1620 2812 1878 2882 dignetur
1906 2810 2061 2866 almi-

2142 2008 2443 2075 calamitas,
2485 2022 2608 2075 nec,
2660 2023 2784 2078 qua:
2823 2007 2907 2063 vel
2956 2006 3286 2063 nocentibus
3331 2005 3474 2062 solet
3514 2004 3786 2071 misereri,

2141 2098 2314 2153 flectit
2359 2097 2469 2152 ulla
2513 2097 2708 2167 pietas,
2740 2097 2933 2152 saltem
2967 2109 3066 2152 vos
3104 2095 3272 2151 taedio
3319 2108 3421 2150 suo
3458 2108 3581 2149 mea
3609 2094 3789 2148 vincat

2141 2187 2549 2257 importunitas.
2590 2188 2696 2243 Per
2743 2184 3142 2255 omnipotentis
3197 2184 3366 2255 igitur
3411 2183 3508 2238 Dei
3555 2182 3792 2239 clemen-

2144 2274 2275 2330 tiam
2295 2288 2394 2331 vos
2413 2288 2549 2345 rogo
2579 2274 2787 2345 pariter
2814 2280 2869 2331 et
2898 2288 3119 2342 moneo,
3147 2272 3415 2344 praesules
3433 2271 3783 2338 sanctissimi,

2142 2369 2203 2419 ut
2250 2365 2307 2420 in
2356 2379 2442 2420 me
2484 2379 2583 2421 vos
2628 2365 2785 2434 ipsos
2829 2364 3183 2420 considerare
3228 2362 3552 2433 dignemini,
3603 2367 3659 2416 et
3702 2374 3788 2416 me

2144 2466 2256 2508 non
2296 2453 2471 2509 solum
2521 2452 2575 2507 in
2628 2452 2777 2507 nullo
2826 2453 3056 2508 crimine
3096 2451 3426 2516 convictum,
3459 2449 3558 2505 sed
3589 2463 3696 2505 nec
3722 2449 3788 2504 de

2143 2543 2257 2598 ullo
2300 2542 2360 2573 '8‘
2405 2542 2635 2597 crimine
2684 2541 3109 2612 compellatum,
3160 2539 3555 2610 condempnari
3596 2553 3667 2594 ne
3705 2552 3791 2608 pa-

2143 2631 2377 2687 tiamini.
2426 2632 2594 2701 Culpa
2644 2631 2810 2686 michi
2861 2630 3015 2701 prius
3067 2631 3399 2701 imponatur,
3453 2628 3794 2684 defensionis

2144 2721 2312 2776 michi
2356 2721 2511 2777 locus
2559 2721 2817 2786 donetur,
2862 2719 2957 2775 ubi
3003 2720 3086 2775 vel
3135 2732 3343 2775 nocens
3370 2724 3555 2774 vestro
3581 2715 3792 2787 judicio

2142 2811 2365 2882 dignum
2414 2823 2580 2880 cogar
2622 2810 2809 2864 subire
2856 2809 3210 2879 supplicium,
3262 2808 3345 2863 vel
3386 2807 3659 2864 innocens
3703 2823 3792 2863 ve-

411 2914 495 2964 tas
522 2912 703 2962 vestra
732 2917 1026 2975 suggerere
1064 2908 1126 2957 ut
1164 2901 1489 2957 recordetur
1534 2914 1593 2955 se
1643 2899 1884 2955 caelestis
1912 2900 2315 2975 regis_strum
2363 2898 2465 2954 sub
2513 2898 2686 2969 gratia
2729 2898 2937 2954 domini
2986 2897 3162 2953 nostri
3212 2896 3274 2928 ’⁸⁸
3320 2910 3535 2952 merear
3582 2896 3789 2952 habere

410 2998 582 3052 vicem
630 2993 792 3049 simul
839 2998 895 3047 et
933 3004 1133 3047 nomen
1177 2990 1403 3054 habere,
1456 2989 1550 3057 qui
1580 2988 1716 3044 dicit
1745 3002 1803 3042 se
1844 2967 2538 3044 niiseri-Cconsortium._
2567 2988 2699 3055 Quis
2763 2988 2909 3044 enim
2964 2986 3066 3042 fuit
3122 3000 3376 3056 umquam
3430 2987 3579 3055 juste
3638 2986 3791 3055 prius

411 3083 655 3139 cordiam
706 3080 878 3151 magis
906 3079 1045 3134 velle
1094 3091 1257 3147 quam
1306 3076 1655 3141 sacriﬁcium,
1688 3081 1744 3131 et
1781 3076 1875 3144 qui
1905 3076 2055 3131 venit

413 3186 523 3229 non
555 3176 614 3227 ut
637 3170 850 3240 judicet
896 3168 1157 3224 mundum
1187 3166 1285 3222 sed
1317 3170 1377 3220 ut
1404 3164 1644 3219 salvetur
1690 3164 1927 3219 mundus
1955 3178 2054 3234 per

409 3263 627 3332 ipsum;
678 3265 950 3329 quatenus
996 3257 1124 3311 dum
1179 3255 1297 3310 haec
1348 3253 1658 3325 recogitans
1713 3267 1857 3319 eum,
1897 3254 2054 3323 cujus

410 3356 495 3405 est
542 3348 603 3380 ¹⁷⁸
658 3347 962 3403 membrum
1016 3352 1071 3400 et
1117 3344 1274 3414 cujus
1328 3354 1528 3399 nomen
1587 3341 1791 3407 habet,
1838 3342 2054 3398 actibus

408 3438 595 3494 studet
640 3436 863 3502 imitari,
914 3439 1192 3490 mereatur
1236 3432 1294 3487 in
1340 3444 1511 3502 regno
1550 3429 1763 3485 cmlesti
1810 3430 2051 3485 beatitu-

406 3526 556 3582 dinis
584 3531 806 3581 aeterna:
831 3523 1006 3595 gloria
1036 3521 1311 3578 coronari.
1362 3520 1467 3575 Per
1503 3522 1676 3573 totum
1706 3516 1821 3573 fere
1849 3531 2051 3574 annum

407 3616 610 3671 litteris
672 3613 905 3683 aliisque
979 3610 1348 3682 legationibus
1412 3608 1617 3664 nostris
1684 3620 1875 3663 omnes
1936 3606 2051 3664 fere

408 3704 690 3773 principes
717 3702 873 3772 regni
912 3700 1237 3771 suppliciter
1264 3697 1553 3764 adivimus,
1586 3703 1639 3752 et
1672 3701 1732 3751 ut
1770 3696 1931 3752 nobis
1959 3711 2052 3752 co-

406 3792 552 3860 piam
601 3803 787 3845 coram
831 3788 1089 3844 veniendi
1137 3786 1493 3857 acquirerent
1539 3785 1849 3851 oravimus,
1910 3798 2054 3854 qua-

408 3885 571 3933 tenus
608 3891 796 3933 eorum
842 3876 1053 3944 judicio
1100 3875 1184 3929 vel
1233 3874 1383 3930 noxii
1426 3873 1847 3943 dampnaremur
1875 3872 1938 3903 ¹⁷⁹
1967 3873 2050 3929 vel

408 3966 618 4022 innoxii
647 3965 1003 4021 solveremur.
1054 3963 1209 4031 Quod
1249 3963 1376 4033 quia
1416 3976 1709 4033 numquam
1756 3963 2050 4033 impetrare

405 4053 705 4125 potuimus,
727 4053 925 4108 iterum
953 4065 1050 4107 vos
1080 4057 1136 4107 et
1165 4064 1358 4107 omnes
1380 4051 1477 4106 Dei
1506 4050 1699 4105 fideles
1727 4051 2053 4119 suppliciter

406 4155 645 4206 oramus,
679 4147 739 4197 ut
784 4141 977 4197 saltem
1029 4154 1199 4208 nunc,
1249 4144 1540 4210 postquam
1578 4138 1713 4193 iram
1752 4152 1902 4194 suam
1943 4153 2054 4196 no-

403 4237 520 4289 stro
549 4244 745 4287 cruore
777 4231 1011 4297 satiavit,
1055 4235 1345 4301 postquam
1373 4230 1520 4285 Deus
1557 4226 1660 4295 illi,
1701 4228 1844 4283 sicut
1882 4242 2046 4299 opor-

2136 3077 2483 3148 dampnatus,
2525 3091 2685 3147 quam
2734 3076 2803 3132 de
2843 3076 3029 3145 aliquo
3068 3075 3297 3131 crimine
3347 3072 3540 3130 fuisset
3570 3089 3791 3130 accusa-

2135 3171 2266 3220 tus?
2309 3165 2561 3221 Nondum
2610 3164 2776 3220 michi
2824 3164 3055 3235 cognovi
3094 3163 3307 3234 culpam
3346 3162 3650 3233 quamlibet
3688 3164 3791 3219 im-

2136 3254 2291 3323 poni,
2325 3258 2380 3309 et
2402 3256 2535 3323 jam,
2568 3253 2725 3323 quasi
2756 3252 3044 3308 criminum
3085 3251 3444 3322 plurimorum
3474 3251 3783 3316 convictus,

2135 3355 2326 3412 poenas
2362 3343 2687 3399 saevissimas
2732 3342 2881 3398 dedi.
2932 3343 3087 3409 Quod
3136 3343 3184 3397 si
3233 3356 3319 3398 me
3357 3342 3648 3412 quisquam
3688 3341 3787 3397 do-

2135 3431 2284 3487 mino
2333 3445 2454 3487 meo
2502 3430 2670 3487 fuisse
2708 3431 2792 3487 vel
2832 3446 2953 3487 esse
3001 3430 3266 3501 perfidum
3298 3430 3641 3496 criminatur,
3673 3443 3786 3486 non

2135 3521 2315 3577 minus
2344 3535 2504 3591 quam
2536 3521 2629 3590 qui
2660 3520 2799 3577 dixit
2827 3521 3099 3576 Domino:
3136 3540 3163 3571 «
3201 3520 3521 3576 Demonium
3553 3519 3727 3575 habes
3756 3542 3783 3569 υ

2133 3609 2416 3665 mentitur.
2458 3611 2586 3665 Haec
2633 3609 2802 3679 igitur
2848 3623 2972 3664 cum
3002 3609 3226 3665 domino
3258 3615 3453 3665 nostro
3483 3608 3788 3665 clementer

2134 3701 2386 3766 tractate,
2436 3707 2492 3754 et
2540 3704 2600 3754 ut
2637 3712 2696 3753 se
2745 3711 2927 3769 regem
2974 3713 3095 3755 esse
3134 3698 3405 3768 recogitet
3434 3697 3495 3728 ¹⁸⁶
3532 3697 3785 3763 suadete,

2134 3791 2189 3841 et
2238 3788 2383 3844 unde
2429 3803 2524 3845 rex
2570 3789 2643 3843 sit
2682 3787 2992 3858 appellatus
3038 3788 3286 3844 edocete.
3332 3790 3521 3844 Vestra
3561 3802 3786 3857 quoque

2135 3876 2404 3945 sapientia
2450 3877 2708 3949 dignetur
2743 3891 2930 3933 secum
2978 3891 3232 3947 pensare,
3272 3878 3431 3947 cujus
3466 3876 3551 3931 vel
3590 3876 3786 3947 quanti

2133 3965 2381 4021 criminis
2426 3967 2518 4035 sit,
2561 3966 2918 4022 ecclesiarum
2967 3966 3112 4022 bona
3147 3972 3380 4033 vastare,
3421 3966 3570 4035 ipsas
3606 3966 3788 4021 eccle-

2133 4053 2243 4109 sias
2273 4055 2519 4124 polluere
2550 4055 2633 4111 vel
2666 4054 3001 4122 incendere;
3056 4060 3110 4111 et
3138 4056 3185 4111 si
3217 4054 3385 4111 ullum
3414 4054 3497 4110 vel
3527 4068 3786 4126 magnum

2133 4144 2342 4200 crimen
2391 4159 2511 4201 esse
2553 4145 2826 4212 videatur,
2858 4145 2913 4200 in
2963 4144 3071 4201 hoc
3103 4144 3162 4174 ¹⁸⁷
3207 4159 3304 4200 vos
3332 4144 3557 4200 domino
3588 4151 3786 4200 nostro

2135 4231 2326 4289 fideles
2373 4248 2492 4289 esse
2539 4234 2789 4304 probate,
2831 4239 2911 4300 ut,
2952 4233 3081 4289 dum
3121 4248 3244 4289 eum
3282 4233 3351 4288 ab
3391 4233 3597 4303 injuste
3628 4247 3787 4289 revo-

404 4322 574 4387 tebat,
606 4321 873 4377 honorem
905 4288 1147 4386 donavit,
1188 4288 1428 4375 furorem
1476 4288 1738 4388 deponat,
1771 4320 1882 4374 Deo
1920 4288 2043 4389 glo-
2064 4288 2113 4344 D
2135 4322 2292 4389 catis,
2343 4325 2463 4393 ejus
2508 4288 2849 4379 animamiab
2890 4288 3467 4393 incendiogehenna;
3492 4322 3785 4387 liberetis;

403 4412 540 4467 riam
570 4410 784 4477 reddat,
810 4416 866 4465 et
894 4409 1043 4479 quod
1074 4414 1200 4465 ante
1238 4407 1556 4479 sanguinem
1596 4406 1824 4463 effusum
1853 4405 2050 4463 fecisse
2133 4424 2223 4478 ne,
2247 4411 2374 4467 dum
2406 4412 2498 4468 ille
2520 4420 2744 4469 externa
2769 4419 3087 4469 sanctorum
3118 4412 3263 4468 bona
3283 4412 3487 4481 injuste
3512 4412 3788 4479 devastat,

404 4505 642 4571 poterat,
674 4514 821 4555 nunc
856 4503 1009 4555 tanto
1039 4499 1304 4569 sanguine
1343 4496 1463 4553 fuso
1512 4496 1694 4553 faciat.
1746 4497 1847 4552 Det
1889 4497 2051 4553 nobis
2132 4500 2367 4556 internis
2396 4501 2578 4568 bonis,
2612 4508 2926 4558 sanctorum
2975 4501 3151 4573 gratia
3199 4500 3463 4571 privatus,
3497 4502 3649 4569 juste
3699 4515 3792 4556 ca-

402 4589 585 4646 locum
636 4589 733 4645 ubi
778 4588 1083 4655 vobiscum,
1127 4594 1184 4643 et
1229 4602 1353 4643 cum
1401 4586 1669 4653 Rodolfo,
1720 4586 2049 4643 Bercbtaldo
2131 4596 2270 4647 reat.
2338 4590 2749 4648 Recorderetur
2820 4591 2985 4646 etiam
3052 4589 3346 4661 prudentia
3408 4594 3589 4644 vestra
3654 4589 3791 4659 quia

404 4678 484 4746 ¹⁸⁰,
514 4677 812 4735 Godefrido
844 4677 1080 4733 ducibus
1108 4676 1401 4733 convenire
1432 4677 1706 4747 possimus
1737 4674 1832 4742 "";
1890 4682 1945 4731 et
1989 4676 2046 4732 in
2128 4685 2361 4736 mortem
2410 4681 2650 4735 minatur
2695 4679 2980 4749 apostolus
3027 4693 3138 4735 non
3185 4678 3363 4734 solum
3401 4682 3578 4734 morte
3616 4677 3791 4748 digna

401 4781 745 4838 quacumque
776 4782 835 4822 re
864 4767 1022 4822 vobis
1047 4766 1352 4836 culpabiles
1382 4780 1502 4821 esse
1532 4765 1861 4832 videbimur,
1894 4766 2044 4821 omni
2126 4767 2475 4835 facientibus,
2507 4767 2604 4824 sed
2636 4768 2800 4825 etiam
2831 4766 3328 4824 consentientibus.
3356 4786 3383 4815 an

402 4856 679 4913 voluntate
709 4862 897 4913 nostra
921 4856 1416 4926 ,deposita,vestr:e
1448 4853 2042 4924 prudentitejudicium
2198 4855 2290 4912 50.
2335 4856 2650 4912 Fridericus
2695 4846 2855 4923 vero,
2905 4856 3220 4913 Monasterii
3275 4854 3476 4925 praesul
3516 4868 3792 4911 veneran-

400 4946 649 5002 volentes
693 4947 983 5015 patiemur.
1033 4945 1191 5001 Nulla
1238 4944 1341 5001 fuit
1387 4958 1641 5016 umquam
1692 4944 1747 4998 in
1794 4943 2044 5013 quolibet
2125 4947 2248 5014 dus,
2282 4947 2410 5017 quia
2440 4946 2509 5002 de
2538 4947 2745 5003 nostris
2784 4946 3034 5017 partibus
3081 4950 3200 5001 erat
3249 4943 3519 5002 oriundus
3562 4950 3619 5000 et
3667 4945 3794 5000 Ma-

402 5048 614 5106 pagano
644 5040 794 5092 tanta
824 5034 1144 5101 crudelitas,
1177 5041 1238 5090 nt
1280 5047 1421 5105 quos
1463 5034 1583 5089 sine
1614 5033 1761 5090 omni
1794 5033 2040 5103 periculo
2124 5036 2558 5107 gcdaburgensis
2606 5035 2857 5092 ecclesiae
2905 5034 3085 5092 fuerat
3134 5034 3267 5091 olim
3313 5033 3648 5100 canonicns,
3696 5048 3796 5092 ar-

1750 5180 1976 5235 VARH‘I
2034 5182 2416 5238 LECTIONES.

1828 5320 1890 5352 ’⁷⁸
1918 5335 1968 5377 e.
2000 5334 2075 5377 ιη.
2108 5327 2163 5377 et
2192 5336 2243 5377 c.
2272 5322 2456 5378 desunt
2492 5324 2537 5378 l.

2081 5392 2142 5425 ⁸⁸⁸
2192 5393 2289 5450 illo
2336 5394 2381 5447 l.

1357 5324 1416 5355 ⁸⁷⁷
1447 5322 1652 5379 domno
1682 5322 1735 5377 2.

1822 5324 1890 5405 j"
1915 5335 1968 5405 ρ.
2000 5327 2163 5405 m.__et
2272 5324 2456 5405 degunt
2492 5324 2557 5405 in;
2622 5325 2682 5405 [⁷9
2707 5324 3025 5405 dapnemur
3051 5324 3099 5405 1.

1665 5392 1725 5425 ¹⁸³
1771 5394 1856 5448 W.
1915 5392 1963 5449 l.

2500 5394 2558 5426 ’⁸⁸
2605 5396 2660 5449 (1.
2702 5410 2756 5450 ιι.
2784 5394 2956 5467 ‘regis
2992 5396 3044 5451 2.
3088 5397 3161 5451 ita
3200 5394 3254 5451 2.

478 5328 538 5360 ¹⁷³
566 5328 782 5385 incusat
808 5329 861 5384 2.
952 5326 1012 5358 ¹⁷⁶

409 5399 465 5430 ¹⁸¹
526 5413 817 5469 possumus
859 5400 908 5456 l.

408 5470 467 5502 ⁸⁸⁷
495 5485 546 5523 v.
580 5470 746 5526 nichil
778 5486 875 5526 vos
910 5470 956 5526 1.

1041 5326 1191 5397 quod
1212 5325 1266 5380 2.

1023 5394 1083 5430 ¹δί
1129 5395 1467 5454 admixtione
1495 5394 1550 5449 2.
