4014 6176
202 315 284 371 521

1487 315 1570 369 DE
1610 314 1822 369 BELLO
1858 301 2218 368 SAXONICU;

3422 292 3531 367 5'22

199 437 523 505 cbiepiscopo
573 436 1057 507 Magedaburgensi
1110 437 1321 492 litteras
1378 438 1545 501 misit,
1604 436 1803 506 quibus
1824 435 2013 496 Asine
2052 435 2213 506 culpa
2249 438 2464 500 vastati,
2518 452 2547 490 a
2600 436 2799 505 quibus
2854 450 2954 490 nos
3006 442 3290 504 oporteret
3333 438 3415 492 vel
3474 439 3530 493 in

197 541 301 583 cum
341 524 394 555 ’⁸⁸
421 526 774 591 commonuit,
817 531 877 580 ut
925 540 1271 595 quocumque
1312 525 1473 581 modo
1514 526 1803 594 potuisset,

198 628 361 685 pacem
423 611 602 667 facere
668 628 791 668 cum
850 628 976 685 rege
1040 620 1331 684 satageret.
1390 614 1596 680 Quibus
1662 612 1808 667 litte-

197 703 261 757 ris
309 702 399 755 llas
460 701 673 756 litteras
729 703 1244 772 Magedabnrgensis
1298 702 1656 772 arcltipraesul
1724 717 1806 756 re-

195 791 322 846 misit
348 811 359 845 :

252 879 334 931 51.
392 897 417 927 «
471 878 754 934 Sacerdoti
819 878 914 933 Dei
982 879 1261 934 Friderico
1322 879 1379 909 "‘9
1418 879 1803 946 sanctissimo,

195 966 524 1022 Werinherus
562 966 645 1032 ¹⁹⁰,
686 981 752 1023 eo
783 967 931 1036 quod
963 975 1188 1023 vocatur
1244 968 1521 1037 indignus,
1581 969 1808 1023 devotos

190 1055 419 1111 fraterna:
473 1054 755 1110 servitutis
808 1055 1052 1111 affectus.
1111 1057 1363 1123 Quamvis
1415 1071 1481 1111 eo
1548 1069 1804 1123 maerore,

188 1158 329 1213 quem
362 1156 498 1197 nova
538 1142 819 1198 tribulatio
853 1143 1063 1214 genuit,
1107 1144 1179 1198 ita
1227 1144 1328 1197 sim
1378 1143 1593 1212 plenus,
1646 1150 1703 1199 ut
1751 1144 1806 1198 in

187 1232 600 1301 penetrabilibus
637 1232 822 1287 cordis
860 1232 965 1287 mei
1013 1232 1195 1287 nullus
1243 1232 1337 1287 ulli
1381 1233 1581 1303 gaudio
1636 1233 1809 1301 possit

184 1320 397 1375 inveniri
423 1320 599 1384 locus,
633 1320 1030 1376 consolationis
1068 1328 1247 1375 tamen
1279 1328 1475 1377 vestrae
1508 1322 1719 1376 litteras
1750 1328 1808 1376 ut

184 1409 375 1478 accepi,
407 1423 519 1464 non
562 1424 748 1478 parum
804 1410 1057 1464 lacrimas
1088 1410 1342 1465 maeroris
1388 1411 1647 1479 repressi,
1680 1410 1809 1479 quia

182 1498 442 1553 nonullum
484 1498 725 1552 lenimen
757 1498 969 1553 doloris
1010 1498 1065 1528 ¹⁹¹
1108 1498 1305 1564 habeo,
1339 1512 1461 1553 cum
1502 1498 1583 1553 vel
1641 1513 1806 1554 unum

182 1584 381 1640 fratrem
422 1584 668 1641 fraterno
718 1586 911 1642 dolore
961 1585 1150 1641 dolere
1196 1586 1377 1641 video.
1431 1588 1580 1641 Tunc
1628 1593 1808 1641 autem

180 1674 341 1730 solido
369 1675 575 1745 gaudio
605 1675 923 1744 gauderem,
973 1675 1019 1729 si
1068 1689 1165 1729 vos
1211 1675 1354 1730 sicut
1399 1675 1808 1731 tribulationem

1891 531 2085 593 aperto
2142 525 2371 579 crimine
2427 524 2669 590 defendi,
2732 531 2910 579 tamen
2968 523 3037 579 de
3093 522 3342 579 facienda
3398 541 3531 595 pace

1890 614 2123 669 consilio
2161 621 2357 669 vestrae
2389 614 2608 683 pietatis
2656 614 3075 683 acquiescimus,
3133 613 3181 667 si
3238 627 3354 668 eam
3413 614 3529 668 ﬁeri

1891 715 2053 770 posse
2106 702 2226 756 sine
2279 704 2484 772 majore
2541 701 2599 733 ²⁰¹
2660 702 2897 771 dampno
2964 706 3154 756 nostro
3209 699 3528 757 viderimus.

1889 789 2106 844 illarum
2165 792 2399 859 partium
2455 791 2733 860 principes
2788 791 2843 845 in
2883 790 3119 860 aliquem
3176 789 3377 856 locum,
3418 804 3530 858 quo

1889 892 1991 933 nos
2020 879 2122 933 tuti
2163 879 2436 948 possimus
2492 893 2806 945 occurrere,
2865 879 3104 945 veniant,
3164 891 3376 947 nosque
3432 892 3529 933 sua

1888 965 2157 1033 sapientia
2196 966 2327 1034 quid
2388 979 2532 1020 nunc
2588 967 2764 1022 acturi
2822 968 2994 1022 simus
3048 966 3357 1031 edoceant;
3399 967 3528 1037 quia

1889 1054 2150 1124 quicquid
2192 1054 2273 1108 eis
2303 1054 2591 1123 placuerit,
2626 1055 2923 1111 dummodo
2954 1055 3116 1111 nobis
3159 1055 3243 1111 vel
3292 1057 3531 1125 posteris

1891 1144 2096 1199 nostris
2153 1157 2260 1198 non
2300 1149 2517 1208 noceat,
2574 1150 2763 1199 noster
2819 1158 3124 1200 consensus
3180 1146 3535 1201 concorditer

1891 1232 2157 1301 implebit.
2189 1232 2344 1299 Quod
2375 1233 2421 1285 si
2463 1233 2764 1301 paternitas
2811 1240 2992 1288 vestra
3039 1234 3349 1303 suscipiens
3394 1235 3534 1290 hanc

1889 1320 1952 1350 ²⁰¹
1981 1334 2202 1390 operam
2252 1334 2419 1389 opere
2478 1320 2797 1389 complebit,
2857 1336 2979 1376 cum
3038 1322 3252 1377 caelesti
3312 1323 3538 1391 praemio

1892 1425 1993 1466 nos
2022 1424 2213 1466 omnes
2244 1410 2431 1465 fideles
2460 1424 2680 1479 semper
2716 1412 2926 1467 amicos
2955 1411 3201 1467 habebit.
3239 1431 3267 1462 ››

1959 1497 2050 1553 52.
2084 1500 2208 1568 ipso
2248 1504 2497 1569 tempore
2528 1500 2671 1553 Deus
2709 1500 3061 1569 omnipotens
3104 1500 3229 1555 urbi
3278 1502 3539 1572 Mageda-

1891 1587 2151 1658 burgensi
2192 1603 2291 1656 per
2317 1593 2632 1643 sanctorum
2672 1588 2887 1654 merita,
2938 1590 3032 1657 qui
3078 1588 3154 1644 ibi
3205 1589 3391 1658 plures
3437 1590 3543 1645 ha-

1894 1678 2113 1744 bentur,
2146 1692 2392 1748 magnam
2434 1677 2868 1733 misericordiam
2929 1678 3193 1743 ostendit,
3253 1684 3309 1733 et
3367 1680 3569 1748 ipsam,

180 1778 323 1833 quam
373 1778 565 1818 sumus
622 1767 855 1832 experti,
906 1764 987 1818 sic
1034 1762 1405 1819 innocentiam
1458 1770 1697 1819 nostram
1751 1760 1873 1816 ¹⁹²Β
1897 1766 2085 1822 urbem
2142 1773 2424 1836 totumque
2465 1766 2597 1821 illud
2656 1767 2996 1836 episcopium
3053 1781 3084 1821 a
3143 1766 3353 1821 crudeli
3394 1769 3540 1837 regis

179 1852 519 1908 considerare
583 1852 845 1918 viderem,
904 1852 989 1907 vel
1028 1854 1074 1907 si
1114 1852 1425 1919 consilium,
1457 1853 1605 1922 quod
1644 1853 1806 1907 michi

177 1941 238 1995 de
266 1940 514 1997 facienda
563 1956 696 2010 pace
744 1941 907 2007 datis,
950 1948 1009 1995 ut
1058 1942 1171 2009 ipsa
1213 1955 1272 1996 re
1325 1942 1500 2007 ﬁeret,
1551 1942 1807 2010 adjuvare

176 2031 418 2098 possetis.
446 2032 513 2085 Ut
542 2031 684 2085 enim
706 2045 736 2085 a
768 2044 895 2099 rege
918 2036 1108 2085 nostro
1131 2031 1455 2100 cunctisque
1486 2031 1639 2101 regni
1663 2031 1808 2099 prin-

172 2118 397 2187 cipibus,
420 2119 763 2188 maximeque
782 2119 852 2174 ab
882 2119 1160 2189 episcopis
1189 2121 1395 2175 nostris
1415 2118 1803 2185 confratribus,

170 2206 271 2275 igni
301 2206 564 2277 ferroque
603 2214 749 2263 terra
790 2214 977 2264 nostra
1022 2215 1349 2275 vastaretur,
1400 2208 1548 2278 quod
1599 2208 1806 2264 crimen

164 2300 400 2350 nostrum
435 2295 546 2350 tale
587 2295 914 2365 praecessit?
960 2297 1054 2351 Vel
1102 2299 1148 2352 si
1195 2298 1364 2352 ullum
1415 2296 1538 2361 fuit,
1592 2296 1646 2351 in
1696 2311 1807 2366 quo

157 2383 387 2438 concilio
420 2384 801 2449 sacerdotum,
836 2384 889 2438 in
930 2398 1041 2453 quo
1092 2385 1295 2454 palatio
1344 2384 1654 2454 principum
1703 2385 1806 2440 de-

151 2468 409 2527 claratum
463 2472 690 2540 patuit?
737 2472 964 2537 Quando
1003 2474 1179 2527 vocati
1240 2472 1302 2504 ¹⁹³
1357 2473 1425 2527 ad
1473 2470 1809 2529 satisfactio-

146 2574 259 2616 nem
292 2561 505 2616 venit‘c
535 2560 1013 2628 contempsimus?
1040 2564 1083 2616 Α
1115 2562 1316 2630 quibus
1361 2561 1602 2616 accusati
1653 2567 1708 2616 et
1749 2561 1809 2591 '”

144 2636 382 2706 convicti
415 2656 663 2704 sumus?
717 2651 887 2705 Immo
927 2655 1215 2719 postquam
1256 2649 1466 2705 domini
1510 2649 1685 2704 nostri
1718 2663 1811 2705 re-

154 2738 229 2807 gis
257 2739 424 2801 iram,
465 2737 604 2792 licet
632 2738 751 2793 sine
800 2752 983 2804 causa,
1034 2738 1089 2792 in
1131 2752 1233 2793 nos
1280 2738 1548 2793 exarsisse
1596 2750 1807 2807 cogno-

158 2826 358 2891 vimus,
432 2826 685 2896 singulos
750 2827 1051 2896 principes,
1120 2826 1440 2882 sacerdotes
1495 2832 1551 2881 et
1615 2826 1805 2891 laicos,

1891 1854 2172 1910 invasione
2203 1857 2277 1909 ita
2308 1855 2633 1910 mirabiliter
2670 1854 2938 1920 defendit,
2988 1861 3047 1909 ut
3106 1854 3240 1909 nulli
3280 1855 3374 1924 qui
3431 1856 3537 1911 hoc

1890 1944 2148 2015 cognovit
2202 1944 2267 1975 ²⁰³
2324 1944 2486 2000 liceat
2541 1944 2814 2009 dubitare,
2858 1944 3101 2013 ipsorum
3157 1943 3368 1999 meritis
3405 1958 3536 1999 san-

1889 2038 2102 2087 ctorum
2162 2038 2294 2087 tunc
2350 2032 2496 2087 illam
2555 2032 2829 2087 civitatem
2890 2032 3219 2087 incolumem
3278 2046 3542 2102 perman-

1888 2120 2047 2176 sisse.
2080 2122 2210 2175 Nam
2262 2120 2483 2176 cuidam
2514 2119 2731 2175 ancillae
2790 2120 2886 2175 Dei
2944 2125 3071 2174 ante
3130 2119 3385 2189 praelium
3442 2134 3542 2190 per

1889 2208 2156 2264 visionem
2214 2208 2392 2264 fuerat
2448 2208 2766 2273 revelatum,
2826 2207 2873 2262 si
2931 2213 3095 2277 caput
3132 2208 3307 2263 sancti
3366 2208 3540 2263 Seba-

1890 2296 2076 2363 stiani,
2108 2296 2257 2366 quod
2288 2296 2343 2351 in
2386 2297 2576 2352 eadem
2625 2296 2846 2351 civitate
2903 2311 3024 2351 cum
3084 2297 3253 2352 multa
3308 2310 3543 2353 venera-

1891 2386 2043 2440 tione
2072 2385 2327 2451 habetur,
2357 2385 2504 2440 circa
2537 2385 2804 2440 terminos
2841 2384 3109 2454 episcopii
3161 2383 3354 2439 fuisset
3404 2397 3540 2454 por-

1892 2480 2086 2539 tatam,
2128 2474 2351 2530 eosdem
2399 2474 2666 2529 terminos
2716 2473 2901 2528 nullus
2948 2478 3137 2541 posset
3185 2473 3393 2528 intrare
3442 2472 3548 2528 ho-

1890 2563 2075 2616 stium.
2108 2562 2263 2629 Quod
2294 2577 2416 2617 cum
2448 2563 2567 2631 ipsa
2598 2561 2924 2632 Meginfrido
2966 2560 3050 2627 ηδ,
3101 2560 3346 2630 ejusdem
3396 2560 3553 2616 urbis

1894 2649 2179 2719 praefecto,
2221 2657 2275 2705 et
2327 2651 2620 2720 praefectus
2673 2657 2965 2721 antequam
3026 2652 3243 2707 exirent
3300 2651 3368 2706 ad
3430 2649 3548 2706 bel-

1895 2736 2027 2802 lum,
2059 2738 2220 2792 nobis
2258 2737 2610 2792 audientibus
2660 2737 3040 2808 archipraesuli
3089 2745 3283 2794 nostro
3313 2736 3544 2793 retulis-

1890 2834 1974 2880 set
2004 2825 2136 2894 (32),
2186 2833 2411 2895 peracto
2453 2828 2563 2894 jam
2615 2826 2833 2896 prtelio,
2893 2834 3060 2896 caput
3109 2827 3287 2895 ipsum
3345 2840 3541 2882 omnes

161 2913 376 2984 scriptis
445 2921 505 2969 et
560 2914 724 2969 dictis
778 2915 1107 2983 suppliciter
1162 2916 1455 2979 oravimus,
1516 2921 1574 2969 ut
1622 2927 1806 2969 coram
1890 2913 2156 2968 terminos
2204 2921 2445 2980 nostros,
2504 2920 2794 2984 antequam
2854 2928 2951 2970 rex
3006 2914 3237 2980 veniret,
3298 2915 3534 2971 circuire

164 3003 411 3058 veniendi
464 3002 680 3072 copiam
746 3003 907 3058 nobis
963 3003 1342 3072 impetrarent,
1403 3009 1675 3072 quatenus
1713 3009 1807 3056 aut
1890 3000 2122 3057 fecimus
2160 3001 2296 3072 (33),
2330 3010 2385 3058 et
2413 3003 2487 3058 ita
2515 3017 2635 3058 esse
2673 3003 2817 3058 sicut
2863 3002 3060 3058 ancilla
3111 3002 3205 3058 Dei
3255 3003 3532 3073 praedixe-

164 3092 435 3148 criminosi
514 3093 759 3161 ipsorum
820 3092 1033 3161 judicio
1090 3092 1512 3160 dampnaremur
1570 3090 1648 3157 ηδ,
1708 3084 1859 3146 autC
1885 3099 1988 3159 rat,
2040 3106 2106 3146 ex
2155 3091 2276 3161 ipso
2324 3105 2504 3147 rerum
2545 3099 2742 3146 eventu
2781 3093 3169 3161 comperimus.
3210 3091 3342 3147 Nam
3401 3093 3527 3148 ubi-

163 3179 269 3236 sine
303 3180 541 3236 crimine
573 3195 694 3236 cum
728 3195 860 3250 pace
908 3188 963 3235 et
1008 3181 1182 3251 gratia
1230 3180 1438 3235 domini
1488 3180 1661 3236 nostri
1710 3179 1799 3234 di-

163 3268 517 3326 mitteremur.
551 3268 707 3336 Quod
753 3284 875 3324 cum
928 3269 1087 3325 nobis
1134 3269 1303 3325 nichil
1346 3269 1607 3338 prodesse
1656 3268 1803 3323 vide-

164 3368 348 3422 remus,
381 3358 492 3427 ipsi
526 3356 755 3412 domino
787 3363 976 3412 nostro
1016 3357 1346 3427 legationem
1387 3357 1530 3411 sicut
1569 3355 1803 3411 humiles

162 3445 288 3499 servi
317 3460 467 3515 saepe
501 3445 755 3511 fecimus,
787 3444 1167 3514 supplicantes
1197 3450 1257 3499 ut
1295 3459 1397 3499 nos
1443 3444 1527 3498 vel
1585 3444 1641 3497 in
1689 3443 1803 3497 cri-

163 3532 292 3589 mine
322 3535 713 3605 deprehensos
736 3534 948 3603 judicio
980 3534 1289 3603 principum
1325 3533 1500 3601 palam
1548 3531 1807 3601 dampna-

165 3627 235 3675 ret
272 3622 350 3690 '9‘,
383 3624 469 3680 vel
502 3624 630 3678 sine
661 3623 889 3678 crimine
920 3629 1173 3691 repertos
1202 3621 1397 3692 gratiae
1448 3620 1507 3651 ¹⁹⁷
1554 3634 1668 3675 suae
1717 3632 1804 3673 se-

165 3712 378 3768 renitate
408 3713 675 3768 donaret.
717 3712 830 3767 Hac
880 3711 1049 3782 igitur
1106 3710 1174 3765 de
1232 3711 1394 3778 culpa
1449 3715 1651 3763 terram
1709 3721 1807 3762 no-

162 3805 312 3855 stram
377 3817 568 3858 saevus
634 3805 875 3856 vastator
933 3799 1147 3864 invasit,
1190 3798 1303 3868 igni
1360 3796 1621 3866 ferroque
1668 3809 1807 3866 pene

163 3886 417 3946 desertam
449 3889 726 3947 reddidit.
766 3888 922 3957 Quod
960 3888 1007 3942 si
1038 3888 1142 3943 soli
1174 3887 1299 3942 laici
1331 3888 1387 3942 in
1427 3886 1523 3942 illo
1563 3885 1807 3941 exercitu

161 3974 394 4043 fuissent,
427 3980 672 4036 forsitan
711 3978 963 4033 ecclesiis
994 3984 1048 4031 et
1079 3975 1472 4032 ecclesiasticis
1520 3975 1685 4030 rebus
1714 3988 1809 4044 pe-

162 4068 477 4131 percissent.
530 4069 696 4124 Nunc
746 4080 875 4122 vero
928 4065 1056 4136 quia
1098 4064 1159 4095 ¹⁹⁸
1214 4064 1434 4134 plurimi
1490 4063 1810 4119 sacerdotes

160 4153 393 4223 aderant,
446 4156 599 4213 nulli
656 4156 735 4210 rei
783 4169 955 4210 sacrae
1004 4154 1323 4223 parcebant,
1374 4152 1473 4208 sed
1524 4152 1805 4218 ecclesias,

163 4256 285 4309 quas
318 4245 402 4300 vel
435 4246 555 4315 ipsi
614 4243 697 4299 vel
747 4242 945 4298 fratres
984 4240 1045 4273 ¹⁹⁹
1093 4256 1285 4297 eorum
1331 4245 1807 4307 consecraverant,

162 4329 273 4399 igne
301 4333 518 4391 nefario
558 4332 825 4389 succendi
855 4332 1137 4397 videbant,
1181 4346 1282 4387 nec
1331 4331 1806 4387 contradicebant.

1886 3193 2121 3249 cumque
2151 3193 2247 3234 rex
2293 3178 2359 3233 ad
2415 3178 2566 3248 ipsos
2622 3178 2887 3234 terminos
2942 3180 3111 3245 venit,
3175 3180 3362 3235 divino
3393 3187 3528 3236 nutu

1886 3268 2212 3337 perterritus
2250 3267 2489 3333 rediens,
2523 3283 2788 3338 nusquam
2848 3266 2982 3322 illud
3035 3269 3376 3338 episcopium
3440 3270 3529 3323 in-

1886 3360 2067 3413 travit.

1955 3445 2046 3499 53.
2115 3444 2221 3500 Sed
2288 3459 2411 3499 cutn
2478 3459 2571 3498 rex
2630 3444 2876 3498 exercitu
2944 3444 3240 3497 comitante
3297 3443 3535 3497 venisset

1885 3532 2210 3597 Goslariam,
2278 3531 2466 3599 ibique
2530 3544 2559 3583 a
2618 3529 2945 3598 quibusdam
2998 3529 3204 3584 nostris
3260 3528 3537 3599 episcopis

1888 3618 2204 3688 triumphali
2256 3621 2547 3685 susceptus
2604 3622 2749 3671 esset
2786 3615 2983 3685 gloria,
3043 3617 3112 3671 ab
3150 3616 3343 3670 amicis
3398 3618 3534 3681 suis,

1889 3707 2022 3778 quid
2060 3707 2165 3761 sibi
2208 3705 2349 3761 foret
2375 3704 2668 3775 agendum,
2700 3704 2974 3774 quaesivit,
3007 3710 3063 3759 et
3091 3704 3199 3770 vix,
3232 3704 3379 3773 quod
3430 3705 3534 3759 sibi

1890 3796 2025 3852 utile
2055 3801 2222 3861 esset,
2254 3794 2497 3849 invenire
2532 3793 2731 3862 potuit.
2771 3794 2904 3847 Nam
2953 3792 3245 3848 consilium
3293 3791 3442 3861 quod
3483 3794 3531 3847 ei

1891 3882 2164 3937 dederunt
2194 3894 2335 3951 pene
2366 3893 2575 3945 omnes,
2622 3886 2680 3934 ut
2718 3881 2829 3934 Deo
2877 3879 2946 3934 de
2993 3878 3223 3934 victoria
3270 3892 3368 3933 sua
3405 3893 3534 3949 gra-

1891 3972 2020 4026 tiam
2050 3969 2113 4001 ²⁰⁸
2142 3975 2331 4040 ageret
2358 3977 2413 4024 et
2442 3969 2686 4024 Saxones
2714 3969 2770 4023 in
2802 3981 2992 4037 pacem
3023 3974 3079 4023 et
3101 3967 3332 4039 gratiam
3380 3982 3532 4024 suam

1891 4060 2035 4115 sicut
2063 4073 2163 4115 rex
2199 4058 2539 4114 christianus
2576 4058 2872 4127 reciperet,
2923 4070 3032 4113 non
3083 4057 3337 4128 accepit;
3386 4059 3532 4129 quod

1891 4164 2021 4206 vero
2052 4150 2170 4219 ipse
2200 4148 2352 4205 solus
2381 4147 2617 4215 volebat,
2653 4155 2711 4203 ut
2738 4149 2921 4203 statim
2973 4156 3206 4206 cunctos
3251 4163 3366 4206 sua:
3412 4164 3535 4205 ser-

1890 4240 2052 4294 vituti
2090 4238 2411 4308 subjiceret,
2460 4237 2528 4292 ad
2580 4251 2825 4307 praesens
2881 4237 3110 4306 implere
3167 4252 3279 4294 non
3337 4237 3537 4307 potuit.

1897 4332 2029 4385 Nam
2058 4342 2163 4383 nec
2200 4328 2482 4398 principes
2530 4339 2722 4381 omnes
2766 4339 2964 4394 capere
3013 4325 3229 4379 valebat
3276 4327 3405 4393 quia
3444 4338 3543 4393 per

161 4420 286 4483 Quid
325 4424 497 4493 igitur
549 4431 686 4477 tunc
737 4421 861 4476 laici
914 4419 1177 4485 facerent,
1237 4435 1358 4476 cum
1417 4421 1710 4489 episcopos
1746 4413 2116 4474 uthiversa
2144 4416 2380 4487 dispersi
2410 4414 2645 4481 fuerant,
2696 4426 2798 4468 nec
2853 4412 2948 4467 diu
3001 4426 3123 4467 cum
3181 4411 3426 4467 exercitu
3483 4411 3537 4465 in

164 4507 277 4565 talia
306 4512 507 4568 fierent
540 4510 865 4568 consentire
904 4509 988 4566 vel
1030 4510 1192 4565 etiam
1232 4509 1493 4580 instigare
1537 4509 1808 4564 viderent.
1896 4507 1998 4562 hac
2028 4512 2175 4561 terra
2209 4517 2426 4559 manere
2458 4503 2658 4572 potuit,
2691 4500 2820 4571 quia
2849 4498 3019 4555 fames
3048 4500 3101 4555 in
3132 4500 3228 4555 illo
3259 4513 3402 4554 anno
3443 4513 3541 4554 no-

162 4598 255 4652 Sed
293 4609 352 4656 ut
390 4602 517 4657 haec
549 4608 708 4672 gesta
748 4599 858 4654 sint
905 4598 989 4664 ’°°,
1031 4598 1278 4667 quamvis
1316 4603 1441 4653 ante
1472 4598 1643 4653 simus
1672 4597 1812 4652 ultra
1897 4596 1984 4651 bis
2020 4600 2155 4650 tunc
2181 4592 2334 4647 utilis
2361 4590 2559 4657 fuerat,
2593 4597 2647 4645 et
2674 4589 2850 4645 Julius
2880 4589 3084 4644 mensis
3129 4588 3313 4658 fruges
3360 4588 3540 4643 adhuc

164 4686 369 4745 modum
403 4689 597 4761 puniti
629 4702 789 4758 quam
819 4687 1006 4757 aliquo
1055 4687 1220 4743 modo
1261 4687 1315 4741 in
1362 4686 1522 4755 culpa
1568 4686 1815 4754 qualibet
1897 4692 2139 4739 maturas
2194 4695 2304 4737 non
2372 4680 2708 4746 exhibebat;
2768 4693 2871 4734 nec
2922 4692 3051 4733 vero
3093 4683 3269 4732 tutum
3311 4676 3540 4746 putabat

164 4774 378 4846 inventi,
420 4778 683 4849 quamvis
728 4778 797 4832 ab
845 4776 956 4831 illis
1011 4777 1181 4831 simus
1237 4775 1390 4831 caede
1447 4780 1503 4830 et
1553 4774 1813 4830 incendio
1895 4775 2015 4828 sine
2045 4771 2289 4827 exercitu
2322 4776 2451 4825 tunc
2491 4770 2547 4824 in
2584 4768 2817 4824 Saxonia
2865 4779 3167 4822 remanere.
3208 4765 3357 4820 Abiit
3407 4779 3538 4835 ergo

1537 4918 1763 4972 VARUS
1820 4915 2181 4972 LECTIONES

230 5045 289 5078 ’⁸⁸
315 5062 445 5105 eum
486 5054 555 5104 ut
596 5047 777 5103 fidelis
823 5050 987 5102 terra:
1037 5045 1106 5101 de
1154 5059 1263 5115 qua
1300 5042 1812 5115 natus_eratc.g2.
1909 5040 1970 5072 ¹⁸⁹
2006 5042 2066 5115 F.
2105 5039 2238 5115 1.2.

166 5116 221 5149 "'
246 5118 388 5176 deest
427 5121 475 5174 l.
585 5118 646 5150 ‘“
672 5118 756 5173 vel
796 5116 850 5170 2.
948 5117 1009 5148 ¹⁹⁸
1038 5109 1431 5185 dampnaretur
1466 5113 1512 5169 1.
1610 5114 1671 5145 ¹⁹⁶
1708 5114 2005 5185 dampnare
2050 5112 2098 5185 1.
2194 5109 2254 5141 ¹¹⁷
2291 5123 2389 5185 sue

164 5189 468 5246 confratres
507 5190 904 5246 dedicaverant
933 5188 987 5242 2.
1064 5187 1128 5218 ¹⁰⁰
1165 5179 1217 5242 st
1249 5188 1297 5240 1.
1372 5186 1434 5218 ¹⁰¹
1466 5186 1661 5256 majori
1690 5185 1744 5241 2.
1837 5179 1902 5216 ⁵⁰¹
1940 5184 1996 5256 h.
2031 5183 2173 5253 piam
2201 5196 2293 5256 op.
2325 5179 2380 5235 2.

163 5260 224 5328 cf.
255 5261 400 5330 infra
431 5277 564 5333 cap.
605 5259 724 5316 117.
802 5259 865 5292 ’⁸⁸
897 5261 974 5314 ita
1011 5258 1095 5313 ed.
1128 5258 1271 5328 glam
1304 5252 1568 5329 [gloriam]
1603 5258 1761 5313 daret
1792 5254 1957 5326 corr.)
1980 5252 2168 5326 ageret
2202 5252 2249 5308 l.

1758 5378 1954 5434 NOTE

230 5496 354 5639 E32;
402 5501 551 5556 Hinc
585 5506 753 5568 patet,
796 5501 1106 5554 Brunonem
1140 5495 1284 5549 inter
1313 5494 1547 5549 clericos
1576 5493 1980 5562 archiepiscopi
2011 5489 2308 5547 familiares
2336 5488 2527 5544 fuisse.

258 5567 328 5623 33
390 5572 543 5626 Ebra
587 5585 789 5639 propro
829 5567 1303 5625 Sondershausen.

258 5567 354 5639 33)
390 5572 543 5626 Ebra
587 5567 789 5641 propro
829 5567 1303 5625 Sondershausen.

375 5679 633 5734 ΡΑτιιοι.
666 5678 911 5733 CXLVII.
3275 5663 3332 5715 17

2335 5037 2397 5069 "°
2424 5038 2510 5093 W.
2562 5038 2607 5092 l.
2686 5035 2743 5067 ¹⁹¹
2776 5035 2963 5091 cordis
2990 5035 3044 5091 2.
3126 5034 3187 5066 ¹⁹¹
3217 5041 3451 5090 vestram
3491 5036 3538 5089 l.

2418 5105 3049 5249 g.’gu%ognot'?.qui?
3080 5104 3457 5234 itlteinlridgell.
