4014 6176
481 302 590 357 523

1528 295 1861 349 BRUNONIS
1897 295 2163 349 CLERICI
2203 295 2796 351 MAGDEBURGENSIS

3739 293 3838 347 5'24

478 430 604 484 ’cum
636 431 753 481 toto
785 423 1051 489 exercitu,
1084 428 1139 477 et
1169 420 1473 484 Saxoniam,
1524 418 1667 473 sicut
1715 419 1887 487 prius,
1929 419 2337 478 habuitAsuas
2387 420 2616 488 injurias
2654 418 2916 475 oblivioni
2956 424 3247 489 perpetua:
3296 418 3531 474 tradere.
3594 422 3661 472 At
3715 417 3837 483 ille,

483 517 539 572 in
574 517 808 571 incerto.
839 514 971 567 Nam
1003 516 1290 580 postquam
1339 507 1587 572 recessit,
1638 508 1880 561 Saxones
1928 507 2124 561 iterum

485 609 923 676 congregantur,
992 601 1268 665 Deumque
1326 595 1471 664 quod
1541 608 1638 650 eos
1694 595 2127 680 misericorditer

485 695 777 764 castigans,
824 703 934 745 non
991 687 1211 756 penitus
1266 683 1501 753 opprimi
1542 683 1872 752 permiserit,
1934 684 2125 738 humill

485 783 777 838 devotione
810 776 1142 839 collaudant,
1176 778 1231 827 et
1268 786 1326 827 se
1383 773 1635 838 invicem,
1686 779 1955 841 quatenus
1984 786 2125 827 una-

487 871 708 925 nimiter
736 882 837 938 pro
866 879 963 921 sua
990 864 1243 918 libertate
1262 868 1375 916 tota
1403 862 1602 915 virtute
1633 867 1895 931 pugnent,
1929 861 2127 916 adhor-

488 965 709 1025 tantur;
776 955 980 1022 Deique
1036 950 1467 1005 misericordiam
1535 962 1645 1004 non
1710 962 1776 1002 ex
1843 952 1958 1002 toto
2021 948 2124 1001 sibi

487 1048 753 1101 sublatam
786 1043 911 1097 inde
950 1041 1013 1071 ¹⁰⁶
1052 1041 1384 1108 conjectant,
1419 1038 1547 1107 quia
1592 1037 1653 1067 ⁹⁰⁷
1693 1037 1848 1106 quasi
1899 1042 2126 1105 paterna

488 1138 691 1205 pietate
720 1131 996 1202 ﬂagellati,
1048 1130 1114 1184 ad
1166 1127 1537 1197 recipiendam
1585 1127 1839 1181 virtutem
1879 1126 2123 1180 discessu

488 1226 631 1294 regis
660 1228 993 1292 oportunum
1019 1223 1233 1288 tempus
1262 1220 1609 1284 acceperant.

556 1312 647 1365 54.
682 1313 895 1366 interea
925 1324 1021 1363 rex
1070 1312 1244 1362 totum
1293 1307 1591 1361 exercitum
1639 1305 1834 1359 iterum
1888 1316 2124 1372 congre-

483 1402 666 1473 gabat,
700 1405 759 1455 ut
794 1399 1020 1454 Octobri
1077 1410 1263 1451 mense
1318 1396 1605 1450 Saxoniam
1661 1394 1961 1463 ingressus,
2015 1391 2127 1446 fru-

483 1505 599 1560 ges,
633 1503 769 1559 quas
803 1487 948 1542 .luiio
979 1498 1165 1541 mense
1203 1484 1401 1538 multas
1448 1483 1502 1536 in
1555 1482 1701 1551 agris
1746 1481 1975 1542 viderat,
2034 1487 2127 1534 aut

485 1579 691 1634 utendo
748 1582 841 1631 aut
898 1573 1273 1631 comburendo
1332 1577 1698 1637 consumeret,
1755 1569 2127 1639 populumque

485 1674 659 1722 totum
700 1666 783 1720 vel
834 1664 1093 1719 rebellem
1141 1661 1323 1731 gladio
1382 1660 1753 1715 devorandum
1810 1658 1985 1723 daret,
2043 1657 2126 1711 vel

2207 523 2320 564 suae
2387 508 2770 578 promissionis
2837 506 3079 573 oblitus,
3142 521 3244 562 nec
3300 508 3410 563 Deo
3460 520 3561 577 pro
3618 506 3839 561 victoria

2209 610 2369 665 quam
2399 595 2479 651 sic
2511 595 2703 651 leviter
2749 600 3041 664 acceperat
3085 594 3279 665 dignas
3330 595 3520 651 laudes
3568 594 3841 650 humiliter

2208 684 2471 751 reddidit,
2506 698 2607 739 nec
2645 684 2790 738 illam
2823 698 2985 753 quam
3015 688 3147 739 tunc
3176 684 3413 738 habebat
3459 684 3691 754 gloriam
3735 698 3843 738 um-

2208 788 2367 842 quam
2425 788 2483 828 se
2525 772 2953 842 disperditurum
3009 774 3071 802 ²¹²
3128 773 3384 828 credidit.
3444 773 3596 839 Quod
3647 774 3693 827 si
3731 774 3842 842 regi

2208 876 2394 932 regum
2434 877 2492 917 se
2534 868 2665 917 tunc
2703 862 2985 916 humiliter
3038 861 3415 917 substerneret
3453 868 3508 917 et
3562 863 3618 916 in
3676 861 3846 917 victos

2209 950 2640 1006 misericordiam
2688 949 2784 1004 Dei
2833 949 3170 1016 ostenderet,
3221 963 3330 1004 non
3379 949 3554 1005 solum
3595 963 3737 1019 quos
3771 950 3846 1005 vi-

2207 1044 2359 1093 cerat
2386 1041 2642 1101 Saxones,
2683 1038 2781 1094 sed
2820 1052 3010 1094 omnes
3046 1038 3249 1108 quibus
3285 1038 3588 1108 imperabat
3634 1044 3845 1108 gentes,

2209 1128 2402 1183 timere
2432 1142 2490 1182 se
2523 1128 2729 1197 pariter
2758 1134 2813 1182 et
2850 1142 3031 1183 amare
3071 1126 3296 1194 faceret,
3328 1133 3383 1183 et
3419 1128 3486 1184 ad
3526 1128 3649 1183 illas
3685 1127 3844 1184 etiam

2208 1216 2461 1271 nationes
2491 1232 2614 1286 quae
2652 1216 2758 1272 sibi
2797 1230 2907 1271 non
2954 1217 3330 1287 subjacebant,
3381 1217 3572 1289 gloria:
3617 1232 3732 1273 suae
3774 1216 3849 1272 fa-

2209 1318 2346 1360 mam
2407 1306 2623 1360 cunctis
2680 1304 3006 1360 laudandam
3063 1306 3476 1362 transmitteret.
3531 1308 3666 1374 Quia
3720 1320 3847 1362 vero

2209 1391 2552 1448 crudelitatis
2610 1395 2851 1463 antiquae
2901 1407 3012 1449 non
3060 1394 3368 1460 immemor,
3420 1395 3599 1451 timeri
3640 1402 3847 1451 tantum

2210 1496 2312 1537 nec
2342 1482 2511 1537 amari
2542 1484 2784 1549 curabat,
2820 1497 2923 1538 nec
2952 1485 3193 1539 Saxones
3229 1484 3337 1538 sibi
3364 1484 3554 1539 ildeies
3583 1497 3686 1539 nec
3716 1484 3848 1539 alias

2209 1571 2292 1624 sui
2350 1570 2504 1641 regni
2562 1571 2814 1626 nationes
2870 1571 3095 1631 devotas
3145 1570 3402 1640 habebat,
3460 1578 3515 1627 et
3570 1573 3846 1644 ingentem

2210 1659 2354 1728 apud
2408 1665 2623 1713 exteras
2659 1666 2851 1729 gentes
2900 1659 3136 1726 Iaudem,
3177 1675 3339 1730 quam
3395 1666 3583 1732 posset
3621 1662 3844 1727 habere,

486 1754 745 1810 humilem
787 1758 1070 1823 perpetua:
1118 1750 1182 1780 ¹⁰⁸
1228 1748 1477 1804 servituti
1515 1747 1832 1815 subjiceret.
1886 1746 2497 1816 EcontraBperdebat.
2538 1747 2742 1802 Amicis
2794 1748 2936 1802 enim
2996 1762 3105 1803 non
3151 1749 3331 1804 minus
3390 1764 3551 1819 quam
3599 1749 3849 1806 hostibus

486 1846 729 1899 Saxones
758 1855 952 1911 magno
997 1842 1106 1908 jam
1156 1837 1400 1909 periculo
1458 1835 1586 1891 facti
1643 1836 1961 1904 prudentes,
2004 1847 2126 1888 cum

486 1946 597 1988 non
630 1932 839 1986 minore
870 1933 1135 1984 venerunt
1166 1927 1431 1992 exercitu,
1478 1926 1587 1993 jam
1634 1938 1742 1979 non
1782 1924 1924 1978 sicut
1970 1928 2129 1977 antea

484 2020 709 2091 fugaces
739 2028 889 2089 terga
921 2017 1119 2082 daturi,
1153 2015 1247 2070 sed
1289 2014 1507 2069 fortiter
1565 2027 1664 2082 pro
1721 2025 1817 2066 sua
1878 2011 2129 2066 libertate

489 2110 803 2180 pugnaturi,
837 2109 911 2162 ita
941 2110 1000 2162 ut
1029 2119 1147 2161 eam
1185 2105 1269 2159 vel
1318 2105 1414 2158 Dei
1462 2102 1666 2157 auxilio
1713 2102 1947 2156 firmiter
1991 2101 2133 2155 reti-

488 2205 703 2264 nerent,
736 2197 819 2251 vel
859 2209 981 2251 cum
1019 2196 1127 2249 vita
1165 2192 1326 2247 simul
1377 2193 1710 2246 amitterent.
1770 2192 1911 2259 Ergo
1969 2189 2129 2244 ambo

487 2288 762 2343 exercitus
826 2286 882 2339 in
938 2284 1062 2339 loco
1111 2282 1203 2352 qui
1236 2281 1438 2336 dicitur
1466 2279 1673 2334 Everha
1709 2276 1829 2349 (33)
1864 2291 2128 2333 convene-

486 2381 632 2442 runt,
668 2381 722 2429 et
750 2389 781 2428 a
810 2387 868 2428 se
899 2386 1009 2428 non
1033 2373 1156 2427 loco
1187 2370 1284 2424 sed
1311 2369 1493 2423 animo
1533 2368 1695 2436 longe
1744 2365 1984 2421 fuerunt.
2019 2368 2125 2420 Ta-

490 2479 615 2520 men
691 2464 964 2518 exercitus
1029 2461 1174 2530 regis
1247 2459 1315 2513 ad
1369 2456 1622 2528 proelium
1688 2469 1799 2510 non
1857 2460 1917 2510 ut
1971 2460 2129 2510 antea

487 2558 776 2625 promptus
814 2556 949 2615 erat,
1011 2550 1137 2618 quia
1196 2561 1327 2612 non,
1390 2546 1533 2600 sicut
1571 2544 1838 2610 audierat,
1900 2543 2131 2599 inbelles

486 2655 606 2695 esse
637 2641 878 2695 Saxones
907 2644 1165 2707 expertus
1193 2635 1389 2700 fuerat,
1423 2640 1477 2689 et
1517 2646 1708 2702 magna
1746 2632 1851 2687 sibi
1899 2647 2025 2702 pars
2061 2632 2129 2686 de

484 2729 658 2799 priori
690 2727 1038 2783 multitudine
1070 2726 1278 2781 deerat.
1330 2725 1463 2778 Nam
1510 2721 1872 2777 Berchtoldus
1920 2727 1975 2776 et
2022 2722 2132 2776 Ilo-

481 2818 665 2875 dulius
696 2818 865 2873 duces
897 2821 1184 2886 postquam
1206 2828 1236 2868 a
1267 2813 1439 2883 priori
1470 2818 1598 2866 sunt
1652 2811 1848 2880 proelio
1899 2811 2127 2878 reversi,

483 2908 665 2964 divina
696 2908 899 2977 pietate
931 2904 1269 2974 compuncti,
1312 2901 1757 2972 quadragesimas
1810 2899 2029 2971 publice
2068 2898 2132 2930 ²⁰⁹

480 2998 886 3065 jejunaverunt,
922 3000 977 3048 et
1006 2992 1238 3062 amplius
1285 3005 1344 3045 se
1384 3004 1484 3059 pro
1534 3003 1662 3060 rege
1713 2994 1904 3043 contra
1953 2988 2130 3043 Saxo-

2215 1834 2456 1889 erudelis
2484 1834 2605 1901 fuit,
2639 1836 2746 1892 nisi
2776 1837 2923 1905 quod
2956 1837 3012 1891 in
3050 1837 3256 1893 amicos
3287 1837 3667 1895 crudelitatem
3699 1840 3849 1909 prius

2216 1923 2525 1989 exercebat,
2558 1929 2619 1979 ut
2657 1925 2844 1980 hostes
2891 1939 2957 1980 ex
2986 1925 3092 1981 hoc
3122 1933 3540 1998 cognoscerent,
3582 1928 3717 1998 quid
3750 1929 3850 1984 sibi

2211 2012 2453 2068 futurum
2485 2020 2793 2083 sperarent.

2282 2094 2373 2154 56.
2432 2102 2713 2157 Ekkiberti
2771 2103 2833 2133 ²¹³
2887 2104 3123 2174 denique
3163 2105 3516 2174 marchionis,
3556 2107 3651 2176 qui
3691 2110 3853 2164 Saxo-

2213 2190 2377 2245 nibus
2415 2192 2623 2247 nullum
2656 2191 2861 2248 fecerat
2889 2194 3171 2260 auxilium,
3203 2195 3299 2249 sed
3331 2196 3467 2266 regi,
3501 2200 3693 2266 utpote
3753 2196 3855 2252 vai-

2212 2277 2281 2333 de
2321 2281 2632 2349 propinquo
2671 2294 2892 2351 genere,
2944 2288 3061 2338 toto
3110 2283 3290 2339 animo
3344 2282 3593 2351 favebat,
3633 2299 3855 2355 posses-

2211 2367 2397 2424 siones
2433 2371 2585 2441 prius
2637 2370 2863 2437 invadit,
2905 2385 3106 2441 easque
3161 2372 3439 2429 Othelrico
3495 2374 3579 2444 "‘,
3635 2375 3855 2431 cuidam

2213 2458 2282 2513 de
2321 2457 2436 2513 suis
2475 2460 2823 2528 consiliariis,
2866 2459 3109 2516 donavit.
3159 2462 3259 2518 Hic
3296 2463 3608 2519 Othelricus
3644 2464 3720 2520 de
3758 2467 3857 2521 Co-

2214 2546 2457 2602 desheim
2491 2548 2757 2603 oriundus
2794 2547 2916 2616 fuit,
2949 2556 3005 2604 et
3043 2551 3172 2620 quia
3207 2552 3305 2607 Dei
3354 2552 3603 2608 timorem
3636 2556 3857 2626 penitus

2212 2635 2509 2704 abjecerat,
2550 2637 2829 2692 Godcshaz
2868 2638 2931 2669 ²¹⁸
2971 2638 3081 2710 (34)
3119 2653 3387 2710 agnomen
3430 2641 3689 2710 habebat,
3736 2645 3858 2714 quia

2212 2738 2340 2779 vere
2371 2739 2439 2780 ex
2468 2725 2597 2781 odio
2630 2727 2724 2781 Dei
2753 2733 2996 2793 venerat,
3031 2729 3179 2798 quod
3225 2730 3318 2784 ille
3365 2730 3480 2801 regi
3519 2730 3861 2789 familiariter

2213 2814 2537 2870 adhaerebat
2568 2817 2822 2887 regisque
2856 2823 3089 2873 mentem
3128 2833 3227 2888 pro
3274 2834 3375 2876 suo
3422 2821 3558 2877 velle
3606 2822 3862 2894 dispone-

2213 2903 2325 2959 bat.
2360 2904 2565 2959 Deinde
2598 2911 2911 2961 nostrorum
2950 2908 3093 2963 bona
3143 2910 3503 2978 captivorum,
3552 2926 3679 2982 qua:
3736 2913 3864 2985 ipsis

2214 3005 2435 3047 manere
2475 2993 2752 3048 debebant
2791 2996 3002 3065 integra
3041 2996 3088 3050 si
3120 2996 3256 3052 ildes
3284 2996 3479 3054 fuisset
3525 3000 3576 3054 ei
3622 3001 3862 3074 integra,

485 3098 616 3138 num
646 3082 1018 3138 innocentiam
1052 3094 1161 3135 non
1193 3093 1312 3133 esse
1344 3083 1702 3149 pugnaturos,
1756 3076 1991 3131 fideliter
2019 3077 2128 3131 Deo
2153 3078 2194 3135 C
2215 3081 2331 3135 suis
2361 3083 2614 3151 parasitis
2646 3082 2906 3153 largitur;
2942 3089 3140 3154 etquae
3170 3088 3286 3141 suis
3311 3088 3654 3158 principibus
3688 3090 3751 3145 in
3775 3105 3867 3149 nos

489 3176 773 3227 voverunt.
816 3171 966 3224 Tunc
1025 3168 1105 3221 illi
1157 3167 1221 3197 ²¹⁰
1276 3166 1344 3221 ad
1404 3168 1645 3221 Saxones
1701 3166 2009 3230 miserunt;
2080 3170 2134 3219 et

489 3267 715 3329 accepta
746 3259 981 3327 dataque
1014 3256 1139 3323 ilde,
1174 3255 1240 3310 ad
1277 3262 1549 3310 secretum
1597 3253 1887 3309 consilium
1932 3253 2137 3323 princi-

492 3366 590 3420 pes
638 3364 703 3404 ex
753 3354 985 3416 utraque
1046 3351 1197 3415 parte
1239 3350 1633 3400 convenerunt.
1675 3344 1754 3398 Ibi
1813 3343 1893 3398 illi
1933 3343 2137 3399 nostris

492 3441 546 3494 in
587 3452 683 3493 sua
711 3437 815 3492 tide
848 3436 1238 3506 promiserunt,
1272 3434 1421 3504 quod
1461 3435 1506 3488 si
1546 3448 1605 3488 se
1639 3440 1835 3502 sponte
1865 3433 2136 3488 tradendo

496 3529 609 3599 regi
654 3527 859 3583 vellent
899 3526 1164 3581 honorem
1204 3523 1384 3579 facere
1433 3528 1488 3578 et
1527 3530 1641 3578 tota
1681 3524 1913 3578 Saxonia
1953 3524 2137 3592 quieta

494 3624 666 3674 staret
696 3617 751 3671 in
784 3631 939 3686 pace,
983 3621 1037 3671 et
1076 3615 1179 3684 ipsi
1210 3628 1313 3668 nec
1362 3614 1417 3667 in
1456 3612 1592 3667 dura
1631 3626 1732 3667 nec
1772 3614 1826 3668 in
1857 3612 2018 3684 longa
2057 3612 2139 3669 fo-

496 3715 618 3763 rent
657 3706 992 3775 captivitate.
1026 3706 1185 3757 Fama
1225 3716 1446 3771 quoque
1475 3706 1713 3757 testante
1745 3702 2134 3772 comperimus,

496 3796 645 3866 quod
675 3809 772 3848 rex
810 3795 924 3847 suis
958 3794 1197 3860 jurasset
1239 3790 1601 3859 principibus,
1629 3790 1760 3845 utsi
1792 3791 1896 3846 hoc
1934 3792 1999 3845 ad
2041 3791 2139 3846 ho-

498 3897 687 3938 norem
753 3895 909 3935 suum
967 3879 1315 3948 perlicerent,
1371 3878 1427 3932 in
1483 3879 1758 3948 principio
1820 3880 2141 3934 Novembris

497 3970 732 4041 proximi
773 3982 963 4023 omnes
999 3967 1066 4021 ad
1114 3980 1210 4021 sua
1260 3981 1381 4021 cum
1423 3981 1554 4036 pace
1595 3974 1648 4023 et
1694 3968 1868 4038 gratia
1914 3983 2012 4022 sua
2059 3968 2143 4022 di-

498 4059 760 4114 mitteret.
821 4056 994 4126 igitur
1045 4068 1234 4110 omnes
1273 4056 1517 4125 episcopi
1572 4056 1765 4118 nostri,
1809 4057 1999 4116 duces,
2040 4069 2138 4111 co-

498 4148 678 4212 mites,
712 4146 993 4214 ceterique
1034 4146 1270 4215 majores
1309 4145 1390 4211 ’“,
1425 4159 1586 4200 manu
1635 4144 1761 4198 fidei
1791 4145 1859 4198 ab
1900 4144 2010 4199 illis
2056 4159 2144 4199 ac-

500 4243 681 4307 cepta,
707 4236 870 4305 regia:
896 4235 1152 4303 potestati
1184 4249 1241 4289 se
1272 4241 1468 4303 sponte
1492 4232 1839 4287 tradiderunt
1861 4234 2001 4303 (Oct.
2026 4233 2138 4300 25),

502 4333 786 4395 totumque
818 4325 1079 4394 populum
1111 4338 1267 4378 suum
1317 4323 1471 4377 valde
1530 4321 1739 4377 tristem
1799 4321 1853 4375 in
1912 4324 2140 4392 patriam

500 4417 681 4472 redire
707 4418 1008 4485 jusserunt.

572 4505 661 4559 E55.
694 4504 1009 4558 Distributis
1038 4516 1168 4573 ergo
1220 4516 1317 4570 per
1356 4499 1635 4554 custodias
1666 4499 2010 4569 principibus
2048 4516 2142 4559 no-

2217 3170 2364 3225 bona
2396 3172 2664 3240 promisit,
2709 3177 2904 3228 cuncta
2954 3177 3235 3230 mentitur.
3289 3178 3439 3232 Tunc
3477 3179 3641 3235 urbes
3686 3188 3748 3235 et
3787 3195 3867 3237 ca-

2218 3257 2376 3315 stella
2424 3261 2506 3315 vel
2560 3275 2915 3332 quascunque
2984 3265 3317 3321 munitiones
3381 3266 3561 3325 adhuc
3627 3269 3867 3326 habebat

2218 3349 2471 3415 Saxonia,
2534 3350 2649 3404 suis
2704 3352 3033 3420 sequacibus
3070 3355 3508 3427 commendavit;
3568 3361 3621 3413 et
3672 3365 3741 3415 ut
3779 3374 3867 3431 per

2221 3442 2388 3492 totam
2429 3438 2707 3508 regionem
2740 3441 3084 3510 tyrannidem
3116 3450 3439 3500 exercerent
3467 3446 3783 3516 imperavit.

2290 3525 2379 3581 57.
2421 3526 2628 3582 Natalis
2656 3526 2919 3584 dominici
2958 3530 3326 3600 festivitatem,
3370 3534 3464 3591 ubi
3518 3535 3653 3590 1076
3695 3552 3867 3593 annus

2220 3616 2288 3670 ab
2318 3615 2695 3671 incarnatione
2725 3618 2939 3672 Domini
2987 3619 3299 3690 inchoatur,
3350 3625 3670 3681 convocatis
3703 3627 3769 3658 ³³⁸
3803 3627 3863 3683 ad

2220 3719 2279 3760 se
2312 3719 2531 3761 suarum
2585 3707 2817 3775 partium
2855 3708 3131 3781 episcopis
3161 3711 3242 3778 "7,
3285 3713 3465 3768 animo
3507 3728 3616 3770 non
3674 3715 3864 3773 festivo

2220 3794 2480 3850 Gosiarize
2540 3795 2857 3865 celebravit,
2917 3799 3044 3868 quia
3110 3799 3304 3856 festum
3364 3802 3556 3859 salutis
3613 3804 3866 3865 humana:

2223 3883 2551 3952 principium
2592 3885 2808 3939 Ottonis
2865 3887 3143 3942 occisione
3202 3887 3436 3945 nefanda
3493 3896 3866 3952 contaminare

2223 3970 2515 4040 disposuit;
2539 3986 2700 4040 quem
2722 3973 2784 4002 ³⁸⁸
2805 3970 3051 4030 Christus
3067 3976 3134 4031 ad
3157 3977 3421 4034 honorem
3443 3985 3869 4039 suaenativitatis

2223 4059 2413 4115 eadem
2451 4061 2626 4130 gratia
2656 4061 2981 4118 mirabiliter
3010 4065 3230 4135 eripuit,
3264 4082 3372 4138 qua
3422 4068 3490 4124 ad
3520 4069 3865 4129 liberandum

2223 4163 2395 4219 genus
2424 4148 2715 4205 humanum
2749 4150 2869 4220 ipso
2910 4158 3156 4224 tempore
3187 4156 3327 4213 Deus
3347 4155 3513 4213 homo
3533 4158 3654 4214 fieri
3676 4162 3867 4217 voluit.

2224 4238 2355 4291 Nam
2388 4238 2565 4306 ipsum
2595 4239 2791 4317 ducem
2821 4241 3062 4313 Roperto
3093 4242 3157 4273 ²¹⁹
3183 4245 3621 4317 Bavenbergensi
3657 4251 3870 4320 episco-

2226 4340 2296 4394 po
2336 4326 2661 4381 servandum
2693 4330 3058 4398 commiserat,
3107 4338 3161 4386 et
3199 4333 3493 4404 episcopus
3529 4350 3653 4392 eum
3700 4339 3757 4398 iu
3788 4353 3869 4395 ca-

2166 4418 2215 4474 D
2236 4414 2397 4469 stello
2424 4414 2681 4484 quodam,
2714 4417 2841 4472 dum
2872 4418 2990 4488 ipse
3020 4428 3274 4490 pergeret
3301 4422 3368 4477 ad
3400 4431 3611 4480 curtem
3643 4428 3867 4497 regiam,

2228 4504 2496 4559 militibus
2523 4506 2638 4560 suis
2660 4507 3089 4571 custodiendum
3140 4510 3457 4568 tradiderat.
3487 4515 3557 4569 At
3594 4529 3696 4571 rex
3746 4516 3869 4572 illuc

501 4597 651 4663 stris,
714 4610 808 4650 [Ὃκ
874 4594 1078 4648 omisso
1144 4590 1387 4645 eer‘Cim
1450 4589 1735 4644 Saxoniam
1793 4604 1915 4645 Cum
1954 4606 2146 4667 magna
2228 4593 2491 4663 episcopo
2521 4594 2799 4650 nesciente
2839 4596 3005 4663 misit,
3039 4597 3344 4671 ducemque
3375 4601 3443 4656 ad
3482 4617 3540 4657 se
3571 4602 3706 4660 duci
3735 4621 3870 4677 pra:-

501 4687 676 4758 gloria
717 4683 1041 4755 ingreditur,
1084 4685 1139 4735 et
1166 4679 1233 4733 ab
1273 4679 1359 4732 his
1388 4678 1481 4748 qui
1513 4678 1658 4734 domi
1691 4684 1995 4734 erantcum
2027 4694 2145 4735 ma-
2229 4682 2399 4752 cepit,
2428 4683 2503 4737 ita
2532 4687 2611 4749 ut,
2646 4688 2951 4754 temporum
2983 4686 3193 4743 vicibus
3240 4691 3481 4756 mutatis,
3532 4707 3633 4763 per
3683 4700 3873 4751 noctes

496 4778 619 4846 jore
684 4773 857 4845 gloria
897 4769 1214 4838 suscipitur.
1276 4769 1405 4821 Nam
1465 4768 1761 4837 sperabant
1818 4782 1963 4834 cum,
2004 4770 2147 4825 sicut
2229 4771 2373 4827 irent
2408 4778 2465 4826 et
2493 4786 2593 4841 per
2621 4772 2741 4828 dies
2770 4775 3013 4830 noctium
3042 4776 3159 4832 vice
3207 4778 3576 4847 quiescerent.
3628 4785 3871 4853 Cumque

503 4863 849 4934 promiserat,
891 4873 1013 4915 cum
1064 4872 1196 4927 pace
1244 4863 1299 4910 et
1350 4856 1550 4937 pietate
1596 4857 1804 4923 venire,
1846 4870 2146 4928 omnesque
2229 4863 2286 4917 in
2326 4860 2504 4917 media
2535 4868 2697 4917 nocte
2727 4878 2759 4918 a
2790 4870 3027 4933 quatuor
3070 4868 3294 4922 armatis
3340 4869 3568 4926 inermis
3606 4872 3728 4941 ipse
3778 4873 3874 4928 du~

1856 5011 2081 5065 VAPJA‘J
2140 5013 2417 5069 LECTION
2424 5016 2521 5069 ES.

574 5139 636 5171 ²⁰⁶
673 5139 818 5195 idem
856 5139 903 5191 l.
984 5136 1043 5167 ²⁰⁷
1075 5134 1223 5204 quod
1254 5135 1307 5207 2A.
1386 5133 1449 5164 ²⁰⁸
1478 5134 1553 5207 ita
1583 5133 1635 5186 2.
1667 5140 1934 5205 perpetuo
1980 5135 2025 5190 1.
2122 5136 2184 5169 ³⁸³
2222 5153 2276 5207 p.
2321 5154 2421 5207 pro
2461 5140 2550 5197 dei
2582 5140 2779 5201 timore
2809 5142 2848 5199 i.
2881 5142 2935 5196 2.

505 5225 704 5285 xonum
757 5217 811 5285 et
839 5208 1244 5285 Thuringorum
1273 5205 1352 5285 2.“
1405 5205 1583 5285 "ﬁnite
1641 5208 1888 5285 cpi-remi;
1921 5205 2287 5285 _dispot_urum
2322 5205 2381 5265 '1.
2431 5210 2827 5285 dispositurqu
2865 5215 2949 5270 ed.

505 5282 836 5337 marchionis
867 5275 1281 5353 de_Brune_swic
1320 5275 1385 5353 2._
1451 5275 1515 5306 ω
1544 5278 1634 5353 ἱῑαΔ
1657 5277 1710 5330 2.
1745 5278 2004 5353 Otherico
2034 5275 2085 5333 l.
2127 5276 2181 5353 ib
2232 5281 2309 5353 ita
2338 5286 2393 5336 et
2421 5275 2583 5353 intra.
2683 5284 2745 5314 ²¹⁵
2791 5285 2865 5339 ita
2911 5285 2966 5339 2.

505 5353 569 5384 ²¹⁶
598 5353 910 5409 convaeatis
955 5351 1001 5405 l.
1097 5350 1158 5380 ²¹⁷
1208 5362 1331 5402 cum
1360 5346 1670 5416 frequentia
1699 5362 1812 5404 sum
1844 5350 2015 5418 partis
2064 5350 2372 5420 principum
2410 5346 2485 5408 2.’
2562 5353 2624 5384 ²¹⁸
2669 5369 2831 5424 quam
2889 5355 2935 5411 1.

3033 5144 3104 5220 ’.⁸,Ἳ
3136 5146 3210 5220 lii
3243 5146 3303 5220 ἓ·
3389 5149 3462 5220 3“
3512 5151 3754 5220 maiore!
3789 5155 3878 5209 Sa-

3044 5215 3107 5249 ³³³
3134 5218 3402 5276 Erriberti
3435 5220 3481 5272 l.
3521 5215 3621 5276 1".
3650 5224 3875 5280 Ekberti

3008 5287 3282 5389 gggleshez
3335 5290 3382 5345 l.
3422 5291 3724 5415 godeshetz
3779 5296 3835 5347 ib
3861 5334 3876 5348 .

3142 5361 3383 5430 Roperte
3467 5405 3479 5417 .
3529 5365 3780 5422 Roberto
3819 5360 3873 5420 2.

586 5555 708 5625 (34)
744 5556 806 5609 Id
838 5562 920 5609 est
951 5554 1134 5608 odium
1169 5552 1283 5606 Dei.
2088 5482 2303 5536 ΝΟΤιλΕο
