4014 6176
140 360 224 413 525
1410 350 1496 407 un
1534 348 1749 408 Βιδιιο
1785 348 2130 406 saxorum).
3342 360 3448 414 526

141 488 237 540 ctus
257 478 532 537 Goslariam
562 477 819 543 venisset,
852 482 907 532 et
937 476 1016 532 illi
1058 491 1155 547 per
1184 480 1394 532 curtem
1426 476 1493 533 ad
1536 476 1724 531 silvam
1748 475 2032 544 Apietati,
2064 475 2192 546 quia
2239 475 2365 531 dum
2411 476 2551 531 hanc
2599 491 2721 547 quae
2759 477 2989 533 maxime
3039 490 3141 534 nos
3176 482 3451 553 afﬂigebat

142 570 330 627 tendere
356 566 673 632 voluissent,
706 569 837 621 tunc
880 566 1115 636 primum
1162 565 1456 631 intellexit,
1486 563 1635 635 quod
1676 565 1732 619 in
1816 577 2001 618 curam
2033 564 2412 620 misericordia
2440 568 2617 620 vestra
2658 566 3051 636 mitigastls'”.
3091 582 3281 625 omnes
3319 572 3453 627 alias

1815 651 2222 707 sollicitudines
2268 666 2371 707 nos
2416 655 2594 708 ventis
2639 655 2694 708 in
2743 656 3015 711 Creticum
3036 655 3099 687 ²²⁹
3142 672 3288 713 mare
3319 674 3453 729 por-

1816 739 2013 795 tandas
2056 741 2275 796 tradere
2324 741 2551 797 fecistis.
2601 742 2755 809 Quod
2786 744 2833 798 si
2864 743 3047 800 divina
3084 745 3297 803 favente
3346 748 3450 804 cle-

1817 828 2019 883 mentia
2048 829 2284 885 solidum
2318 829 2474 885 nobis
2502 830 2608 886 hoc
2651 832 2908 902 gaudium
2939 839 3116 889 vestra
3157 836 3457 905 paternitas

1818 915 2061 972 effecerit
2109 922 2164 972 et
2209 917 2275 973 ad
2316 932 2412 975 sua
2444 918 2607 975 citius
2654 920 2834 976 redire
2881 922 3160 979 dominum
3209 931 3453 981 nostrum

1818 1006 1933 1062 suis
1959 1020 2294 1077 suorumque
2323 1007 2822 1078 supplicationibus
2844 1010 3134 1081 adjbverit,
3161 1028 3455 1084 numquam

1818 1108 1915 1151 vos
1945 1096 2129 1166 priora
2150 1095 2313 1150 nobis
2342 1096 2608 1152 beneficia
2642 1100 2963 1167 praestitisse
2994 1101 3305 1170 paenitebit,
3328 1104 3457 1160 dum

1821 1189 1877 1239 et
1920 1185 2098 1254 ipsum
2147 1184 2426 1239 dominum
2474 1190 2722 1241 nostrum
2759 1188 2917 1243 vobis
2961 1190 3192 1246 amicum
3243 1206 3460 1267 semper

1821 1272 1889 1328 ad
1938 1272 2119 1328 omnia
2168 1272 2591 1343 paratissimum,
2626 1288 2836 1345 nosque
2885 1290 3076 1333 omnes
3123 1293 3233 1335 non
3281 1283 3462 1338 minus

1823 1361 2053 1417 devotos
2108 1360 2381 1417 habebitis
2435 1368 2490 1418 et
2545 1362 2846 1433 subjectos,
2887 1379 3048 1434 quam
3094 1366 3300 1424 clerum
3347 1372 3461 1427 sive

1824 1449 2086 1521 populum
2135 1450 2437 1522 proprium.
2481 1451 2560 1506 Ad
2592 1453 2740 1521 quod
2781 1452 3173 1522 perliciendum
3205 1458 3252 1515 si
3282 1462 3460 1515 vestra

122 1558 215 1614 quo
254 1541 412 1598 vellet
460 1542 544 1597 ire
592 1540 860 1611 permisit.
912 1540 1017 1596 Sed
1069 1540 1187 1607 ille,
1221 1540 1365 1595 sicut
1412 1543 1530 1594 erat
1566 1540 1648 1594 vir
1683 1540 1742 1594 in
1824 1538 2132 1595 sublimitas
2180 1554 2246 1596 eo
2293 1553 2404 1610 quo
2460 1554 2745 1612 speramus
2790 1543 2975 1599 studio
3021 1544 3259 1601 voluerit
3305 1550 3460 1614 eniti,

123 1632 351 1689 omnibus
381 1630 648 1701 prudens,
679 1629 748 1685 ad
779 1629 1011 1685 consilia
1039 1629 1187 1700 regis
1214 1627 1533 1699 frequenter
1559 1643 1745 1685 acces-
1825 1628 1944 1683 sine
1974 1628 2145 1684 multo
2189 1627 2376 1684 labore
2409 1630 2685 1685 credimus
2715 1630 2771 1685 id
2820 1644 2981 1700 posse
3021 1632 3161 1700 fleri,
3194 1635 3321 1703 quia
3358 1636 3464 1691 hoc

122 1722 198 1787 sit,
244 1727 296 1776 et
340 1718 617 1791 sapientia
664 1732 763 1773 sua
810 1718 962 1773 brevi
1016 1722 1264 1788 tempore
1312 1718 1634 1787 promeruit,
1685 1720 1745 1773 ut
1827 1721 2036 1771 certum
2092 1721 2363 1785 tenemus,
2406 1718 2553 1788 quod
2601 1719 2719 1788 ipse
2776 1722 2996 1775 tenetur
3051 1721 3319 1778 innocens
3402 1738 3466 1779 a-

122 1808 357 1879 quicquid
398 1790 469 1865 ad
519 1808 786 1865 honorem
832 1805 979 1877 regis
1008 1806 1331 1877 pertineret,
1359 1808 1479 1877 ejus
1509 1805 1741 1862 consilio
1760 1790 1809 1850 Β
1829 1805 2010 1875 ptivus
2038 1810 2094 1861 et
2128 1804 2246 1861 sola
2284 1820 2397 1862 suae
2435 1806 2582 1861 salus
2611 1806 2859 1863 ecclesiae
2890 1807 2991 1863 fuit
3020 1808 3070 1864 ei
3108 1824 3272 1866 causa
3303 1811 3471 1867 tradi-

142 660 248 715 silva
273 655 404 713 se'"
441 654 696 711 occidere
739 655 878 725 jussi
928 653 1181 709 fuissent.
1228 654 1401 725 Igitur
1429 667 1526 710 eos
1553 656 1731 723 rogat,

139 754 186 804 ut
208 746 297 802 sibi
341 744 405 801 ad
447 744 839 800 monasterium
889 758 1048 800 orare
1095 744 1277 799 liceat.
1327 743 1481 811 Quod
1521 742 1571 799 ei
1611 755 1733 798 cum

140 838 298 893 fuisset
326 838 595 904 negatum,
627 832 810 888 subito
841 833 1004 888 unius
1031 832 1274 902 ipsorum
1321 832 1560 904 gladium
1589 844 1736 887 com-

137 921 391 994 prehendit
408 922 467 953 ¹¹¹
500 935 600 991 per
637 920 913 991 capulum,
946 928 1002 976 et
1032 935 1152 976 cum
1184 934 1315 976 ense
1349 921 1520 988 nudo,
1552 919 1737 975 invitis

136 1012 241 1078 illis,
269 1010 331 1066 ad
359 1010 607 1080 episcopi
635 1009 721 1065 sui
764 1009 1011 1066 custodis
1034 1008 1348 1065 cubiculum
1369 1010 1432 1041 ὐ
1463 1008 1732 1079 pervenit,

130 1108 306 1156 etcum
350 1112 545 1170 magno
592 1098 827 1168 strepitu
875 1099 1139 1167 episcopo
1183 1096 1587 1167 expergefacto,
1622 1109 1737 1151 rem

130 1203 231 1259 quae
274 1200 451 1243 secum
502 1186 767 1257 agebatur
810 1185 1071 1250 innotuit,
1114 1199 1348 1255 eumque
1380 1190 1440 1240 ut
1467 1199 1527 1240 se
1556 1200 1586 1239 a
1615 1183 1736 1240 fur-

129 1278 231 1332 tiva
258 1290 379 1332 casu
410 1275 607 1330 mortis
644 1274 885 1344 eriperet
924 1273 1119 1330 oravit.
1163 1273 1319 1340 Quod
1349 1287 1471 1329 cum
1504 1288 1603 1343 per
1640 1287 1739 1342 op-

127 1366 287 1437 pidum
331 1364 668 1433 divulgatum
715 1363 929 1429 fuisset,
964 1377 1060 1419 rex
1105 1376 1227 1419 eum
1275 1362 1419 1418 sicut
1468 1361 1737 1428 voluerat,

125 1468 217 1511 non
249 1452 595 1525 praesumpsit
626 1452 878 1523 perdere,
910 1453 1007 1507 sed
1040 1466 1163 1507 eum
1202 1452 1375 1507 libere
1406 1466 1505 1521 per
1532 1450 1739 1507 curiam

119 1899 326 1954 maxime
367 1910 470 1952 rex
520 1898 640 1967 ipse
688 1896 1033 1966 disponeret.
1083 1896 1329 1965 Denique
1370 1910 1530 1965 quem
1571 1909 1748 1965 nuper
1830 1892 1999 1949 tionis
2045 1907 2178 1949 suat.
2225 1896 2585 1965 Omnipotens
2631 1896 2800 1967 igitur
2837 1898 2980 1952 Deus
3018 1899 3112 1953 diu
3143 1912 3241 1954 vos
3280 1899 3336 1954 in
3375 1900 3477 1955 hac

118 1986 332 2042 habebat
358 1986 579 2042 hostem
608 1985 985 2053 saevissimum,
1012 1998 1134 2040 eum
1165 1998 1313 2041 nunc
1342 1984 1513 2059 erepit
1540 1984 1746 2039 habere
1830 1982 1938 2037 vita
1968 1990 2277 2049 conservet,
2310 1983 2575 2040 Ecclesiae
2605 1999 2721 2040 sua:
2767 1985 3045 2052 solatium,
3080 1991 3135 2042 et
3174 1994 3298 2057 post
3337 1988 3478 2044 hanc

117 2075 514 2131 consiliatorem
544 2073 924 2130 fidelissimum
952 2072 1060 2143 (an.
1101 2070 1275 2143 1076).
1830 2071 1993 2126 vitam
2040 2072 2246 2127 tribuat
2291 2073 2449 2129 vobis
2494 2074 2890 2144 sempiternum
2940 2074 3115 2132 beata:
3169 2077 3296 2132 vita:
3336 2092 3475 2151 prae-

173 2164 255 2219 58.
284 2166 401 2220 Nos
430 2168 614 2219 autem
646 2163 739 2218 ubi
770 2163 1056 2233 principes
1084 2161 1233 2230 illos,
1267 2162 1361 2233 qui
1393 2167 1616 2218 nostros
1643 2161 1746 2216 ha-
1832 2160 2019 2216 mium.
2048 2160 2235 2217 Valete
2255 2160 2338 2217 “°.
2364 2181 2392 2213 »

111 2252 294 2308 hebant
342 2253 403 2307 in
446 2251 718 2317 custodia,
749 2252 1012 2327 Goslariae
1059 2267 1180 2308 esse
1220 2251 1609 2322 comperimus,
1652 2250 1749 2305 lit-
1902 2250 1991 2305 60.
2034 2251 2166 2305 Cum
2197 2264 2328 2321 ergo
2359 2266 2455 2307 rex
2493 2252 2660 2307 urbes
2689 2257 2745 2308 et
2774 2265 2966 2308 omnes
2999 2253 3056 2307 in
3093 2255 3327 2309 Saxonia
3356 2270 3479 2312 mu-

111 2346 238 2397 teras
274 2342 360 2398 eis
408 2340 875 2411 supplicationum
925 2354 1025 2410 pro
1074 2340 1387 2411 principum
1436 2345 1750 2395 nostrorum
1833 2338 2074 2394 nitiones
2125 2352 2348 2395 suorum
2407 2339 2650 2395 fidelium
2700 2340 2976 2409 praesidiis
3033 2347 3377 2411 occupasset,
3428 2350 3483 2397 et

106 2428 425 2486 liberatione
477 2427 898 2494 transmisimus,
942 2442 1177 2498 quaeque
1234 2428 1425 2483 civitas
1465 2428 1576 2482 sive
1625 2441 1753 2497 pro-
1836 2427 2004 2482 nichil
2043 2429 2170 2493 sibi,
2204 2429 2499 2499 quominus
2526 2429 2582 2484 in
2614 2430 2849 2485 Saxonis
2879 2428 3085 2485 faceret
3124 2437 3320 2486 cuncta
3359 2445 3481 2502 quae

106 2518 267 2574 vincia
325 2530 435 2589 pro
468 2516 555 2571 sui
585 2515 832 2585 episcopi
880 2516 992 2571 sive
1041 2516 1292 2586 primatis
1338 2517 1645 2586 ereptione.
1679 2517 1754 2570 Ex
1835 2514 2019 2581 vellet,
2068 2521 2284 2586 putaret
2331 2518 2572 2584 obstare,
2607 2517 2859 2573 transivit
2905 2531 2934 2572 a
2984 2518 3145 2573 nobis
3194 2519 3249 2573 in
3302 2519 3481 2575 medio

104 2607 292 2676 quibus
325 2617 507 2661 unam
538 2608 749 2659 tantum
796 2602 1005 2673 placuit
1050 2602 1338 2674 epistolam
1387 2603 1751 2658 subnectere:
1838 2603 2269 2674 quadragesimae
2298 2605 2515 2677 (1076),
2547 2607 2772 2662 obsides
2801 2606 3003 2662 multos
3032 2621 3218 2663 secum
3250 2607 3479 2673 ducens,

156 2696 244 2751 59.
313 2710 346 2745 ‹‹
404 2694 627 2749 Domno
684 2692 887 2759 Udoni,
945 2694 1127 2749 ovium
1184 2692 1386 2748 Christi
1444 2698 1755 2747 sanctarum
1838 2697 1893 2747 et
1923 2692 2067 2760 apud
2106 2706 2229 2759 nos,
2263 2694 2357 2762 qui
2396 2694 2602 2748 tributa
2634 2693 2702 2749 de
2752 2693 3071 2764 regionibus
3118 2696 3323 2750 nostris
3370 2697 3484 2752 exi-

104 2784 453 2841 sanctissimo
506 2781 734 2851 pastori,
787 2781 970 2837 clerus
1018 2786 1073 2837 et
1121 2780 1360 2853 populus
1406 2781 1758 2851 Magedabur-
1837 2783 2032 2849 gerent
2078 2779 2417 2849 relinquens.
2468 2782 2712 2850 Cumque
2760 2796 2891 2837 suos
2938 2782 3076 2837 lines
3111 2783 3393 2850 intrasset,
3429 2791 3484 2839 et

106 2874 274 2944 gensis
294 2872 364 2904 ω
418 2869 678 2927 ecclesiae
725 2868 1075 2925 devotionem
1132 2866 1503 2925 fidelissimam
1553 2869 1757 2924 utrius—
1838 2865 2011 2922 duces
2040 2868 2160 2936 ejus
2188 2868 2471 2937 ceterique
2504 2868 2597 2937 qui
2639 2867 2858 2923 fortiter
2884 2869 2940 2923 in
2980 2869 3180 2938 proelio
3211 2884 3486 2940 pugnave-

107 2974 198 3030 que
225 2959 503 3019 hominis.
543 2959 697 3026 Quod
729 2957 866 3014 tanti
895 2958 998 3014 viri
1028 2958 1280 3014 notitiam
1328 2955 1673 3013 familiariter
1700 2960 1756 3011 et
1836 2960 1961 3010 rant
1990 2954 2134 3010 dona
2164 2955 2515 3026 triumphalia
2556 2962 2933 3026 expectarent,
2968 2958 3061 3014 ille
3100 2970 3299 3014 munus
3332 2961 3481 3030 quod

105 3052 318 3120 gratiam
367 3048 532 3105 nulla
582 3047 744 3104 nobis
791 3046 972 3103 adhuc
1020 3052 1226 3104 nostra;
1273 3047 1556 3103 servitutis
1605 3042 1951 3121 exhi-_fere
1982 3044 2197 3099 cunctis
2242 3044 2357 3100 suis
2404 3043 2661 3100 fidelibus
2708 3044 2895 3116 largiri
2944 3046 3142 3102 solitus
3180 3053 3297 3102 erat
3332 3048 3480 3121 (35),

108 3108 297 3195 bitione
357 3137 744 3210 quaesivimus,
806 3137 1176 3206 nosmetipsos
1222 3136 1369 3191 inter
1424 3149 1526 3191 nos
1579 3108 1815 3191 vene-'C
1835 3135 1998 3190 etiam
2030 3147 2175 3189 nunc
2206 3135 2261 3188 in
2292 3134 2518 3203 praemio
2548 3133 2768 3214 virtutis
2791 3108 2929 3191 dare
2962 3137 3225 3206 parabat;
3260 3108 3481 3195 dolens;

106 3237 300 3290 menter
327 3239 686 3291 accusamus,
727 3230 782 3280 et
811 3223 960 3279 nulla
991 3236 1095 3280 nos
1131 3225 1394 3280 servitute
1426 3230 1617 3280 nostra
1646 3237 1748 3279 vo-
1833 3237 1940 3294 que
1989 3222 2136 3292 quod
2186 3237 2252 3287 ex
2300 3223 2645 3293 principibus
2692 3222 2747 3279 in
2798 3225 2995 3303 proelio
3045 3241 3154 3282 non
3187 3227 3255 3282 ad
3293 3232 3478 3289 votum

107 3315 254 3372 bis’“
289 3316 379 3372 vel
414 3321 592 3372 notos
630 3326 749 3369 esse
798 3312 972 3369 factos
1019 3326 1085 3369 eo
1132 3312 1305 3385 magis
1351 3313 1748 3379 erubescimus,
1833 3326 1991 3368 suum
2044 3311 2397 3379 cecidissent,
2456 3312 2641 3379 vitam,
2693 3326 2852 3383 quam
2913 3328 3011 3384 per
3066 3316 3335 3387 ignaviam
3384 3330 3481 3371 eos

104 3420 197 3474 quo
243 3419 354 3462 non
408 3402 715 3476 promeriti
764 3404 913 3457 tanta
962 3401 1184 3472 pietatis
1212 3405 1409 3457 vestra:
1456 3402 1652 3457 solatia
1695 3401 1750 3456 in
1833 3415 2078 3457 servasse
2121 3400 2401 3465 credebat,
2447 3401 2528 3455 eis
2585 3414 2685 3470 per
2731 3401 3005 3456 saevitiam
3047 3401 3251 3457 auferri
3280 3404 3339 3434 ²³¹
3392 3414 3483 3458 cu-

103 3496 268 3551 multis
312 3495 547 3552 nostris
580 3491 1031 3549 tribulationibus
1077 3492 1410 3562 accepimus.
1463 3491 1538 3546 Ex
1568 3490 1751 3545 omni-
1834 3489 2038 3559 piehat.
2071 3490 2204 3543 Nam
2234 3493 2295 3543 ut
2333 3486 2483 3542 solus
2511 3489 2754 3543 omnium
2785 3487 3041 3545 dominus
3074 3495 3236 3551 esset,
3269 3490 3479 3546 nullum

99 3581 187 3639 bus
213 3586 359 3640 enim
406 3581 903 3649 tribulationibus,
936 3592 1074 3651 quas
1121 3579 1203 3635 vel
1254 3578 1450 3649 longus
1490 3578 1603 3648 jam
1651 3590 1754 3632 nos

96 3684 210 3727 usus
253 3672 402 3729 ferre
455 3672 760 3740 sapienter
789 3669 1034 3735 edocuit,
1065 3668 1150 3724 vel
1191 3681 1328 3738 quas
1371 3667 1490 3737 ipsa
1540 3665 1756 3721 novitas

97 3775 191 3831 quo
238 3762 507 3825 insolitas
559 3760 645 3828 κ’,
696 3773 763 3815 eo
812 3757 976 3815 nobis
1022 3757 1305 3831 graviores
1351 3754 1555 3822 reddit,
1606 3753 1755 3809 nulla

104 3849 251 3905 nobis
290 3862 573 3921 umquam
606 3848 827 3919 gravior
862 3846 1136 3914 incubuit,
1168 3859 1329 3916 quam
1369 3842 1519 3915 quod
1558 3848 1753 3899 nostro

101 3938 309 3999 domino
350 3938 903 4010 archiepisc0po’“,
934 3937 1102 3994 immo
1151 3942 1306 4009 patre
1355 3934 1621 4006 piissimo,
1656 3948 1756 4006 per

100 4030 196 4083 tam
242 4031 429 4101 longae
484 4027 831 4105 captivitatis
877 4038 1214 4101 zerumpnam
1263 4038 1451 4083 carere
1499 4022 1751 4094 contigit,

101 4113 174 4175 his
218 4120 533 4191 praecipuae
585 4114 977 4186 tempestuosis
1030 4112 1497 4184 temporibus,gin
1554 4111 1757 4183 quibus

103 4207 249 4265 nobis
293 4215 451 4263 esset
504 4205 748 4262 maxime
799 4205 1163 4260 necessarius.
1197 4203 1302 4258 Sed
1334 4203 1484 4273 quia,
1516 4201 1661 4259 sicut
1690 4215 1757 4257 ex

99 4292 256 4363 ipsius
304 4295 607 4368 legatione
656 4294 1031 4366 cognovimus,
1081 4292 1250 4347 multa
1294 4296 1492 4347 vestrae
1537 4290 1759 4361 pietatis

99 4379 431 4441 humanitate
483 4384 719 4449 fruitur,
751 4383 826 4437 ita
858 4389 917 4437 ut
945 4396 1005 4439 se
1033 4392 1145 4437 non
1187 4379 1381 4436 dolore
1424 4379 1757 4449 captivitatis

1837 3578 1891 3632 in
1931 3590 2101 3647 regno
2155 3590 2255 3630 suo
2304 3575 2585 3630 dominum
2639 3574 2819 3629 vivere
2877 3574 3061 3630 vellet.
3116 3578 3305 3646 itaque
3355 3592 3478 3634 cum

1837 3665 2014 3720 tribus
2080 3661 2395 3719 fortissimis
2450 3662 2581 3716 viris
2645 3662 2868 3716 armatis
2925 3664 3198 3731 quandam
3257 3665 3477 3725 domum

1837 3754 2109 3809 desertam
2138 3750 2320 3807 medio
2352 3751 2533 3806 noctis
2562 3750 2805 3818 intravit,
2839 3755 2894 3807 et
2924 3750 3055 3807 illuc
3088 3766 3254 3809 unum
3285 3769 3352 3809 ex
3382 3756 3479 3811 mi-

1838 3841 2028 3897 litibus
2073 3838 2292 3896 Roduiil
2341 3838 2499 3894 ducis
2553 3844 2769 3894 secreto
2826 3838 3151 3895 introduxit.
3201 3842 3301 3909 Qui
3350 3843 3482 3898 visis

1837 3930 2033 4002 gladiis
2079 3928 2185 3985 sibi
2234 3928 2434 3995 timuit,
2467 3928 2596 3999 quia
2644 3942 2754 3998 quo
2803 3928 3067 4000 effugeret
3113 3945 3223 3987 non
3268 3932 3479 4001 habuit,

1837 4020 2088 4076 sed‘cum
2128 4031 2227 4073 rex
2272 4017 2460 4073 multis
2506 4030 2628 4072 eum
2686 4018 3146 4086 promissionibus
3202 4029 3478 4090 oneraret,

1838 4109 1885 4165 si
1922 4104 2218 4163 Rodulfum
2266 4105 2482 4171 ducem,
2525 4103 2619 4159 ubi
2670 4105 2903 4174 primum
2953 4107 3058 4162 sibi
3105 4107 3330 4165 daretur
3376 4125 3481 4182 op-

1839 4195 2194 4267 portunitas,
2260 4194 2587 4259 occideret,
2656 4207 2768 4248 non
2835 4208 3022 4249 amore
3086 4199 3480 4265 promissorum

1839 4287 1936 4343 sed
1970 4286 2167 4341 timore
2213 4281 2520 4353 gladiorum
2558 4282 2935 4350 praesentium,
2966 4282 3074 4337 hoc
3112 4296 3172 4337 se
3209 4283 3480 4352 facturum

1841 4374 1998 4447 quasi
2046 4374 2207 4429 laetus
2252 4370 2525 4442 promisit,
2559 4382 2822 4438 suamque
2861 4369 3282 4439 promissionem
3324 4372 3485 4441 jura-

95 4436 448 4541 al'iici,"seda
486 4436 719 4539 labore,
744 4484 855 4542 quo
886 4436 1122 4541 plurimo
1153 4469 1412 4541 fatigatus
1441 4436 1558 4523 erat
1585 4468 1755 4523 multa
1775 4436 2029 4520 I)mento
2073 4436 2433 4517 confirmavit.
2486 4459 2638 4513 Mane
2686 4436 2878 4512 autem.
2914 4456 3079 4524 facto,
3113 4473 3237 4514 cum
3275 4436 3386 4515 dux
3415 4459 3483 4515 de

96 4559 381 4620 dulcedine
446 4569 644 4619 vestra
698 4560 848 4616 refici
909 4560 1163 4627 fateatur,
1228 4558 1471 4615 omnium
1528 4572 1666 4629 quas
1693 4557 1756 4588 ’³⁷
1838 4554 2040 4610 virtute
2070 4557 2127 4606 et
2172 4550 2279 4604 fide
2318 4547 2546 4603 multum
2595 4547 2847 4604 laudatus
2877 4561 2907 4602 a
2954 4562 3103 4618 rege,
3145 4562 3266 4603 cum
3317 4550 3483 4605 multa

96 4663 186 4705 nos
225 4654 480 4727 patimur
532 4650 898 4709 afflictionum
944 4649 1183 4705 libenter
1212 4647 1393 4715 obliti,
1425 4647 1551 4705 dum
1594 4652 1759 4717 caput
1840 4641 2106 4699 suavitate
2154 4637 2413 4693 dimissus
2459 4636 2656 4727 abiret,
2690 4636 2784 4691 ille
2826 4636 3098 4707 correptis
3135 4638 3301 4727 armis
3340 4637 3488 4693 veio-

94 4724 331 4797 nostrum
361 4740 632 4814 gaudere
654 4738 1055 4811 cognoscimus,
1080 4737 1330 4795 dolorem
1362 4736 1754 4801 membrorum,
1842 4734 1982 4789 clter
2018 4727 2349 4798 insequitur,
2378 4729 2433 4782 et
2472 4724 2661 4814 lancea
2692 4730 2952 4796 protensa
2983 4738 3083 4814 per
3112 4725 3347 4814 mediam
3373 4733 3487 4814 tur-

95 4828 166 4884 vel
195 4831 240 4886 si
270 4811 524 4904 magnus
566 4830 661 4899 sit,
695 4828 903 4884 nullum
950 4835 1222 4905 putamus.
1274 4825 1627 4889 Paternltatis
1657 4825 1762 4896 lgi-
1844 4822 1967 4876 bam
2021 4817 2288 4874 festinans
2320 4814 2500 4905 ,ualto
2558 4812 2823 4905 clamore-
2853 4826 2912 4868 se
2969 4811 3163 4905 ducem
3230 4811 3484 4868 occidere

94 4926 173 4973 tur
198 4901 405 4979 vestrae
460 4918 715 4992 pedibus
742 4901 1312 4979 omnes'unanlmiter
1340 4917 1542 4973 devoto
1591 4914 1760 4975 corde
1845 4910 2149 4973 minitatur.
2199 4907 2243 4961 Α
2280 4903 2548 4959 militibus
2598 4914 2727 4958 vero
2776 4901 3146 4957 circumdatus
3172 4907 3239 4992 et
3268 4916 3484 4992 causam

94 5012 371 5080 prostrati,
408 5010 698 5087 plurimas
733 5008 967 5081 plurlme
1006 5007 1295 5065 referimus
1335 5006 1539 5079 gratias
1561 5008 1760 5061 vestrae
1845 4998 2077 5056 terroris
2124 4996 2515 5065 interrogatus,
2549 4996 2717 5046 totam
2760 4992 2958 5046 seriem
2998 4991 3203 5061 negotii
3244 4991 3390 5060 quod
3430 4992 3487 5046 in

1491 5171 1717 5228 VARle
1755 5164 2139 5226 LECTIONES.

151 5325 221 5399 f“_
249 5342 312 5383 se
360 5327 580 5382 furtim
618 5339 673 5399 o_.
704 5326 895 5399 2.1”“
931 5337 1092 5399 appr.
1118 5324 1183 5399 2.
1261 5320 1777 5399 “fabospitiumﬂg
1828 5319 1892 5359 ’³³
1930 5312 2270 5399 Easdem}:
2332 5308 3371 5399 3"nl’i‘01iis“fi-iIQOIEEOSFE:
3409 5324 3492 5399 ar-

88 5393 167 5469 ghi
203 5380 303 5451 l.”
335 5380 694 5469 'ﬁ'vquos—l.
750 5380 1128 5469 rmimitig'asti
1168 5395 1214 5447 l.
1292 5392 1355 5424 ²²⁹
1394 5380 1484 5448 ἱιτί
1509 5380 1777 5448 emendavi
1825 5405 1893 5445 ea:
1934 5380 2131 5453 Ἠοῖαί.
2186 5385 2287 5442 0d.
2324 5386 2369 5440 I.
2416 5381 2506 5436 26.
2540 5397 2591 5437 v.
2627 5381 2887 5445 mercium
2946 5380 2993 5434 l.
3031 5382 3083 5434 in
3138 5380 3353 5435 Ercium
3404 5381 3487 5435 ed.

88 5463 144 5497 ³³⁸
180 5468 298 5524 Val.
339 5469 393 5526 ι.
467 5463 555 5502 ’⁸³⁸
602 5467 815 5532 auferre
852 5468 930 5521 1b.

156 5628 282 5701 (35)
327 5631 395 5687 Id
433 5634 535 5687 est
570 5634 824 5686 mortem.
1713 5548 1927 5611 “mm.
