4014 6176
583 330 691 384 527

1616 323 1948 379 numeras
1981 320 2246 390 CLERIGI
2285 318 2881 379 MAGDEBURGENSIS
2976 285 2982 289 ’

3829 331 3914 385 5‘28

582 462 747 511 nocte
802 460 1016 525 gestum
1068 453 1245 509 fuerat
1298 449 1561 520 exponit,
1619 448 1894 517 armisque
1961 445 2467 516 projectisAtenus
2513 447 2652 502 tales
2692 462 2793 517 per
2840 462 2981 517 quos
3012 448 3075 479 ³³⁸
3121 448 3355 504 ecclesia
3406 460 3594 519 pacata
3645 464 3912 524 regeretur,

581 536 705 613 ipsi'
733 542 881 608 duci,
923 540 1056 612 quid
1106 539 1303 609 et'qua
1340 538 1390 592 vi
1430 542 1655 593 coactus
1701 538 1961 605 jurasset,
2009 536 2222 591 innote-

578 633 707 688 scit.

650 718 741 774 61.
775 719 895 774 Alio
926 724 1193 786 tempore,
1227 727 1348 769 cum
1380 713 1525 768 idem
1556 712 1668 768 dux
1696 713 1939 783 reginam
1969 713 2025 767 in
2054 726 2217 767 manu

576 823 673 865 sua
702 823 733 862 a
780 806 1110 862 monasterio
1149 804 1398 869 duceret,
1442 817 1539 858 rex
1585 802 1870 873 sagittario
1889 802 1954 833 ²³¹
1999 802 2215 857 cuidam

576 896 858 967 praecepit,
894 901 951 949 ut
978 907 1099 949 eum
1143 893 1299 960 juxta
1329 892 1573 962 reginam
1621 892 1820 960 sagitta
1849 891 2213 961 transfigeret.

572 985 677 1041 Sed
717 985 784 1038 ab
834 982 1026 1038 eodem
1070 980 1353 1051 sagittario
1403 979 1762 1049 praamonitus
1808 979 1938 1044 dux,
1973 979 2214 1048 reginam

571 1088 681 1129 non
713 1071 986 1141 perduxit,
1019 1070 1116 1125 sed
1158 1070 1379 1125 inventa
1419 1067 1665 1139 qualibet
1693 1081 1857 1123 causa
1884 1066 2117 1123 festinus
2146 1067 2214 1122 ab

571 1176 633 1216 ea
665 1158 914 1214 recessit.

637 1247 727 1300 62.
770 1247 953 1302 Tertia
980 1246 1099 1302 vice
1130 1260 1250 1301 cum
1293 1260 1473 1301 causa:
1513 1245 1764 1315 quaedam
1787 1244 1851 1275 ’³³
1889 1244 2032 1299 intra
2061 1242 2215 1298 cubi-

550 1335 752 1392 .culum
802 1335 949 1404 regis
997 1340 1308 1404 agerentur,
1342 1339 1398 1389 et
1443 1333 1755 1388 actionibus
1803 1333 1914 1388 illis
1941 1332 2052 1387 dux
2090 1346 2214 1387 cum

567 1424 760 1493 paucis
809 1424 925 1477 suis
974 1423 1287 1487 interesset,
1338 1421 1655 1476 nunciatum
1695 1427 1779 1476 est
1825 1422 1877 1476 ei
1914 1420 2064 1490 quod
2102 1419 2212 1475 duo

566 1513 711 1582 regis
758 1510 945 1566 famuli
986 1513 1207 1579 januam
1251 1524 1373 1565 cum
1417 1510 1581 1565 nudis
1626 1509 1824 1581 gladiis
1869 1502 2241 1572 obsiderent,

568 1601 663 1671 qui
696 1600 891 1655 ducem
940 1598 1311 1669 egredientem
1354 1613 1419 1654 ex
1467 1604 1704 1668 utroque
1752 1599 1921 1653 latere
1960 1596 2214 1666 perfode-

565 1694 708 1743 rent.
748 1690 936 1757 Itaque
977 1702 1106 1743 suos
1150 1702 1271 1742 cum
1316 1687 1516 1758 gladiis
1554 1687 1789 1743 occultis
1828 1685 2047 1742 occulte
2082 1684 2213 1741 fecit

2301 534 2419 603 ipse
2463 534 2518 589 in
2565 549 2754 591 eorum
2803 536 2983 591 locum
3017 545 3269 606 poneret.
3302 538 3406 593 Sed
3441 541 3587 610 regis
3634 540 3833 612 legatos
3858 546 3911 599 ad

2300 624 2663 693 apostolicum
2705 623 2844 680 fama
2893 634 3272 695 praecesserat,
3305 628 3466 697 eique
3516 630 3714 686 seriem
3758 646 3911 688 rerum

2299 721 2573 784 gestarum
2631 720 2800 772 totam
2851 718 3122 772 veraciter
3185 718 3542 774 indicaverat.
3602 721 3745 775 Misit
3807 738 3913 794 ergo

2266 803 2415 873 -regi
2464 803 2694 870 litteras,
2728 805 2931 873 quibus
2969 820 3093 860 eum
3143 805 3211 860 de
3245 806 3430 861 multis
3466 807 3590 862 aliis
3619 810 3913 865 criminibus

2298 892 2582 961 arguebat,
2634 898 2690 948 et
2743 899 2802 948 ut
2857 895 3155 964 episcopos
3202 909 3233 949 a
3291 896 3604 964 captivitate
3665 898 3914 963 dimissos,

2298 979 2548 1035 ecclesiis
2586 980 2856 1051 bonisque
2888 982 3003 1036 suis
3041 983 3255 1052 integre
3295 984 3583 1050 restitutis,
3616 986 3913 1051 remitteret,

2299 1067 2510 1134 orabat,
2564 1077 2619 1123 et
2666 1074 2792 1137 post
2830 1068 2950 1124 haec
2982 1068 3045 1101 ²³⁹
3085 1070 3381 1125 concilium
3431 1071 3488 1126 in
3536 1085 3603 1127 eo
3659 1072 3785 1129 loco
3827 1090 3914 1144 quo

2296 1156 2484 1212 venire
2533 1165 2721 1227 posset
2768 1159 3109 1227 apostolicus
3155 1168 3538 1231 congregaret,
3569 1161 3664 1216 ubi
3695 1164 3916 1235 episc0pi

2294 1245 2399 1310 vel,
2431 1247 2478 1300 si
2517 1246 2667 1317 digni
2707 1254 2911 1313 essent,
2944 1248 3316 1318 episcopalem
3364 1249 3662 1318 perderent
3707 1250 3917 1320 dignita-

2300 1342 2432 1399 tem,
2464 1334 2549 1390 vel
2581 1335 2835 1403 injuriam
2876 1350 3013 1406 quas
3042 1345 3199 1391 erant
3246 1338 3393 1411 passi
3440 1339 3764 1394 canonicam
3804 1342 3919 1396 reci-

2297 1430 2491 1491 perent
2540 1422 2992 1479 satisfactionem.
3042 1425 3194 1491 Quod
3236 1427 3283 1480 si
3313 1427 3370 1481 iu
3400 1426 3487 1480 his
3516 1430 3689 1482 sacris
3719 1430 3918 1483 canoni-

2297 1509 2400 1565 bus
2430 1510 2699 1567 noluisset
2746 1526 2843 1568 rex
2886 1513 3154 1568 obediens
3184 1513 3420 1569 existere
3441 1514 3506 1544 ²⁵⁰
3550 1522 3606 1569 et
3633 1530 3918 1572 excommu-

2298 1600 2514 1656 nicatos
2542 1615 2573 1656 a
2602 1601 2868 1657 societate
2907 1617 3004 1657 sua
3034 1602 3328 1671 repellere,
3359 1618 3419 1658 se
3450 1618 3571 1658 eum
3602 1605 3756 1660 velut
3785 1613 3915 1675 putre

2300 1688 2602 1744 membrum
2666 1690 3028 1745 anathematis
3092 1690 3277 1760 gladio
3336 1691 3405 1745 ab
3462 1692 3670 1749 unitate
3739 1700 3915 1748 saucia!

564 1775 843 1841 advenire,
875 1781 929 1829 et
955 1774 1170 1844 aliquos
1200 1790 1267 1831 ex
1296 1774 1432 1845 ipsis
1461 1774 1774 1831 cubiculum
1804 1773 1938 1829 fecit
1972 1773 2200 1838 intrare,
2226 1764 2275 1821 Β
2298 1778 2487 1833 matris
2516 1778 2776 1834 Ecclesia:
2806 1778 3117 1834 minabatur
3143 1779 3488 1836 abscindere.
3521 1783 3635 1848 Qua
3666 1781 3913 1853 legatione

568 1865 834 1934 plurimos
864 1878 992 1919 vero
1034 1879 1146 1933 prae
1196 1864 1408 1920 foribus
1448 1870 1615 1919 stare.
1649 1866 1892 1933 Cumque
1932 1863 2114 1919 omnia
2143 1862 2212 1917 si-

565 1960 659 2010 cut
696 1954 936 2022 jusserat
965 1960 1149 2008 essent
1179 1953 1467 2022 disposita,
1511 1967 1634 2008 cum
1684 1953 1800 2008 suis
1844 1951 2118 2007 accedens
2142 1951 2209 2006 ad

560 2045 783 2112 januam
811 2062 822 2097 :
861 2041 1032 2109 Tales,
1064 2042 1263 2111 inquit,
1286 2042 1569 2111 jmtitorcs,
1599 2042 1783 2097 domne
1810 2056 1929 2109 rex,
1960 2041 2014 2095 in
2041 2044 2210 2095 vestro

567 2130 803 2186 cubiculo
850 2122 1035 2186 nollem
1082 2131 1233 2185 modo
1285 2131 1474 2185 vidisse
1498 2174 1511 2197 ,
1570 2146 1663 2185 nec
1717 2145 1944 2201 unquam
1992 2128 2213 2201 posthac

567 2219 789 2291 amplius
817 2218 930 2275 volo
959 2220 1153 2275 videre.
1196 2222 1326 2275 Haec
1358 2220 1576 2276 locutus
1605 2226 1660 2275 et
1688 2219 1824 2275 abiit
1853 2233 1977 2275 cum
2015 2233 2210 2289 magno

569 2308 776 2375 furore,
809 2315 865 2364 et
893 2308 1054 2372 dixit,
1086 2309 1234 2378 quod
1266 2315 1321 2364 et
1359 2309 1623 2379 implevit,
1656 2309 1805 2378 quod
1837 2322 2128 2378 numquam
2149 2304 2213 2337 ’³⁸

568 2398 735 2454 vellet
764 2398 997 2454 ulterius
1024 2399 1092 2453 ad
1126 2400 1270 2469 regis
1299 2398 1503 2454 curiam
1533 2398 1740 2454 venire.

639 2485 730 2541 63.
772 2487 978 2543 Eodem
1028 2487 1112 2542 vel
1146 2486 1209 2517 ’³³³
1256 2487 1421 2542 simili
1469 2486 1599 2542 dolo
1647 2487 1810 2542 etiam
1858 2486 2211 2543 Bertholdum

572 2573 768 2628 ducem
792 2573 857 2604 ”“
904 2575 1188 2643 quaerebat
1234 2574 1487 2644 perdere,
1529 2575 1657 2643 quia
1691 2575 1747 2630 hi
1789 2575 1897 2630 duo
1938 2575 2107 2645 magis
2135 2575 2214 2629 vi-

573 2667 845 2723 debantur
874 2665 994 2733 ejus
1022 2663 1245 2719 malitia:
1275 2663 1566 2719 obsistere.
1598 2665 1665 2718 Et
1696 2679 1865 2734 quare
1896 2665 1964 2720 de
1995 2665 2213 2722 duobus

571 2763 779 2811 tantum
829 2755 949 2823 ejus
999 2753 1262 2808 saevitiam
1312 2766 1701 2821 commemoro,
1744 2754 1839 2823 qui
1885 2753 2093 2810 nullum
2142 2754 2210 2809 de

569 2844 915 2913 principibus
953 2856 1175 2912 possum
1204 2856 1451 2897 asserere
1489 2856 1743 2897 securum
1784 2842 1879 2897 tali
1921 2843 2211 2912 periculo‘!

565 2932 807 2997 Quadam
846 2944 1080 3000 namque
1111 2931 1200 2986 die
1239 2930 1368 2985 dum
1406 2932 1524 3000 ipse
1554 2945 1675 2986 cum
1708 2931 1824 2985 suis
1850 2932 2058 2986 scurris
2086 2946 2210 2987 mo-

2294 1872 2571 1934 suscepta,
2602 1871 2657 1921 et
2685 1867 3033 1922 venientibus
3071 1868 3186 1922 suis
3215 1881 3356 1937 quos
3384 1870 3608 1924 miserat
3633 1870 3915 1939 apostolico

2295 1954 2633 2019 confirmata,
2669 1955 2844 2010 tristis
2872 1955 3028 2010 valde
3067 1953 3190 2022 fuit,
3232 1955 3361 2025 quia
3402 1957 3459 2011 in
3505 1959 3810 2027 apostolica
3842 1958 3915 2012 di-

2293 2042 2500 2111 gnitate
2531 2042 2754 2098 malitiae
2793 2059 2928 2109 sum,
2962 2045 3107 2099 sicut
3144 2045 3404 2115 sperabat
3421 2045 3504 2111 ω,
3536 2047 3799 2103 auxilium
3826 2061 3916 2101 non

2294 2130 2522 2186 invenit.

2363 2219 2453 2274 65.
2495 2221 2612 2275 Rex
2660 2220 2828 2291 igitur
2866 2235 2987 2276 cum
3037 2222 3153 2276 suis
3199 2222 3593 2291 deceptor-ibus
3640 2236 3751 2278 uua
3788 2224 3920 2277 Wor-

2296 2308 2511 2363 matiam
2548 2310 2717 2372 venit,
2751 2315 2807 2364 et
2835 2324 2957 2365 cum
2995 2309 3227 2381 singulis
3256 2310 3338 2365 vel
3367 2309 3431 2341 ’³³
3468 2310 3614 2365 binis
3648 2312 3920 2366 consilium

2295 2397 2488 2461 inivit,
2557 2397 2794 2467 qualiter
2847 2398 3067 2469 dignam
3123 2399 3297 2454 vicem
3363 2399 3695 2468 rependeret
3732 2400 3796 2430 "3
3857 2399 3920 2454 illi

2295 2486 2663 2554 contumelite,
2699 2500 2860 2556 quam
2909 2500 3100 2542 omnes
3137 2487 3427 2542 audierant
3475 2489 3782 2543 Romanum
3812 2501 3922 2558 pon-

2294 2573 2494 2629 tificem
2534 2574 2640 2629 sibi
2673 2573 2892 2641 fecisse,
2925 2575 3073 2644 quod
3105 2590 3227 2630 eum
3258 2590 3317 2631 se
3354 2578 3590 2631 minatus
3618 2577 3693 2631 sit
3727 2590 3921 2632 excom-

2295 2663 2800 2730 municaturum’“,
2832 2678 2954 2719 cum
3000 2664 3108 2719 tale
3147 2664 3278 2734 quid
3328 2664 3543 2720 cunctis
3596 2666 3922 2735 temporibus

2292 2750 2487 2807 fuisset
2515 2752 2839 2808 inauditum.
2880 2755 3124 2823 Cumque
3172 2753 3341 2808 multa
3389 2754 3576 2809 multis
3621 2756 3807 2810 modis
3842 2755 3917 2809 diu

2293 2840 2621 2906 volutarent,
2682 2840 2901 2897 tandem
2960 2842 3286 2911 quibusdam
3344 2856 3532 2897 eorum
3589 2843 3822 2911 placuit,
3874 2850 3920 2896 ut

2292 2928 2678 2997 episcoporum
2704 2929 2944 2985 concilio
2974 2928 3141 2995 facto,
3165 2944 3357 2999 papam
3389 2930 3544 2999 quasi
3565 2931 3917 2986 Simoniacum

565 3028 780 3075 raretur
808 3021 864 3074 in
912 3018 1189 3084 cubiculo,
1222 3026 1277 3074 et
1323 3020 1568 3089 episcopi
1614 3020 1896 3090 ceterique
1945 3020 2205 3089 primates
2230 3081 2266 3090 __
2293 3019 2569 3072 communi
2618 3031 2891 3073 consensu
2934 3018 3275 3087 dampnaret,
3309 3032 3489 3086 eoque
3527 3018 3813 3087 deposito,
3842 3034 3920 3073 rex

564 3109 901 3163 excubarent
946 3108 1003 3161 in
1031 3096 1329 3173 vestibulo,
1362 3105 1535 3162 fertur
1574 3107 1683 3163 illis
1713 3108 1916 3164 dixisse
1942 3109 2037 3179 qui
2076 3081 2343 3165 con-ain
2374 3106 2499 3162 loco
2546 3108 2667 3176 ejus
2713 3121 2881 3162 unum
2913 3106 2982 3162 de
3020 3106 3134 3161 suis
3181 3107 3372 3162 amicis
3419 3109 3813 3173 constitueret,
3841 3108 3917 3176 qui

561 3195 663 3250 scii
694 3200 750 3250 et
776 3194 1021 3251 fautores
1050 3199 1207 3249 erant
1234 3208 1349 3249 sua;
1379 3195 1644 3264 nequitiae
1670 3216 1683 3250 :
1710 3198 1900 3253 «Ecce
1929 3197 2022 3253 isti
2051 3203 2201 3263 sunt,

559 3281 655 3351 qui
685 3282 839 3352 regni
883 3281 989 3336 mei
1019 3279 1238 3335 divitias
1268 3280 1493 3347 habent,
1527 3285 1582 3336 et
1607 3296 1692 3337 me
1722 3296 1983 3353 meosque
2013 3297 2206 3340 omnes

557 3369 615 3426 in
669 3376 990 3440 paupertate
1050 3369 1413 3439 reliquerunt.
1473 3369 1629 3437 Quod
1676 3372 1722 3426 si
1771 3371 1853 3426 illi
1899 3372 1968 3427 de
2020 3372 2203 3428 medio

558 3458 791 3515 fuissent
834 3458 1031 3526 ablati,
1083 3472 1185 3530 ego
1234 3459 1530 3528 cunctique
1579 3459 1687 3515 mei
1744 3458 2041 3516 familiares
2093 3461 2204 3516 cito

563 3560 848 3616 possemus
894 3547 1091 3603 divites
1129 3547 1267 3603 fieri.
1318 3548 1682 3617 Quapropter,
1733 3548 1780 3602 si
1826 3548 1928 3602 viri
1976 3548 2110 3604 estis
2150 3555 2206 3604 et

566 3633 785 3691 divitias
826 3636 1030 3692 habere
1078 3636 1299 3705 cupitis,
1341 3635 1477 3690 istos
1529 3649 1675 3691 nunc
1727 3636 1966 3692 inermes
2009 3638 2203 3692 armati

565 3723 783 3780 fortiter
827 3724 1088 3789 invadite,
1120 3730 1175 3780 et
1222 3724 1404 3779 omnia
1451 3738 1575 3793 quae
1613 3724 1693 3779 illi
1732 3726 2020 3795 possident
2060 3727 2205 3782 acci-

565 3814 697 3880 pite.
736 3832 763 3863 »
808 3814 1056 3868 Habebat
1095 3818 1277 3868 autem
1308 3813 1364 3867 in
1396 3812 1565 3866 cubili
1609 3826 1710 3867 suo
1749 3828 1968 3884 semper
2006 3816 2204 3871 multas

558 3914 783 3956 secures
811 3900 922 3955 lato
942 3900 1088 3956 ferro
1111 3900 1485 3969 splendentes,
1513 3900 1713 3969 quibus
1734 3915 1837 3957 nec
1859 3902 2071 3972 clipeus
2100 3920 2202 3962 nec

559 3988 713 4057 galea
744 3988 1000 4044 resistere
1031 3994 1247 4058 poterat
1270 3988 1470 4043 virtute
1499 3987 1704 4058 aliqua.
1735 3990 1889 4057 Quod
1913 3992 2018 4048 nisi
2042 3996 2200 4052 Anno

558 4076 905 4133 Coloniensis
952 4077 1150 4147 praesul
1191 4078 1258 4132 ab
1298 4090 1409 4133 uno
1439 4077 1535 4146 qui
1570 4092 1693 4133 cum
1740 4079 1941 4136 ceteris
1986 4080 2199 4141 facinus

554 4172 673 4221 erat
720 4172 944 4222 acturus
993 4165 1153 4236 paulo
1198 4171 1325 4221 ante
1372 4164 1568 4221 fuisset
1617 4167 1986 4238 submonitus,
2013 4185 2079 4227 ea
2107 4173 2199 4230 die

552 4252 747 4311 fuisset
790 4260 1163 4325 perpetratum
1210 4253 1521 4309 miserabile
1572 4251 1800 4311 facinus.

620 4344 709 4400 64.
746 4347 941 4400 Verum
990 4349 1051 4399 ut
1096 4342 1163 4397 ad
1218 4343 1401 4412 priora
1461 4342 1739 4413 paulisper
1786 4353 2050 4414 revertar,
2100 4349 2193 4405 ubi

548 4437 808 4507 primates
838 4433 1013 4490 nostri
1058 4432 1397 4488 deditionem
1429 4430 1699 4500 fecerunt,
1733 4448 1925 4492 omnes
1971 4439 2194 4494 semitas

543 4539 667 4594 quae
717 4539 817 4594 per
847 4528 1061 4578 montes
1090 4520 1301 4576 ducunt
1347 4521 1404 4575 in
1433 4521 1663 4589 Italiam,
1695 4538 1790 4579 rex
1820 4525 2002 4581 claudi
2047 4542 2189 4596 prte-

541 4613 708 4683 cepit,
743 4626 846 4668 nec
894 4610 989 4666 ulli
1041 4609 1251 4665 homini
1279 4608 1419 4664 viam
1470 4614 1659 4679 patere
1707 4614 1975 4681 permisit,
2007 4628 2075 4671 ne
2106 4617 2187 4671 rei

540 4703 742 4758 veritas
779 4700 847 4756 ad
879 4697 1243 4769 apostolicum
1283 4697 1437 4767 prius
1464 4699 1696 4766 veniret,
1730 4715 1889 4770 quam
1930 4702 2048 4772 ipse
2089 4719 2188 4775 per

514 4786 754 4862 'legatos
792 4790 846 4844 in
895 4803 1052 4843 suum
1102 4786 1339 4842 favorem
1372 4787 1550 4857 ipsum
1589 4788 1954 4859 apostolicum
2004 4793 2187 4850 tradu-

538 4886 710 4936 ceret.
742 4878 947 4934 Deinde
979 4876 1128 4932 misit
1174 4877 1418 4932 Romano
1459 4877 1706 4946 pontifici
1745 4878 1977 4949 legatos,
2010 4883 2104 4951 qui
2131 4886 2182 4940 ei

538 4968 875 5031 intimarent,
908 4964 1057 5035 quod
1086 4964 1334 5033 episcopi
1364 4965 1614 5021 Saxoniae
1643 4967 1728 5021 sui
1754 4966 1968 5024 ordinis
1995 4970 2180 5038 obliti,

536 5063 730 5112 contra
773 5068 832 5111 se
881 5055 937 5109 in
985 5052 1182 5124 prtelio
1233 5053 1514 5123 congressi
1538 5053 1600 5084 ’⁸⁷
1647 5051 1898 5123 fuissent,
1948 5072 2181 5129 eumque

536 5149 815 5216 rogarent,
870 5148 930 5199 ut
977 5156 1094 5209 eos,
1151 5142 1295 5196 sicut
1341 5141 1597 5198 infideles
1648 5144 1903 5213 perjuros
1948 5151 2005 5201 et
2050 5147 2181 5203 belli

534 5234 712 5290 civilis
748 5239 1024 5299 auctores,
1074 5231 1247 5302 gradu
1296 5231 1626 5288 sacerdotali
1676 5232 2000 5302 deponeret,
2054 5250 2184 5307 qua-

2287 3196 2470 3250 omnia
2500 3209 2623 3265 quae
2654 3196 2770 3265 regi
2814 3193 3048 3250 fuissent
3085 3195 3308 3264 placita,
3342 3202 3456 3251 tota
3485 3195 3776 3253 voluntate
3808 3210 3919 3266 per-

2286 3282 2494 3338 ticeret.
2536 3285 2653 3339 Hoc
2681 3283 2851 3355 igitur
2878 3283 3017 3339 inito
3049 3285 3482 3354 coniirmatoque
3512 3286 3778 3351 consilio,
3807 3284 3920 3340 fecit

2287 3385 2479 3427 omnes
2515 3385 2647 3427 suos
2685 3372 2978 3441 episcopos
3017 3372 3334 3439 convenire,
3376 3379 3431 3428 et
3468 3375 3655 3443 coegit
3687 3388 3788 3430 eos
3816 3371 3921 3427 [lil-

2287 3459 2592 3526 debrando,
2625 3461 2720 3530 qui
2773 3463 3049 3517 Romanus
3086 3461 3335 3531 pontifex
3380 3468 3680 3517 vocaretur
3710 3469 3777 3519 et
3824 3474 3917 3516 non

2286 3554 2451 3616 esset,
2493 3549 2894 3618 subjectionem
2931 3556 2986 3605 et
3033 3550 3404 3606 obedientiam
3451 3550 3831 3617 interdicere;
3874 3555 3920 3604 et

2287 3637 2394 3695 hoc
2424 3644 2484 3694 ut
2512 3644 2637 3708 post
2666 3638 2848 3694 nullus
2878 3647 3066 3695 eorum
3098 3646 3286 3708 posset
3315 3653 3536 3710 negare,
3569 3638 3708 3696 fecit
3746 3652 3920 3696 unum-

2286 3741 2559 3797 quemque
2590 3742 2777 3783 eorum
2804 3729 3025 3784 nomine
3055 3743 3155 3784 suo
3176 3734 3483 3798 praanotato
3511 3743 3680 3784 manu
3716 3727 3918 3799 propria

2285 3816 2704 3887 abnegationem
2742 3816 3116 3871 Hildcbrando
3146 3816 3352 3871 chartis
3370 3815 3432 3847 "5
3462 3817 3703 3887 singulis
3743 3814 3921 3873 inscri-

2284 3904 2415 3960 bere
2454 3904 2560 3960 hoc
2598 3904 2798 3960 modo:
2831 3922 2859 3955 «
2892 3906 3003 3975 Ego
3032 3906 3097 3959 N.
3122 3903 3186 3935 ²³⁶
3231 3904 3466 3960 civitatis
3509 3907 3575 3960 N.
3609 3908 3917 3976 episc0pus.

2283 3993 2657 4049 Hildebrando
2714 3994 3112 4062 subjectionem
3171 3998 3221 4048 et
3280 3994 3658 4049 obedientiam
3712 4010 3780 4050 ex
3831 3993 3919 4047 hac

2283 4082 2418 4137 hora
2448 4087 2504 4138 et
2550 4081 2813 4152 deinceps
2859 4081 3154 4146 interdico,
3197 4088 3252 4137 et
3281 4096 3402 4137 eum
3442 4082 3681 4151 posthac
3711 4089 3918 4153 aposto-

2282 4170 2447 4226 licum
2476 4170 2539 4201 "7
2583 4184 2687 4225 nec
2732 4170 2946 4226 habebo
2995 4184 3097 4226 nec
3141 4171 3371 4226 vocabo.
3406 4189 3434 4221 »
3488 4171 3645 4238 Quod
3709 4172 3920 4242 quidem

2280 4260 2441 4329 pauci
2490 4258 2740 4315 fecerunt
2776 4274 2843 4315 ex
2880 4259 3084 4326 animo,
3117 4259 3213 4329 qui
3244 4265 3301 4315 et
3328 4267 3585 4315 auctores
3631 4260 3747 4330 ipsi
3778 4261 3917 4315 fuere

2282 4347 2515 4404 consilio
2543 4369 2557 4415 ;
2609 4347 2795 4417 plures
2822 4361 2952 4403 vero
2985 4347 3199 4403 litteras
3228 4347 3450 4418 quidem
3480 4348 3923 4405 abrenunciatio~

2281 4436 2367 4491 nis
2423 4437 2617 4493 mortis
2674 4437 2869 4493 timore
2923 4437 3266 4507 scripserunt
3320 4436 3417 4492 sed
3474 4437 3682 4493 invitos
3739 4453 3800 4493 se
3848 4436 3924 4491 fe-

2273 4526 2415 4582 cisse
2465 4540 2564 4595 per
2610 4526 2717 4582 hoc
2747 4526 3130 4590 ostenderunt,
3164 4526 3292 4596 quia
3332 4539 3455 4580 cum
3496 4526 3739 4595 primum
3773 4527 3927 4581 datur

2273 4616 2356 4671 eis
2412 4616 2778 4686 oportunitas,
2836 4614 3145 4685 apostolico
3210 4615 3491 4685 supplices
3557 4616 3926 4671 confessionis

2271 4704 2486 4760 litteras
2530 4704 2794 4775 dirigunt,
2845 4709 2900 4759 et
2946 4718 3005 4759 se
3052 4717 3180 4760 reos
3224 4703 3275 4758 ei
3313 4709 3645 4774 agnoscunt,
3686 4705 3791 4760 sed
3839 4718 3930 4758 ex-

2270 4794 2651 4865 purgationem
2685 4792 3037 4864 necessitatis
3075 4792 3404 4848 obtendunt.
3456 4791 3668 4848 Deinde
3709 4807 3821 4862 per
3850 4799 3927 4845 to-

2268 4892 2379 4941 tam
2428 4883 2637 4939 Italiam
2675 4882 2826 4938 misit
2867 4882 3151 4953 epistolas,
3200 4884 3409 4953 magnis
3440 4882 3607 4937 donis
3646 4890 3704 4937 et
3758 4883 3929 4951 majo-

2267 4974 2423 5029 ribus
2479 4971 2766 5042 promissis
2822 4970 2972 5027 illius
3028 4976 3191 5027 terra;
3249 4970 3533 5041 principes
3584 4971 3641 5025 in
3681 4969 3929 5026 favorem

2265 5076 2381 5118 suat
2430 5061 2603 5131 partis
2652 5060 2947 5115 inclinans.
3005 5061 3195 5130 Itaque
3248 5064 3526 5115 nostrates
3546 5058 3610 5089 "‘
3666 5058 3931 5129 episcOpi

2265 5149 2614 5207 solummodo
2665 5150 2898 5219 Scripto,
2956 5148 3036 5203 illi
3091 5148 3482 5204 renuntiabant
3537 5148 3703 5202 etiam
3728 5146 3800 5177 ’δ’
3844 5150 3933 5216 ju-

2266 5244 2536 5295 ramento.
2588 5239 2867 5294 Romanos
2913 5237 3076 5294 etiam
3133 5251 3294 5307 quam
3353 5236 3624 5306 plurimos
3678 5236 3929 5305 pecunia

1880 5351 2104 5408 VARLE
2155 5356 2438 5413 LECTION
2442 5356 2541 5410 ES.

596 5451 659 5481 η’
696 5446 953 5518 sagitario
979 5447 1041 5518 gl.
1116 5445 1179 5518 ἓν
1215 5444 1523 5518 quadaml.
1602 5444 1666 5475 ’³⁵
1703 5446 1845 5503 deest
1872 5446 1917 5502 1.

1998 5450 2062 5524 ἐξ
2099 5459 2158 5524 et
2189 5454 2237 5510 1.
2315 5453 2378 5485 ’³⁸
2417 5455 2475 5524 Β.
2509 5452 2660 5524 ἀνάθ
2690 5453 2917 5524 Zaringe
2945 5451 3000 5518 2,
3077 5450 3139 5481 ’³⁷
3180 5451 3435 5524 congessi
3459 5449 3511 5524 _i.

3591 5450 3653 5481 ’³³
3691 5451 3855 5506 deest
3882 5453 3925 5503 l-

526 5520 588 5552 ’³⁸
627 5536 681 5593 p_.
714 5514 784 5575 h.'
803 5519 857 5574 in
888 5534 939 5593 (ξ.
977 5515 1167 5593 l.___’“’
1204 5514 1267 5593 ee
1301 5516 1350 5593 l_.
1427 5514 1776 5593 ’ff_sperarat
1804 5518 1998 5593 23f“
2036 5522 2113 5578 ita
2138 5523 2306 5581 2illis
2335 5524 2352 5578 l
2399 5521 2476 5593 113.
2555 5523 2616 5555 ’³³
2654 5524 2731 5579 ita
2760 5514 2882 5579 edd“.
2912 5514 3090 5593 recte;
3122 5514 3420 5593 repetisret
3458 5521 3504 5593 ι,
3582 5520 3648 5553 ’δ”
3684 5536 3929 5577 excom-

521 5586 856 5649 municarum
896 5590 943 5644 ι.
1020 5587 1088 5619 ’³⁸
1127 5589 1296 5644 cartis
1330 5587 1376 5642 1.
1454 5586 1518 5619 "“
1555 5589 1701 5644 enim
1737 5589 1783 5643 l.

1862 5590 1924 5621 “7
1961 5594 2272 5662 apostolicu
2309 5598 2357 5651 1.

2437 5577 2501 5626 ἰι
2537 5577 2907 5652 remanere.
2985 5577 3049 5625 ἰο
3074 5577 3209 5650 ἠως
3231 5577 3524 5649 nam.
