4044 6180
152 317 256 369 5'29

154 532 366 585 honore
413 530 738 600 dejicerent,
772 533 973 588 talibus
993 535 1192 593 litteris
1222 538 1415 593 oravit.
1448 540 1555 608 lpsi
1578 555 1798 610 quoque

153 619 466 688 apostolico
516 619 709 689 plenas
772 623 1123 678 contumeliis
1180 624 1390 681 litteras
1445 627 1682 694 direxit,
1741 629 1796 683 in

153 707 356 777 quibus
380 748 395 771 ,
437 715 497 763 ut
543 709 906 778 apostolicum
935 725 1135 767 nomen
1174 720 1229 768 et
1274 715 1461 770 sedem
1491 717 1602 772 cito
1635 717 1800 772 relin-

151 802 368 866 queret,
424 797 713 853 minaciter
761 800 1044 869 praacepit.
1098 803 1213 857 Hoc
1252 810 1432 859 autem
1490 805 1795 875 exemplum

151 892 229 938 cst
260 885 575 940 litterarum
610 907 623 940 :

212 972 310 1027 66.
375 994 403 1022 α
468 975 756 1030 Heinricus
808 975 911 1046 (36)
962 978 1057 1032 Dei
1112 980 1284 1047 gratia
1343 995 1475 1047 rex,
1528 982 1794 1037 universae

146 1069 353 1116 sancta:
387 1063 648 1119 Romanae
678 1063 931 1120 ecclesiae
980 1065 1131 1121 clero
1182 1074 1236 1122 et
1296 1069 1523 1138 p0pulo,
1564 1071 1795 1140 gratiam

143 1149 381 1204 salutem
414 1157 469 1205 ct
499 1165 659 1206 omne
688 1152 914 1208 bonum.
955 1154 1084 1209 Haec
1114 1155 1250 1210 ﬁdes
1298 1156 1450 1212 firma
1498 1164 1553 1213 et
1599 1158 1797 1214 incon-

145 1253 304 1293 cussa
329 1239 395 1321 εἶθ
425 1240 691 1307 creditur,
722 1255 848 1310 quae
878 1256 1098 1313 semper
1126 1249 1182 1299 et
1220 1245 1411 1300 eadem
1450 1253 1505 1301 et
1536 1248 1794 1316 praesenti

143 1332 400 1380 servatur
439 1333 493 1381 et
520 1327 733 1382 absenti
761 1371 774 1394 ,
826 1343 929 1384 nec
980 1331 1238 1387 diuturna
1280 1335 1398 1402 ejus
1445 1335 1532 1389 cui
1564 1335 1798 1390 debetur

143 1416 421 1479 absentia,
456 1429 558 1470 nec
588 1415 736 1485 longi
769 1418 1032 1487 temporis
1063 1420 1230 1475 taedio
1259 1421 1593 1477 immutatur.
1626 1424 1792 1490 Quam

145 1503 309 1558 talem
344 1516 447 1557 vos
493 1503 658 1559 nobis
696 1519 914 1560 servare
961 1507 1165 1562 scimus
1221 1513 1276 1563 et
1321 1510 1525 1579 gratias
1563 1511 1792 1581 agimus,

142 1599 193 1647 et
242 1598 307 1646 nt
362 1591 555 1646 eadem
604 1600 917 1661 perseveret
966 1595 1220 1664 petimus,
1254 1597 1513 1653 videlicet
1541 1604 1621 1665 ut,
1652 1600 1794 1655 sicut

143 1679 365 1745 facitis,
420 1681 614 1735 amicis
660 1681 867 1736 nostris
922 1683 1104 1749 amici,
1162 1684 1404 1740 inimicis
1449 1687 1654 1742 nostris
1682 1688 1794 1743 ini-

1478 328 1564 382 DE
1602 330 1813 384 BELLO
1851 328 2196 384 SAXO‘NICO.

154 443 441 511 corrupit,
504 449 559 497 et
619 451 677 498 ttt
724 443 1154 502 Ilildebrandum
1193 448 1262 502 ab
1300 450 1620 518 apostolica:
1648 452 2167 516 sedisAtriciatus,

3407 324 3514 379 530

2250 452 2362 507 Deo
2429 450 2704 505 tribuente
2761 454 2816 504 et
2884 451 3068 518 jurato
3147 451 3513 505 Romanorum

1880 554 2145 605 assensu,
2191 540 2444 605 debetur,
2493 545 2550 592 ut
2588 538 2918 603 descendas,
2972 537 3155 593 edico.
3201 557 3227 585 »

1954 648 1981 679 «
2023 632 2152 684 Haec
2201 629 2375 683 series
2414 635 2618 682 nostra:
2666 626 2914 696 epistolae
2971 627 3039 681 ad
3089 625 3518 681 Ilildebrandum

1880 718 2225 774 monachum.
2275 718 2443 784 Quam
2496 715 2705 771 idcirco
2755 721 2810 770 et
2846 715 3004 771 vobis
3050 715 3409 784 scripsimus,
3460 719 3520 769 ut

1880 810 1935 860 et
1963 804 2120 860 vobis
2175 810 2360 860 nostra
2416 804 2689 870 voluntas,
2742 807 2798 857 et
2842 801 3026 867 nobis,
3076 802 3241 856 immo
3297 803 3409 856 Deo
3466 806 3522 856 et

1881 892 2041 948 nobis
2064 935 2078 960 ,
2127 899 2307 949 vestra
2344 892 2642 946 satisfaciat
2690 891 2909 946 caritas.
2951 888 3314 960 Exsurgitem
3353 890 3521 959 igitur

1878 982 1932 1035 in
1966 996 2109 1047 eum,
2142 980 2464 1045 fidelissimi,
2506 987 2562 1034 et
2611 981 2681 1034 sit
2731 980 2939 1048 primus
2968 978 3023 1033 in
3074 978 3181 1033 fide
3211 979 3421 1047 primus
3460 978 3516 1033 in

1879 1073 1998 1139 ejus
2052 1071 2459 1139 dampnatione.
2511 1071 2629 1123 Non
2680 1073 2858 1123 autem
2908 1075 2967 1122 ut
3020 1067 3339 1138 sanguinem
3396 1069 3517 1136 ejus

1878 1158 2120 1214 fundatis
2148 1159 2416 1223 dicimus,
2461 1158 2664 1226 quippe
2713 1170 2835 1211 cum
2884 1157 3059 1224 major
3108 1155 3214 1209 sibi
3262 1155 3334 1209 sit
3392 1162 3517 1224 post

1877 1248 2279 1317 depositionem
2314 1260 2474 1316 poena
2502 1247 2611 1300 vita
2641 1259 2802 1315 quam
2834 1259 2980 1299 mors
3004 1286 3017 1311 ,
3058 1244 3154 1299 sed
3204 1249 3264 1299 ut
3293 1258 3436 1309 eum,
3470 1245 3515 1298 si

1878 1335 2017 1391 nolit
2046 1336 2404 1402 descendere,
2438 1335 2667 1404 cogatis,
2691 1339 2747 1389 et
2773 1333 2937 1387 alium
2969 1333 3243 1387 communi
3274 1332 3516 1387 omnium

1877 1426 2263 1495 episcoporum
2313 1430 2368 1479 et
2414 1429 2596 1478 vestro
2641 1422 2875 1478 consilio
2921 1437 2951 1476 ει
3004 1422 3166 1477 nobis
3196 1422 3428 1478 electum
3460 1423 3515 1477 in

1875 1513 2233 1582 apostolicam
2263 1513 2449 1567 sedem
2479 1512 2761 1580 recipiatis
2784 1553 2798 1575 ,
2852 1511 2944 1580 qui
2996 1510 3144 1579 quod
3202 1511 3303 1565 iste
3332 1511 3387 1565 in
3421 1525 3517 1565 ec-

1876 1601 2044 1657 clesia
2072 1601 2412 1666 vulneravit,
2465 1613 2659 1655 curare
2690 1605 2744 1653 et
2773 1598 2904 1653 velit
2933 1603 2989 1653 et
3020 1599 3212 1667 possit.
3258 1617 3285 1647 ››

1949 1706 1978 1744 ‹‹
2016 1691 2106 1744 67.
2150 1689 2439 1744 Heinricus
2476 1688 2616 1759 (3‘7),
2649 1701 2759 1742 non
2811 1688 3125 1756 usurpative
3177 1687 3273 1741 sed
3305 1687 3393 1755 pia
3419 1688 3514 1741 Dei

143 1769 265 1822 mici
293 1768 510 1838 jugiter
540 1768 806 1824 existatis.
858 1771 1006 1825 Inter
1051 1786 1191 1840 quos
1218 1773 1432 1829 scilicet
1461 1749 2226 1834 Hildebran-Bordinatione
2257 1792 2374 1838 rex.
2427 1749 2839 1842 Hildebrando,
2885 1749 2998 1845 jam
3049 1788 3161 1829 non
3208 1749 3515 1844 apostolico

144 1856 265 1909 dum
300 1856 638 1911 monachum
677 1864 972 1924 notantes,
1024 1873 1121 1914 vos
1169 1860 1223 1915 in
1283 1863 1404 1931 ejus
1451 1862 1791 1919 inimicitiam

142 1944 469 2009 excitamus,
520 1945 648 2013 quia
697 1946 842 2001 hunc
873 1953 928 2001 et
985 1947 1234 2004 ecclesiae
1266 1950 1570 2005 invasorem
1603 1959 1656 2006 et
1686 1966 1791 2020 op-

142 2046 461 2101 pressorem
494 2075 508 2098 ,
561 2040 618 2088 et
647 2035 905 2090 Romanae
937 2036 1017 2090 rei
1049 2036 1287 2105 publicae
1318 2038 1401 2093 vel
1433 2039 1586 2109 regni
1617 2042 1791 2095 nostri

144 2120 528 2176 insidiatorem
577 2122 1043 2191 deprehendimus
1072 2123 1154 2189 ’3‘,
1215 2130 1275 2180 ut
1324 2126 1380 2180 in
1431 2127 1789 2196 subsequenti

147 2209 384 2278 epistola
433 2211 542 2266 sibi
573 2224 603 2265 a
633 2211 794 2266 nobis
832 2212 1042 2267 directa
1085 2227 1416 2282 pernoscere
1447 2216 1503 2270 in
1535 2221 1790 2285 promptu

146 2306 223 2353 est
244 2298 311 2329 ³⁵³
346 2319 360 2353 :

214 2408 239 2435 ι
284 2387 590 2443 Heinricus
644 2389 738 2443 Dei
810 2391 985 2460 gratia
1052 2406 1148 2446 rex
1215 2392 1609 2448 Hildebrando.
1658 2394 1791 2448 Cum

147 2475 418 2530 hactenus
442 2491 510 2531 ex
539 2482 593 2531 te
613 2491 676 2532 ea
706 2493 829 2547 qua:
849 2480 1020 2547 patris
1036 2484 1165 2534 sunt
1193 2488 1557 2549 expectarem,
1581 2480 1792 2550 tibique

145 2563 197 2616 in
228 2564 501 2618 omnibus
532 2578 726 2634 magna
773 2564 1015 2620 ﬁdelium
1064 2574 1376 2622 nostrorum
1416 2567 1792 2637 indignatione

138 2651 473 2716 obedirem,
524 2654 745 2722 percepi
793 2668 825 2708 a
874 2659 925 2709 te
945 2654 1009 2685 ³⁸³
1055 2654 1524 2722 vicissitudinem,
1574 2656 1789 2725 qualem

142 2740 445 2808 oportebat
487 2740 556 2794 ab
586 2754 652 2795 eo
678 2782 691 2807 ,
724 2741 820 2811 qui
868 2741 994 2797 vitae
1024 2743 1289 2812 regnique
1320 2744 1496 2798 nostri
1529 2744 1795 2811 pernitio-

1875 1866 1971 1921 scd
2015 1865 2151 1921 falso
2182 1864 2472 1920 monacho.
2498 1865 2645 1919 Hanc
2668 1864 2830 1919 talem
2863 1877 2962 1932 pro
2994 1862 3319 1919 confusione
3339 1861 3403 1893 ³⁸⁷
3425 1867 3516 1917 tua

1875 1955 2262 2010 salutationem
2319 1955 2691 2023 promeruisti,
2741 1953 2835 2022 qui
2898 1951 3105 2007 nullum
3172 1952 3225 2006 in
3283 1951 3518 2007 ecclesia

1876 2043 2125 2098 ordinem
2160 2042 2485 2112 praeteristi,
2530 2056 2690 2111 quem
2741 2039 3083 2097 confusionis
3122 2055 3233 2096 non
3264 2042 3517 2105 honoris,

1875 2129 2279 2185 maledictionis
2331 2142 2441 2183 non
2499 2127 2945 2192 benedictionis,
3026 2128 3350 2196 participem
3407 2141 3518 2183 non

1874 2216 2091 2273 feceris.
2134 2219 2203 2272 Ut
2232 2217 2376 2271 enim
2407 2217 2476 2271 de
2533 2216 2718 2271 multis
2767 2229 2939 2285 pauca
2973 2221 3029 2270 et
3072 2216 3291 2286 egregia
3320 2215 3519 2286 loqua-

1876 2320 2015 2372 mur,
2067 2311 2314 2361 rectores
2358 2309 2563 2359 sanctae
2603 2303 2855 2359 ecclesize
2881 2342 2894 2366 ,
2954 2302 3213 2357 videlicet
3242 2303 3519 2373 archiepi-

1875 2407 2077 2462 scopos
2109 2436 2124 2460 ,
2183 2392 2513 2462 episcopos.
2574 2391 2962 2461 presbyteros,
3018 2402 3129 2445 non
3186 2390 3351 2445 modo
3407 2404 3517 2446 non

1876 2487 2101 2551 tangere
2131 2481 2275 2535 sicut
2304 2480 2542 2535 christos
2579 2479 2795 2535 Domini
2851 2476 3122 2543 timuisti,
3184 2477 3316 2546 quin
3373 2478 3517 2533 sicut

1875 2582 2063 2625 servos
2090 2612 2104 2636 ,
2158 2568 2470 2623 nescientes
2516 2567 2647 2637 quid
2676 2565 2840 2622 faciat
2868 2567 3124 2622 dominus
3152 2580 3341 2621 eorum
3366 2609 3381 2633 ,
3413 2568 3516 2622 sub

1878 2657 2113 2728 pedibus
2156 2656 2267 2711 tuis
2295 2656 2552 2721 calcasti;
2588 2656 2643 2710 in
2687 2669 2918 2725 quorum
2958 2654 3374 2710 conculcatione
3415 2655 3513 2710 tibi

1877 2746 2115 2801 favorem
2144 2745 2213 2799 ab
2243 2757 2339 2799 ore
2373 2743 2519 2814 vulgi
2549 2743 2879 2812 comparasti
2904 2762 2918 2808 ;
2953 2756 3093 2811 quos
3122 2756 3313 2797 omnes
3343 2743 3513 2797 nichil

141 2828 401 2882 sissimus
452 2829 630 2883 hostis
659 2836 824 2884 esset.
876 2831 1007 2884 Nam
1056 2844 1179 2885 cum
1228 2831 1284 2885 in
1333 2832 1525 2901 primis
1580 2846 1796 2887 omnem
1877 2835 2041 2899 scire,
2091 2840 2144 2886 te
2190 2836 2371 2887 autem
2418 2831 2594 2886 solum
2643 2831 2825 2887 omnia
2873 2843 3034 2884 nosse
3075 2830 3355 2897 judicasti.
3403 2832 3513 2895 Qua

140 2914 541 2970 hereditariam
592 2916 912 2985 dignitatem
943 2961 957 2983 ,
1010 2932 1133 2987 quae
1182 2918 1348 2973 michi
1400 2921 1469 2974 ab
1524 2919 1615 2974 illa
1663 2919 1794 2975 sede
1880 2924 2070 2991 utique
2099 2921 2332 2976 scientia
2358 2934 2470 2975 non
2514 2919 2582 2974 ad
2633 2919 3094 2983 mdiﬁcationem,
3144 2918 3241 2973 sed
3285 2918 3352 2972 ad
3410 2917 3513 2971 de-

138 3003 456 3058 debebatur
523 3005 767 3073 superbo
838 3020 973 3060 ausu
1040 3007 1339 3076 rapuisses,
1391 3008 1608 3077 longius
1663 3007 1851 3079 inde“
1879 3010 2237 3066 structionem
2271 3008 2349 3062 uti
2388 3007 2687 3074 studuisti,
2738 3013 2797 3062 ut
2821 3008 2945 3075 jure
2966 3005 3276 3079 ’“lbeatum
3306 3008 3518 3075 Grego-

139 3093 534 3161 progrediens,
567 3094 793 3162 regnum
825 3094 994 3149 Italia:
1028 3095 1283 3162 pessimis
1310 3095 1522 3149 artibus
1552 3095 1792 3151 alienare
1814 3069 1855 3126 Ο
1880 3100 2042 3165 rium,
2074 3099 2231 3167 cujus
2255 3109 2454 3151 nomen
2485 3097 2586 3151 tibi
2617 3095 2940 3159 vendicasti,
2973 3074 3049 3149 de.
3074 3100 3126 3149 te
3159 3094 3518 3163 prophetasse

140 3181 446 3249 temptasti.
490 3182 602 3235 Nec
650 3181 757 3236 hoc
805 3187 1100 3237 contentus
1124 3225 1137 3249 ,
1197 3184 1255 3237 in
1321 3184 1796 3239 reverentissimos
1877 3186 2165 3242 credamus
2201 3184 2281 3239 sic
2311 3184 2584 3239 dicentem
2619 3204 2631 3238 :
2668 3204 2695 3233 ι(
2737 3184 2812 3237 Ex
2841 3182 3118 3236 afﬂuentia
3146 3182 3516 3250 subjectorum

138 3269 463 3336 episcopos,
497 3269 589 3337 qui
622 3269 782 3323 nobis
828 3269 975 3325 velut
1023 3270 1339 3324 dulcissima
1386 3271 1627 3325 membra
1656 3271 1796 3326 uniti
1880 3274 2201 3344 plerumque
2231 3273 2445 3327 animus
2475 3271 2687 3341 praelati
2717 3269 3018 3333 extollitur,
3075 3275 3130 3323 et
3181 3269 3416 3323 aestimat
3463 3283 3521 3322 se

138 3364 311 3425 sunt,
345 3370 569 3411 manum
623 3358 841 3413 mittere
887 3371 997 3415 non
1047 3357 1315 3422 timuisti,
1366 3373 1573 3428 eosque
1603 3373 1795 3428 super—
1879 3362 2004 3432 plus
2050 3362 2305 3418 omnibus
2352 3373 2553 3426 nosse,
2604 3373 2725 3414 cum
2783 3372 2842 3413 se
2888 3357 3038 3411 videt
3088 3357 3210 3424 plus
3266 3357 3521 3413 omnibus

140 3445 393 3499 bissimis
439 3444 658 3512 injuriis
703 3445 1182 3514 acerbissimisque
1212 3446 1566 3501 contumeliis
1603 3452 1796 3500 contra
1879 3464 2059 3519 posse.
2104 3468 2132 3500 »
2173 3451 2239 3504 Et
2285 3462 2388 3503 nos
2442 3448 2665 3517 quidem
2723 3446 2841 3500 haec
2899 3445 3080 3499 omnia
3138 3444 3518 3509 sustinuimus,

142 3533 328 3586 divina
371 3540 427 3586 et
463 3533 696 3588 humana
720 3536 845 3603 jura
869 3577 883 3600 ,
932 3540 993 3589 ut
1040 3534 1146 3603 ipsi
1185 3535 1359 3600 aiunt,
1401 3533 1791 3605 exagitasti'“.

141 3623 274 3686 Quae
306 3621 494 3675 omnia
524 3636 645 3675 cum
678 3636 780 3691 ego
810 3622 1042 3691 quadam
1074 3622 1340 3691 patientia
1369 3622 1791 3686 dissimularem,

142 3716 197 3761 tu
228 3709 341 3762 hoc
375 3721 486 3762 non
518 3710 835 3777 patientiam
867 3709 962 3764 sed
994 3710 1263 3779 ignaviam
1311 3712 1590 3765 aestimans
1610 3711 1694 3775 ηδ,
1738 3711 1793 3765 in

142 3799 323 3867 ipsum
356 3803 525 3866 caput
552 3798 837 3866 insurgere
866 3812 1030 3853 ausus
1060 3812 1140 3864 es,
1173 3800 1439 3854 mandans
1468 3814 1592 3869 quae
1623 3800 1792 3865 nosti,

139 3887 394 3951 scilicet,
445 3891 505 3939 ut
553 3887 663 3939 tuis
704 3885 887 3940 verbis
933 3892 1075 3954 utar,
1107 3887 1255 3956 quod
1285 3894 1380 3942 aut
1410 3893 1467 3942 tu
1500 3887 1795 3943 morereris

140 3982 231 4028 aut
264 3972 439 4027 michi
476 3973 708 4027 animam
754 3987 1091 4043 regnumque
1140 3974 1384 4030 tolleres.
1439 3977 1590 4030 llanc
1638 3976 1793 4029 inau-

140 4062 315 4116 ditam
364 4063 764 4115 contumaciam
812 4076 913 4132 ego
963 4077 1072 4118 non
1120 4063 1303 4118 verbis
1347 4064 1443 4118 sed
1495 4078 1553 4119 re
1602 4062 1794 4119 confu-

1877 3538 2003 3592 dum
2035 3536 2356 3606 apostolicae
2386 3535 2535 3589 sedis
2587 3534 2852 3587 honorem
2901 3544 3120 3584 servare
3186 3529 3496 3585 studuimus

1875 3626 1981 3681 Sed
2038 3631 2096 3681 tu
2153 3624 2512 3679 humilitatem
2569 3628 2807 3676 nostram
2865 3620 3116 3673 timorem
3176 3617 3292 3672 fore
3349 3617 3518 3672 intel-

1876 3714 2097 3779 lexisti,
2148 3713 2387 3780 ideoque
2453 3717 2506 3764 et
2563 3711 2619 3764 in
2694 3710 2865 3777 ipsam
2919 3706 3123 3776 regiam
3187 3712 3515 3774 potestatem

1875 3803 2038 3857 nobis
2084 3815 2114 3855 a
2169 3801 2282 3855 Deo
2348 3811 2666 3854 concessam
2728 3809 3021 3865 exsurgere
3074 3808 3183 3849 non
3243 3794 3514 3858 timuisti,

1875 3904 2037 3959 quam
2068 3896 2121 3944 te
2153 3887 2314 3944 nobis
2342 3884 2556 3942 auferre
2578 3884 2642 3916 ²⁰⁹
2670 3898 2833 3939 ausus
2862 3897 2923 3938 es
2970 3883 3186 3947 minari,
3228 3883 3383 3951 quasi
3417 3894 3518 3936 nos

1874 3985 1989 4033 ate
2018 3991 2245 4048 regnum
2276 3975 2690 4044 acceperimus,
2740 3972 2895 4041 quasi
2947 3973 3001 4026 in
3050 3978 3142 4026 tua
3201 3978 3256 4025 et
3303 3983 3414 4025 non
3459 3969 3517 4024 in

1873 4068 1968 4123 Dei
2018 4081 2179 4128 manu
2225 4066 2298 4121 sit
2344 4077 2570 4134 regnum
2617 4060 2701 4117 vel
2732 4062 3061 4130 imperium;
3113 4060 3206 4129 qui
3255 4060 3517 4114 Dominus

140 4152 366 4205 tandam
412 4149 760 4218 dijudicans,
810 4151 1121 4220 generalem
1173 4159 1501 4207 conventum
1548 4152 1792 4207 omnium
1872 4160 2063 4211 noster
2106 4156 2266 4209 Iesus
2331 4153 2580 4208 Christus
2638 4164 2739 4205 nos
2784 4149 2851 4203 ad
2912 4162 3171 4218 regnum,
3230 4153 3283 4201 te
3336 4152 3513 4201 autem

140 4239 301 4307 regni
330 4239 623 4307 primatum
655 4238 794 4306 ipsis
821 4238 1262 4307 supplicantibus
1310 4239 1497 4295 habui.
1535 4240 1635 4294 Ubi
1667 4254 1790 4294 cum
1874 4256 1983 4298 non
2030 4242 2242 4296 vocavit
2271 4241 2337 4295 ad
2388 4238 2777 4295 sacerdotium.
2830 4238 2905 4291 'l‘u
2948 4236 3091 4290 enim
3141 4235 3227 4289 his
3255 4235 3515 4303 gradibus

138 4344 201 4382 ea
230 4342 363 4397 qute
409 4327 676 4382 hactenus
714 4334 860 4382 metu
911 4335 966 4382 et
1012 4329 1320 4383 reverentia
1360 4329 1683 4384 tacebantur
1731 4330 2171 4397 innascendisti
2205 4349 2217 4384 :
2250 4329 2462 4383 scilicet
2508 4326 2745 4391 astutia,
2798 4323 2947 4392 quod
3006 4321 3328 4376 monachica
3376 4335 3513 4389 pro-

140 4416 385 4471 medium
433 4415 671 4470 deducta
711 4414 980 4481 fuissent,
1031 4416 1174 4471 veris
1229 4419 1628 4473 assertionibus
1663 4382 2040 4473 illo-Diessio
2113 4416 2533 4479 abhominatur,
2591 4411 2877 4483 pecuniam
2912 4452 2927 4477 ,
2987 4408 3221 4477 pecunia
3276 4406 3513 4461 favorem

136 4519 257 4560 rum
288 4548 306 4571 ,
340 4520 479 4574 quas
507 4519 576 4559 ex
605 4506 849 4574 ipsorum
897 4505 1097 4560 litteris
1135 4506 1346 4572 audies,
1380 4506 1555 4575 palam
1586 4506 1789 4561 factum
1872 4507 2053 4562 favore
2080 4503 2284 4560 ferrum
2312 4547 2327 4571 ,
2376 4503 2522 4558 ferro
2551 4502 2737 4557 sedem
2767 4500 2919 4570 pacis
2945 4494 3108 4553 adisti
3135 4540 3149 4563 ,
3201 4504 3256 4552 et
3287 4496 3355 4551 de
3384 4495 3516 4551 sede

134 4602 240 4661 est,
268 4602 328 4648 te
359 4593 675 4648 nullatenus
701 4593 758 4648 in
788 4593 1097 4663 apostolica
1124 4595 1257 4649 sede
1289 4607 1450 4663 posse
1472 4594 1786 4664 persistere.
1872 4594 2026 4663 pacis
2054 4607 2240 4663 pacem
2272 4592 2503 4647 turbasti
2529 4633 2543 4656 ,
2594 4590 2723 4644 dum
2763 4588 3017 4643 subditos
3046 4587 3101 4641 in
3133 4585 3394 4654 praalatos
3422 4597 3515 4637 ar-

132 4686 384 4749 Quorum
412 4682 746 4749 sententiae,
797 4682 924 4751 quia
965 4683 1113 4751 justa
1170 4687 1225 4738 et
1274 4682 1578 4752 probabilis
1605 4695 1789 4737 coram
1874 4682 2031 4737 masti
2058 4724 2072 4746 ,
2122 4680 2250 4735 dum
2305 4680 2598 4749 episcopos
2628 4683 2851 4732 nostros
2895 4689 2926 4729 a
2974 4676 3085 4729 Deo
3134 4678 3398 4735 vocatos,
3431 4677 3516 4736 tu,

130 4772 245 4826 Deo
291 4770 724 4840 hominibusque
780 4770 1089 4837 videbatur,
1143 4785 1245 4841 ego
1307 4784 1529 4841 quoque
1596 4784 1789 4826 assen-
1875 4783 1985 4825 non
2017 4775 2279 4835 vocatus,
2310 4765 2654 4837 spernendos
2701 4764 2976 4828 docuisti,
3039 4761 3166 4816 dum
3207 4759 3363 4815 laicis
3414 4759 3514 4813 mi-

133 4860 309 4923 tiens,
342 4873 504 4914 omne
538 4859 638 4913 tibi
671 4865 901 4928 papatus
942 4860 1055 4929 jus,
1102 4859 1251 4929 quod
1281 4859 1484 4915 habere
1521 4860 1672 4915 visus
1709 4873 1788 4925 es,
1875 4858 2160 4913 nisterium
2189 4869 2378 4912 eorum
2426 4868 2593 4924 super
2639 4852 2958 4909 sacerdotes
2986 4848 3283 4919 usurpasti,
3317 4853 3377 4902 ut
3407 4846 3515 4916 ipsi

133 4948 498 5013 abrenuntio,
531 4953 695 5016 atque
728 4954 843 5002 uta
871 4947 1002 5002 sede
1032 4947 1227 5015 Urbis,
1278 4949 1436 5017 cujus
1483 4948 1649 5003 michi
1700 4962 1792 5017 pa-
1875 4947 2156 5016 deponant
2174 4945 2238 4976 ²⁶⁰
2265 4944 2349 5001 vel
2381 4946 2773 5012 contempnent
2792 4940 2875 5007 ²⁶¹,
2924 4939 3019 5009 qui
3068 4939 3221 5007 ipsos
3274 4952 3305 4991 a
3354 4948 3516 4991 manu

1500 5094 1721 5148 VARI/E
1777 5092 2159 5148 LECTIONES.

203 5218 276 5250 ’⁵⁸
309 5218 644 5289 inconcussa
678 5218 726 5274 1.
805 5219 862 5250 ²⁸¹
895 5220 973 5275 ita
1018 5218 1054 5273 2
1094 5217 1376 5288 compreh.
1424 5216 1472 5273 1.
1549 5217 1613 5248 ¹⁸¹
1643 5217 1727 5289 hic
1760 5217 1781 5269 l
1837 5231 2021 5289 novum
2070 5213 2495 5289 caputggrditur.
2569 5210 2633 5289 ’f‘
2670 5210 2814 5289 dgest
2840 5210 2905 5289 λλ
2973 5206 3039 5289 ’δέ
3074 5205 3415 5289 exacerbagti
3438 5202 3506 5289 _2.

131 5289 198 5319 ’“
227 5289 562 5344 existimans
598 5288 655 5343 2.
731 5290 796 5320 ³⁸⁸
826 5274 1084 5359 Exurgite
1129 5289 1178 5342 1.
1221 5274 1549 5345 'constanter.
1627 5288 1690 5318 ³⁵⁷
1720 5287 2065 5344 confessione
2092 5274 2169 5341 2'?
2241 5284 2305 5316 ⁸⁸⁸
2352 5285 2390 5338 i.
2451 5284 2555 5339 hoc
2593 5283 2649 5337 b.
2708 5281 2763 5335 2.
2840 5278 2905 5310 “’
2942 5276 3147 5333 auferri
3190 5276 3239 5332 1.
3315 5274 3379 5306 “°
3421 5274 3513 5335 de-

130 5364 358 5429 ponent
392 5359 440 5413 l.
519 5359 583 5390 ’“
612 5366 1006 5430 contempnant
1035 5374 1178 5430 quos
1205 5360 1311 5429 ipsi
1349 5359 1404 5412 2.

1726 5457 1942 5512 NOTIE.

201 5554 321 5621 (36)
365 5556 428 5610 ν.
470 5556 674 5624 Legum
702 5557 763 5610 Τ.
803 5557 890 5622 II,
925 5571 978 5625 ι)-
1020 5554 1111 5608 46.
2007 5551 2130 5622 (37)
2175 5554 2236 5608 v.
2277 5554 2405 5620 Leg.
2446 5551 2507 5604 T.
2546 5550 2615 5613 ιι,
2647 5563 2703 5618 p.
2744 5545 2837 5600 47.
