4014 6176
540 277 635 329 531

1572 277 1905 332 BRUNONIS
1941 276 2206 333 CLERICI
2244 272 2839 341 MAGDEBURGENSIS

3784 271 3881 323 532

539 401 752 458 Domini
784 416 883 471 per
911 402 1321 472 impositionem
1352 412 1606 455 manuum
1636 399 2024 467 episcoporum
2081 396 2544 459 do-Atumeliam
2582 400 2789 452 sanctae
2819 400 2876 450 et
2903 393 3225 465 apostolicae
3253 391 3402 448 sedis
3429 392 3647 460 elatam,
3684 393 3881 463 qualem

539 489 828 545 cendosm
865 494 1210 561 acceperant.
1244 490 1325 544 Me
1354 500 1575 557 quoque
1598 529 1612 554 ,
1665 487 1759 556 qui
1781 486 1846 518 ’⁵³
1875 487 2007 543 licet
2037 486 2178 543 indi-
2257 488 2427 542 vestri
2459 492 2644 556 patres
2672 498 2775 540 nec
2802 483 3058 539 viderunt
3087 496 3189 538 nec
3235 481 3527 539 audierunt
3557 482 3878 551 umquam“,

540 593 681 650 gnus
710 579 857 635 inter
886 579 1123 635 cbristos
1150 577 1218 633 ad
1249 589 1475 646 regnum
1513 589 1633 631 sum
1675 582 1895 642 unctus,
1927 575 2177 645 tetigisti,

545 682 707 739 quem
738 675 1052 724 sanctorum
1099 668 1319 722 Patrum
1367 664 1590 721 traditio
1638 663 1745 719 soli
1783 666 1894 720 Deo
1919 665 2180 734 judican-

547 758 675 813 dum
706 756 932 822 docuit,
990 768 1092 810 nec
1140 768 1239 823 pro
1277 752 1462 821 aliquo
1502 753 1731 807 crimine
1755 793 1771 818 ,
1821 752 1927 807 nisi
1984 767 2015 807 a
2054 752 2180 819 fide,

550 845 698 915 quod
737 845 903 909 absit,
935 840 1443 908 exorbitaverimus,
1476 839 1863 911 deponendum
1910 840 2182 906 asseruit,

552 948 675 988 cum
714 932 874 988 etiam
902 928 1177 987 lulianum
1215 935 1518 999 apostatam
1550 927 1842 999 prudentia
1871 936 2183 984 sanctorum

552 1022 935 1092 episcoporum
980 1031 1090 1072 non
1129 1017 1235 1072 sibi
1266 1016 1363 1073 sed
1397 1015 1501 1071 soli
1541 1017 1652 1071 Deo
1693 1016 2050 1085 judicandum
2090 1016 2187 1071 de-

552 1108 973 1180 ponendumque
1013 1106 1369 1162 commiserit.
1401 1106 1524 1175 Ipse
1546 1104 1610 1135 ³⁸³
1638 1119 1799 1160 verus
1827 1119 1967 1175 papa
1996 1105 2191 1160 beatus

552 1200 743 1253 Petrus
791 1195 1032 1251 clamat:
1097 1216 1123 1245 ‹‹
1183 1197 1351 1250 Deum
1403 1194 1625 1261 timete,
1680 1208 1864 1265 regem
1920 1192 2189 1249 honoriﬁ-

550 1293 690 1342 cate.
735 1304 760 1333 ω
802 1286 879 1339 Tu
908 1288 1090 1339 autem
1121 1283 1249 1353 quia
1278 1284 1448 1337 Deum
1497 1295 1609 1337 non
1656 1282 1817 1337 times
1839 1323 1853 1348 ,
1904 1296 1990 1337 me
2013 1323 2026 1348 ,
2061 1295 2193 1337 con-

551 1374 802 1429 stitutum
832 1374 971 1442 ejus,
1020 1371 1343 1428 inhonoras.
1377 1370 1531 1426 Unde
1578 1370 1772 1425 beatus
1818 1370 2039 1436 Paulus,
2099 1370 2194 1425 ubi

473 1492 489 1502 -
552 1462 749 1533 angelo
780 1462 849 1517 de
879 1461 1020 1518 coelo
1042 1502 1059 1529 ,
1089 1461 1135 1515 si
1165 1459 1548 1530 praedicaverit
1575 1459 1681 1514 alia
1704 1501 1719 1526 ,
1761 1472 1873 1514 non
1924 1458 2191 1528 pepercit,

555 1558 609 1606 te
656 1564 879 1620 quoque
937 1552 994 1605 in
1052 1550 1215 1604 terris
1267 1548 1372 1604 alia
1429 1549 1720 1604 docentem
1788 1560 1899 1603 non
1955 1548 2192 1617 excepit.

556 1642 645 1697 Ait
691 1640 835 1695 enim
870 1660 882 1694 :
921 1658 948 1690 (ι
988 1640 1042 1693 Si
1090 1638 1246 1708 quis,
1294 1636 1378 1692 vel
1427 1651 1567 1708 ego,
1624 1636 1709 1692 vel
1749 1637 1913 1692 etiam
1969 1637 2195 1707 angelus

2262 589 2365 632 nec
2421 575 2818 644 scripturarum
2872 572 3046 628 series
3100 569 3398 640 aliquando
3455 585 3485 625 a
3543 571 3765 641 paganis
3809 571 3883 627 vel

2263 664 2542 720 haereticis
2584 662 2747 719 docet
2784 675 3070 717 emersam.
3120 660 3287 730 Cujus
3333 659 3461 715 mali
3512 661 3617 715 etsi
3673 660 3813 729 quod
3830 658 3885 690 ’⁷⁸

2265 765 2521 822 umquam
2553 756 2677 821 post
2706 749 2986 825 fundatam
3029 747 3316 803 ecclesiam
3336 746 3400 776 ’⁷³
3449 755 3504 802 et
3549 755 3887 817 propagatam

2267 841 2429 896 iidem
2456 839 2660 895 Christi
2690 838 3053 908 processisset
3082 836 3410 906 exemplum,
3448 837 3703 892 omnibus
3724 844 3888 892 tamen

2269 928 2523 985 ﬁdelibus
2568 942 2668 997 pro
2700 934 2852 982 tanto
2901 932 3221 994 contemptu
3249 932 3305 980 et
3332 925 3750 981 conculcatione
3778 940 3891 995 apo-

2268 1018 2502 1083 stolicae,
2549 1016 2711 1071 immo
2760 1015 2960 1070 divinae
3003 1014 3368 1079 auctoritatis,
3419 1013 3716 1069 dolendum
3767 1013 3893 1071 foret

2271 1114 2326 1163 et
2353 1104 2698 1177 gemendum.
2757 1103 3103 1172 Quapropter
3160 1103 3207 1157 si
3281 1102 3443 1158 beato
3503 1104 3665 1158 Petro
3735 1102 3897 1157 claves

2272 1194 2427 1264 regni
2479 1192 2745 1248 cmlorum
2801 1207 2832 1247 a
2880 1191 3103 1247 domino
3141 1190 3205 1220 ’⁷⁸
3262 1197 3452 1246 nostro
3502 1192 3631 1246 Jesu
3695 1191 3896 1246 Christo

2274 1282 2505 1337 traditas
2523 1281 2584 1311 "7
2613 1280 2862 1347 creditis,
2896 1286 2951 1335 et
3005 1279 3162 1335 vobis
3219 1293 3317 1350 per
3366 1293 3558 1335 manus
3605 1279 3783 1349 ipsius
3838 1279 3898 1334 ad

2276 1376 2498 1426 aeternae
2526 1369 2654 1427 vita:
2682 1368 2880 1439 gaudia
2910 1368 3196 1423 introitum
3245 1381 3439 1437 parare
3458 1367 3521 1398 ’⁷⁸
3549 1368 3775 1438 cupitis,
3821 1381 3901 1423 co-

2275 1458 2557 1531 gitandum
2584 1458 2744 1514 vobis
2773 1464 2877 1524 est,
2920 1464 3184 1526 quantum
3231 1470 3379 1512 nunc
3416 1456 3485 1512 de
3523 1456 3768 1527 irrogata
3809 1458 3900 1513 sibi

2278 1547 2609 1603 contumelia
2637 1545 2699 1577 ’79
2739 1545 2929 1601 dolere
2990 1544 3257 1599 debeatis.
3306 1544 3423 1600 Nisi
3468 1545 3614 1600 enim
3660 1545 3775 1612 hic,
3823 1546 3903 1600 ubi

2284 1650 2381 1706 per
2410 1635 2726 1691 discrimina
2779 1634 3196 1703 tcmptationum
3247 1638 3425 1689 vestra
3480 1634 3618 1689 ﬁdes
3662 1641 3719 1688 et
3759 1634 3904 1691 corda

560 1743 591 1784 e
647 1728 828 1794 coelo,
890 1736 1092 1795 praeter
1151 1726 1207 1780 id
1273 1724 1420 1796 quod
1478 1724 1981 1796 evangelizavimus,
2040 1722 2610 1795 vobisBprobautur,
2641 1721 2777 1778 socii
2809 1720 3126 1792 passionum
3154 1719 3486 1789 efﬁciamini,
3518 1721 3717 1791 procul
3760 1722 3906 1777 dubio

563 1814 1030 1885 evangelizaverit,
1068 1814 1356 1869 anathema
1400 1813 1491 1869 sit.
1537 1834 1562 1862 ι
1605 1814 1682 1868 Tu
1739 1826 1871 1883 ergo
1923 1813 2029 1869 hoc
2079 1826 2204 1868 ana-

565 1904 803 1959 themate
842 1911 897 1957 et
926 1902 1166 1957 omnium
1216 1902 1603 1971 episcoporum
1651 1909 1966 1956 nostrorum
1991 1900 2203 1971 judicio

569 2000 626 2047 et
661 1998 851 2048 nostro
901 1990 1226 2061 dampnatus
1276 1989 1588 2056 descende,
1648 1989 1975 2046 vindicatam
2018 1989 2205 2046 sedem

568 2081 925 2152 apostolicam
957 2079 1240 2149 relinque!
1274 2079 1427 2134 Alius
1456 2079 1512 2133 in
1542 2078 1740 2134 solium
1760 2078 1822 2109 ’⁸⁵
1863 2079 2009 2134 beati
2059 2078 2207 2134 Petri

570 2169 850 2237 ascendat,
904 2168 998 2238 qui
1039 2167 1187 2223 nulla
1232 2166 1547 2223 violentiam
1566 2166 1629 2197 ’⁸⁸
1684 2167 1950 2238 religione
1998 2166 2207 2237 palliet,

571 2259 668 2314 sed
699 2259 846 2314 beati
877 2258 1023 2312 Petri
1055 2271 1243 2313 sanam
1274 2256 1581 2312 doctrinam
1610 2256 1825 2313 doceat.
1858 2258 1972 2327 Ego
2002 2255 2211 2312 enim’”

572 2344 946 2403 Heinricus‘“
974 2360 1072 2401 rex
1105 2346 1198 2401 Dei
1236 2346 1411 2414 gratia
1433 2386 1448 2411 ,
1490 2358 1613 2399 cum
1652 2344 1909 2401 omnibus
1937 2343 2214 2414 episcopis

575 2436 779 2492 nostris
807 2434 908 2490 tibi
935 2433 1169 2489 dicimus
1194 2453 1207 2487 :
1231 2432 1533 2498 Descende,
1566 2431 1926 2488 descendam.
1970 2452 1998 2484 »

642 2523 734 2577 68.
772 2524 902 2590 Quae
959 2522 1158 2578 litterae
1214 2536 1334 2579 cum
1393 2522 1596 2577 domno
1654 2535 1832 2591 papae,
1883 2522 1940 2578 in
1986 2521 2213 2578 basilica

576 2613 929 2667 Lateranensi
957 2616 1164 2666 sanctae
1193 2610 1404 2680 synodo
1446 2609 1784 2679 praesidenti,
1842 2609 2076 2667 fuissent
2128 2609 2213 2665 al-

578 2702 725 2766 latae,
776 2707 830 2754 et
873 2712 1056 2754 coram
1096 2698 1310 2769 synodo
1360 2698 1537 2768 palam
1574 2698 1840 2767 recitata),
1890 2704 2041 2755 tanta
2070 2698 2214 2754 litin

2286 1826 2398 1869 non
2428 1812 2562 1867 estis
2591 1810 2764 1880 digni,
2799 1816 2859 1864 ut
2915 1809 3214 1879 participes
3260 1807 3459 1865 futura:
3505 1809 3905 1875 consolationis,

2288 1907 2343 1957 et
2379 1900 2476 1955 lilii
2506 1899 2684 1969 regni,
2716 1898 2995 1953 cmlestem
3031 1910 3288 1953 coronam
3349 1905 3403 1951 et
3453 1897 3686 1968 gloriam
3734 1898 3910 1954 sortia-

2289 1986 2444 2044 mini.
2475 1989 2751 2057 Rogamus
2780 1987 2950 2057 igitur
2995 1987 3279 2042 caritatem
3326 1993 3581 2053 vestram,
3612 1993 3677 2042 ut
3726 1987 3910 2043 instan-

2290 2082 2376 2133 ter
2403 2075 2640 2131 divinam
2671 2073 3106 2129 misericordiam
3148 2074 3442 2144 implorare
3479 2074 3772 2141 studeatis,
3799 2086 3913 2143 qua-

2292 2170 2454 2221 tenus
2480 2170 2574 2218 aut
2629 2161 2799 2217 corda
2848 2161 3141 2231 impiorum
3188 2162 3258 2217 ad
3308 2163 3689 2232 paenitentiam
3733 2169 3911 2227 vertat,

2293 2257 2386 2307 aut
2415 2249 2767 2320 reprimendo
2798 2263 2988 2305 eorum
3022 2248 3255 2305 nefanda
3301 2250 3553 2317 consilia,
3595 2262 3764 2320 quam
3805 2250 3915 2306 insi-

2295 2340 2511 2412 pientes
2567 2343 2623 2394 et
2676 2338 2830 2393 stulti
2896 2337 3009 2393 sint
3055 2339 3150 2407 qui
3196 2345 3407 2409 petram
3451 2338 3738 2407 fundatam
3769 2338 3826 2371 "°
3867 2339 3912 2393 in

2295 2428 2512 2485 Christo
2539 2431 2784 2484 evertere
2832 2433 2887 2482 et
2920 2427 3104 2483 divina
3150 2427 3435 2498 privilegia
3463 2427 3520 2459 ²⁸¹
3580 2428 3793 2486 violare
3834 2441 3906 2483 co.

2299 2523 2518 2584 uantur,
2552 2514 2806 2571 ostendat
2827 2514 2910 2570 ³⁸⁸.

2366 2604 2456 2658 70.
2503 2624 2531 2655 α
2582 2606 2743 2659 Beate
2772 2605 2932 2658 Petre
2980 2603 3354 2673 apostolorum
3404 2604 3686 2674 princeps,
3740 2603 3918 2659 inclina

2299 2706 2488 2764 quaeso
2514 2692 2580 2723 ’⁸³
2611 2693 2730 2762 pias
2757 2706 2919 2747 aures
2965 2699 3086 2747 tuas
3119 2693 3301 2760 nobis,
3345 2699 3400 2748 et
3446 2692 3577 2749 audi
3606 2707 3697 2749 me
3728 2706 3918 2749 servum

577 2788 810 2845 ecclesia
857 2788 1174 2854 commotio,
1208 2793 1268 2842 ut
1313 2787 1458 2843 idem
1505 2787 1737 2858 legatus,
1770 2787 1876 2845 nisi
1905 2789 2051 2844 inter
2086 2802 2219 2858 apo-
2304 2789 2477 2848 tuum,
2506 2794 2670 2851 quem
2699 2780 2767 2835 ab
2797 2777 3028 2836 infantia
3067 2781 3308 2849 nutristi,
3360 2789 3415 2837 et
3460 2796 3635 2851 usque
3688 2782 3764 2837 ad
3801 2781 3918 2837 hanc

579 2876 708 2932 stoli
792 2876 962 2945 pedes
1037 2874 1414 2932 defensionem
1489 2876 1820 2942 invenisset,
1876 2876 2218 2932 membratim
2301 2871 2448 2926 diem
2470 2869 2538 2925 de
2567 2882 2730 2924 manu
2768 2869 3083 2938 iniquorum
3113 2870 3379 2936 liberasti,
3412 2871 3506 2940 qui
3561 2878 3655 2925 me‘
3701 2883 3803 2941 pro
3848 2876 3922 2923 tua

582 2965 816 3020 laniatus
858 2963 1138 3021 interisset
1183 2963 1588 3020 miserabiliter.
1640 2964 1902 3032 Sequenti
1949 2978 2078 3019 vero
2130 2965 2219 3020 die
2302 2958 2566 3015 ﬁdelitate
2615 2958 2853 3014 oderunt
2882 2964 2937 3014 et
2982 2958 3198 3014 odiunt.
3231 2960 3308 3014 Tu
3357 2959 3521 3013 michi
3571 2959 3740 3015 testis
3783 2964 3922 3023 es,et

582 3054 818 3107 domnus
847 3065 987 3119 papa
1015 3064 1200 3105 coram
1246 3050 1365 3119 ipsa
1384 3051 1448 3081 ’⁷ο
1477 3052 1688 3122 synodo
1720 3052 2038 3120 declaravit,
2084 3041 2524 3123 quo-Cdomina
2574 3061 2692 3103 mea
2741 3052 2916 3103 mater
2960 3046 3055 3103 Dei
3076 3046 3160 3115 ’3‘,
3201 3052 3257 3102 et
3283 3048 3475 3102 beatus
3521 3048 3753 3115 Paulus,
3783 3047 3925 3105 frater

584 3139 727 3192 tiens
755 3143 811 3192 et
857 3142 1060 3204 quanta
1107 3138 1523 3193 mansuetudine
1571 3152 1753 3208 regem
1784 3139 1852 3194 de
1883 3140 2091 3209 magnis
2119 3141 2223 3195 cri—
2303 3145 2449 3206 tuus,
2481 3138 2626 3193 inter
2655 3151 2845 3193 omnes
2873 3142 3114 3204 sanctos,
3149 3137 3297 3207 quod
3342 3145 3434 3193 tua
3462 3145 3654 3194 sancta
3706 3141 3925 3196 Romam

586 3225 825 3280 minibus
856 3224 1241 3293 corripuisset,
1304 3230 1363 3280 ut
1390 3226 1449 3255 ²⁷¹
1502 3226 1793 3297 episcopos
1839 3242 1869 3283 a
1908 3229 2221 3297 captivitate
2304 3227 2538 3283 ecclesia
2596 3239 2680 3283 me
2717 3224 2944 3280 invitum
2989 3224 3058 3279 ad
3094 3239 3193 3280 sua
3238 3226 3608 3296 gubernacula
3665 3230 3851 3294 traxit,
3882 3235 3925 3282 et

587 3314 824 3370 solveret
854 3319 1054 3382 quanta
1083 3312 1348 3368 suavitate
1380 3320 1646 3384 rogasset,
1689 3315 1995 3385 apostolica
2040 3324 2220 3373 aucto-
2307 3330 2409 3386 ego
2449 3329 2561 3371 non
2611 3315 2858 3384 rapinam
2919 3314 3218 3370 arbitratus
3270 3329 3389 3370 sum
3435 3315 3505 3370 ad
3552 3316 3751 3373 sedem
3803 3324 3924 3372 tuam

586 3403 751 3458 ritate
774 3401 1061 3471 jussisset;
1124 3408 1179 3456 et
1207 3414 1308 3471 pro
1357 3409 1582 3471 paterna
1628 3403 1921 3460 dulcedine
1969 3412 2226 3475 quantam
2305 3404 2627 3470 ascendere,
2667 3403 2959 3472 potiusque
2994 3401 3142 3458 volui
3179 3403 3343 3460 vitam
3380 3417 3553 3459 meam
3591 3404 3831 3461 flnirein
3856 3418 3929 3474 pe-

589 3490 866 3560 superbiae
911 3490 1328 3546 amaritudinem
1388 3493 1709 3561 recepisset.
1758 3493 1966 3549 Deinde
2014 3495 2229 3550 cunctis
2309 3492 2679 3562 regrinatione
2736 3504 2898 3560 quam
2938 3490 3116 3547 locum
3157 3499 3311 3548 tuum
3349 3506 3449 3562 pro
3501 3492 3683 3562 gloria
3745 3493 3926 3557 mundi,

587 3579 1015 3636 acclamantibus
1044 3592 1112 3634 ne
1156 3578 1282 3634 talis
1309 3580 1641 3635 contumelia
1686 3588 1996 3638 remaneret
2033 3583 2225 3649 inulta,

588 3668 833 3725 omnium
890 3667 1123 3723 consilio
1180 3674 1237 3723 et
1291 3681 1565 3724 consensu
1617 3670 1933 3726 Heinricum
1981 3671 2228 3741 synodali

582 3756 797 3825 judicio
829 3755 1167 3824 dampnavit,
1200 3756 1456 3825 regisque
1504 3757 1726 3813 nomine
1770 3764 1826 3813 et
1867 3759 2080 3815 honore
2118 3760 2230 3830 pri-

589 3850 770 3899 vatum
817 3843 1180 3899 anathematis
1227 3844 1411 3912 gladio
1471 3847 1763 3913 percussit,
1813 3846 2135 3918 litterasque
2174 3850 2230 3904 in

592 3945 819 4001 regnum
864 3931 1326 3986 Theutonicorum
1358 3932 1523 3998 misit,
1569 3948 1797 4003 quarum
1835 3935 1926 3991 hic
1956 3937 2233 4006 exemplar

592 4031 904 4087 supponere
939 4017 1145 4086 placuit
1178 4037 1190 4072 :

663 4104 754 4158 69.
817 4124 843 4153 οι
882 4105 1175 4174 Gregorius
1203 4105 1265 4136 ²⁷²
1314 4108 1608 4177 episcopus
1657 4108 1840 4180 (Gneo.
1882 4094 1993 4179 Vll,
2033 4114 2229 4182 Πιερίδι.

597 4210 677 4260 ιιι,
719 4193 797 4264 6),
829 4206 1021 4249 servus
1049 4207 1329 4250 servorum
1361 4196 1477 4261 Dei,
1510 4197 1764 4252 omnibus
1792 4199 1887 4267 qui
1915 4214 1975 4255 se
2005 4202 2236 4270 cupiunt

2312 3594 2413 3651 pro
2453 3580 2687 3637 seculari
2726 3580 2949 3651 ingenio
2985 3582 3254 3650 arripere.
3294 3583 3361 3638 Et
3396 3581 3524 3637 ideo
3543 3580 3608 3612 ’⁸³
3648 3597 3725 3639 ex
3762 3582 3823 3614 ³⁸⁸
3857 3589 3929 3637 tua

2311 3670 2504 3742 gratia,
2546 3682 2657 3725 non
2704 3684 2772 3725 ex
2808 3670 2946 3725 meis
2982 3670 3245 3739 operibus
3310 3671 3497 3737 credo,
3554 3672 3714 3740 quod
3755 3671 3929 3743 placuit

2312 3760 2415 3816 tibi
2444 3764 2499 3815 et
2535 3760 2735 3829 placet,
2766 3765 2826 3815 ut
2864 3759 3101 3830 populus
3137 3759 3472 3815 christianus
3498 3761 3599 3817 tibi
3637 3761 3934 3832 specialiter

2312 3850 2658 3915 commissus,
2708 3848 2874 3905 michi
2925 3848 3149 3904 obediat
3193 3849 3509 3918 specialiter
3560 3864 3666 3919 pro
3720 3852 3834 3908 vice
3860 3856 3933 3903 tua

2314 3938 2479 3995 michi
2510 3938 2822 4002 commissa,
2854 3943 2912 3993 et
2956 3937 3122 3993 michi
3170 3944 3263 3994 tua
3306 3939 3482 4009 gratia
3530 3946 3615 3995 est
3646 3946 3933 4010 potestasa

2314 4029 2425 4083 Deo
2455 4026 2582 4082 data
2637 4025 2842 4095 ligandi
2889 4033 2947 4081 et
2991 4025 3238 4082 solvendi
3285 4027 3342 4081 in
3390 4028 3532 4103 etelo
3580 4034 3637 4084 et
3687 4031 3749 4085 in
3792 4038 3931 4085 terra.

2315 4117 2426 4170 llac
2457 4115 2642 4184 itaque
2690 4113 2889 4170 ﬁducia
2934 4113 3129 4181 fretus,
3162 4129 3261 4185 pro
3311 4115 3563 4172 ecclesia
3602 4123 3720 4174 tuae
3751 4118 3934 4174 honore

2315 4210 2372 4259 et
2403 4202 2748 4270 defensione,
2797 4217 2866 4259 ex
2902 4209 3058 4273 parte
3105 4205 3502 4273 omnipotentis
3547 4207 3648 4261 Dei
3704 4208 3871 4278 patris
3893 4211 3937 4258 et

594 4283 941 4339 annumerari
987 4284 1134 4339 inter
1184 4296 1315 4339 oves
1371 4298 1507 4354 quas
1562 4284 1812 4342 Christus
1858 4287 2020 4344 beato
2069 4291 2290 4362 Petro__
2318 4291 2442 4348 Filii
2473 4298 2529 4347 et
2571 4292 2808 4361 Spiritus
2852 4293 3049 4360 sancti,
3082 4306 3182 4362 per
3227 4299 3372 4348 tuam
3403 4299 3737 4362 potestatem
3785 4302 3839 4350 et
3863 4307 3940 4348 au-

596 4372 887 4438 commisit,
955 4371 1187 4428 salutem
1243 4376 1299 4428 et
1353 4374 1710 4442 apostolicam
1765 4354 2628 4436 benedictionem.Dctoritatem
2684 4380 2943 4436 Heinrico
2992 4354 3108 4451 regi
3155 4380 3267 4437 tilio
3299 4354 3540 4437 lleinrici
3589 4383 3942 4453 imperatoris,

599 4460 861 4526 Audistis,
892 4458 1109 4527 fratres,
1159 4474 1353 4517 novam
1403 4467 1458 4519 et
1505 4462 1801 4520 inauditam
1856 4468 2235 4537 praesumptio-
2318 4470 2412 4538 qui
2442 4476 2637 4526 contra
2680 4476 2826 4527 tuam
2856 4470 3147 4527 ecclesiam
3194 4471 3439 4528 inaudita
3487 4474 3751 4543 superbia
3789 4475 3946 4530 insur-

601 4563 745 4617 nem,
787 4548 1019 4604 audistis
1074 4548 1509 4605 scismaticorum
1564 4551 1885 4609 sceleratam
1932 4563 1987 4611 et
2035 4569 2234 4613 nomen
2320 4558 2480 4624 rexit,
2516 4559 2688 4614 totius
2716 4559 2871 4630 regni
2898 4559 3362 4616 Theutonicorum
3400 4566 3457 4616 et
3483 4561 3659 4618 Italia:
3688 4563 3950 4634 guberna-

600 4639 816 4697 Domini
845 4639 901 4694 in
924 4638 1085 4695 beato
1118 4639 1280 4694 Petro
1320 4638 1813 4709 blasphemantium
1860 4645 2233 4714 garrulitatem
2321 4647 2514 4702 nacula
2562 4646 2904 4714 contradico,
2954 4654 3011 4702 et
3057 4660 3249 4704 omnes
3276 4648 3618 4706 Christianos
3666 4666 3700 4706 a
3748 4647 3948 4707 vinculo

603 4735 659 4784 et
685 4727 998 4793 audaciam;
1039 4726 1271 4783 audistis
1297 4728 1609 4797 superbiam
1648 4731 1716 4786 ad
1751 4731 2011 4800 injuriam
2031 4739 2240 4790 etcon-
2315 4736 2632 4806 juramenti,
2665 4735 2813 4805 quod
2860 4735 2966 4793 sibi
3009 4734 3259 4792 fecerunt
3310 4738 3393 4793 vel
3442 4737 3669 4803 facient,
3715 4739 3951 4799 absolvo.

1942 4850 2165 4910 VARIA'J
2232 4854 2616 4913 LECTIONES.

671 4972 1168 5051 "'“episcopalium
1203 4973 1455 5051 docendi
1507 4975 1560 5051 _2.
1603 4966 1708 5051 _"3_
1738 4976 1880 5032 deest
1915 4977 1986 5051 l.“
2039 4977 2103 5009 ’“
2158 4981 2199 5035 Ι.
2253 4995 2473 5051 quoque
2532 4981 2584 5037 2.
2662 4980 2725 5012 ³⁸⁸
2763 4981 2950 5038 sedem
3006 4982 3060 5036 2.
3139 4982 3202 5013 ³⁸⁸
3262 4984 3532 5039 violencia
3578 4986 3625 5038 1.
3703 4986 3771 5015 ³⁶⁷
3828 4984 3957 5038 ἆξαι

599 5045 654 5127 ἓ.
718 5041 909 5127 ᾗ⁶⁸Νλ
955 5041 1012 5127 'l.
1088 5041 1369 5127 f°'__Editi_o
1398 5045 1613 5100 Freherz’
1653 5046 2009 5127 al_lera_addit
2045 5065 2114 5127 ea:
2158 5041 2443 5127 ιξήἱηᾳηᾷιὶ
2487 5052 2683 5127 Chron.
2732 5052 3122 5127 Spirensiun
3144 5054 3267 5127 jam
3300 5070 3470 5127 supra
3520 5070 3640 5127 cap.
3689 5056 3782 5110 65.
3835 5055 3963 5122 lege-

602 5115 802 5198 bantur
828 5134 843 5167 :
877 5113 1230 5198 Subscriptio
1252 5116 1638 5198 episcoporum
1669 5117 2032 5198 singulorum.
2053 5122 2166 5191 Ego
2195 5124 2259 5177 N.
2294 5124 2529 5198 civitatis
2556 5125 2620 5177 Ν.
2655 5113 2950 5198 episcopus
2979 5113 3336 5198 ll'ildebraudi
3367 5113 3724 5198 secutionem
3757 5135 3816 5198 et
3846 5113 3965 5198 obe-

600 5185 868 5240 dientiam
898 5198 966 5239 ex
995 5183 1097 5239 hac
1130 5184 1265 5239 hora
1297 5193 1352 5239 et
1372 5183 1636 5255 deinceps
1682 5183 1955 5244 interdico
1987 5197 2041 5244 et
2089 5183 2212 5246 Eum
2243 5194 2472 5261 posthac
2526 5183 2890 5262 apostolicum
2928 5207 3029 5249 nec
3059 5194 3276 5250 habebo
3309 5208 3409 5251 nec
3438 5197 3667 5253 vocabo.
3748 5194 3819 5228 ’⁷⁸
3851 5196 3963 5297 ipso

605 5256 625 5297 1
731 5255 790 5287 1⁷1
832 5260 1000 5297 ιιιηιιρ
1031 5254 1081 5297 2
1161 5254 1225 5285 ³⁷³
1270 5257 1331 5297 Ni
1383 5256 1398 5297 1
1506 5257 1570 5288 178
1601 5258 1677 5297 ita
1732 5261 1909 5297 ρρηρρι
1972 5273 2131 5297 nilum
2181 5262 2195 5297 ι
2304 5263 2368 5295 m
2406 5263 2628 5297 olinnnﬂ
2691 5266 2727 5297 ῃ
2797 5264 2861 5297 m
2900 5265 3042 5297 3...:
3089 5267 3124 5297 ῃ
3220 5264 3285 5297 ne
3323 5264 3355 5297 Α
3424 5267 3529 5297 AM
3588 5280 3620 5297 ,ι
3712 5268 3751 5297 n
3945 5274 3959 5297 ι

605 5256 654 5311 l.
731 5255 790 5287 '“
832 5254 1084 5332 atque}.
1161 5254 1225 5285 ’⁷⁸
1269 5257 1334 5332 N_.
1383 5254 1678 5332 l.__f"_’i_ta
1709 5261 2134 5332 ΔΙίίιιξρεεζιιιιιειιι
2180 5254 2259 5315 1.’
2304 5263 2368 5295 ²⁷¹ι
2404 5254 2629 5332 aliquod
2682 5266 2746 5319 ll.
2797 5264 2861 5297 ³⁷⁸
2899 5265 3043 5320 deest
3080 5267 3144 5320 Η.
3220 5264 3285 5298 ⁸⁷⁸
3322 5264 3378 5322 d.
3423 5267 3529 5322 deo
3588 5280 3643 5323 n.
3701 5268 3771 5322 Β.
3851 5254 3911 5297 "'
3945 5274 3963 5318 ι

604 5340 726 5409 esse
756 5327 933 5409 cr.‘R.
975 5325 1056 5409 "‘_
1078 5332 1264 5395 patere
1436 5326 1499 5357 ²⁷⁹
1555 5325 1827 5409 injuria]?
1890 5325 2058 5409 :B‘l'p.
2118 5346 2149 5386 a
2196 5333 2432 5409 christo
2464 5325 2617 5409 land.
2662 5336 2724 5409 _R.
2802 5334 2863 5367 ²⁸¹
2907 5335 3192 5409 privilegio
3236 5336 3283 5391 l.
3360 5336 3451 5409 "7
3478 5339 3541 5393 Il.
3610 5335 3739 5409 add.
3778 5356 3797 5391 :
3826 5339 3963 5409 Qua-

606 5397 734 5477 liter
762 5403 945 5477 autem
970 5403 1195 5477 aut-pro
1225 5397 1637 5477 quibus_causis
1666 5401 1857 5454 beatus
1886 5397 2081 5477 Petrus
2103 5403 2466 5477 anathematis
2494 5405 2712 5477 vinculo
2753 5397 2935 5476 regem
2964 5397 3288 5477 alligaverit,
3323 5408 3379 5463 in
3409 5408 3656 5464 chartula
3684 5422 3818 5477 qua!
3836 5397 3964 5477 ~huic

609 5469 821 5550 inclusa
853 5474 990 5550 est,
1032 5467 1203 5550 plene.
1250 5469 1483 5550 potestis
1522 5483 1880 5550 cognoscere:
1930 5470 2150 5542 Reliqua
2195 5472 2404 5529 desunt.
2446 5476 2713 5545 Deposuit)
2762 5467 2854 5532 illi:
2912 5479 3024 5545 III,
3061 5467 3118 5532 ’5.
3179 5467 3346 5536 mihi.
3461 5478 3524 5510 ’³⁸
3562 5467 3886 5549 quies-ulnas
3920 5476 3966 5527 ἓ.

610 5539 674 5571 ³⁸⁸
712 5538 925 5596 Domini
955 5537 1009 5592 2.
1087 5536 1150 5567 ’⁸³
1188 5536 1379 5593 ἱῐιάθο
1418 5537 1471 5593 2.
1550 5536 1617 5571 ⁸⁸⁸
1651 5540 1814 5595 deest.
1863 5539 1909 5595 l.
