4044 6180
191 301 292 356 533

1519 304 1605 357 11E
1642 303 1855 358 BELLO
1892 304 2235 359 SAXONICO.

3446 314 3554 367 534

191 434 243 482 et
274 432 336 480 ut
366 425 555 482 nullus
601 427 653 481 ei
682 426 827 481 sicut
865 426 981 497 regi
1028 426 1229 481 serviat
1276 425 1570 485 interdico.
1602 428 1833 496 Dignum
1854 428 1986 486 Ade
2013 441 2173 484 manu
2204 435 2392 485 nostra
2438 429 2669 485 animam
2711 431 2860 485 illius
2889 432 3301 501 requisiturum,
3345 444 3551 505 quanto

191 515 474 581 cstenim,
528 520 589 571 ut
643 516 737 585 qui
775 515 962 571 studet
999 514 1062 545 ’⁸⁷
1114 516 1379 571 honorem
1433 515 1684 571 ecclesiae
1727 522 1834 570 tuae

190 604 443 659 minuere
499 602 584 669 ³⁸⁸,
653 605 771 673 ipse
837 604 1105 659 honorem
1143 605 1358 659 amittat
1413 618 1573 673 quem
1623 604 1838 659 videtur

191 692 420 748 habere.
446 693 512 747 Et
550 692 678 762 quia
697 693 842 748 sicut
861 692 1195 748 christianus
1224 693 1556 761 contempsit
1585 692 1834 758 obedire,

192 794 293 836 nec
324 781 394 835 ad
426 782 597 836 Deum
666 781 832 837 rediit
878 796 1038 851 quem
1073 781 1300 847 dimisit,
1324 781 1706 851 participando
1737 796 1835 835 ex-

192 871 636 936 communicatis,
669 877 723 925 et
771 870 969 927 multas
998 871 1317 940 iniquitates
1372 869 1644 936 faciendo,
1688 883 1837 925 mea-

192 972 300 1029 que
339 959 575 1026 monita,
608 974 732 1030 quae
777 974 878 1030 pro
935 974 1032 1015 sua
1079 959 1254 1015 salute
1293 960 1398 1015 sibi
1430 960 1573 1026 misi,
1607 966 1658 1014 te
1700 965 1838 1014 teste

192 1048 537 1118 spernendo,
585 1063 754 1118 seque
811 1050 880 1104 ab
929 1049 1162 1105 ecclesia
1200 1055 1313 1115 tua,
1384 1054 1656 1117 temptans
1721 1062 1839 1103 eam

193 1138 478 1203 scindere,
525 1138 852 1208 separando,
907 1137 1126 1193 vinculo
1164 1152 1286 1193 eum
1325 1138 1687 1193 anathematis
1722 1139 1840 1192 vice

194 1235 285 1282 tua
325 1226 519 1296 alligo,
543 1232 598 1281 et
638 1226 719 1280 sic
759 1240 881 1282 eum
903 1241 969 1281 ex
1000 1226 1197 1281 ﬁducia
1228 1232 1319 1280 tua
1357 1225 1544 1296 alligo,
1578 1232 1636 1280 ut
1666 1227 1842 1281 sciant

193 1322 394 1385 gentes
424 1322 481 1370 et
510 1315 892 1384 comprobent,
954 1315 1083 1384 quia
1130 1320 1186 1370 tu
1240 1329 1300 1369 es
1339 1316 1550 1381 Petrus,
1585 1323 1639 1369 et
1677 1328 1843 1384 super

197 1412 344 1459 tuam
397 1402 462 1435 ⁸⁸⁸
516 1410 725 1473 petram
764 1404 908 1458 filius
947 1404 1041 1458 Dei
1081 1404 1183 1458 vivi
1237 1402 1525 1458 aedificavit
1555 1404 1841 1460 ecclesiam

194 1506 375 1558 suam,
408 1500 465 1547 et
523 1500 697 1562 portae
735 1490 896 1548 inferi
963 1504 1074 1548 non
1145 1491 1519 1561 praevalebunt
1582 1492 1844 1548 adversus

197 1596 337 1637 eam.
387 1601 415 1632 ››

266 1669 361 1723 7i.
408 1669 615 1724 Deinde
646 1660 768 1724 uon‘
804 1669 970 1739 longo
1000 1673 1248 1738 tempore
1279 1674 1576 1733 transacto,
1611 1668 1845 1725 domnus

1917 515 1980 545 ³⁰³
2011 517 2173 572 nobis
2228 518 2296 572 ad
2335 518 2729 588 increpandum
2760 519 2912 575 illum
2954 535 3067 590 prae
3099 523 3300 577 ceteris
3330 524 3555 581 libertas

1920 605 2044 660 data
2109 605 2301 661 fuisset
2357 614 2412 662 et
2476 610 2794 674 auctoritas,
2854 609 3025 665 multo
3083 611 3378 667 sollicitius
3433 626 3557 670 eum

1919 694 2097 750 modis
2135 695 2409 761 omnibus,
2451 697 2752 766 arguendo,
2797 698 3160 766 obsecrando,
3194 701 3556 770 increpando,

1920 781 1987 835 ad
2042 782 2476 839 emendationem
2518 785 2641 840 vitae
2698 800 2811 841 suae
2872 786 3073 841 hortati
3122 802 3327 843 sumus.
3361 791 3463 856 Qui
3495 790 3558 821 ³⁰³

1920 884 2044 925 cum
2100 885 2247 940 saepe
2306 872 2468 928 nobis
2535 874 2760 929 devotas
2815 874 3172 931 salutationes
3238 885 3292 932 et
3348 879 3559 934 litteras

1922 958 2164 1013 mitteret
2219 973 2486 1016 excusans
2530 976 2610 1027 se,
2662 977 2782 1017 cum
2831 962 2894 993 ³⁰³
2943 979 3009 1019 ex
3038 972 3197 1020 aetate
3239 967 3387 1035 quod
3418 968 3561 1023 ﬂuxa

1923 1050 2068 1100 esset
2125 1052 2181 1101 et
2234 1046 2463 1117 fragilis,
2524 1055 2637 1103 tum
2694 1051 2841 1119 quod
2893 1052 2961 1106 ab
3009 1052 3073 1083 ³⁰⁶
3102 1053 3209 1119 his,
3241 1055 3297 1109 in
3326 1070 3559 1124 quorum

1923 1135 2176 1190 manibus
2230 1137 2382 1191 curia
2430 1144 2567 1205 erat,
2629 1138 2944 1195 multotiens
3001 1142 3106 1196 sibi
3156 1143 3294 1198 male
3341 1159 3561 1200 suasum

1923 1229 2087 1293 atque
2118 1224 2427 1280 consultum
2482 1226 2574 1288 sit,
2615 1229 2822 1282 monita
2871 1236 3058 1285 nostra
3097 1231 3163 1285 de
3203 1232 3294 1286 die
3326 1232 3380 1286 in
3413 1233 3558 1288 diem

1924 1327 1981 1368 se
2014 1314 2419 1382 promptissime
2476 1322 2856 1384 suscepturum
2896 1319 3079 1373 verbis
3107 1320 3328 1389 quidem
3360 1323 3564 1391 promi--

1923 1401 2016 1467 sit,
2066 1408 2307 1458 ceterum
2341 1418 2399 1458 re
2439 1409 2495 1458 et
2523 1402 2585 1434 ³⁰⁷
2615 1408 3034 1476 exaggeratione
3082 1408 3365 1478 culparum
3413 1412 3566 1479 peni-

1924 1496 2012 1545 tus
2042 1491 2402 1546 concuicavit.
2455 1494 2604 1547 Inter
2631 1493 2751 1548 haec
2781 1495 3046 1562 quosdam
3086 1495 3380 1553 familiares
3407 1513 3560 1566 suos,

1926 1592 2159 1648 quorum
2213 1580 2462 1635 consiliis
2504 1588 2559 1635 et
2588 1582 3086 1639 machinationibus
3116 1586 3469 1655 episcopatus
3508 1595 3562 1643 et

1926 1667 2093 1723 multa
2150 1670 2500 1736 monasteria,
2568 1670 2827 1726 inductus
2871 1672 2934 1702 ³³⁸
2978 1688 3077 1742 per
3132 1676 3387 1742 pretium,
3421 1676 3567 1745 lupis

197 1757 562 1828 apostolicus,
623 1771 691 1813 ne
758 1771 942 1828 regem
999 1759 1171 1828 magis
1234 1758 1450 1827 injuria:
1507 1772 1621 1813 suae
1650 1753 1909 1814 doloreB
1926 1769 2025 1826 pro
2082 1758 2396 1825 pastoribus
2469 1758 2767 1815 simoniaca
2856 1760 3036 1815 heresi
3114 1760 3431 1829 foedaverat,
3499 1764 3567 1819 ad

196 1860 361 1916 quam
422 1846 539 1902 zelo
579 1847 811 1915 justitize
869 1847 1368 1905 excommunicasse
1411 1852 1715 1916 putaretur,
1748 1847 1847 1903 has

198 1935 417 1991 litteras
471 1935 541 1991 ad
579 1936 836 2006 regiones
871 1935 1239 1991 'l‘heutonicas
1295 1935 1463 2001 misit,
1522 1935 1723 2004 quibus
1786 1950 1844 1991 se

195 2026 343 2093 juste
373 2038 502 2081 eum
531 2024 1034 2080 excommunicasse
1064 2028 1298 2080 testatur
1331 2023 1477 2094 (38).

266 2114 361 2187 Z2.
399 2131 429 2164 «
466 2112 762 2182 Gregorius
814 2113 1128 2182 episcopus,
1162 2126 1353 2167 servus
1401 2126 1685 2168 servorum
1721 2113 1839 2179 Dei,

202 2190 463 2257 omnibus
491 2201 788 2271 episcopis,
821 2201 1056 2256 ducibus
1087 2208 1143 2256 et
1170 2200 1234 2231 ’°°
1263 2201 1575 2267 comitibus,
1609 2203 1843 2257 ceteris-

202 2304 309 2361 que
370 2289 630 2345 ﬁdelibus
666 2290 723 2345 in
783 2303 954 2360 regno
1003 2289 1466 2345 Theutonicorum
1495 2289 1555 2320 ²⁹¹
1586 2290 1843 2345 christia-

203 2394 324 2435 nam
359 2379 526 2434 ﬁdem
560 2377 1004 2445 defendentibus,
1036 2378 1265 2433 salutem
1302 2384 1358 2433 et
1386 2378 1743 2447 apostolicam
1782 2378 1844 2409 ’9’

204 2468 671 2524 benedictionem.
737 2467 1074 2532 Audivimus,
1138 2466 1402 2535 quosdam
1462 2468 1607 2521 inter
1642 2480 1740 2522 vos
1777 2468 1845 2522 de

202 2556 794 2623 excommunicatione,
852 2570 1014 2625 quam
1072 2555 1129 2610 in
1169 2569 1350 2623 regem
1390 2554 1638 2621 iecimus,
1678 2555 1846 2609 dubi-

200 2655 342 2712 tare,
373 2659 442 2701 ac
491 2658 742 2714 quaerere
793 2650 976 2700 utrum
1026 2645 1173 2712 juste
1211 2642 1713 2697 excommunicatus
1750 2644 1843 2711 sit,

204 2743 258 2792 et
285 2738 333 2791 si
373 2741 567 2792 nostra
596 2735 869 2791 sententia
906 2749 973 2790 ex
1012 2732 1338 2789 auctoritate
1376 2732 1567 2801 legalis
1596 2746 1846 2788 061181le

204 2838 264 2880 ea
294 2840 405 2895 qua
459 2824 651 2880 debuit
696 2823 1096 2879 deliberatione
1126 2834 1416 2891 progressa
1447 2826 1550 2876 est.
1592 2822 1843 2890 Quapro-

205 2920 346 2984 pter,
389 2913 633 2983 qualiter
677 2912 746 2967 ad
794 2908 1371 2967 excommunicandum
1420 2909 1573 2964 illum
1621 2909 1847 2965 adductl

203 3002 375 3058 simus
406 3000 493 3069 ³⁵³,
554 3007 717 3071 prout
753 3001 936 3055 verius
964 2998 1263 3068 potuimus,
1315 3005 1454 3053 teste
1504 2999 1845 3054 conscientia

1929 1846 2305 1914 pmnitentiam
2365 1849 2675 1903 vocavimus
2727 1869 2740 1904 :
2782 1855 3054 1918 quatenus
3095 1857 3149 1904 et
3180 1851 3323 1906 bona
3384 1852 3571 1907 eccle—

1927 1934 2151 2001 siarum,
2193 1949 2317 2004 quae
2374 1950 2473 2004 per
2530 1937 2897 1993 interventum
2958 1946 3063 1993 tam
3131 1940 3387 1995 scelerati
3425 1954 3571 1996 como

1927 2023 2118 2078 mercii
2163 2023 2429 2093 sacrilega
2495 2038 2659 2079 manu
2717 2034 3094 2093 susceperant,
3163 2029 3571 2084 venerabilibus

1927 2111 2066 2167 locis
2102 2111 2169 2166 ad
2209 2127 2331 2181 quae
2391 2113 2751 2181 pertinerent,
2808 2114 2937 2169 dum
2992 2115 3173 2171 adhuc
3230 2118 3386 2173 locus
3423 2124 3571 2174 esset

1927 2200 2275 2265 emendandi,
2366 2201 2682 2269 redderent,
2769 2210 2823 2257 et
2897 2204 3004 2272 ipsi
3078 2220 3178 2274 pro
3256 2212 3568 2275 perpetrata

1926 2289 2215 2357 iniquitate
2281 2303 2380 2358 per
2434 2289 2669 2345 lamenta
2728 2290 3088 2359 paenitudinis
3142 2295 3257 2348 Deo
3286 2294 3568 2349 satisface-

1928 2383 2071 2432 rent.
2131 2378 2278 2444 Quos
2335 2377 2463 2433 dum
2523 2378 2591 2432 ad
2623 2379 2743 2434 haec
2772 2381 3093 2448 exequenda
3126 2382 3281 2436 datas
3319 2382 3570 2438 inducias

1927 2480 2191 2535 spernere
2229 2473 2284 2520 et
2332 2467 2387 2520 in
2418 2474 2683 2522 consueta
2730 2468 2976 2538 nequitia
3024 2471 3386 2538 pertinaciter
3422 2476 3569 2525 stare

1929 2555 2305 2625 cognovimus,
2365 2556 2509 2611 sicut
2563 2557 2787 2626 dignum
2845 2565 2982 2625 erat,
3023 2559 3323 2628 sacrilegos
3375 2567 3430 2613 et
3468 2559 3570 2615 mi-

1929 2645 2133 2699 nistros
2171 2658 2235 2699 ac
2266 2645 2507 2699 membra
2536 2645 2741 2701 diaboli
2771 2661 2802 2700 a
2841 2648 3224 2703 communione
3252 2658 3305 2702 at
3332 2662 3567 2717 corpore

1927 2734 2099 2789 totius
2127 2732 2377 2788 ecclesiae
2405 2735 2794 2803 separavimus,
2817 2742 2872 2790 et
2901 2750 3106 2805 regem,
3131 2742 3191 2791 ut
3220 2750 3317 2791 eos
3345 2751 3375 2791 a
3401 2736 3567 2791 domo

1926 2835 2044 2888 sua,
2077 2834 2108 2875 a
2139 2821 2387 2876 consiliis
2432 2828 2487 2875 et
2518 2823 2666 2877 omni
2724 2824 3107 2879 communione
3146 2838 3245 2879 sua
3291 2825 3436 2880 sicut
3472 2837 3566 2878 ex-

1928 2910 2360 2966 communicatos
2424 2910 2744 2979 expelleret,
2833 2912 3250 2967 ammonuimus.
3339 2913 3562 2969 Interim

1926 3012 2055 3055 vero
2104 3004 2526 3068 aggravescente
2591 3005 2783 3054 contra
2839 3014 3022 3070 regem
3079 3003 3349 3056 Saxonum
3379 3015 3567 3066 causa,

206 3098 417 3158 nostra,
486 3090 665 3145 oculis
718 3095 773 3145 et
810 3088 1183 3144 intellectibus
1238 3088 1479 3143 omnium
1538 3077 2055 3156 patefacereCcum
2083 3088 2228 3143 vires
2276 3094 2330 3142 et
2378 3088 2633 3157 praesidia
2681 3090 2836 3159 regni
2894 3104 2960 3143 ex
2989 3091 3219 3145 maxima
3250 3097 3402 3158 parte
3442 3105 3473 3143 a
3511 3104 3571 3144 se

208 3180 540 3246 curavimus,
580 3192 691 3234 non
748 3183 855 3233 tam
913 3182 972 3233 ut
1037 3177 1281 3247 singulas
1336 3191 1548 3242 causas,
1580 3190 1704 3246 quae
1742 3177 1850 3231 heu

209 3269 438 3323 nimium
496 3272 642 3322 nota:
697 3270 845 3333 sunt,
877 3266 1033 3335 quasi
1072 3264 1137 3297 ³⁸*
1166 3270 1357 3320 nostro
1387 3264 1628 3320 clamore
1658 3265 1712 3318 in
1744 3279 1850 3333 pu-

209 3359 414 3414 blicum
462 3356 841 3426 projiciamus,
898 3369 1059 3424 quam
1090 3362 1151 3410 ut
1188 3367 1378 3410 eorum
1408 3355 1658 3424 opinioni
1688 3354 1854 3408 satis-

209 3447 495 3511 faciamus,
555 3445 649 3514 qui
690 3450 904 3513 putant,
946 3457 1048 3500 nos
1097 3443 1437 3513 spiritualem
1489 3442 1729 3512 gladium
1768 3449 1856 3496 te-

212 3550 363 3592 mere
407 3542 468 3591 et
491 3534 663 3604 magis
692 3540 843 3589 motu
876 3534 1042 3588 animi
1081 3534 1255 3589 nostri
1293 3545 1455 3601 quam
1485 3532 1671 3587 divino
1708 3536 1855 3585 metu

216 3631 271 3681 et
302 3625 539 3694 iustitia:
568 3622 684 3678 zelo
707 3623 1025 3691 arripuisse.
1068 3624 1200 3677 Cum
1229 3621 1410 3676 adhuc
1438 3621 1496 3675 in
1535 3621 1858 3675 diaconatus

217 3713 401 3771 ofﬁcio
440 3712 610 3782 positi
656 3724 918 3776 essemus,
963 3710 1169 3780 perlata
1211 3710 1278 3764 ad
1309 3723 1413 3765 nos
1442 3709 1511 3764 de
1550 3708 1860 3763 actionibus

218 3803 364 3873 regis
390 3802 619 3857 sinistra
649 3799 711 3831 ""
740 3806 797 3855 et
835 3800 1064 3855 multum
1094 3798 1382 3854 inhonesta
1430 3796 1590 3864 fama,
1633 3802 1861 3866 propter

217 3891 559 3962 imperialem
598 3889 917 3960 dignitatem
957 3894 1012 3943 et
1050 3887 1409 3943 reverentiam
1441 3887 1613 3956 patris
1649 3899 1712 3940 ac
1741 3899 1859 3940 ma-

218 3986 317 4038 tris
355 3985 498 4052 ejus,
562 3993 779 4036 necnon
836 3985 1065 4049 propter
1121 3976 1185 4008 ’³⁸
1231 3992 1383 4047 spem
1431 3991 1495 4032 ac
1526 3976 1859 4031 desiderium

217 4072 588 4128 correctionis
637 4083 752 4125 suae
807 4082 957 4137 saepe
1008 4080 1129 4123 eum
1176 4080 1274 4136 per
1311 4066 1525 4121 litteras
1555 4072 1609 4120 et
1637 4066 1863 4121 nuntios

218 4161 626 4223 admonuimus,
659 4166 720 4213 ut
764 4171 796 4212 a
843 4156 1108 4227 pravitate
1137 4169 1236 4211 sua
1272 4153 1334 4186 "7
1373 4155 1685 4221 desisteret,
1718 4158 1773 4209 et
1802 4152 1864 4184 ²⁹⁸

223 4263 433 4306 memor
471 4247 763 4303 clarissimi
810 4246 1030 4315 generis
1085 4258 1149 4300 ac
1205 4243 1488 4315 dignitatis
1524 4257 1659 4309 suae,
1700 4244 1863 4297 vitam

1934 3177 2170 3236 deiicere
2229 3176 2367 3230 velle
2422 3176 2655 3244 videret,
2704 3176 2903 3231 iterum
2933 3178 3094 3232 nobis
3131 3178 3333 3232 direxit
3361 3178 3577 3247 episto-

1936 3266 2038 3321 lam
2101 3264 2406 3333 supplicem
2465 3272 2520 3318 et
2575 3265 2724 3320 omni
2756 3265 3064 3320 humilitate
3095 3266 3332 3334 plenam,
3376 3268 3430 3320 in
3468 3282 3575 3335 qua

1937 3354 2300 3422 omnipotenti
2356 3355 2467 3408 Deo
2524 3360 2581 3408 et
2638 3354 2799 3409 beato
2838 3355 3003 3408 Petro
3053 3368 3117 3409 ac
3147 3354 3308 3409 nobis
3333 3354 3489 3408 valde
3518 3368 3578 3409 se

1938 3443 2265 3512 culpabilem
2296 3442 2535 3497 reddens
2564 3442 2628 3473 ³⁰⁹
2654 3458 2847 3511 preces
2876 3444 3038 3497 etiam
3069 3442 3290 3508 obtulit,
3332 3448 3392 3497 ut
3428 3443 3577 3510 quod

1938 3534 2001 3565 ³¹⁰
2030 3547 2096 3587 ex
2125 3547 2221 3587 sua
2260 3531 2420 3600 culpa
2457 3532 2513 3584 in
2553 3531 2943 3586 ecclesiasticis
2979 3532 3159 3585 causis
3197 3538 3388 3586 contra
3417 3545 3580 3586 eano-

1941 3622 2118 3676 nicam
2146 3620 2549 3674 institutionem
2579 3617 2640 3649 ³¹¹
2673 3624 2729 3673 et
2758 3619 2980 3673 decreta
3010 3624 3323 3674 sanctorum
3356 3621 3575 3675 Patrum

1940 3710 2141 3765 factum
2180 3696 2344 3772 esset,
2389 3713 2577 3761 nostra
2632 3706 2937 3775 apostolica
2994 3707 3337 3775 providentia
3387 3714 3439 3762 et
3482 3721 3579 3761 au-

1943 3799 2196 3854 ctoritate
2245 3796 2523 3865 corrigere
2574 3795 2961 3861 studeremus;
3022 3800 3187 3864 atque
3246 3796 3300 3850 in
3332 3809 3396 3851 ea
3425 3810 3578 3851 suam

1942 3888 2105 3943 nobis
2151 3900 2249 3956 per
2305 3886 2486 3940 omnia
2516 3884 2926 3949 oboedientiam,
2961 3897 3289 3939 consensum
3328 3892 3383 3939 et
3421 3885 3582 3940 fidele

1944 3978 2005 4008 ³¹²
2061 3975 2312 4046 promisit
2375 3974 2731 4044 adiutorium.
2777 3975 2889 4027 Hoc
2958 3973 3100 4027 idem
3134 3973 3300 4028 etiam
3332 3980 3523 4043 postea
3552 3989 3581 4029 a

1945 4063 2315 4121 confratribus
2367 4062 2430 4093 ³¹⁸
2481 4068 2536 4116 et
2564 4061 2758 4132 legatis
2812 4062 3039 4126 nostris,
3102 4062 3402 4117 Humberto
3440 4060 3586 4117 Prae-

1947 4154 2164 4209 nestino
2202 4153 2485 4222 episcopo,
2519 4156 2573 4205 et
2596 4149 2828 4205 Geraldo
2858 4151 3095 4205 Ostiensi
3128 4151 3413 4219 episcopo,
3448 4164 3588 4220 quos

1947 4243 2015 4298 ad
2072 4242 2224 4297 illum
2292 4241 2556 4306 misimus,
2615 4239 2683 4293 ad
2743 4239 3118 4308 pmuitentiam
3186 4245 3496 4308 susceptus,
3530 4240 3586 4294 in

222 4338 284 4370 ’”
312 4338 586 4401 moribus,
627 4336 827 4404 quibus
883 4347 1066 4404 regem
1105 4336 1161 4389 et
1211 4330 1451 4388 futurum
1484 4333 1593 4387 Deo
1624 4331 1912 4404 donante‘
1950 4331 2169 4386 illorum
2221 4342 2415 4384 manus
2461 4342 2560 4397 per
2624 4332 2866 4381 sacratas
2921 4326 3092 4381 stolas
3143 4341 3280 4394 quas
3326 4327 3382 4380 in
3441 4327 3585 4381 collo

224 4429 446 4483 deceret
520 4424 585 4456 ³⁸⁸
644 4402 1073 4493 imperatorem,
1157 4420 1487 4476 institueret.
1570 4402 2229 4489 Postquathenebant,
2289 4415 2722 4486 repromittendo
2779 4413 3136 4469 confirmavit.
3200 4412 3405 4467 Deinde
3463 4420 3588 4481 post

224 4529 352 4571 vero
398 4515 459 4547 ³⁰¹
520 4514 592 4569 ad
650 4512 1001 4583 pontificatus
1056 4510 1269 4580 apicem
1316 4510 1446 4565 licet
1476 4509 1687 4580 indigni
1718 4511 1867 4564 veni-
1946 4508 2169 4576 aliquod
2200 4512 2415 4574 tempus
2454 4505 2510 4536 ³³⁵
2538 4504 2828 4559 commisso
2868 4514 2991 4559 cum
3034 4502 3338 4556 Saxonibus
3370 4502 3586 4570 prmlio,

227 4620 365 4670 mus,
398 4617 525 4659 cum
576 4602 723 4657 illius
770 4608 901 4656 artas
941 4601 1147 4669 pariter
1185 4606 1462 4654 cresceret
1490 4604 1545 4653 et
1581 4597 1863 4667 iniquitas,
1949 4611 2045 4651 rex
2075 4608 2176 4665 pro
2223 4593 2453 4649 victoria
2501 4606 2661 4665 quam
2710 4592 2942 4661 adeptus
2971 4596 3057 4644 est
3089 4590 3225 4644 tales
3262 4592 3374 4643 Deo
3406 4596 3589 4659 grates

225 4694 602 4763 intelligentes
640 4692 806 4745 Deum
836 4690 1267 4759 omnipotentem
1297 4693 1450 4743 tanto
1478 4686 1542 4719 ³⁰¹
1563 4686 1868 4742 districtius
1950 4692 2005 4741 et
2033 4685 2281 4740 victimas
2311 4682 2531 4748 obtulit,
2565 4688 2625 4737 ut
2662 4687 2785 4737 vota
2815 4695 2938 4750 quae
2979 4680 3048 4734 de
3079 4679 3462 4734 emendatione
3493 4693 3589 4735 sua

1580 4858 1803 4913 vanum
1860 4830 2240 4914 LECTIONES.

305 5010 363 5043 ’⁸⁷
420 5010 611 5069 studet
652 5010 701 5066 1.
778 5009 842 5040 ’⁸⁸
880 5007 1201 5065 imminuere
1239 5009 1343 5079 2.”
1370 5007 1433 5039 ’⁸³
1475 5008 1617 5063 hanc
1660 5008 1714 5063 2.
1791 5007 1854 5039 ²⁹⁰
1906 5008 2047 5064 deest
2089 5008 2141 5064 2.
2221 5008 2277 5038 99‘
2323 5007 2603 5079 teutonico
2648 5007 2695 5059 1.
2763 5004 2833 5079 fi”
2890 5005 3045 5079 deest
3074 5002 3143 5079 l._
3198 4999 3262 5079 ’33
3309 5012 3497 5079 sumus
3533 4998 3588 5077 2.

224 5082 298 5113 ”"
334 5099 390 5153 q.
437 5084 495 5138 in
553 5083 597 5137 1.
676 5081 740 5153 ξπ
772 5081 923 5153 des.
974 5094 1110 5153 r._a.
1160 5080 1204 5133 l.
1284 5078 1431 5153 "“i.
1475 5079 1555 5153 cl.”
1584 5082 1649 5153 et
1690 5094 1736 5135 r.
1790 5094 2067 5153 p._acAm.
2116 5094 2164 5134 e.
2209 5093 2262 5134 n.
2314 5093 2369 5153 ῃ.
2430 5093 2505 5153 p.‘
2536 5075 2717 5153 desunt
2749 5076 2808 5153 _1.
2843 5079 2889 5153 et
2924 5075 2981 5153 in
3009 5068 3589 5153 PaulgMBemriedensi

227 5154 298 5184 m
326 5140 467 5208 d'eest
496 5154 551 5208 2.
629 5152 693 5183 ’³⁸
731 5167 812 5207 ac.
854 5151 909 5206 2.
984 5150 1047 5182 ’99
1085 5167 1136 5205 v.
1168 5165 1319 5206 suam
1365 5149 1418 5204 2.
1496 5149 1559 5180 ⁸⁰⁰
1597 5140 1810 5206 diceret
1852 5151 1899 5205 1.
1978 5151 2036 5181 ³⁰¹
2086 5158 2263 5205 autem
2315 5149 2367 5203 2.
2430 5140 2508 5177 ’³⁰²
2547 5148 2707 5201 deest.
2749 5147 2794 5200 l.
2837 5151 2885 5200 et
2914 5144 3066 5199 Paul.
3145 5142 3207 5173 ³⁰³
3233 5149 3493 5211 quantum
3533 5140 3588 5192 2.

224 5225 467 5291 “Quod
498 5224 553 5279 2.
630 5224 695 5254 ³⁸³
721 5231 833 5278 tum
864 5222 919 5275 2.
994 5222 1058 5253 ³⁰⁶
1078 5236 1128 5276 a.
1162 5236 1218 5291 q.
1260 5222 1305 5276 l.
1382 5221 1444 5252 ³⁰⁷
1464 5226 1629 5291 atque
1651 5223 1705 5278 2.
1783 5220 1845 5252 ³⁰⁸
1865 5222 2106 5291 inductis
2126 5223 2185 5275 P.
2212 5223 2273 5276 Β.
2310 5290 2319 5291 ί
2353 5219 2415 5249 ³⁰⁹
2436 5217 2708 5291 videns
2778 5218 2842 5248 ³¹⁰
2872 5231 2995 5285 quae
3022 5216 3068 5269 1.
3148 5214 3205 5244 ³¹¹
3230 5214 3304 5267 ita
3336 5212 3548 5265 correxi
3573 5232 3588 5263 .-

218 5288 495 5365 justitiam
530 5294 579 5350 1.
614 5297 673 5349 P.
719 5297 781 5349 Β.
814 5294 955 5348 deest
993 5294 1045 5348 2.
1124 5288 1474 5361 2m"proiidele
1505 5288 1560 5361 q.
1601 5292 1646 5346 1.
1722 5293 1784 5323 ³¹³
1814 5294 1887 5347 ita
1917 5293 1970 5347 3.
2014 5290 2271 5346 fratribus
2308 5290 2352 5344 1.
2432 5288 2488 5319 ’”
2519 5288 2659 5343 deest
2696 5289 2741 5342 l.

1808 5438 2022 5495 NOT/E.

310 5538 430 5609 (38)
474 5542 536 5595 ν.
570 5536 721 5595 Pauli
760 5542 920 5596 Bern.
945 5541 1064 5597 Vita
1083 5542 1242 5611 Greg.
1278 5538 1389 5607 Vit,
1413 5550 1462 5594 c.
1482 5538 1573 5592 78.
