4014 6176
482 301 592 357 535

1531 297 1862 352 BRUNUNIS
1896 295 2158 351 CLERICI
2200 294 2790 349 MAGDEBUBGENSIS

3738 288 3842 342 536

479 425 689 481 fecerat
752 424 1018 481 continuo
1075 417 1370 492 frangeret,
1439 426 1493 474 et
1549 419 1715 473 nichil
1765 431 1951 474 eorum
1992 418 2310 487 quaaAcati
2346 425 2495 485 sunt,
2552 431 2611 473 se
2666 416 2945 471 abstinere
2992 413 3216 482 noluit;
3278 414 3478 470 deinde
3533 414 3684 483 quod
3744 426 3838 482 pro

481 514 815 584 promiserat
895 510 1209 576 attendens,
1283 507 1785 563 excommunicatos
1846 506 1903 560 in
1967 520 2119 560 suam

479 600 904 656 familiaritatem
954 606 1009 653 et
1056 597 1494 653 communionem
1528 595 1821 663 reciperet,
1863 600 1917 648 et
1947 594 2121 649 eccle-

477 690 589 745 sias
617 690 672 744 in
704 702 820 743 eam
852 700 1012 756 quam
1054 690 1411 741 consueverat
1442 682 1820 738 confusionem
1854 682 2118 737 traheret.

475 781 590 846 Qua
628 778 696 832 de
738 791 795 831 re
824 775 973 846 gravi
1013 774 1205 829 dolore
1230 773 1498 842 percussi,
1539 786 1864 841 quamquam
1895 771 1958 803 ³³⁸
1994 777 2121 841 post

479 869 794 934 contempta
832 862 1074 918 ctelestis
1119 861 1267 930 regis
1304 859 1571 915 beneﬁcia
1617 873 1757 929 pene
1788 860 1966 915 omnis
1993 872 2121 928 spes

481 951 843 1008 correctionis
881 952 1000 1019 ejus
1041 949 1202 1005 nobis
1239 948 1419 1003 ablata
1456 949 1547 1015 sit,
1589 948 1769 1004 adhuc
1798 955 1978 1003 tamen
2007 948 2122 1002 ani-

483 1055 627 1097 mum
684 1042 802 1109 ejus
883 1038 1258 1107 temptandum
1332 1036 1450 1093 fore
1514 1036 1875 1101 decrevimus,
1950 1036 2121 1106 magis

386 1180 391 1183 ν
484 1128 789 1198 cupientes,
839 1140 962 1181 eum
1005 1125 1362 1195 apostolicam
1416 1124 1889 1179 mansuetudinem
1927 1124 2118 1178 audire

481 1229 642 1285 quam
688 1214 925 1282 experiri
975 1214 1343 1269 severitatem.
1404 1214 1594 1281 Itaque
1628 1212 1875 1266 misimus
1911 1213 1963 1266 ei
2002 1212 2119 1281 epi-

479 1303 649 1359 stolas
672 1302 1142 1368 commonitorias,
1184 1310 1244 1356 nt
1282 1301 1592 1355 meminerit
1619 1300 1753 1369 quid
1783 1306 1838 1355 et
1876 1301 1964 1355 cui
1997 1314 2121 1370 pro-

479 1392 710 1459 miserit,
785 1406 854 1447 ne
916 1391 1106 1446 credat
1159 1404 1218 1445 se
1266 1404 1427 1460 posse
1487 1388 1675 1444 fallere
1731 1391 1921 1455 Deum,
1962 1390 2120 1458 cujus

475 1489 682 1552 quanto
732 1481 999 1551 prolixior
1055 1488 1139 1536 est
1187 1480 1468 1549 patientia,
1530 1486 1680 1534 tanto
1737 1480 1983 1535 severior
2011 1484 2115 1546 est,

474 1584 598 1626 cum
640 1569 891 1639 judicare
948 1570 1200 1638 coeperit,
1244 1569 1361 1634 ira;
1423 1582 1531 1623 neu
1588 1568 1884 1623 inhonoret
1950 1570 2117 1624 Deum

476 1659 839 1713 honorantem
878 1671 958 1722 se,
991 1671 1094 1711 nec
1124 1656 1187 1687 ³⁸⁸
1218 1656 1520 1726 potentiam
1564 1670 1714 1711 suam
1757 1656 1824 1710 ad
1857 1656 1954 1711 Dei
1984 1669 2117 1711 con-

2201 507 2513 561 criminosis
2545 506 2760 560 actibus
2795 518 2910 559 sua:
2975 505 3101 558 vitae
3142 504 3520 572 paenitentiam
3562 516 3673 557 non
3713 501 3837 556 dico

2200 596 2483 664 suscipere
2511 594 2608 650 sed
2648 607 2750 649 nec
2816 588 3136 662 premittere
3192 593 3414 662 quidem
3460 592 3652 657 voluit,
3695 605 3841 646 meu-

2203 685 2300 739 tita
2340 698 2402 740 ea
2434 684 2539 739 ﬁde
2587 696 2749 753 quam
2802 682 2859 736 in
2907 695 3101 736 manus
3166 682 3467 752 legatorum
3528 688 3840 735 nostrorum

2201 774 2563 843 promiserat;
2605 786 2821 828 necnon
2853 772 2999 842 quod
3031 785 3235 840 corpus
3262 771 3483 837 Christi,
3517 770 3572 824 id
3604 776 3687 824 est
3720 770 3841 824 uni-

2201 868 2366 916 tatem
2396 868 2599 917 sanctze
2666 861 2935 928 ecclesiae,
2995 860 3249 916 scindere
3292 873 3403 915 non
3440 859 3658 928 expavit
3692 879 3705 913 :
3741 873 3841 928 pro

2202 949 2308 1016 bis,
2337 951 2579 1020 inquam,
2619 950 2798 1019 culpis
2834 949 3083 1020 synodali
3116 949 3329 1019 judicio
3367 962 3490 1003 eum
3520 961 3842 1003 excommu-

2200 1038 2520 1103 nicavimus,
2563 1046 2618 1093 ut
2659 1052 2818 1108 quem
2877 1039 3039 1093 mites
3077 1051 3188 1092 non
3220 1037 3516 1106 potuimus,
3549 1035 3632 1089 vel
3667 1036 3841 1089 severi

2201 1126 2269 1181 ad
2307 1127 2445 1181 viam
2475 1127 2688 1191 salutis,
2732 1128 2843 1181 Deo
2889 1125 3199 1194 adiuvante.
3240 1138 3498 1180 revocare
3544 1124 3843 1189 valeamus,

2200 1221 2294 1270 aut
2323 1217 2391 1281 si,
2431 1215 2580 1286 quod
2620 1216 2782 1281 absit,
2827 1229 2928 1270 nec
2966 1214 3332 1269 districtionis
3377 1212 3599 1282 quidem
3639 1226 3843 1268 censu-

2200 1318 2314 1359 ram
2365 1305 2728 1374 pertimuerit.
2776 1309 2964 1358 nostra
3002 1303 3194 1358 saltem
3232 1303 3412 1357 anima
3457 1301 3522 1332 ³³⁸
3551 1301 3845 1372 negligen-

2200 1393 2291 1448 tiae
2328 1400 2422 1448 aut
2452 1392 2667 1448 timoris
2707 1392 3013 1447 discrimini
3063 1406 3173 1448 non
3213 1392 3552 1447 succumbat.
3609 1391 3664 1445 Si
3718 1391 3844 1459 quis

2200 1481 2368 1552 igitur
2404 1482 2543 1536 hanc
2594 1481 2921 1535 sententiam
2978 1481 3180 1550 injuste
3245 1480 3330 1534 vel
3386 1478 3844 1535 irrationabiliter

2198 1569 2466 1639 prolatam
2494 1583 2614 1624 esse
2654 1568 2944 1638 putaverit,
3004 1569 3051 1622 si
3084 1568 3208 1623 talis
3246 1574 3330 1622 est
3360 1576 3419 1622 ut
3459 1568 3635 1622 sacris
3672 1581 3843 1636 regu-

2197 1657 2267 1712 lis
2294 1657 2675 1728 intelligentiaa
2705 1670 2923 1712 sensum
2949 1658 3196 1727 praebere
3226 1670 3336 1711 non
3366 1656 3516 1721 velit,
3547 1656 3837 1710 nobiscum

475 1751 740 1815 temptum
779 1752 834 1799 et
888 1745 1245 1814 apostolicam
1294 1752 1523 1815 temptet
1579 1746 1877 1801 extendere
1916 1743 2325 1802 contu-Binde
2371 1754 2515 1817 agat,
2567 1754 2623 1802 et
2669 1760 2779 1802 non
2825 1747 2959 1816 quid
2991 1760 3093 1801 nos
3130 1746 3226 1801 sed
3258 1745 3390 1815 quid
3419 1745 3478 1776 ³²¹
3511 1744 3696 1800 divina
3726 1760 3840 1799 au»

476 1834 713 1899 meliam,
754 1835 935 1888 sciens
964 1834 1113 1902 quod
1153 1834 1409 1903 superbis
1448 1836 1589 1889 Deus
1618 1835 1849 1899 resistit,
1889 1834 2118 1889 humili-

476 1923 580 1977 bus
633 1928 815 1978 autem
865 1922 958 1977 dat
1003 1921 1251 1992 gratiam.
1304 1924 1575 1978 Praeterea
1620 1922 1866 1977 misimus
1892 1922 1961 1977 ad
1992 1936 2116 1978 eum

476 2018 591 2065 tres
629 2010 920 2081 religiosos
966 2011 1136 2076 viros,
1185 2025 1317 2066 suos
1362 2011 1552 2080 utique
1596 2011 1806 2077 ﬁdeles,
1840 2025 1939 2081 per
1976 2025 2117 2081 quos

476 2112 597 2154 eum
647 2105 864 2155 secreto
915 2100 1245 2167 monuimus,
1287 2106 1347 2154 ut
1386 2100 1761 2169 paenitentiam
1821 2105 2009 2170 ageret
2045 2100 2114 2155 de

472 2188 776 2243 sceleribus
818 2187 952 2255 suis,
1008 2202 1133 2259 qua:
1180 2186 1398 2256 quidem
1457 2186 1733 2242 horrenda
1789 2187 1935 2242 dicta
1962 2193 2110 2255 sunt,

471 2276 723 2344 pluribus
749 2282 927 2331 autem
968 2282 1096 2330 nota
1121 2282 1176 2329 et
1206 2277 1262 2330 in
1292 2275 1479 2330 multis
1512 2276 1759 2344 partibus
1797 2275 2109 2345 divulgata;

469 2371 698 2434 propter
735 2379 857 2434 qua:
896 2378 1021 2418 eum
1068 2377 1179 2419 non
1224 2364 1685 2419 excommunicari
1722 2364 1897 2418 solum
1940 2376 2113 2432 usque

466 2452 535 2507 ad
582 2452 911 2523 condignam
949 2451 1399 2517 satisfactionem,
1457 2452 1551 2507 sed
1605 2452 1672 2506 ab
1712 2451 1858 2507 omni
1899 2451 2110 2506 honore

467 2540 622 2610 regni
653 2540 863 2610 absque
912 2554 1010 2609 spe
1048 2539 1486 2609 recuperationis
1534 2540 1737 2594 debere
1776 2539 2001 2594 destitui
2032 2539 2112 2595 di-

464 2629 711 2684 vinarum
770 2635 826 2684 et
870 2629 1229 2684 humanarum
1279 2628 1458 2699 legum
1515 2635 1751 2684 testatur
1786 2629 2106 2684 auctoritas.

467 2718 752 2772 Postremo
792 2717 897 2771 nisi
945 2716 1446 2772 excommunicatos
1482 2730 1512 2771 a
1551 2730 1649 2771 sua
1688 2716 2108 2786 participatione

465 2804 758 2870 divideret,
800 2818 903 2860 nos
939 2804 1109 2859 nichil
1139 2804 1287 2859 aliud
1336 2804 1406 2859 de
1454 2818 1520 2860 eo
1570 2804 1819 2874 judicare
1876 2811 1969 2859 aut
1997 2805 2109 2859 dis-

465 2908 694 2950 cernere
736 2893 800 2924 ³¹⁷
857 2907 1040 2963 posse,
1082 2894 1188 2948 nisi
1245 2899 1306 2949 ut
1334 2901 1622 2964 separatus
1668 2894 1736 2948 ab
1784 2893 2019 2949 ecclesia
2049 2895 2105 2948 in

468 2984 1065 3038 excommunicatorum
1120 2982 1402 3038 consortio
1467 2982 1629 3049 foret,
1663 2996 1783 3036 cum
1816 2982 2016 3051 quibus
2044 2982 2109 3013 ³¹⁸

2198 1836 2426 1891 ctoritas
2454 1835 2672 1899 doceat,
2712 1835 2843 1905 quid
2884 1835 3146 1890 decernat
3174 1835 3260 1901 ³²²,
3290 1835 3421 1903 quid
3454 1847 3701 1889 consona
3739 1848 3836 1888 vox

2198 1928 2512 1979 sanctorum
2544 1930 2757 1993 patrum
2783 1923 3017 1992 judicet,
3041 1924 3316 1992 patienter
3351 1922 3582 1977 audiens
3619 1923 3837 1991 acquie-

2197 2019 2334 2068 scat.
2375 2014 2487 2067 Nos
2526 2019 2708 2067 tamen
2736 2025 2843 2068 non
2867 2013 3199 2067 aestimamus
3224 2025 3548 2081 quemquam
3571 2010 3831 2075 ﬁdelium,

2198 2102 2292 2170 qui
2324 2101 2695 2156 ecclesiastica
2750 2107 2952 2155 statuta
2999 2100 3233 2166 noverit,
3266 2100 3371 2154 hoc
3409 2112 3599 2153 errore
3637 2101 3829 2163 teneri,

2196 2196 2257 2245 ut
2295 2203 2403 2245 non
2444 2190 2570 2255 hoc,
2614 2195 2664 2244 et
2725 2190 2771 2243 si
2826 2189 3045 2258 publice
3114 2187 3384 2243 afﬁrmare
3441 2200 3551 2243 non
3614 2188 3827 2253 audeat,

2194 2278 2279 2333 vel
2329 2279 2383 2333 in
2449 2278 2617 2333 corde
2681 2291 2782 2333 suo
2848 2283 2997 2332 recte
3054 2281 3254 2332 tactum
3321 2291 3440 2332 esse
3508 2276 3825 2346 perbibeat;

2195 2379 2521 2436 quamquam
2606 2371 2661 2420 et
2723 2366 2769 2419 si
2845 2378 2967 2430 nos,
3045 2365 3192 2435 quod
3268 2366 3412 2419 Deus
3500 2363 3565 2395 ³²³
3602 2370 3823 2428 avertat,

2194 2468 2306 2511 non
2354 2457 2488 2510 satis
2533 2455 2682 2525 gravi
2732 2455 2801 2510 de
2848 2469 3010 2510 causa
3057 2461 3152 2509 aut
3199 2454 3380 2509 minus
3416 2453 3670 2509 ordinate
3707 2466 3823 2507 eum

2193 2543 2505 2612 hujusmodi
2562 2543 2780 2598 vinculo
2819 2543 3184 2612 ligaverimus,
3242 2542 3387 2596 sicut
3430 2542 3608 2596 sancti
3649 2548 3823 2610 patres

2191 2637 2465 2695 asserunt,
2506 2644 2616 2686 non
2655 2630 2865 2685 idcirco
2905 2629 3212 2699 spernenda
3234 2636 3379 2684 esset
3401 2630 3695 2695 sententia,
3726 2628 3814 2683 sed

2191 2719 2466 2775 absolutio
2523 2734 2646 2774 cum
2695 2719 2842 2774 omni
2892 2718 3195 2773 humilitate
3235 2718 3552 2786 quaerenda.
3603 2720 3707 2772 Vos
3732 2731 3823 2771 au—

2192 2813 2322 2872 tem,
2356 2806 2721 2871 dilectissimi,
2763 2806 2856 2875 qui
2913 2805 3179 2874 justitiam
3219 2804 3316 2859 Dei
3382 2818 3490 2860 non
3550 2819 3652 2873 pro
3682 2805 3830 2874 regia

2191 2894 2590 2964 indignatione,
2641 2908 2750 2949 non
2810 2908 2910 2964 pro
2959 2893 3145 2962 aliquo
3176 2894 3424 2962 periculo
3453 2893 3713 2948 deserere
3742 2907 3834 2947 vo-

2191 2981 2390 3047 luistis,
2458 2980 2761 3036 fatuitatem
2837 2995 3025 3037 eorum
3082 2981 3174 3050 qui
3243 2981 3310 3036 de
3378 2982 3728 3036 execratione
3779 2988 3833 3035 et

472 3070 658 3138 potius
686 3084 847 3139 quam
877 3085 1000 3125 cum
1028 3071 1245 3125 Christo
1277 3076 1484 3139 partem
1516 3071 1718 3125 habere
1750 3071 1934 3140 elegit.
1970 3061 2174 3126 SaneC
2196 3069 2483 3124 mendacio
2557 3070 2612 3124 in
2679 3070 3148 3124 consummatione
3220 3068 3285 3100 ³²⁸
3350 3069 3833 3138 parvipendentes,

473 3158 520 3211 si
550 3164 739 3212 nostra
777 3159 984 3212 monita
1030 3158 1311 3227 suscipere
1359 3166 1411 3212 et
1449 3159 1611 3212 vitam
1642 3173 1793 3213 suam
1833 3160 2110 3229 corrigere

472 3243 656 3311 vellet,
718 3245 887 3300 Deum
944 3252 1136 3300 testem
1215 3247 1583 3301 invocavimus
1645 3251 1700 3301 et
1774 3248 2107 3314 invocamus,

467 3339 730 3402 quantum
768 3346 872 3388 nos
909 3334 977 3388 de
1015 3334 1134 3402 ejus
1170 3334 1345 3389 salute
1384 3322 1444 3388 et
1476 3334 1686 3390 honore
1725 3334 2107 3404 gauderemus,

466 3428 521 3475 et
576 3435 700 3477 cum
758 3427 963 3491 quanta
1019 3423 1249 3477 caritate
1306 3436 1428 3478 eum
1487 3423 1541 3477 in
1579 3424 1844 3492 gremium
1903 3430 2107 3479 sancta:

463 3510 716 3566 ecclesiae
759 3510 1237 3580 amplecteremur,
1298 3516 1489 3581 utpote
1546 3524 1667 3566 cum
1716 3511 1810 3580 qui
1851 3511 2108 3580 princeps

465 3598 657 3669 populi
696 3599 1030 3655 constitutus
1066 3606 1122 3655 et
1159 3600 1479 3668 amplissimi
1533 3600 1689 3669 regni
1735 3599 2105 3668 gubernacula

460 3696 673 3755 tenens,
734 3688 1023 3744 catholicae
1082 3688 1234 3757 pacis
1291 3695 1345 3743 et
1395 3689 1626 3757 justitite
1684 3687 1944 3744 defensor
1980 3703 2101 3743 esse

462 3775 714 3831 deberet.
773 3777 971 3830 Verum
1027 3775 1218 3844 quanti
1279 3776 1399 3845 ipse
1447 3782 1542 3829 aut
1596 3777 1801 3844 scripta
1856 3783 1950 3831 aut
2007 3791 2106 3845 per

461 3863 672 3930 legatos
709 3862 874 3916 missa
924 3869 1112 3917 nostra
1175 3863 1342 3917 verba
1416 3862 1630 3927 fecerit,
1673 3866 1791 3931 ejus
1828 3862 1968 3919 facta
2008 3864 2103 3919 de-

461 3948 691 4003 clarant.
749 3949 851 4015 Qui
908 3949 1131 4019 indigne
1188 3948 1372 4005 ferens
1410 3964 1468 4005 se
1508 3964 1539 4004 a
1577 3964 1853 4019 quoquam
1919 3966 2104 4020 repre-

460 4034 628 4090 hendi
667 4041 761 4090 aut
798 4036 1024 4105 corripi,
1048 4050 1159 4091 non
1189 4037 1366 4092 solum
1396 4052 1427 4091 a
1448 4038 1777 4107 perpetratis
1814 4039 1881 4093 ad
1921 4054 2102 4095 emen-

461 4123 739 4178 dationem
786 4124 1034 4179 revocari
1100 4137 1210 4179 non
1256 4126 1476 4193 _potuit,
1534 4125 1631 4180 sed
1670 4125 1923 4195 ampliori
1968 4141 2101 4182 con-

459 4211 706 4267 scientia:
745 4226 859 4267 suae
914 4210 1101 4268 furore
1161 4218 1435 4281 arreptus,
1493 4226 1603 4268 non
1654 4215 1807 4283 prius
1844 4216 2094 4281 cessavit,

459 4298 637 4355 donec
674 4300 967 4368 episcopos
1006 4314 1144 4369 pene
1175 4313 1364 4355 omnes
1406 4302 1461 4355 in
1504 4300 1678 4367 Italia,
1721 4302 1775 4355 in
1806 4302 2098 4359 Theutoni~

2192 3158 2425 3212 viriliter
2454 3164 2592 3213 state
2637 3164 2692 3212 et
2739 3157 3125 3213 confortamini
3173 3159 3226 3211 iu
3274 3158 3527 3223 Domino,
3570 3159 3834 3222 scientes,

2193 3247 2342 3316 quod
2382 3247 2532 3301 illius
2570 3254 2778 3314 partem
2821 3245 3138 3313 defenditis,
3186 3247 3281 3316 qui
3321 3247 3711 3315 insuperabilis
3740 3261 3836 3300 rex

2192 3342 2248 3389 et
2285 3334 2349 3364 ³¹⁶
2396 3334 2717 3403 magniﬁcus
2768 3334 3134 3403 triumphator
3176 3334 3520 3403 judicaturus
3573 3343 3659 3389 est
3686 3336 3838 3390 vivos

2191 3431 2247 3477 et
2303 3429 2570 3489 mortuos,
2644 3421 2883 3477 reddens
2965 3422 3261 3490 unicuiqﬁe
3325 3421 3629 3476 secundum
3695 3437 3837 3491 opus

2189 3525 2367 3565 suum.
2412 3513 2484 3565 De
2524 3512 2680 3579 cujus
2736 3510 3055 3565 multimoda
3088 3510 3451 3565 retributione
3482 3517 3538 3564 et
3569 3524 3667 3565 vos
3696 3513 3833 3565 certi

2189 3613 2309 3654 esse
2342 3600 2612 3669 poteritis,
2669 3599 2714 3653 si
2771 3613 2943 3668 usque
2983 3599 3039 3652 in
3088 3598 3247 3653 tinent
3287 3598 3477 3653 ﬁdeles
3535 3605 3595 3652 et
3632 3600 3835 3654 incon-

2187 3688 2333 3742 cussi
2364 3688 2418 3742 in
2458 3689 2576 3755 ejus
2613 3687 2842 3742 veritate
2903 3687 3276 3756 perstiteritis.
3322 3688 3555 3755 Propter
3592 3687 3741 3755 quod
3775 3696 3829 3742 et

2186 3790 2289 3831 nos
2318 3777 2658 3831 incessanter
2703 3789 2803 3843 pro
2851 3775 3008 3829 vobis
3054 3788 3309 3845 rogamus
3333 3775 3620 3830 Dominum
3652 3775 3737 3840 ³³⁸,
3770 3784 3832 3831 ut

2185 3864 2281 3918 det
2307 3864 2464 3919 vobis
2495 3863 2748 3918 virtutem
2778 3863 3127 3918 corroborari
3160 3877 3259 3932 per
3285 3863 3547 3931 Spiritum
3578 3871 3828 3919 sanctum

2184 3953 2240 4007 in
2276 3953 2498 4008 nomine
2544 3953 2683 4020 ejus,
2734 3957 2788 4007 ct
2835 3956 3121 4006 convertat
3157 3965 3256 4007 cor
3279 3952 3426 4020 regis
3444 3951 3510 4005 ad
3544 3952 3830 4021 paeniten-

2183 4041 2347 4108 tiam;
2380 4049 2441 4096 ut
2468 4047 2524 4095 et
2554 4041 2670 4110 ipse
2690 4039 2987 4108 aliquando
3008 4047 3288 4109 agnoscat,
3321 4053 3425 4095 nos
3453 4046 3507 4094 et
3535 4054 3633 4095 vos
3654 4040 3832 4095 multo

2180 4131 2364 4184 verius
2392 4142 2573 4184 amare
2608 4142 2752 4195 eum,
2785 4142 2946 4197 quam
2977 4128 3073 4197 qui
3112 4142 3257 4183 nunc
3284 4128 3403 4183 suis
3441 4128 3832 4197 iniquitatibus

2181 4218 2562 4288 obsequuntur
2603 4222 2658 4273 et
2696 4216 2895 4272 favent.
2938 4217 3038 4284 Qui
3086 4217 3134 4271 si
3165 4218 3275 4272 Deo
3304 4217 3609 4286 inspirante
3639 4215 3834 4273 volue-

2181 4307 2253 4361 rit
2301 4306 2647 4375 resipiscere,
2679 4305 2943 4375 quicqu‘td
2991 4310 3184 4360 contra
3217 4318 3316 4360 nos
3355 4304 3630 4369 moliatur,
3670 4318 3832 4359 sem—

459 4388 540 4443 cis
607 4401 738 4443 vero
808 4388 1054 4457 partibus
1128 4395 1402 4458 quotquot
1459 4389 1656 4458 potuit,
1724 4390 1871 4445 circa
1933 4381 2280 4465 ﬁdemDper
2334 4402 2514 4450 tamen
2561 4408 2662 4449 nos
2717 4393 2785 4448 ad
2847 4393 3223 4462 recipiendum
3269 4408 3392 4447 eum
3430 4380 3515 4447 'in
3578 4399 3828 4449 sanctam

459 4475 659 4531 Christi
720 4474 1041 4545 naufragare
1109 4474 1259 4540 fecit,
1315 4476 1442 4531 dum
1483 4490 1580 4532 eos
1639 4478 1878 4533 debitam
1935 4480 2096 4537 beato

459 4567 623 4620 Petro
673 4572 728 4620 et
784 4564 1104 4634 apostolicae
1142 4564 1261 4619 sedi
1309 4564 1698 4620 oboedientiam
1739 4574 1791 4621 ct
1832 4568 2095 4625 honorem

459 4669 490 4709 a
536 4653 600 4684 ³¹⁹
645 4640 878 4709 Domino
918 4661 1108 4709 nostro
1136 4655 1266 4708 Jesu
1311 4653 1530 4709 Christo
1568 4668 1891 4711 concessum
1930 4658 2098 4713 abne-

458 4757 588 4812 gare
626 4742 863 4811 subegit.
904 4742 1036 4796 Cum
1086 4742 1253 4811 igitur
1289 4741 1633 4811 iniquitatem
1690 4745 1810 4812 ejus
1845 4745 1913 4798 ad
1951 4760 2095 4800 sum-

457 4844 603 4885 mum
660 4829 912 4900 prodisse
984 4830 1237 4897 vidimus,
1297 4845 1398 4899 pro
1450 4831 1536 4885 his
1590 4833 1790 4898 causis,
1842 4834 2097 4890 videlicet

460 4919 714 4990 primum,
772 4918 920 4989 quod
972 4920 1040 4973 ab
1078 4933 1267 4974 eorum
1308 4920 1693 4975 communione
1741 4923 1835 4989 qui
1877 4937 1976 4991 pro
2014 4938 2097 4979 sa-

458 5008 686 5079 crilegio
734 5013 789 5063 et
844 5016 998 5063 reatu
1045 5008 1360 5063 simoniacm
1426 5009 1655 5064 hieresis
1727 5014 2097 5068 excommuni-

2179 4483 2640 4548 communionem,
2693 4488 2858 4552 prout
2911 4488 3091 4537 vestra
3148 4481 3348 4536 caritas
3407 4481 3566 4536 nobis
3620 4494 3830 4536 consu-

2180 4572 2364 4637 luerit,
2403 4577 2624 4641 paratos
2654 4570 2913 4625 inveniet.
2958 4585 2986 4622 ι)

2248 4659 2338 4715 73.
2398 4660 2592 4715 Postea
2651 4672 2803 4721 vero,
2860 4663 2921 4712 ut
2977 4658 3596 4713 excommunicatiouem
3653 4673 3826 4727 quam

2178 4748 2383 4804 fecerat
2428 4748 2663 4817 amplius
2734 4746 3101 4811 conﬁrmaret,
3151 4746 3249 4800 has
3304 4746 3516 4801 litteras
3568 4746 3711 4800 misit
3770 4750 3828 4802 in

2177 4837 2547 4893 Theutonicas
2583 4836 2839 4906 regiones
2880 4855 2892 4890 :

2252 4946 2279 4978 ‹‹
2328 4927 2624 4997 Gregorius
2670 4925 2966 4994 episcopus
3000 4923 3192 4994 (Gnsc.
3246 4924 3354 4989 νη,
3406 4925 3531 4991 Reg.
3574 4939 3691 4987 vin,
3728 4926 3829 4991 21,

2178 5015 2305 5072 Cod.
2354 5015 2541 5070 Udalr.
2602 5012 2751 5083 156),
2790 5027 2981 5068 servus
3023 5025 3302 5068 servorum
3354 5012 3471 5077 Dei,
3515 5011 3723 5068 dilecto
3770 5016 3831 5071 in

1806 5213 2027 5268 νΑῆιῶ
2081 5214 2463 5270 LECTIONES.

525 5390 588 5463 φη
635 5397 881 5463 quamvis
922 5398 975 5453 2.

454 5462 687 5520 animam
725 5468 770 5521 Ι.
846 5467 904 5498 ⁸¹¹
946 5469 1108 5525 deest.
1148 5470 1196 5525 l.

456 5544 674 5601 semper
704 5550 773 5591 m.
805 5536 859 5592 2.
936 5538 1002 5569 ⁹²⁶
1029 5540 1191 5595 deum
1220 5541 1273 5598 2.

1054 5399 1116 5476 'f‘
1149 5400 1362 5476 ‘neu‘g.
1384 5400 1499 5476 __‘"
1545 5402 1601 5458 d.
1641 5403 1826 5476 desunt
1859 5405 1913 5476 2.
1990 5404 2056 5437 ³¹⁸
2092 5422 2153 5476 q.

1273 5471 1337 5502 ⁸²¹
1365 5471 1643 5528 discernat
1680 5472 1733 5526 2.
1811 5474 1873 5505 ³¹³
1911 5476 2053 5531 deest
2086 5471 2133 5532 l'.

3390 5406 3455 5438 ³¹⁹
3484 5413 3730 5462 nostram
3774 5422 3830 5460 s.

2197 5407 2313 5507 ipse
2362 5422 2417 5477 p.
2449 5406 2502 5463 2.
2579 5407 2645 5438 ³¹⁹
2687 5409 2762 5463 ita
2788 5408 2824 5461 2
2850 5414 2899 5463 et
2927 5408 3123 5464 Ekkeh.
3164 5409 3222 5463 in
3266 5406 3314 5461 l.
3390 5406 3455 5438 ³¹⁹
3484 5419 3584 5461 nos

2234 5477 2276 5508 lt
2314 5478 2837 5508 mansum-nnoh‘nnm
2869 5486 3031 5508 ..ι-..ηρ
3065 5478 3263 5508 ωιηηιηο
3303 5477 3419 5508 IlI-lt
3516 5476 3584 5507 315

3616 5491 3708 5533 rex
3744 5491 3816 5531 ac

2258 5477 2276 5508 ⁵
2312 5478 2838 5534 consummationem
2869 5486 3034 5535 ruunt
3060 5478 3263 5550 supplet
3292 5477 3439 5534 Mab.
