4014 6176
244 287 337 341 537

1546 286 1632 339 DE
1672 285 1883 340 BELLO
1921 284 1995 339 SA
2004 285 2266 339 XONICO.

3483 285 3591 339 538

304 410 507 468 Christo
537 408 689 463 fratri
728 410 791 463 Ν.
825 409 887 438 ³²⁷
917 408 1182 478 episcopo
1212 407 1440 463 salutem
1491 416 1546 462 et
1586 408 2143 478 apostoli-Ajudicio
2175 415 2374 478 portat.
2412 409 2558 463 Hanc
2588 409 2771 477 itaque
2810 408 3009 464 divinae
3039 408 3335 464 voluntatis
3366 412 3592 465 institu-

241 486 351 557 cani
394 498 853 553 benedictionem.
894 498 1048 563 Quod
1108 497 1174 551 ad
1234 496 1592 566 perferendos
1643 498 1861 552 labores

238 605 292 646 ac
320 588 554 660 pericula
585 601 685 657 pro
724 586 1047 642 defensione
1085 588 1332 642 veritatis
1368 593 1423 641 te
1472 593 1718 656 paratum
1767 589 1858 641 in-

238 678 533 749 telligimus,
566 677 735 731 divini
766 678 1011 732 muneris
1059 691 1179 732 esse
1220 690 1329 732 non
1383 675 1714 742 dubitamus,
1760 691 1856 731 cu-

231 770 312 838 jus
338 765 398 797 ³²⁸
424 766 544 821 haec
582 772 668 820 est
714 765 1006 820 ineﬁ‘abilis
1052 766 1227 835 gratia
1274 773 1329 820 et
1366 765 1501 820 mira
1548 764 1859 830 clementia,

235 854 368 925 quod
430 867 724 923 numquam
803 853 1011 909 electos
1093 867 1224 909 suos
1308 854 1527 922 penitus
1607 853 1862 909 aberrare

234 943 503 1014 permittit,
539 956 831 1021 numquam
882 941 1131 997 funditus
1193 941 1510 997 labefactari
1559 949 1653 997 aut
1698 942 1861 1011 dejici

230 1032 368 1097 sinit,
398 1032 525 1086 dum
567 1045 665 1086 eos
714 1031 1117 1101 persecutionis
1166 1037 1412 1099 tempore
1460 1031 1693 1100 quadam
1742 1029 1862 1086 utili

229 1121 540 1191 probatione
606 1121 928 1185 discussos,
996 1120 1159 1174 etiam
1247 1125 1371 1189 post
1443 1120 1863 1189 trepidationem

229 1210 450 1279 aliquam
511 1215 685 1264 semet
738 1209 873 1277 ipsis
920 1208 1182 1264 fortiores
1226 1206 1410 1263 faciat.
1460 1208 1723 1275 Quoniam
1770 1223 1865 1264 au-

227 1310 347 1365 tem,
407 1299 552 1353 sicut
610 1298 754 1352 inter
809 1297 1034 1367 ignavos
1071 1296 1257 1363 alium,
1318 1311 1428 1367 quo
1487 1298 1701 1368 turpius
1754 1298 1864 1354 alio

229 1389 407 1458 fugiat,
440 1382 610 1441 timor
637 1386 909 1441 exanimat
946 1385 1012 1415 ³³³
1037 1428 1052 1451 ,
1087 1386 1160 1440 ita
1191 1386 1353 1440 etiam
1408 1386 1553 1440 inter
1608 1392 1866 1443 strenuos

224 1476 397 1541 alium,
430 1488 545 1543 quo
575 1473 773 1529 fortius
802 1474 913 1529 alio
946 1479 1089 1544 agat,
1122 1488 1232 1544 quo
1279 1474 1563 1528 ardentius
1607 1488 1864 1544 prorum-

227 1570 307 1634 pat
333 1564 414 1628 ³³⁰,
441 1563 598 1617 virile
621 1570 815 1632 pectus
834 1563 1149 1617 inﬂammat:
1176 1563 1281 1617 hoc
1304 1563 1516 1617 caritati
1538 1570 1648 1618 tuae
1668 1564 1866 1619 exhor-

224 1652 436 1708 tationis
463 1664 600 1706 voce
630 1651 937 1706 curavimus
967 1650 1371 1716 commendare,
1407 1657 1466 1705 ut
1512 1665 1578 1706 eo
1608 1653 1780 1721 magis
1809 1654 1863 1707 in

1941 496 2168 563 tionem,
2223 497 2328 551 hoc
2376 496 2773 550 ﬁrmamentum
2829 495 3261 565 dispensationis
3308 499 3585 564 ecclesiis,

1941 584 2046 641 boc
2079 586 2418 655 privilegium
2450 586 2611 639 beato
2640 584 2702 615 ³³⁷
2736 585 2897 639 Petro
2937 584 3313 652 apostolorum
3348 586 3591 655 principi

1943 672 2152 728 caelesti
2201 673 2426 729 decreto
2476 672 2855 742 principaliter
2901 672 3156 727 traditum
3205 678 3370 742 atque
3420 675 3595 727 firma-

1944 768 2057 816 tum
2088 762 2261 816 sancti
2296 768 2480 830 patres
2509 775 2632 816 cum
2664 774 2855 831 magna
2884 762 3237 815 veneratione
3286 762 3593 830 suscipien-

1945 854 2029 903 tes
2075 854 2238 918 atque
2296 856 2597 915 servantes,
2652 857 2893 904 sanctam
2952 851 3246 904 Romanam
3303 849 3590 904 ecclesiam

1946 944 2052 991 tam
2085 938 2139 991 in
2171 937 2520 1007 generalibus
2568 938 2841 1003 conciliis,
2874 951 3034 1007 quam
3067 938 3229 992 etiam
3288 937 3343 992 in
3395 937 3593 992 ceteris

1945 1026 2167 1095 scriptis
2196 1033 2251 1080 et
2293 1027 2463 1096 gestis
2509 1027 2624 1081 suis
2672 1027 3030 1082 univcrsalem
3080 1033 3302 1082 matrem
3344 1027 3591 1097 appella-

1945 1120 2179 1179 verunt;
2231 1123 2287 1169 et
2324 1115 2469 1169 sicut
2516 1116 2635 1183 ejus
2682 1115 3009 1170 documenta
3069 1117 3123 1170 in
3178 1116 3590 1171 confirmatione

1947 1203 2073 1259 fidei
2112 1211 2167 1258 et
2195 1202 2507 1258 eruditione
2536 1217 2708 1257 sacra:
2739 1204 3043 1273 religionis,
3096 1204 3168 1258 ita
3200 1205 3363 1259 etiam
3386 1204 3592 1273 judicia

1945 1298 2309 1361 susceperunt
2333 1307 2348 1354 ;
2383 1292 2438 1345 in
2467 1291 2573 1347 hoc
2604 1293 3014 1346 consentientes
3044 1300 3097 1347 et
3127 1294 3282 1361 quasi
3326 1305 3437 1348 uno
3481 1292 3591 1361 spi-

1949 1384 2058 1438 ritu
2088 1388 2144 1437 et
2173 1396 2278 1437 una
2326 1395 2460 1437 voce
2509 1381 2932 1448 concordantes,
2983 1396 3173 1437 omnes
3222 1384 3457 1451 majores
3504 1397 3594 1437 res

1947 1479 2002 1529 et
2041 1472 2319 1542 przecipua
2368 1471 2610 1542 negotia,
2663 1484 2877 1525 necnon
2937 1472 3177 1526 omnium
3236 1472 3593 1527 ecclesiarum

1942 1561 2170 1630 judicia,
2202 1560 2270 1615 ad
2301 1574 2416 1615 eam
2450 1560 2605 1628 quasi
2653 1558 2720 1613 ad
2778 1565 3005 1614 matrem
3058 1566 3113 1614 et
3170 1567 3333 1628 caput
3390 1559 3594 1615 debere

1948 1649 2140 1706 referri
2166 1671 2181 1717 ;
2212 1650 2280 1704 ab
2311 1663 2373 1703 ea
2404 1662 2670 1718 nusquam
2700 1647 2986 1716 appeliari,
3012 1649 3221 1717 judicia
3261 1651 3378 1717 ejus
3424 1663 3456 1702 a
3500 1661 3596 1703 ne-

222 1743 328 1797 acie
350 1741 669 1796 Christianae
690 1739 1447 1810 religionisstaretedelectet
1468 1740 1613 1795 inter
1632 1734 2093 1810 primos,Bmine
2120 1736 2404 1792 retractari
2450 1742 2544 1791 aut
2588 1734 2763 1790 refelli
2815 1735 3016 1789 debere
3064 1741 3157 1788 aut
3208 1748 3387 1803 posse.
3438 1735 3594 1789 Unde

221 1843 322 1899 quo
370 1843 468 1885 eos
526 1842 636 1884 non
695 1828 916 1883 dubitas
963 1828 1157 1883 victori
1211 1829 1321 1883 Deo
1371 1829 1653 1897 proximos
1698 1835 1863 1899 atque

221 1918 587 1988 dignissimos.
617 1917 773 1984 Quod
813 1925 994 1972 autem
1045 1917 1354 1986 postulasti,
1390 1925 1441 1972 te
1473 1918 1629 1986 quasi
1660 1918 1865 1973 nostris

219 2007 435 2074 scriptis
474 2006 654 2075 juvari
701 2019 764 2060 ac
813 2006 1130 2074 praemuniri
1188 2011 1379 2060 contra
1435 2004 1653 2060 illorum
1711 2005 1861 2060 insa-

218 2093 378 2157 niam,
422 2095 518 2163 qui
567 2091 805 2148 nefando
861 2107 958 2149 ore
995 2095 1264 2163 garriunt,
1324 2093 1704 2149 auctoritatem
1732 2109 1862 2149 san-

218 2186 316 2234 cta:
345 2180 671 2249 apostolicae
718 2181 867 2237 sedis
921 2195 1033 2237 non
1092 2181 1339 2251 potuisse
1394 2196 1578 2252 regem
1636 2183 1861 2237 Heinri-

212 2282 329 2322 cum
369 2268 457 2336 ³⁸¹,
516 2270 793 2326 hominem
853 2271 1168 2326 christiana:
1226 2270 1365 2340 legis
1402 2277 1857 2340 contemptorem,

205 2355 572 2413 ecclesiarum
659 2356 916 2413 videlicet
1007 2364 1063 2413 et
1152 2358 1369 2426 imperii
1460 2359 1859 2415 destructorem

196 2450 362 2515 atque
442 2445 845 2501 haereticorum
919 2452 1200 2500 auctorem
1274 2453 1330 2501 et
1403 2454 1856 2515 consentaneum,

189 2533 715 2599 excommunicare,
748 2546 851 2588 nec
881 2547 1208 2602 quemquam
1247 2548 1279 2587 a
1327 2541 1671 2591 sacramento
1720 2536 1859 2591 iide-

188 2622 366 2676 litatis
384 2623 528 2689 ejus
556 2621 863 2687 absolvere,
897 2635 1007 2677 non
1037 2622 1181 2677 adeo
1210 2621 1273 2652 ³³¹
1304 2624 1673 2677 necessarium
1705 2625 1865 2679 nobis

196 2709 419 2763 videtur
460 2723 593 2763 cum
626 2710 792 2779 hujus
820 2710 901 2765 rei
941 2715 1047 2764 tam
1098 2709 1266 2765 multa
1294 2724 1379 2780 .ac
1419 2710 1726 2766 certissima
1765 2712 1862 2767 do-

206 2802 466 2852 cumenta
521 2797 578 2851 in
637 2811 914 2853 sacrarum
966 2799 1363 2867 scripturarum
1421 2798 1636 2868 paginis
1700 2814 1860 2868 repe-

208 2885 440 2941 riantur.
486 2888 674 2955 Neque
703 2887 848 2941 enim
880 2887 1157 2941 credimus
1186 2901 1302 2952 eos,
1334 2887 1428 2955 qui
1468 2886 1537 2941 ad
1585 2888 1858 2943 cumulum

209 2987 317 3029 sua:
349 2974 762 3043 dampnationis
788 2974 1004 3029 veritati
1054 2975 1406 3044 impudenter
1451 2973 1515 3005 ⁸³³
1565 2975 1861 3031 detrahunt

1946 1828 2140 1882 beatus
2177 1826 2424 1881 Gelasius
2462 1839 2602 1894 papa
2658 1825 2942 1879 Anastasio
3000 1824 3314 1894 imperatori
3346 1823 3595 1878 scribens

1946 1916 2117 1988 (epist.
2158 1916 2260 1983 10),
2295 1915 2476 1969 divina
2523 1913 2693 1969 fultus
2738 1914 3085 1979 auctoritate,
3145 1912 3277 1981 quid
3327 1918 3382 1966 et
3419 1912 3596 1981 quali:

1946 2011 2031 2060 ter
2060 2006 2128 2060 de
2159 2005 2471 2074 principatu
2501 2010 2707 2057 sanctae
2737 2009 2793 2057 et
2822 2002 3144 2072 apostolicae
3192 2002 3340 2056 sedis
3386 2003 3593 2057 sentire

1946 2094 2193 2160 deberet,
2246 2093 2353 2148 hoc
2402 2093 2565 2147 modo
2616 2106 2738 2146 eum
2787 2092 3080 2145 instruxit:
3134 2110 3161 2142 ((
3212 2091 3347 2156 Etsi,
3392 2090 3591 2159 inquit,

1945 2183 2161 2237 cunctis
2214 2180 2546 2251 generaliter
2600 2179 2984 2235 sacerdotibus
3041 2186 3189 2234 recte
3238 2178 3420 2233 divina
3458 2184 3594 2232 trac-

1946 2271 2209 2335 tantibus,
2243 2269 2485 2324 tidelium
2516 2266 2580 2299 ³³⁸
2608 2268 2866 2322 convenit
2912 2266 3054 2322 colla
3085 2267 3354 2331 submitti,
3387 2272 3592 2335 quanto

1945 2362 2130 2432 potius
2158 2359 2307 2414 sedis
2337 2358 2484 2413 illius
2513 2357 2736 2427 przesuli
2766 2370 3069 2412 consensus
3115 2362 3199 2410 est
3250 2354 3596 2409 adhibendus

1944 2463 2106 2520 quem
2145 2448 2361 2504 cunctis
2390 2446 2772 2503 sacerdotibus
2802 2451 2857 2501 et
2900 2445 3156 2500 divinitas
3185 2457 3393 2498 summa
3422 2442 3593 2498 voluit

1944 2539 2291 2608 praeminere,
2333 2544 2388 2592 et
2416 2537 2762 2605 subsequens
2791 2534 3041 2589 ecclesiae
3092 2532 3365 2603 generalis
3390 2532 3595 2601 jugiter

1946 2625 2119 2693 pictas
2148 2625 2493 2679 celebravit?
2522 2640 2550 2677 »
2584 2623 2685 2679 Ubi
2716 2622 3008 2692 prudentia
3040 2627 3129 2677 tua
3178 2620 3463 2676 evidenter
3490 2619 3592 2674 ad-

1945 2712 2126 2776 vertit,
2159 2726 2453 2781 numquam
2501 2712 2748 2780 quolibet
2807 2711 3026 2779 penitus
3073 2710 3311 2765 humano
3360 2707 3592 2764 consilio

1945 2814 2165 2868 aequare
2195 2813 2253 2854 se
2294 2813 2620 2868 quemquam
2653 2812 2813 2867 posse
2845 2798 2992 2852 illius
3023 2796 3308 2866 privilegio
3347 2795 3432 2850 vel
3463 2808 3596 2850 con-

1944 2886 2200 2953 fessioni,
2259 2902 2421 2957 quem
2479 2886 2543 2918 “9
2596 2887 2795 2941 Christi
2854 2900 2959 2941 vox
3011 2885 3253 2955 prmtulit
3301 2884 3592 2949 universis,

1942 2989 2103 3045 quem
2134 2976 2368 3031 ecclesia
2406 2975 2716 3029 veneranda
2746 2988 2964 3043 semper
2993 2971 3242 3028 confessa
3275 2978 3358 3026 est
3397 2978 3453 3026 et
3499 2971 3595 3025 ha-

212 3068 262 3114 ct
297 3060 710 3127 contradicunt,
752 3061 858 3117 hoc
905 3062 973 3117 ad
1019 3076 1133 3117 suae
1181 3061 1521 3119 defensionis
1573 3063 1852 3119 audaciam
1878 3057 2037 3117 Cbet
2066 3063 2261 3119 devota
2293 3066 2600 3133 primatem.
2644 3066 2774 3117 Item
2822 3062 2999 3116 Julius
3050 3075 3187 3131 papa
3231 3059 3593 3115 orientalibus

214 3157 313 3204 tam
371 3152 686 3220 ignorantia
741 3166 903 3220 quam
957 3151 1171 3207 miserae
1222 3152 1625 3221 desperationis
1671 3167 1858 3208 vecor-

213 3237 295 3292 dia
323 3245 639 3308 coaptasse.
680 3241 791 3294 Nec
823 3240 1057 3306 mirum;
1100 3253 1218 3295 mos
1264 3246 1349 3295 est
1400 3241 1544 3295 enim
1593 3242 1857 3309 reprobo-

214 3339 323 3381 rum
371 3328 446 3382 ob
509 3342 627 3383 suae
685 3327 946 3398 nequitiae
997 3330 1397 3398 protectionem
1442 3328 1507 3359 ³³³
1544 3330 1859 3384 consimiles

212 3414 308 3469 sibi
353 3415 680 3482 defendere,
740 3417 868 3485 quia
924 3430 1025 3485 pro
1063 3417 1271 3472 nichilo
1327 3417 1532 3474 habent
1588 3417 1856 3471 mendacii

211 3503 576 3570 perditionem
607 3504 911 3559 incurrere.
943 3506 1077 3559 Nam
1110 3511 1171 3559 ut
1208 3504 1277 3559 de
1325 3505 1511 3559 multis
1558 3519 1730 3573 pauca
1779 3505 1859 3559 di-

210 3603 418 3659 camus,
479 3592 613 3663 quis
668 3594 885 3663 ignorat
930 3607 1120 3648 vocem
1177 3594 1392 3648 Domini
1453 3608 1517 3648 ac
1573 3593 1859 3647 salvatoris

211 3683 372 3735 nostri
401 3684 538 3737 .lesu
570 3682 771 3737 Christi
802 3682 1039 3736 dicentis
1069 3681 1124 3734 in
1157 3681 1440 3751 evangelio
1467 3702 1478 3734 :
1507 3699 1535 3729 «
1565 3682 1642 3735 Tu
1672 3695 1732 3735 es
1763 3682 1859 3735 Pe-

209 3774 361 3835 trus,
422 3777 479 3825 et
540 3784 712 3838 super
763 3770 904 3824 hanc
962 3775 1173 3838 petram
1231 3768 1516 3823 aedificabo
1573 3768 1856 3824 ecclesiam

211 3868 394 3924 meam,
429 3866 488 3913 et
541 3865 719 3927 porta:
777 3856 940 3913 inferi
997 3871 1107 3914 non
1166 3858 1543 3927 praevalebunt
1598 3857 1861 3912 adversus

209 3957 339 4000 eam.
382 3949 447 4002 Et
475 3947 589 4002 tibi
626 3946 770 4001 dabo
810 3946 990 4001 claves
1041 3946 1197 4016 regni
1246 3946 1534 4013 caelorum,
1585 3953 1640 4001 et
1686 3946 1862 4015 quod-

210 4048 434 4105 cumque
476 4037 739 4107 ligaveris
785 4050 953 4106 super
1001 4042 1223 4103 terram,
1273 4037 1379 4092 erit
1425 4036 1648 4107 ligatum
1702 4044 1758 4094 et
1804 4038 1857 4093 in

210 4123 376 4192 melis,
408 4132 466 4181 et
505 4125 902 4196 quodcumque
959 4124 1195 4182 solveris
1247 4140 1416 4195 super
1472 4132 1694 4194 terram,
1755 4127 1860 4183 erit

211 4211 438 4269 solutum
472 4222 530 4270 et
568 4214 624 4268 in
673 4213 872 4269 caelis?
921 4232 948 4264 »
1001 4213 1219 4284 (Matth.
1269 4214 1406 4284 xvr.)
1448 4215 1721 4284 Numquid
1770 4216 1861 4271 hic

208 4307 327 4356 sunt
357 4318 523 4374 reges
567 4304 802 4372 excepti,
853 4309 948 4357 aut
995 4316 1105 4358 non
1154 4309 1301 4370 sunt,
1357 4303 1425 4358 de
1475 4304 1669 4358 ovibus
1724 4320 1861 4374 quas

1940 3154 2218 3222 episcopis
2267 3153 2537 3217 scribens,
2577 3152 2645 3207 de
2678 3157 2947 3221 potestate
2996 3150 3241 3219 ejusdem
3284 3156 3489 3203 sancta:
3538 3156 3593 3204 et

1939 3241 2260 3310 apostolica:
2291 3241 2441 3295 sedis
2470 3240 2542 3294 ait
2578 3242 2748 3310 (epist.
2782 3238 2843 3309 2)
2872 3260 2900 3288 «
2924 3240 3192 3293 Decuerat
3220 3252 3338 3302 vos,
3371 3237 3589 3302 fratres,

1939 3329 2198 3385 adversus
2253 3338 2495 3385 sanctam
2555 3331 2850 3384 Romanam
2896 3334 2950 3382 et
3006 3327 3364 3396 apostolicam
3419 3327 3590 3380 eccle-

1939 3417 2073 3471 siam
2097 3417 2282 3471 limate
2310 3416 2394 3484 ³⁵⁸),
2423 3424 2478 3471 et
2507 3430 2617 3471 non
2650 3416 2860 3470 ironice
2895 3415 3066 3482 loqui,
3100 3413 3356 3480 quoniam
3390 3420 3445 3466 et
3475 3413 3592 3479 ipse

1941 3506 2203 3559 Dominus
2241 3505 2615 3559 nosterJesus
2642 3503 2891 3556 Christus
2940 3515 3056 3555 eam
3105 3499 3367 3553 decenter
3388 3498 3596 3553 allocu-

1942 3599 2029 3646 tus
2058 3594 2170 3647 ait:
2208 3612 2233 3642 ι)
2261 3611 2289 3643 ‹‹
2320 3594 2397 3646 Tu
2428 3606 2489 3645 es
2519 3593 2731 3655 Petrus,
2768 3596 2824 3644 et
2860 3603 3028 3657 super
3056 3588 3196 3641 hanc
3229 3594 3432 3655 petram
3469 3587 3594 3642 aedi-

1943 3680 2117 3735 ficabo
2151 3680 2439 3735 ecclesiam
2472 3692 2643 3732 meam
2675 3686 2730 3733 et
2770 3684 2944 3747 porta:
2992 3675 3153 3731 inferi
3186 3688 3295 3729 non
3330 3675 3593 3743 praevale-

1942 3769 2079 3823 bunt
2102 3769 2365 3824 adversus
2394 3781 2532 3832 eam,
2566 3775 2621 3821 et
2652 3767 2751 3821 tibi
2802 3765 2944 3821 dabo
2993 3766 3172 3820 claves
3222 3764 3378 3834 regni
3426 3763 3594 3818 caelo-

1946 3872 2085 3913 rum.
2122 3878 2147 3907 »
2190 3875 2217 3907 «
2254 3856 2426 3911 [labet
2456 3856 2598 3910 enim
2631 3860 2957 3925 potestatem
2988 3853 3254 3923 singulari
3306 3853 3591 3923 privilegio

1943 3946 2049 4001 sibi
2110 3959 2450 4010 concessam,
2500 3945 2714 4014 aperire
2765 3951 2820 3998 et
2868 3942 3124 3997 claudere
3166 3943 3387 4011 januam
3438 3942 3590 4011 regni
3653 3984 3662 4001 ι

1945 4034 2187 4089 caelestis
2226 4034 2426 4103 quibus
2482 4032 2729 4088 voluerit.
2801 4054 2824 4081 υ
2886 4033 2982 4087 Cui
3024 4045 3155 4102 ergo
3212 4030 3593 4101 aperiendiet

1944 4122 2234 4176 claudendi
2267 4121 2392 4175 (τωιὶ
2424 4121 2546 4176 data
2587 4127 2671 4176 est
2720 4127 2985 4190 potestas,
3038 4121 3106 4175 de
3152 4128 3297 4175 terra
3341 4120 3591 4189 judicare

1944 4225 2051 4266 non
2086 4211 2257 4266 licet?
2284 4210 2457 4265 Absit.
2490 4212 2627 4265 Num
2660 4210 2929 4274 retinetis,
2952 4210 3103 4278 quod
3133 4211 3209 4263 ait
3239 4210 3432 4264 beatus
3464 4210 3592 4263 l’au-

1946 4300 2030 4355 lus
2059 4301 2378 4370 apostolus:
2418 4320 2444 4351 ‹‹
2478 4300 2712 4355 Nescitis
2758 4300 2886 4367 quia
2933 4299 3159 4367 angelos
3199 4298 3591 4366 judicabimus,

211 4387 343 4444 titius
362 4372 460 4447 Dei
492 4392 665 4447 beato
696 4391 859 4446 Petro
891 4391 1208 4445 commisit?
1251 4391 1404 4458 Quis,
1453 4406 1609 4462 rogo,
1664 4394 1717 4447 in
1742 4372 2150 4459 'hachuanto
2180 4390 2352 4460 magis
2379 4388 2668 4445 secularia.
2712 4404 2742 4441 »
2782 4388 2979 4440 Beatus
3027 4400 3246 4454 quoque
3277 4385 3590 4454 Gregorius,

211 4478 500 4535 universali
534 4478 605 4509 ⁸³⁸
643 4479 1003 4534 concessione
1052 4478 1257 4548 ligandi
1298 4486 1464 4548 atque
1513 4480 1782 4547 solvendi,
1832 4495 1863 4535 a

213 4572 476 4632 potestate
511 4567 663 4623 Petri
692 4582 753 4623 se
781 4566 1063 4622 exclusum
1101 4580 1221 4622 esse
1252 4567 1546 4633 existimat,
1590 4569 1693 4623 nisi
1722 4568 1863 4624 forte

210 4651 388 4711 infelix
423 4657 549 4724 ille,
611 4657 706 4726 qui
740 4657 928 4726 jugum
985 4654 1201 4711 Domini
1258 4654 1322 4686 ³³⁸
1378 4662 1598 4724 portare
1648 4656 1861 4723 nolens,

210 4739 405 4798 diaboli
437 4759 501 4799 se
545 4744 773 4812 subjicit
800 4743 980 4809 oneri,
1012 4749 1067 4798 et
1094 4742 1152 4797 in
1192 4755 1422 4797 numero
1452 4743 1632 4798 ovium
1662 4744 1862 4798 Christi

211 4842 323 4885 esse
364 4832 767 4889 recusat?Cui
819 4838 999 4887 tamen
1062 4832 1167 4887 hoc
1224 4831 1294 4886 ad
1351 4832 1601 4887 miseram
1644 4832 1865 4887 liberta-

208 4923 311 4974 tem
344 4922 579 4977 minime
630 4921 868 4990 proficit,
907 4920 1037 4992 quia
1084 4926 1410 4989 potestatem
1466 4920 1612 4975 Petri
1670 4920 1866 4976 divini-

214 5011 296 5061 tus
323 5009 431 5064 sibi
461 5023 787 5066 concessam
815 5023 846 5063 a
874 5009 1113 5078 superba
1164 5010 1376 5064 cervice
1430 5008 1675 5075 excutit;
1727 5021 1866 5078 quo-

214 5096 349 5152 niam
382 5105 601 5167 quanto
633 5112 749 5153 eam
779 5099 1013 5167 quisque
1061 5112 1161 5167 per
1188 5096 1481 5153 elationem
1520 5095 1664 5152 ferre
1697 5097 1867 5152 abne-

213 5192 335 5250 gat,
413 5193 576 5241 tanto
646 5186 839 5241 durius
906 5186 974 5241 ad
1047 5185 1489 5255 dampnationem
1581 5200 1732 5241 suam
1808 5186 1862 5241 in

1948 4492 2085 4548 papa
2120 4478 2315 4549 (Epist.
2349 4477 2442 4544 lib,
2479 4478 2544 4546 ιι)
2590 4490 2748 4545 reges
2775 4473 2834 4505 3“
2876 4488 2906 4527 a
2934 4488 3031 4528 sua
3079 4474 3345 4542 dignitate
3395 4472 3591 4527 cadere

1946 4567 2156 4631 statuit,
2206 4568 2300 4635 qui
2345 4565 2666 4635 apostolica:
2719 4563 2868 4618 sedis
2910 4562 3131 4617 decreta
3190 4560 3394 4615 violare
3454 4573 3593 4629 prte-

1945 4655 2279 4723 sumpseriut
2327 4654 2578 4709 scribens
2615 4652 2683 4707 ad
2732 4650 3003 4721 quendam
3051 4656 3358 4705 senatorem
3406 4647 3469 4679 ³⁵²
3506 4648 3594 4702 his

1946 4743 2163 4798 verbis:
2218 4762 2244 4791 α
2295 4742 2349 4797 Si
2398 4727 2522 4811 quis
2570 4756 2778 4811 regum,
2825 4740 3195 4803 sacerdotum,
3234 4737 3481 4806 judicum
3530 4734 3594 4767 ³³³

1946 4838 2110 4900 atque
2177 4830 2503 4885 secularium
2572 4844 2926 4899 personarum
2984 4828 3123 4881 hanc
3180 4824 3592 4881 constitutionis

1946 4928 2151 4975 nostrae
2179 4921 2428 4989 paginam
2458 4932 2783 4989 agnoscens,
2817 4924 3008 4972 contra
3057 4930 3175 4971 eam
3221 4915 3407 4969 venire
3455 4920 3590 4968 tem-

1947 5010 2199 5079 ptaverit,
2223 5010 2511 5078 potestatis
2540 5008 2876 5076 honorisque
2906 5006 2990 5061 sui
3011 5005 3276 5075 dignitate
3298 5002 3361 5032 ³³⁵
3387 5007 3589 5066 careat,

1948 5112 2209 5167 reumque
2264 5112 2323 5151 se
2363 5097 2548 5152 divino
2601 5095 2813 5165 judicio
2870 5095 3105 5150 existere
3162 5094 3229 5148 de
3282 5096 3593 5161 perpetrata

1947 5186 2236 5255 iniquitate
2267 5193 2584 5255 cognoscat,
2617 5190 2673 5240 et
2704 5184 2807 5239 nisi
2838 5198 2902 5239 ea
2932 5197 3055 5253 quae
3079 5182 3147 5237 ab
3177 5181 3272 5237 illo
3301 5185 3429 5234 sunt
3455 5179 3593 5234 male

1574 5311 1796 5366 VARIIE
1852 5312 2131 5366 LECTION
2138 5312 2231 5365 ES.

282 5404 343 5435 ³²⁷
386 5408 706 5463 llermanno
754 5406 1006 5463 Mettensi
1055 5405 1139 5460 ed.
1238 5405 1303 5436 ηδ
1348 5420 1471 5461 cum
1523 5406 1572 5461 1.

215 5472 276 5546 ff?
300 5476 689 5544 imprudenter
731 5479 779 5532 1.
855 5476 920 5509 u‘
957 5476 1058 5532 niti
1114 5476 1281 5531 addit.
1336 5478 1573 5546 Regist.’

216 5542 277 5573 ³³⁸³
305 5542 473 5615 quam
510 5547 562 5601 1.
636 5548 701 5580 “°
725 5548 960 5603 limitare
996 5547 1043 5603 1.
1120 5546 1179 5577 “'
1214 5546 1356 5601 deest
1399 5542 1446 5601 1'.

1668 5407 1732 5438 ³²⁹
1778 5408 2049 5463 examinat
2103 5406 2150 5460 1.

1652 5478 1716 5510 ⁸³⁸
1764 5480 2018 5535 universa
2072 5478 2117 5533 1.

1523 5547 1586 5578 “’
1616 5549 1867 5604 abbatem
1900 5549 2047 5604 addit
2088 5549 2283 5616 Regist.

2247 5407 2311 5439 ³³⁰
2360 5408 2675 5475 corrumpat
2731 5404 2780 5460 1.
2882 5404 2939 5436 ³³⁸
2988 5405 3052 5459 Ν.
3109 5403 3173 5475 Ῑτί
3243 5402 3314 5475 λ³³έ
3360 5402 3488 5475 ideo
3541 5403 3591 5475 .1'

2215 5477 2279 5509 ³³⁸
2326 5478 2475 5533 domi
2529 5473 2596 5529 1.‘
2669 5475 2734 5506 ⁸³⁷
2781 5476 2923 5531 deest
2978 5476 3020 5528 l.
3117 5473 3181 5505 ³³⁸
3230 5473 3486 5529 fedelium
3540 5473 3588 5525 l.

2361 5548 2424 5579 ’“
2446 5547 2716 5618 judicium
2755 5547 2802 5603 1.
2880 5545 2944 5579 ³⁸⁸
2973 5546 3114 5601 deest
3159 5548 3205 5600 l.
