4014 6176
383 246 492 302 539

1447 245 1779 299 BRUNONIS
1814 243 2079 299 CLERICI
2120 244 2716 299 MAGDEBURGENSIS

3666 247 3773 302 ’640

382 372 565 428 ablata
594 371 922 438 restituerit,
973 370 1058 426 vel
1098 370 1261 441 digna
1310 370 1630 440 paenitentia
1677 368 1868 424 illicite
1916 365 2237 426 actaAsute
2269 370 2527 438 potestati
2559 370 2854 439 subjicere,
2896 384 2927 424 a
2978 384 3089 440 quo
3138 370 3316 426 credit
3354 383 3463 427 non
3501 371 3677 428 solum
3719 373 3772 427 in

385 459 685 526 deﬁeverit,
737 475 769 515 a
810 462 1179 516 sacratissimo
1218 473 1451 528 corpore
1508 473 1572 512 ac
1617 458 1883 527 sanguine
1930 459 2033 512 Do-

385 550 517 605 mini
584 550 951 619 redemptoris
1008 549 1181 603 uostri
1224 550 1351 602 Jesu
1390 547 1591 602 Christi
1649 547 1861 601 alienus
1917 546 2028 614 ﬁat,

2117 464 2283 523 terra,
2316 458 2412 512 sed
2445 459 2604 514 etiam
2657 459 2711 512 in
2764 458 2921 514 cmlis
2966 474 3025 515 se
3076 459 3233 529 ligari
3290 473 3451 529 posse
3490 466 3546 516 et
3595 460 3775 517 solvi?

2118 547 2266 611 Haec,
2291 548 2435 601 sicut
2466 547 2659 602 beatus
2681 548 2977 617 Gregorius
3008 548 3063 602 iu
3094 547 3326 617 epistola
3358 548 3427 603 ad
3466 549 3772 604 Mauritium

383 637 628 707 atquein
656 645 864 693 interno
895 638 1141 692 examine
1167 636 2028 705 districtzeultiouisuhjaeeat.»
2116 632 2503 704 imperatorem
2567 635 2779 691 directa
2834 644 3225 692 commemorat
3288 637 3461 708 (epist.
3523 652 3600 704 1v,
3658 636 3770 704 31),

385 727 540 795 Quod
570 728 615 782 si
650 728 842 781 beatus
879 726 1192 794 Gregorius,
1225 725 1425 780 doctor
1454 725 1642 793 utique
1692 724 2031 790 mitissimus,

391 831 569 886 reges,
603 816 695 885 qui
728 822 928 870 statuta
956 828 1052 868 sua
1092 828 1258 882 super
1297 828 1461 869 unum
1492 814 1895 869 xcnodochium
1925 815 2036 869 vio-

368 904 586 970 Jarent,
629 918 738 959 non
772 902 935 958 modo
965 902 1190 971 deponi,
1222 903 1320 957 sed
1366 904 1531 957 etiam
1573 903 2035 958 excommunicari

390 1000 555 1063 atque
579 993 632 1049 in
656 1000 864 1047 aeterno
894 991 1142 1046 examine
1173 991 1457 1061 dampnari
1488 992 1765 1058 decrevit;
1799 992 1924 1061 quis
1950 991 2034 1058 Μ,

393 1096 493 1137 nos
556 1082 870 1137 lleinricum
932 1078 1033 1147 “6,
1076 1094 1187 1136 non
1246 1080 1422 1136 solum
1462 1081 1890 1149 apostolicorum
1942 1083 2037 1150 ju-

389 1171 656 1226 diciorum
713 1176 1169 1239 contemptorem,
1214 1185 1396 1225 verum
1437 1171 1601 1226 etiam
1640 1171 1813 1240 ipsius
1852 1171 2040 1227 matris

392 1258 662 1324 ecclesiae,
703 1264 968 1328 quantum
1021 1260 1077 1313 in
1125 1260 1244 1328 ipso
1287 1266 1389 1325 est,
1440 1260 1904 1326 conculcatorem,
1957 1268 2040 1315 to-

390 1347 607 1416 tiusque
640 1348 790 1417 regni
825 1354 879 1402 et
909 1346 1265 1402 ecclesiarum
1313 1348 1773 1417 improbissimum
1826 1349 2043 1417 praedo-

390 1450 512 1491 nem
570 1442 624 1491 et
687 1436 1088 1491 atrocissimqu
1149 1437 1572 1503 destructorem,
1630 1439 1950 1507 deposuisse
1989 1445 2044 1494 et

389 1526 892 1581 excommunicasse
924 1525 1315 1594 reprehendat,
1358 1526 1461 1582 nisi
1492 1525 1634 1582 forte
1663 1527 1858 1582 similis
1886 1529 2041 1596 ejus;

395 1614 540 1669 sicut
568 1614 729 1669 beato
759 1615 922 1669 Petro
952 1613 1187 1669 docente
1219 1616 1572 1683 cognovimus
1602 1617 1656 1671 in
1697 1616 1928 1685 epistola
1975 1617 2045 1671 de

2117 725 2508 780 Constantinus
2565 740 2793 795 magnus
2847 726 3167 795 imperator,
3210 727 3451 781 omnium
3490 740 3682 797 regum
3720 734 3774 781 ct

2120 813 2429 883 principum
2471 812 2585 870 fere
2624 816 2794 870 totius
2840 814 2993 870 orbis
3042 814 3316 881 dominus,
3359 815 3647 871 evidenter
3683 817 3769 871 in-

2121 901 2394 971 telligens,
2449 903 2503 957 in
2552 909 2740 959 sancta
2796 902 3011 972 synodo
3058 903 3264 960 Nicena
3301 902 3365 932 ³³⁸
3404 911 3529 972 post
3580 917 3774 959 omnes

2122 990 2415 1060 episcopos
2462 990 2687 1047 ultimus
2733 992 3003 1058 residens,
3063 992 3265 1048 nulla’m
3307 992 3505 1062 judicii
3550 999 3773 1048 senten-

2124 1078 2251 1134 tiam
2281 1094 2448 1149 super
2476 1078 2538 1109 ³⁵³
2568 1094 2665 1135 eos
2695 1080 2825 1135 dare
2875 1081 3246 1150 praesumpsit,
3296 1081 3393 1136 sed
3435 1081 3562 1137 illos
3611 1082 3773 1137 etiam

2122 1166 2257 1222 deos
2286 1181 2506 1233 vocans,
2550 1182 2661 1224 non
2700 1182 2800 1223 suo
2840 1168 3043 1224 debere
3069 1170 3293 1225 subesse
3318 1168 3551 1238 judicio,
3585 1184 3773 1225 verum

2123 1271 2180 1310 se
2219 1257 2287 1310 ab
2325 1256 2542 1313 illorum
2584 1258 2827 1326 pendere
2857 1258 3087 1315 arbitrio
3121 1258 3409 1328 judicavit.
3439 1257 3772 1329 supradicto

2125 1358 2345 1413 quoque
2384 1345 2669 1401 Anastasio
2699 1346 3018 1415 imperatori
3060 1346 3379 1415 prmlibatus
3426 1360 3566 1416 papa
3611 1345 3772 1401 Cela-

2127 1432 2240 1486 sius
2282 1433 2638 1502 persuadens,
2681 1448 2748 1489 ne
2779 1434 2871 1489 ille
2902 1434 3204 1490 intimatam
3249 1435 3365 1489 suis
3393 1434 3653 1490 sensibus
3681 1448 3771 1489 ve-

2130 1520 2343 1575 ritatem
2409 1522 2772 1577 arbitraretur
2836 1521 3129 1592 injuriam,
3186 1522 3481 1579 subintulit
3539 1523 3769 1578 dicens:

2132 1628 2160 1660 ι(
2193 1611 2307 1664 Duo
2338 1617 2465 1664 sunt
2503 1612 2729 1680 quippe,
2762 1611 3062 1682 imperator
3098 1618 3348 1681 auguste,
3382 1612 3586 1682 quibus
3625 1613 3776 1682 prin~

395 1703 745 1758 ordinatione
775 1703 1089 1769 Clementis,
1132 1704 1188 1758 in
1220 1718 1326 1773 qua
1356 1706 1436 1760 sic
1476 1706 1587 1760 ait:
1622 1727 1649 1755 «
1682 1706 1736 1760 Si
1762 1708 1887 1776 quis
1914 1696 2379 1767 ami-Bcipaliter
2408 1699 2498 1755 hic
2539 1700 2775 1756 mundus
2812 1702 3041 1771 regitur,
3081 1701 3382 1757 auctoritas
3410 1708 3603 1757 sancta
3631 1716 3771 1771 pon-

403 1806 501 1846 cus
538 1790 704 1847 fuerit
746 1792 852 1858 his,
895 1792 1095 1861 quibus
1133 1794 1249 1862 ipse
1292 1823 1363 1832 —
1414 1793 1481 1850 de
1526 1794 1721 1849 eodem
1767 1795 2044 1851 Clemente

401 1881 593 1936 dicens
624 1911 695 1920 —
723 1894 833 1936 non
866 1881 1128 1951 loquitur,
1171 1896 1311 1938 unus
1340 1890 1423 1938 est
1461 1890 1516 1937 et
1543 1884 1658 1952 ipse
1689 1898 1755 1939 ex
1786 1884 1915 1950 illis,
1950 1885 2045 1954 qui

394 1968 760 2024 exterminare
798 1969 894 2024 Dei
934 1970 1222 2025 ecclesiam
1270 1971 1494 2037 volunt;
1549 1978 1603 2026 et
1650 1986 1773 2027 cum
1812 1986 2046 2042 corpore

286 2080 295 2089 ι
394 2057 679 2115 nobiscum
712 2072 832 2113 esse
885 2058 1121 2125 videtur,
1162 2065 1343 2114 mente
1387 2067 1441 2115 et
1486 2061 1667 2115 animo
1715 2068 1908 2116 contra
1946 2075 2049 2117 nos

396 2152 501 2213 est,
534 2151 589 2202 et
629 2152 712 2201 est
761 2147 933 2203 multo
983 2148 1217 2217 nequior
1254 2149 1429 2203 hostis
1469 2150 1577 2215 hic,
1620 2164 1778 2218 quam
1810 2150 1912 2217 illi,
1952 2149 2046 2220 qui

396 2234 533 2290 foris
561 2242 690 2289 sunt
727 2242 782 2290 et
820 2236 1103 2292 evidenter
1138 2237 1368 2294 inimici.
1420 2255 1446 2288 ιο
1500 2237 1598 2292 llic
1649 2238 1792 2293 enim
1841 2238 1904 2269 ³³⁷
1950 2252 2049 2308 per

391 2323 753 2378 amicitiarum
792 2324 1033 2392 speciem
1064 2339 1186 2393 quae
1226 2325 1448 2380 inimica
1488 2331 1617 2381 sunt
1654 2327 1815 2395 gerit,
1866 2332 1921 2382 et
1959 2341 2048 2382 ec-

393 2410 616 2467 clesiam
669 2412 938 2482 dispergit
976 2427 1040 2468 ac
1089 2420 1281 2470 vastat.
1313 2416 1452 2469 Nota
1484 2428 1636 2484 ergo,
1669 2415 1969 2482 carissime,
2001 2417 2049 2471 si

397 2517 542 2569 eum,
571 2502 666 2572 qui
695 2501 937 2557 amicitia
965 2501 1048 2556 vel
1081 2502 1360 2573 colloquio
1391 2504 1497 2570 his,
1530 2503 1732 2572 quibus
1770 2519 1910 2574 papa
1946 2519 2049 2574 pro

395 2591 614 2645 actibus
643 2590 758 2645 suis
786 2604 1009 2645 aversus
1040 2590 1102 2621 ³³⁸
1141 2598 1244 2657 est,
1294 2592 1617 2659 associatur,
1661 2598 1767 2647 tam
1815 2593 2053 2663 graviter

392 2678 641 2748 judicat:
695 2685 898 2747 quanta
946 2678 1097 2734 illum
1148 2680 1346 2750 ipsum,
1399 2681 1488 2735 cui
1528 2694 1628 2749 pro
1675 2682 1890 2736 actibus
1936 2683 2052 2738 suis

396 2781 620 2822 aversus
650 2766 713 2797 ³³⁸
744 2773 846 2835 cst,
898 2768 1369 2824 animadversione
1417 2768 1696 2839 dampnat.
1738 2771 1845 2825 Sed
1884 2775 1946 2827 ut
1982 2771 2050 2827 ad

397 2871 512 2912 rem
553 2857 860 2923 redeamus,
894 2858 1042 2913 itane
1072 2858 1311 2928 dignitas
1340 2872 1369 2914 a
1400 2858 1747 2915 secularibus
1786 2867 1842 2916 et
1881 2862 2051 2915 Deum

396 2946 782 3015 ignorantibus
839 2946 1078 3013 inventa,
1139 2960 1249 3003 non
1306 2947 1634 3017 subjiciatur
1689 2949 1740 3003 ei
1799 2948 2050 3018 dignitati

2128 1787 2331 1842 tiﬁcum
2364 1796 2419 1843 et
2449 1790 2648 1860 regalis
2679 1795 2962 1860 potestas;
3003 1789 3060 1846 in
3109 1789 3309 1860 quibus
3356 1796 3510 1846 tanto
3558 1791 3776 1861 gravius

2129 1882 2213 1931 est
2251 1877 2468 1945 pondus
2497 1877 2864 1944 sacerdotum,
2898 1884 3159 1947 quantum
3197 1879 3362 1936 etiam
3393 1893 3494 1949 pro
3523 1879 3664 1949 ipsis
3692 1894 3776 1935 re—

2128 1964 2289 2035 gibus
2327 1965 2606 2021 hominum
2664 1967 2721 2020 in
2778 1966 2964 2022 divino
3015 1966 3286 2023 reddituri
3343 1974 3472 2022 sunt
3526 1966 3775 2023 examine

2131 2054 2423 2111 rationem.
2469 2076 2494 2104 ι»
2528 2056 2594 2110 Et
2626 2056 2817 2124 paucis
2853 2054 3199 2125 interpositis
3253 2056 3470 2126 inquit:
3534 2075 3566 2109 α
3622 2057 3774 2112 Nosti

2130 2144 2317 2213 itaque
2373 2145 2518 2199 inter
2564 2143 2685 2199 haac
2731 2144 2950 2200 illorum
2991 2152 3044 2200 te
3092 2144 3335 2214 pendere
3377 2142 3613 2214 judicio,
3664 2159 3773 2200 non

2131 2231 2257 2286 illos
2294 2231 2362 2286 ad
2403 2239 2549 2287 tuam
2596 2232 2735 2287 velle
2774 2232 2837 2263 ³⁸⁸
2876 2232 3050 2302 redigi
3097 2232 3453 2291 voluntatem.
3496 2252 3522 2283 ››
3558 2233 3778 2288 Talibus

2133 2334 2263 2389 ergo
2292 2320 2561 2375 institutis
2612 2320 2920 2390 talibusque
2959 2319 3083 2375 fulti
3119 2320 3567 2386 auctoritatibus,
3610 2320 3773 2391 pleri-

2133 2422 2239 2478 que
2266 2408 2584 2478 pontiﬁcum
2614 2408 2708 2465 alii
2738 2424 2916 2479 reges,
2950 2408 3043 2465 alii
3073 2409 3437 2479 imperatores
3465 2424 3777 2467 excommu-

2134 2498 2472 2553 nicaverunt.
2506 2500 2635 2554 Nam
2659 2498 2704 2553 si
2735 2498 2975 2568 speciale
3004 2497 3227 2568 aliquod
3257 2498 3326 2554 de
3348 2499 3605 2569 personis
3632 2499 3780 2569 prin-

2134 2588 2315 2657 cipum
2392 2587 2706 2657 requiratur
2769 2586 3097 2657 exemplum,
3165 2588 3359 2644 beatus
3421 2590 3779 2645 Innocentius

2135 2690 2274 2745 papa
2320 2676 2650 2731 Archadium
2708 2676 3114 2746 imperatorem,
3174 2677 3303 2746 quia
3357 2678 3660 2744 consensit,
3717 2684 3779 2732 ut

2133 2771 2358 2818 sanctus
2392 2756 3072 2821 Johannes'Crisostomus
3109 2765 3172 2795 ³⁵⁷
3211 2780 3242 2820 a
3281 2765 3412 2820 sede
3461 2780 3560 2820 sua
3602 2765 3779 2836 pelle-

2136 2858 2308 2919 retur,
2350 2854 2860 2911 excommunicavit.
2901 2854 3055 2910 Alius
3102 2855 3235 2910 item
3271 2856 3551 2910 Romanus
3589 2854 3784 2925 ponti-

2135 2940 2223 2996 fex
2259 2940 2324 2971 ³⁵⁸
2352 2956 2533 3012 regem
2573 2944 2926 3009 Francorum,
2968 2956 3078 2998 non
3110 2948 3218 2998 tam
3249 2956 3350 3012 pro
3382 2944 3499 2999 suis
3525 2944 3790 3013 iniquita-

396 3046 558 3101 quam
625 3033 1023 3102 omnipotentis
1090 3034 1184 3089 Dei
1254 3035 1599 3104 providentia
1663 3036 1732 3091 ad
1790 3036 2054 3092 honorem
2088 3027 2310 3097 Ctibus,
2353 3045 2514 3100 quam
2555 3046 2655 3101 pro
2696 3045 2762 3088 eo
2802 3031 2952 3101 quod
3000 3038 3165 3088 tantae
3213 3032 3476 3101 potestati
3515 3046 3629 3089 non
3668 3037 3787 3088 erat

400 3134 557 3175 suum
634 3120 840 3175 invenit
914 3120 1229 3189 mundoque
1305 3123 1740 3179 misericorditer
1811 3125 2058 3181 tribuit?

400 3210 570 3276 Cujus
608 3207 753 3263 ﬁlius
782 3208 926 3264 sicut
974 3210 1117 3264 Deus
1155 3217 1210 3264 et
1258 3210 1422 3266 homo
1470 3211 1847 3267 indubitanter
1884 3213 2058 3268 credi-

400 3307 492 3353 tur
530 3296 615 3364 ³³9,
658 3298 733 3352 ita
771 3312 1015 3353 summus
1053 3299 1335 3366 sacerdos,
1376 3308 1541 3371 caput
1591 3303 1833 3358 omnium
1881 3317 2060 3359 sacer-

403 3386 615 3452 dotum,
658 3386 727 3441 ad
778 3386 1057 3442 dexteram
1116 3389 1294 3443 Patris
1348 3390 1568 3456 sedens,
1628 3399 1682 3446 et
1742 3406 1840 3461 pro
1898 3392 2059 3448 nobis

401 3490 621 3545 semper
648 3475 1010 3545 interpellans
1057 3477 1310 3544 habetur,
1362 3479 1457 3547 qui
1504 3479 1753 3536 seculare
1807 3496 2054 3550 regnum,

402 3565 549 3620 unde
589 3564 685 3619 ﬁlii
725 3565 898 3619 seculi
938 3570 1169 3633 tument,
1215 3567 1467 3637 despexit
1507 3576 1560 3624 et
1590 3570 1657 3624 ad
1688 3570 2057 3626 sacerdotium

400 3655 585 3711 crucis
614 3662 954 3722 spontaneus
980 3656 1149 3711 venit.
1180 3657 1312 3723 Quis
1351 3659 1580 3724 nesciat,
1623 3673 1781 3729 reges
1805 3666 1860 3714 et
1890 3660 2060 3716 duces

395 3744 463 3798 ab
494 3744 581 3798 his
609 3743 672 3774 3“
701 3743 957 3799 habuisse
988 3745 1339 3814 principium,
1392 3747 1486 3816 qui
1520 3749 1688 3802 Deum
1728 3748 2054 3819 ignorantes

402 3833 685 3902 superbia,
755 3834 984 3900 rapinis,
1054 3834 1304 3902 perﬁdia,
1376 3835 1708 3902 homicidiis,
1780 3844 2058 3907 postremo

342 3962 347 3969 .
405 3919 679 3974 universis
716 3933 856 3988 pene
894 3919 1218 3987 sceleribus,
1269 3923 1457 3978 mundi
1507 3925 1755 3994 principe
1804 3926 2060 3982 videlicet

405 4010 463 4037 πί
526 4006 747 4062 diabolo
798 4008 1059 4078 agitante,
1100 4024 1268 4078 super
1323 4025 1503 4080 pares,
1553 4014 1767 4069 scilicet
1822 4015 1905 4078 ³⁵¹,
1966 4016 2062 4071 ho-

408 4097 584 4152 mines
630 4096 714 4162 ⁸³⁸,
773 4095 1041 4152 dominari
1100 4112 1246 4154 caeca
1302 4101 1563 4170 cupidine
1619 4108 1676 4157 et
1724 4103 2060 4159 intolerabili

411 4185 838 4255 praesumptione
876 4184 1309 4243 atfectaverunt?
1359 4190 1458 4256 Qui
1489 4189 1765 4257 videlicet,
1808 4191 1937 4247 dum
1977 4207 2061 4247 sa-

410 4273 664 4330 cerdotes
692 4275 907 4330 Domini
937 4275 1005 4331 ad
1030 4276 1256 4347 vestigia
1286 4292 1385 4333 sua
1406 4278 1673 4334 inclinare
1695 4280 2059 4348 contendunt,

2141 3118 2205 3149 ³³⁸
2245 3118 2418 3185 utilis,
2453 3133 2484 3175 a
2524 3134 2693 3188 regno
2726 3120 3002 3189 deposuit,
3038 3127 3093 3174 et
3113 3120 3363 3189 Pipinum
3390 3121 3579 3179 Karoli
3610 3122 3789 3190 Magni

2142 3207 2492 3276 imperatoris
2521 3216 2726 3277 patrem
2755 3208 2812 3262 in
2842 3209 2962 3277 ejus
2991 3208 3115 3263 loco
3144 3207 3450 3276 substituit,
3483 3222 3789 3278 omnesque

2143 3297 2507 3366 Francigenas
2535 3311 2564 3350 a
2590 3299 2902 3366 jurameuto
2933 3297 3214 3355 ﬁdelitatis
3244 3297 3392 3367 quod
3432 3297 3514 3352 illi
3545 3297 3793 3353 fecerant

2142 3385 2393 3440 absolvit.
2451 3385 2605 3452 Quod
2647 3387 2811 3442 etiam
2849 3400 2916 3441 ex
2952 3384 3227 3456 frequenti
3274 3388 3601 3443 auctoritate
3639 3400 3792 3456 saepe

2141 3474 2253 3543 agit
2290 3473 2522 3529 ecclesia
2570 3481 2778 3540 sancta,
2822 3489 2943 3531 cum
2985 3475 3187 3531 milites
3224 3474 3460 3530 absolvit
3494 3490 3525 3531 a
3563 3475 3790 3532 vinculo

2137 3563 2472 3632 juramenti;
2515 3563 2664 3631 quod
2702 3562 2905 3619 factum
2936 3571 3020 3619 cst
3058 3564 3144 3618 his
3181 3564 3480 3633 episcOpis,
3512 3564 3607 3633 qui
3651 3577 3791 3633 apo-

2141 3650 2336 3706 stolica
2385 3651 2711 3706 auctoritate
2759 3666 2791 3706 a
2839 3652 3141 3721 pontiﬁcali
3187 3652 3362 3721 gradu
3409 3652 3788 3722 deponuntur.

2142 3742 2209 3796 Et
2237 3741 2429 3795 beatus
2466 3740 2786 3795 Ambrosius
2832 3740 2963 3796 licet
2999 3748 3239 3806 sanctus,
3284 3754 3393 3797 non
3445 3748 3620 3797 tamen
3661 3743 3794 3797 uni-

2142 3830 2367 3885 versalis
2396 3830 2645 3885 ecclesiaa
2674 3830 2989 3899 episcopus,
3032 3844 3132 3899 pro
3172 3830 3334 3899 culpa
3370 3844 3494 3900 quae
3531 3830 3650 3886 aliis
3683 3845 3793 3886 sa-

2142 3919 2463 3974 cerdotibus
2502 3932 2609 3973 non
2652 3918 2792 3974 adeo
2835 3919 3015 3989 gravis
3060 3919 3369 3985 videbatur,
3419 3919 3796 3976 Theodosium

2143 4022 2394 4078 magnum
2462 4007 2850 4077 imperatorem
2902 4008 3381 4065 excommunicans
3431 4010 3499 4064 ab
3554 4008 3800 4066 ecclesia

2144 4096 2397 4152 exclusit.
2428 4096 2583 4164 Quod
2616 4097 2777 4153 etiam
2809 4097 2865 4152 in
2905 4098 3021 4154 suis
3058 4099 3284 4167 scriptis
3330 4099 3590 4167 ostendit,
3632 4100 3799 4167 quod

2144 4198 2336 4240 aurum
2367 4198 2477 4241 non
2508 4186 2583 4240 ita
2614 4186 2912 4255 pretiosius
2936 4187 3009 4241 sit
3040 4186 3283 4256 plumbo,
3316 4200 3479 4256 quam
3508 4188 3654 4258 regia
3687 4200 3803 4256 po-

2146 4280 2343 4329 testate
2400 4274 2565 4328 altior
2621 4275 2693 4329 sit
2744 4275 2985 4345 dignitas
3032 4274 3411 4342 sacerdotalis,
3470 4276 3574 4331 hoc
3620 4278 3805 4333 modo

408 4365 496 4419 cui
537 4365 744 4419 rectius
772 4372 1181 4434 comparantur,
1214 4382 1376 4436 quam
1420 4368 1471 4422 ei
1516 4368 1580 4398 ³⁵²
1626 4369 1721 4437 qui
1769 4374 1861 4425 est
1899 4353 2298 4440 caputDCit'ca
2328 4362 2656 4432 principium
2697 4363 2781 4417 sui
2824 4362 3117 4433 pastoralis
3161 4363 3447 4419 scribens:
3501 4382 3530 4415 «
3576 4366 3802 4431 Honor,

410 4467 577 4521 super
642 4466 832 4508 omnes
870 4452 1033 4522 [ﬁlios
1084 4454 1382 4523 superbiae,
1433 4455 1527 4523 qui
1574 4456 1753 4525 ipsum
1792 4472 2059 4514 summum

410 4541 745 4610 pontiﬁcem,
805 4541 1153 4597 sacerdotum
1211 4549 1396 4612 caput,
1455 4543 1717 4599 Altissimi
1774 4545 1839 4577 ⁸⁸³
1895 4546 2065 4601 ﬁlium

409 4630 473 4661 ³⁵³
504 4634 797 4700 temptans,
829 4641 884 4685 et
922 4631 1107 4687 omnia
1155 4631 1236 4686 illi
1284 4632 1474 4689 mundi
1523 4647 1690 4704 regna
1740 4636 2068 4705 promittens

407 4720 521 4775 alt:
558 4739 585 4771 ‹‹
618 4722 748 4776 Haec
787 4720 973 4776 omnia
999 4721 1100 4777 tibi
1140 4721 1305 4787 dabo,
1347 4721 1394 4776 si
1426 4722 1725 4791 procidens
1752 4725 2068 4781 adoraveris

407 4822 493 4863 me
521 4815 532 4863 ε
569 4829 595 4859 ι
621 4807 829 4878 (Matth.
864 4824 942 4878 1v,
971 4808 1055 4880 9.)
1085 4809 1217 4876 Quis
1246 4809 1490 4878 dubitet,
1518 4813 1837 4869 sacerdotes
1864 4809 2065 4870 Christi

411 4911 597 4966 regum
642 4902 697 4952 et
736 4898 1046 4967 principum
1094 4899 1451 4969 omniumque
1501 4899 1740 4957 ﬁdelium
1790 4908 1974 4972 patres
2012 4909 2068 4959 et

411 4986 704 5056 magistros
731 4988 990 5043 censeri?
1039 5001 1221 5043 nonne
1279 4988 1610 5044 miserabilis
1662 4990 1888 5046 insania:
1945 5005 2066 5047 esse

410 5075 786 5145 cognoscitur,
831 5077 878 5131 si
928 5075 1072 5132 filius
1124 5082 1355 5147 patrem,
1397 5077 1701 5147 discipulus
1749 5081 2064 5150 magistrum

412 5165 515 5220 sibi
537 5164 892 5237 coneturjsub
907 5166 1124 5236 jugare,
1149 5172 1204 5222 et
1232 5166 1438 5236 iniquis
1460 5167 1894 5238 obligationihus
1913 5170 2065 5226 illum

2146 4451 2361 4517 fratres,
2391 4459 2445 4507 et
2473 4452 2782 4509 sublimitas
2808 4453 3140 4523 episcopalis
3178 4453 3345 4509 nullis
3384 4454 3584 4523 poterit
3627 4467 3804 4512 com-

2150 4541 2529 4612 parationibus
2573 4541 2875 4611 adaquari.
2923 4542 2979 4599 Si
3026 4556 3214 4612 regum
3255 4542 3454 4613 fulgori
3503 4557 3807 4612 compares

2150 4636 2206 4687 et
2244 4631 2553 4702 principum
2592 4629 2909 4696 diademati,
2965 4630 3127 4702 longe
3175 4631 3282 4687 erit
3326 4630 3573 4698 inferius,
3620 4644 3803 4701 quam

2150 4722 2196 4777 si
2246 4720 2454 4790 plumbi
2503 4719 2781 4776 metallum
2837 4719 2904 4776 ad
2970 4720 3088 4775 auri
3149 4718 3418 4791 fulgorem
3468 4734 3804 4791 compares;

2149 4811 2354 4881 quippe
2383 4823 2506 4865 cum
2534 4809 2722 4865 videas
2764 4822 2953 4880 regum
2999 4809 3142 4866 colla
3179 4817 3237 4866 et
3277 4810 3604 4881 principum,
3641 4824 3810 4868 sum-

2149 4900 2291 4957 mitti
2320 4899 2554 4970 genibus
2580 4897 2950 4966 sacerdotum,
2982 4904 3037 4955 et
3074 4899 3389 4956 exosculata
3427 4912 3615 4957 eorum
3656 4898 3814 4959 dex-

2151 4998 2287 5056 tera,
2339 5001 2529 5044 eorum
2577 5001 2637 5042 se
2684 4987 2913 5043 credant
2960 4989 3306 5044 orationibus
3363 4988 3712 5044 communiri.
3776 5010 3808 5041 ι»

2151 5081 2217 5135 Et
2267 5085 2391 5148 post
2436 5090 2646 5146 pauca:
2698 5092 2728 5129 tt
2784 5076 2913 5131 Haec
2958 5082 3176 5144 cuncta,
3229 5074 3447 5143 fratres,
3498 5076 3625 5133 ideo
3700 5090 3818 5136 nos

2148 5167 2479 5239 praemisisse
2527 5163 2743 5220 debetis
2778 5176 3103 5233 agnoscere,
3135 5170 3196 5220 ut
3233 5164 3677 5232 ostenderemus,
3712 5168 3813 5223 ni-

1776 5287 1999 5367 VAerE
2060 5285 2341 5342 LECTION
2347 5283 2444 5337 ES.

488 5377 757 5448 1m‘quill.
831 5378 895 5448 ἕω
940 5380 1007 5434 Ν.
1061 5378 1110 5435 1.
1207 5378 1270 5410 ³⁵⁷
1318 5381 1384 5436 Ν.
1441 5379 1487 5437 1.

421 5520 550 5574 licet
583 5518 729 5575 addit
758 5521 886 5589 Reg.
962 5518 1025 5553 ³³⁵
1054 5518 1197 5578 deest
1232 5522 1281 5579 l.

1583 5380 1648 5412 ³³⁸
1681 5381 1959 5454 adversus
1981 5386 2124 5454 ,Reg.

419 5446 734 5524 ῗῗῖιιεέθέλο
770 5446 873 5524 ᾲ⁸⁸³
901 5449 1043 5524 deget
1070 5448 1125 5524 _2.
1202 5449 1267 5524 ³ξ⁴
1294 5452 1350 5507 in
1381 5464 1517 5507 cena
1549 5448 1599 5508 ι.
1674 5452 1738 5484 ⁸⁸⁸
1767 5468 1932 5524 supra
1974 5453 2023 5510 l.
2070 5446 2164 5486 ’³⁸⁸
2215 5450 2343 5508 velli
2396 5450 2443 5505 l.

2225 5379 2291 5412 N
2339 5377 2518 5435 credit
2570 5376 2617 5433 l.
2710 5376 2775 5409 ³⁸⁸
2820 5377 2891 5433 ab
2928 5376 3015 5433 his
3051 5377 3237 5433 deem
3294 5378 3341 5435 l.
3440 5377 3499 5411 ³³¹
3545 5377 3694 5433 deest
3740 5381 3806 5436 2.

2536 5446 2599 5480 ⁸⁸⁷
2652 5447 2995 5506 crisostimus
3056 5442 3106 5503 l.
3198 5442 3262 5479 ³⁸⁸
3307 5446 3595 5506 Zacharias
3632 5448 3811 5507 vide-
