4014 6176
311 290 401 345 541

1626 283 1710 338 ns
1749 283 1962 338 BELLO
1999 268 2342 337 Saxonum.

3564 290 3673 345 542

309 415 409 471 chil
457 422 578 469 esse
624 414 682 467 in
731 412 836 468 hoc
883 410 1071 467 seculo
1121 408 1503 465 sacerdotibus
1550 406 2164 474 excellentius,Aalios
2201 404 2485 476 tyrannice
2524 405 2860 475 Opprimunt.
2906 407 2973 462 iii
3011 410 3124 463 veri
3166 412 3309 479 regis
3336 414 3558 483 Christi,
3590 417 3670 472 illi

309 498 468 560 nichil
497 500 788 558 sublimius
807 501 1085 571 episcopis
1109 498 1363 569 reperiri.
1389 514 1416 549 »
1443 494 1750 552 Meminisse
1776 497 1940 553 etiam

309 593 466 649 debet
495 591 809 647 fraternitas
840 600 951 658 tua,
992 590 1120 660 quia
1158 591 1332 658 major
1370 592 1614 657 potestas
1652 586 1941 641 exorcistte

308 680 642 745 conceditur,
685 692 809 735 cum
855 678 1158 749 spiritualis
1200 677 1498 746 imperator
1533 674 1601 729 ad
1641 675 1944 745 abigendos

307 769 581 826 daemones
626 768 1003 834 constituitur,
1054 779 1218 837 quam
1267 765 1430 821 alicui
1479 763 1742 819 laicorum
1780 777 1944 819 causa

306 857 564 914 secularis
611 856 1003 913 dominationis
1050 855 1217 910 tribui
1267 854 1459 924 possit.
1500 853 1764 909 Omnibus
1802 852 1946 922 regi-

307 949 404 1004 bus
451 959 650 1017 nempe
697 951 751 1001 et
798 945 1142 1015 principibus
1187 950 1372 1010 terrae,
1414 943 1508 1013 qui
1548 942 1803 1013 religiose
1834 955 1943 997 non

305 1038 506 1103 vivunt,
548 1041 603 1091 et
649 1036 706 1091 in
753 1033 818 1068 “°
863 1033 1077 1090 actibus
1113 1033 1228 1088 suis
1266 1034 1433 1088 Deum
1464 1039 1525 1088 ut
1562 1037 1801 1101 Oportet,
1834 1044 1945 1086 non

306 1128 572 1191 metuunt,
606 1124 885 1180 daemones
928 1123 1035 1178 heu
1074 1121 1214 1191 proh
1245 1120 1442 1178 dolor!
1479 1121 1851 1186 dominantur,
1892 1125 1949 1176 et

307 1215 500 1269 misera
547 1214 810 1268 servitute
858 1210 1219 1266 confundunt.
1253 1209 1410 1265 Tales
1438 1210 1580 1265 enim
1624 1223 1731 1265 non
1762 1209 1948 1264 divino

304 1302 453 1358 ducti
493 1314 702 1368 amore,
751 1301 894 1356 sicut
932 1299 1176 1369 religiosi
1219 1298 1536 1354 sacerdotes
1574 1298 1643 1353 ad
1682 1298 1949 1353 honorem

305 1391 397 1446 Dei
435 1396 494 1445 et
532 1390 823 1445 utilitatem
880 1388 1181 1443 animarum
1238 1401 1475 1457 praeesse
1533 1388 1791 1456 cupiunt,
1851 1386 1947 1441 sed

305 1487 362 1535 ut
408 1478 812 1535 intolerabilem
852 1477 1167 1546 superbiam
1197 1482 1475 1532 ostentent
1510 1477 1787 1545 animique
1826 1474 1951 1531 libi.

305 1568 491 1623 dinem
540 1567 814 1637 expleant,
849 1566 1050 1621 ceteris
1096 1565 1367 1621 dominari
1405 1565 1683 1620 affectant.
1727 1567 1799 1619 De
1830 1563 1951 1633 qui-

306 1659 404 1713 bus
442 1656 638 1712 beatus
683 1655 1018 1727 Augustinus
1064 1654 1121 1710 in
1168 1653 1310 1710 libro
1358 1655 1536 1724 primo
1584 1654 1651 1709 de
1700 1654 1950 1709 doctrina

2025 509 2154 551 vero
2184 494 2390 550 diaboli
2420 507 2623 563 corpus
2650 501 2798 549 sunt.
2848 494 2942 550 lsti
2989 496 3057 551 ad
3097 495 3204 551 hoc
3233 500 3339 554 sibi
3378 502 3667 573 imperant,

2025 590 2085 640 ut
2128 598 2251 640 cum
2280 582 2343 615 seu
2389 596 2601 638 summo
2650 583 2980 652 imperatore
3028 586 3363 642 aeternaliter
3400 600 3667 661 regnent;

2024 672 2247 727 illorum
2296 685 2426 727 vero
2467 671 2523 725 id
2572 677 2819 740 potestas
2863 673 2994 742 agit,
3046 680 3104 727 ut
3153 688 3275 729 cum
3325 678 3671 736 tenebrarum

2028 762 2297 830 principe,
2340 760 2433 829 qui
2484 774 2582 815 rex
2622 766 2706 816 est
2752 775 2919 830 super
2965 774 3156 818 omnes
3198 763 3340 819 ﬁlios
3376 769 3672 837 superbiae,

2028 856 2233 905 teterna
2290 849 2680 918 dampnatione
2747 849 3084 918 dispereant.
3151 854 3262 908 Nec
3326 853 3483 910 valde
3546 871 3676 914 sane

2027 938 2333 994 mirandum
2396 944 2499 1006 est,
2559 938 2706 1007 quod
2765 939 2891 994 mali
2952 941 3239 1008 pontiﬁces
3291 943 3483 1014 iniquo
3536 948 3675 1017 regi,

2029 1042 2191 1098 quem
2221 1027 2438 1096 adeptis
2486 1027 2625 1083 male
2675 1042 2774 1098 per
2811 1043 2931 1085 eum
2974 1029 3278 1086 honoribus
3307 1031 3543 1104 diligunt
3571 1049 3681 1091 me-

2030 1124 2300 1186 tuuntquc
2334 1115 2421 1182 3“,
2471 1118 2864 1186 consentiunt;
2916 1119 3010 1188 qui
3057 1119 3354 1177 simoniace
3401 1123 3682 1192 quoslibet

2031 1205 2380 1270 ordinando,
2440 1206 2609 1259 Deum
2658 1220 2758 1274 pro
2808 1207 2900 1261 vili
2958 1210 3121 1264 etiam
3180 1211 3359 1280 pretio
3415 1213 3679 1268 vendunt.

2031 1297 2162 1351 Nam
2201 1295 2345 1349 sicut
2374 1292 2536 1349 electi
2567 1294 2896 1350 insolubiter
2924 1296 2987 1327 ³⁶⁷
3035 1312 3136 1353 suo
3184 1300 3351 1369 capiti
3393 1302 3679 1369 uitiantur,

2031 1385 2107 1439 ita
2154 1388 2209 1439 et
2256 1383 2478 1452 reprobi
2527 1383 2757 1438 maxime
2804 1392 2999 1440 contra
3026 1386 3224 1454 bonos,
3254 1389 3302 1444 ei
3336 1390 3429 1458 qui
3460 1391 3681 1448 malitia;

2032 1479 2198 1544 caput
2251 1481 2374 1541 est,
2435 1473 2793 1543 pertinaciter
2846 1474 3204 1534 fmderantur.
3274 1481 3477 1536 Contra
3542 1494 3684 1551 quos

2033 1562 2282 1633 profecto
2327 1576 2437 1617 non
2488 1567 2595 1617 tam
2645 1563 3026 1620 disserendum
3053 1608 3066 1631 ,
3118 1581 3280 1635 quam
3330 1583 3430 1637 pro
3475 1571 3556 1625 eis
3598 1578 3684 1627 est

2032 1651 2338 1707 lacrimosis
2385 1651 2695 1720 planctibus
2740 1653 3156 1722 ingemendum,
3218 1662 3277 1709 ut
3333 1659 3685 1728 omnipotens

305 1745 604 1801 christiana
633 1743 771 1800 dicit
810 1763 823 1799 :
879 1763 903 1792 α
937 1745 1068 1798 Cum
1096 1757 1229 1799 vero
1267 1742 1428 1799 etiam
1456 1744 1556 1809 eis,
1596 1743 1689 1812 qui
1719 1742 1825 1798 sibi
1856 1744 2017 1802 na-B
2038 1742 2182 1796 Deus
2206 1740 2331 1795 illos
2357 1753 2388 1793 a
2419 1739 2630 1808 laqueis
2667 1740 2917 1795 Sathanze
2948 1730 3149 1809 quibus
3189 1743 3388 1811 captivi
3428 1750 3686 1801 tenentur

306 1834 559 1890 turaliter
588 1846 749 1904 pares
778 1834 925 1899 sunt,
957 1832 1063 1887 hoc
1093 1838 1177 1888 est
1221 1831 1553 1898 hominibus,
1587 1832 1818 1901 quilibet
1855 1831 1956 1887 do-

307 1923 501 1978 minari
521 1922 824 1988 alfectatur,
848 1920 1214 1976 intolerabilis
1261 1922 1485 1976 omnino
1515 1921 1772 1989 superbia
1794 1926 1947 1976 est.»

306 2013 479 2067 Porro
518 2017 696 2067 autem
738 2011 1050 2077 exorcistae,
1083 2014 1144 2065 ut
1186 2008 1442 2076 diximus,
1475 2023 1638 2078 supra
1673 2009 1955 2064 daemones

306 2114 336 2155 a
373 2101 489 2157 Deo
532 2099 820 2170 imperium
849 2098 1090 2164 habent;
1133 2102 1341 2166 quanto
1384 2097 1553 2167 igitur
1589 2096 1759 2167 magis
1788 2108 1956 2165 super

305 2200 424 2256 eos,
459 2188 552 2259 qui
591 2187 934 2243 dwmonibus
970 2185 1205 2256 subjecti
1236 2190 1291 2241 et
1327 2186 1569 2240 membra
1598 2190 1725 2240 sunt
1754 2185 1959 2241 daemo-

306 2282 480 2333 num?
535 2277 590 2332 Si
637 2289 769 2345 ergo
815 2275 903 2329 his
949 2279 1159 2329 tantum
1226 2272 1584 2343 praeeminent
1641 2272 1953 2339 exorcistee,

304 2370 516 2436 quanto
573 2364 807 2433 amplius
863 2363 1181 2417 sacerdotes
1207 2367 1231 2415 ?
1294 2364 1567 2417 Praeterea
1625 2359 1803 2417 omnis
1858 2374 1956 2416 rex

304 2453 643 2508 christianus
689 2452 756 2507 ad
813 2451 1019 2506 exitum
1057 2452 1288 2505 veniens
1327 2457 1385 2504 ut
1415 2450 1474 2480 “'
1515 2463 1791 2506 carcerem
1830 2464 1957 2505 eva-

305 2540 405 2596 dat
437 2539 674 2608 .inferni,
716 2543 776 2595 ut
821 2538 891 2594 de
934 2539 1178 2594 tenebris
1222 2539 1278 2593 in
1318 2538 1494 2593 lucem
1543 2539 1732 2593 tendat
1779 2543 1839 2592 ut
1886 2539 1955 2593 de

303 2635 665 2700 peccatorum
712 2626 947 2683 vinculis
994 2627 1049 2681 in
1105 2627 1201 2681 Dei
1253 2624 1466 2694 judicio
1522 2626 1805 2683 absolutus
1861 2641 1957 2696 ap-

302 2724 542 2788 pareat,
609 2716 918 2773 sacerdotis
973 2724 1134 2785 opem
1199 2714 1431 2784 supplex
1491 2728 1553 2769 ac
1618 2714 1960 2770 miserandus

303 2805 563 2876 requirit.
625 2805 758 2872 Quis
812 2809 992 2859 autem
1049 2814 1161 2880 non
1220 2803 1385 2859 modo
1440 2804 1810 2870 sacerdotum,
1869 2816 1959 2859 ve-

303 2894 427 2950 rum
477 2893 637 2949 etiam
690 2891 954 2947 lalcorum
1002 2890 1058 2946 in
1108 2889 1366 2946 extremis
1412 2891 1646 2960 positus,
1696 2904 1796 2961 pro
1842 2906 1957 2947 sum

305 2983 505 3039 animae
569 2980 746 3036 salute
810 2978 1017 3035 terreni
1087 2978 1233 3049 regis
1289 2978 1601 3048 imploravit
1654 2980 1959 3035 auxilium?

2036 1830 2254 1899 eripiat,
2306 1835 2361 1884 et
2408 1830 2628 1884 tandem
2673 1829 2969 1898 aliquando
3016 1830 3099 1884 vel
3150 1837 3276 1899 post
3324 1833 3567 1900 pericula
3615 1835 3682 1890 ad

2035 1919 2370 1988 agnitionem
2418 1919 2663 1973 veritatis
2711 1918 2990 1987 perducat.
3050 1920 3178 1973 llaec
3234 1918 3303 1974 de
3362 1921 3583 1990 regibus
3627 1928 3682 1978 et

2036 2008 2484 2077 imperatoribus,
2534 2008 2664 2076 quia
2702 2005 2766 2037 ³⁸⁸
2812 2006 3075 2077 singulari
3118 2008 3291 2077 gloria
3339 2009 3565 2065 nimium
3594 2017 3681 2066 tu-

2037 2096 2192 2162 midi,
2224 2110 2335 2151 non
2375 2098 2486 2151 Deo
2526 2096 2623 2150 sed
2662 2096 2768 2150 sibi
2810 2102 3057 2165 regnant.
3089 2096 3194 2152 Sed
3221 2097 3350 2166 quia
3379 2100 3554 2153 nostri
3595 2105 3682 2154 est

2036 2184 2224 2251 ofﬁcii,
2275 2186 2570 2254 unicuique
2608 2185 2911 2240 secundum
2940 2185 3190 2240 ordinem
3219 2187 3303 2242 vel
3335 2188 3679 2258 dignitatem,

2040 2288 2148 2343 qua
2211 2274 2433 2328 videtur
2495 2274 2679 2343 vigere
2713 2316 2727 2339 ,
2796 2273 3231 2329 exhortationem
3297 2276 3628 2332 distribuere

2036 2362 2463 2430 imperatoribus
2509 2367 2564 2415 et
2611 2360 2833 2431 regibus
2860 2359 2923 2392 ³⁸⁸
2971 2362 3282 2431 ceterisque
3322 2365 3684 2434 principibus,

2037 2457 2098 2506 ut
2144 2450 2414 2506 elationes
2460 2450 2627 2505 maris
2675 2455 2730 2505 et
2781 2450 3055 2519 superbiae
3094 2451 3293 2505 ﬂuctus
3325 2454 3687 2521 comprimere

2036 2539 2289 2606 valeant,
2361 2553 2511 2594 arma
2566 2538 2892 2595 humilitatis
2944 2541 3058 2595 Deo
3114 2547 3338 2595 auctore
3396 2541 3687 2610 providere

2041 2642 2316 2684 curamus.
2370 2629 2583 2683 Scimus
2639 2629 2784 2683 enim
2814 2668 2829 2694 ,
2889 2629 3017 2697 quia
3075 2629 3348 2683 mundana
3401 2629 3576 2699 gloria
3633 2636 3686 2685 et

2040 2715 2305 2770 secularis
2360 2729 2488 2771 cura
2547 2729 2642 2771 eos
2699 2718 3051 2784 permaxime,
3112 2718 3206 2786 qui
3266 2722 3513 2786 prtesunt
3545 2760 3559 2784 ,
3619 2718 3687 2772 ad

2041 2803 2583 2875 elationem’trahere
2612 2804 2754 2859 solet
2779 2826 2794 2871 ;
2844 2818 2952 2874 qua
2988 2818 3207 2874 semper
3236 2804 3483 2875 neglecta
3514 2807 3691 2861 humi-

2041 2894 2216 2959 litate,
2250 2893 2529 2963 propriam
2567 2894 2869 2962 quaerendo
2898 2892 3147 2964 gloriam,
3180 2894 3442 2950 fratribus
3467 2897 3695 2965 cupiant

2041 2982 2389 3051 praeminere.
2436 2982 2644 3037 Deinde
2674 2983 2740 3014 ³⁷⁰
2793 2983 3010 3038 videtur
3066 2984 3198 3038 utile
3246 2985 3476 3039 maxime
3523 2986 3692 3055 impe-

305 3073 440 3141 Quis
501 3070 564 3102 ³⁶²
637 3082 769 3125 vero
843 3081 1032 3139 regum
1096 3074 1190 3123 aut
1263 3067 1654 3137 imperatorum
1719 3064 2325 3138 aliquemCratoribus
2363 3076 2419 3125 et
2462 3071 2716 3141 regibus,
2759 3079 2820 3127 ut
2866 3086 2990 3127 cum
3043 3084 3197 3126 mcns
3252 3073 3471 3128 illorum
3512 3073 3571 3106 ³⁷¹
3620 3075 3688 3129 ad

306 3160 672 3217 christianum
737 3170 804 3213 ex
868 3158 1126 3228 imposito
1181 3157 1286 3212 sibi
1352 3155 1536 3213 ofﬁcio
1592 3156 1734 3212 valet
1797 3170 1956 3212 sacro

306 3249 655 3320 baptismatis
705 3261 774 3304 ex
835 3246 1042 3303 diaboli
1096 3248 1365 3316 potestate
1418 3248 1654 3316 eripere,
1701 3253 1756 3301 et
1812 3246 1957 3301 inter

302 3338 447 3396 illius
517 3339 615 3394 Del
680 3347 1115 3402 connumerare,
1181 3340 1481 3406 sanctoque
1538 3334 1602 3367 “'
1661 3336 1955 3391 chrismate

302 3428 696 3500 praemunire?
751 3426 818 3482 Et
868 3424 1016 3496 quod
1072 3424 1362 3480 maximum
1410 3430 1494 3480 est
1545 3425 1602 3479 in
1658 3425 1956 3479 christiana

300 3515 601 3589 religione,
643 3516 767 3586 quis
815 3528 1003 3571 eorum
1050 3513 1192 3569 valet
1240 3514 1467 3583 preprio
1506 3526 1601 3568 ore
1650 3527 1852 3582 corpus
1902 3518 1957 3568 et

298 3603 631 3679 sanguinem
667 3604 883 3661 Domini
922 3601 1238 3659 conﬁcere?
1266 3602 1351 3657 vel
1381 3602 1468 3657 cui
1500 3615 1688 3657 eorum
1720 3602 1844 3656 data
1875 3608 1958 3657 est

298 3701 560 3766 potestas
604 3691 810 3764 ligandi
859 3689 1219 3759 solvendique
1266 3690 1323 3744 in
1372 3689 1512 3744 coelo
1563 3695 1619 3743 et
1665 3689 1720 3743 in
1770 3695 1958 3744 terra?

300 3787 377 3840 Ex
424 3782 640 3856 quibus
684 3788 872 3851 aperte
911 3777 1211 3849 colligitur,
1261 3784 1463 3847 quanta
1510 3782 1782 3847 potestate
1819 3790 1961 3846 pra:-

308 3875 469 3930 cellat
521 3870 764 3942 dignitas
808 3868 1177 3925 sacerdotum.
1225 3869 1333 3922 Aut
1376 3867 1502 3936 quis
1545 3880 1734 3922 eorum
1780 3868 1962 3936 potest

308 3962 552 4034 aliquem
622 3958 883 4016 clericum
948 3958 1004 4012 in
1070 3962 1258 4012 sancta
1333 3956 1565 4012 ecclesia
1639 3955 1897 4011 ordinare
1938 3962 1963 4011 ?

309 4057 517 4121 quanto
552 4049 732 4104 minus
763 4061 863 4118 pro
892 4044 1075 4116 aliqua
1106 4044 1266 4115 culpa
1296 4056 1419 4101 eum
1460 4044 1739 4115 deponere
1758 4051 1782 4099 ?
1804 4045 1964 4100 Nam-

311 4155 414 4211 que
460 4142 523 4196 in
574 4135 964 4194 ecclesiasticis
993 4134 1281 4191 ordinibus
1310 4134 1534 4204 majoris
1563 4135 1851 4205 potestatis
1880 4139 1965 4190 est

312 4229 596 4299 deponere
649 4238 810 4298 quam
867 4224 1143 4281 ordinare.
1216 4224 1474 4294 Episcopi
1532 4223 1677 4279 enim
1733 4231 1965 4293 possunt

312 4318 447 4377 alios
484 4318 785 4390 episcopos
813 4315 1091 4381 ordinare,
1122 4314 1220 4369 sed
1250 4312 1402 4369 nullo
1428 4313 1591 4369 modo
1621 4314 1740 4368 sine
1768 4320 1963 4369 aucto-

2038 3160 2147 3215 alta
2176 3173 2236 3215 se
2267 3160 2480 3230 erigere
2511 3166 2565 3214 et
2594 3173 2695 3229 pro
2730 3160 2995 3232 singulari
3024 3161 3139 3216 vult
3167 3162 3341 3232 gloria
3385 3163 3686 3230 oblectare,

2042 3249 2285 3303 inveniat
2343 3249 2545 3318 quibus
2613 3263 2672 3305 se
2728 3251 2908 3305 modis
2964 3250 3253 3317 humiliet,
3320 3259 3485 3320 atque
3543 3252 3689 3307 unde

2037 3338 2311 3407 gaudebat
2356 3336 2441 3405 ³⁷⁸,
2501 3339 2704 3394 sentiat
2769 3340 2893 3409 plus
2958 3338 3281 3395 timendum.
3350 3342 3693 3409 Perspiciant

2039 3440 2170 3497 ergo
2219 3426 2533 3497 diligenter,
2578 3440 2739 3495 quam
2787 3428 3121 3496 periculosa,
3174 3440 3402 3495 quamve
3450 3429 3691 3483 timenda

2039 3515 2112 3568 sit
2148 3515 2501 3583 imperatoria
2529 3514 2614 3568 vel
2645 3515 2794 3582 regia
2825 3514 3085 3583 dignitas,
3127 3514 3183 3567 in
3222 3529 3330 3582 qua
3378 3517 3690 3584 paucissimi

2039 3602 2345 3668 salvantur,
2404 3609 2460 3656 et
2517 3601 2596 3656 illi
2656 3603 2751 3670 qui
2806 3604 2917 3657 Deo
2976 3603 3270 3657 miserante
3328 3604 3394 3657 ad
3462 3604 3692 3659 salutem

2042 3690 2288 3756 veniunt,
2321 3702 2433 3745 non
2464 3703 2622 3758 atque
2652 3695 2713 3744 ut
2738 3688 2893 3744 multi
2925 3702 3246 3759 pauperum,
3274 3691 3486 3759 judicio
3517 3693 3693 3747 sancti

2042 3779 2281 3847 Spiritus
2310 3779 2366 3833 in
2414 3784 2603 3833 sancta
2652 3778 2887 3833 ecclesia
2915 3777 3293 3849 gloriﬁcantur
3319 3779 3402 3834 ⁸⁷³.
3434 3783 3476 3835 Α
3506 3780 3698 3837 mundi

2044 3866 2189 3922 enim
2245 3867 2521 3936 principio
2569 3881 2742 3937 usque
2797 3867 2866 3921 ad
2920 3868 3042 3923 haec
3099 3872 3286 3923 nostra
3344 3874 3591 3939 tempora
3637 3870 3693 3925 in
3799 3890 3806 3897 ι

2044 3960 2159 4011 tota
2217 3955 2534 4010 authentica
2590 3956 2868 4025 scriptura
2935 3968 3046 4012 non
3111 3956 3418 4013 invenimus
3482 3964 3693 4029 septem

2044 4044 2409 4114 imperatores
2464 4043 2547 4099 vel
2616 4058 2815 4115 reges,
2875 4060 3109 4115 quorum
3169 4046 3278 4102 vita
3335 4046 3500 4104 fuerit
3556 4049 3693 4105 adeo

2046 4135 2326 4204 praecipua
2376 4133 2645 4205 religione
2701 4140 2757 4190 et
2804 4135 3005 4191 virtute
3062 4137 3345 4207 signorum
3403 4138 3690 4202 decorata,

2046 4223 2192 4279 sicut
2232 4223 2557 4279 universalis
2603 4222 2669 4254 '7‘
2720 4223 3088 4279 multitudinis
3134 4227 3307 4281 seculi
3354 4233 3697 4296 contempto-

2046 4326 2187 4382 rum,
2221 4313 2352 4369 licet
2380 4324 2568 4368 eorum
2610 4313 2797 4380 plures
2825 4313 3115 4367 credamus
3161 4315 3306 4382 apud
3350 4317 3696 4383 omnipoten-

314 4409 472 4466 ritale
527 4404 850 4477 apostolicae
905 4404 1055 4460 sedis
1109 4404 1407 4473 deponere.
1474 4403 1605 4470 Quis
1663 4402 1830 4473 igitur
1874 4390 2156 4459 velDtem
2198 4404 2366 4457 Deum
2416 4400 2812 4457 misericordiae
2851 4400 3080 4455 salutem
3122 4400 3415 4456 invenisse.
3454 4403 3695 4472 Namque

314 4499 560 4556 tenuiter
604 4494 812 4551 sclolus
858 4494 1075 4550 dubitet
1118 4491 1437 4548 sacerdotes
1474 4493 1696 4559 regibus
1724 4490 1961 4547 antefer—
2042 4496 2103 4547 ut
2145 4492 2213 4546 de
2257 4490 2524 4559 apostolis
2573 4495 2627 4544 et
2674 4489 3007 4559 martyribus
3037 4494 3333 4556 taceamus,
3368 4490 3494 4560 quis
3524 4489 3697 4559 impe-

316 4602 371 4644 re
398 4586 465 4620 ’“
484 4593 511 4645 τ
541 4584 696 4654 Quod
727 4586 774 4640 si
804 4596 962 4653 rcges
990 4596 1091 4652 pro
1118 4581 1359 4651 peccatis
1386 4579 1501 4635 suis
1520 4594 1551 4635 a
1579 4576 1961 4636 sacerdotibus
2041 4582 2285 4636 ratorum
2315 4579 2400 4635 vel
2430 4591 2619 4650 regum
2660 4592 2818 4649 aeque
2863 4585 2924 4634 ut
2972 4579 3167 4634 beatus
3216 4579 3498 4643 Martinus,
3530 4582 3698 4633 Anto-

312 4683 435 4734 sunt
476 4672 788 4748 judicandi,
822 4686 853 4728 a
898 4683 1009 4742 quo
1048 4670 1254 4727 rectius
1282 4683 1443 4740 quam
1471 4683 1501 4724 a
1532 4670 1777 4725 Romano
1815 4682 1960 4739 pon~
2042 4670 2205 4736 nius,
2272 4674 2328 4723 et
2392 4668 2725 4724 Benedictus
2791 4668 3069 4723 miraculis
3133 4666 3382 4723 claruit?
3444 4667 3576 4735 Quis
3632 4666 3696 4698 ³⁷⁵

315 4766 458 4823 tilice
488 4767 624 4822 sunt
655 4759 982 4833 iudicandi?
1026 4758 1105 4816 Ad
1154 4771 1415 4815 summam
1461 4757 1739 4828 quoslibet
1784 4758 1962 4816 bonos
2042 4758 2343 4828 imperator
2407 4762 2500 4812 aut
2559 4770 2656 4812 rex
2720 4764 2967 4813 mortuos
3033 4755 3360 4822 suscitavit,
3446 4755 3697 4826 leprosos

317 4852 653 4911 christianos
697 4849 869 4907 multo
908 4847 1325 4906 convenientius
1371 4858 1531 4917 quam
1588 4845 1761 4903 malos
1817 4849 1965 4917 prin-
2045 4845 2365 4912 mundavit,
2414 4859 2598 4901 caecos
2644 4844 3010 4900 illuminavit?
3074 4846 3214 4900 Ecce
3278 4844 3695 4901 Constantinum

319 4944 470 5014 cipes
519 4952 681 5015 reges
728 4938 958 5010 intelligi
1006 4938 1184 4993 decet.
1244 4937 1339 4992 Isti
1386 4936 1530 4991 enim
1584 4932 1813 5007 gloriam
1870 4938 1966 4993 Dei
2046 4935 2153 5005 pia:
2199 4934 2480 4991 memoria:
2527 4934 2935 5004 imperatorem,
2975 4932 3364 5002 Theodosium,
3414 4940 3468 4988 et
3517 4936 3699 4989 iiono-

321 5030 625 5101 quaerendo
676 5028 1005 5099 semetipsos
1059 5030 1281 5082 strenue
1340 5030 1574 5095 regunt;
1636 5031 1690 5079 at
1727 5022 1807 5080 illi
1852 5038 1965 5081 non
2048 5025 2190 5080 rium
2247 5024 2538 5090 Carolum,
2591 5028 2646 5078 et
2696 5022 3076 5091 Ludowicum,
3126 5023 3355 5093 justitiac
3401 5028 3694 5090 amatores,

322 5131 445 5191 quae
482 5120 582 5177 Dei
630 5124 757 5175 sunt
802 5116 900 5174 sed
947 5130 1046 5173 sua
1093 5117 1425 5186 quaerentes,
1475 5112 1693 5169 sibimet
1756 5112 1965 5183 hostes,
2050 5114 2365 5171 christianae
2446 5111 2732 5183 religionis
2800 5120 3198 5183 propagatores
3237 5155 3252 5181 ,
3341 5113 3695 5168 ecclesiarum

1678 5262 1901 5320 VARIE
1939 5263 2324 5322 LECTIONES.

2880 5402 2942 5434 ³⁸⁸
2972 5403 3113 5459 deest
3148 5403 3194 5459 l.
3271 5402 3335 5434 ³⁵⁸
3364 5407 3611 5458 metuunt
3646 5404 3693 5458 1.

398 5404 464 5435 ³⁴⁰
494 5404 636 5461 deest
671 5404 719 5458 1.
814 5397 875 5435 ¹⁶¹
909 5404 969 5459 ut
998 5403 1054 5458 in
1094 5416 1144 5459 c.
1182 5400 1230 5457 l.
1328 5400 1393 5435 “'
1420 5404 1522 5474 Qui
1559 5405 1605 5461 l.
1682 5404 1747 5435 ³⁵³
1787 5411 2215 5476 sanctorumque
2261 5402 2308 5460 1.
2395 5400 2460 5434 '“
2487 5401 2702 5459 auferre
2746 5403 2794 5457 l.
2880 5402 2942 5434 ³⁸⁸
2972 5403 3113 5459 deest
3148 5403 3194 5459 l.
3271 5402 3335 5434 ³⁵⁸
3364 5407 3611 5458 metuunt
3646 5404 3693 5458 1.

500 5468 564 5506 “"
594 5474 924 5532 insolubiter
959 5472 1005 5530 1.
1117 5472 1182 5505 ³⁸⁸
1210 5473 1305 5542 qui
1336 5473 1460 5542 Reg.
1492 5472 1582 5531 55.
1695 5473 1761 5507 ⁸⁸⁸
1789 5478 2136 5542 principibus
2178 5473 2228 5531 1.
2340 5472 2405 5506 ⁸⁷⁰
2442 5474 2681 5542 Proinde
2710 5476 2835 5542 Reg.
2949 5474 3007 5505 ³⁷¹
3041 5475 3078 5531 i.
3111 5489 3170 5531 se
3207 5474 3252 5529 1.
3365 5474 3427 5505 ³⁷²
3466 5473 3697 5542 gaudeat

330 5474 383 5529 2.
500 5468 564 5506 “"
594 5474 924 5547 insolubiter
959 5472 1005 5530 1.
1112 5472 1182 5547 3“
1210 5468 1461 5547 quiﬂeg.
1492 5472 1582 5531 55.
1695 5473 1761 5507 ⁸⁸⁸
1789 5468 2142 5547 principibus
2178 5473 2228 5547 1.
2336 5472 2405 5545 _'"
2442 5474 2681 5547 Proinde
2710 5476 2835 5545 Reg.

332 5547 460 5613 Reg.
575 5546 638 5578 ⁸⁷³
666 5546 1039 5603 elariiicantur
1101 5538 1244 5614 Reg."
1306 5540 1371 5575 "‘
1410 5538 1431 5545 ⁷
1480 5538 1896 5603 innumerabilis
1922 5538 2050 5617 Reg.
2162 5545 2227 5579 ³⁷⁸
2255 5542 2400 5603 enim
2429 5538 2576 5600 addit
2605 5544 2668 5600 Β.
