4014 6176
311 257 419 311 543

1360 234 1696 313 BRUNONIS
1731 248 1997 308 CLERlCl
2038 243 2631 301 MAGDEBURGENSIS

3579 246 3679 298 544

311 382 652 448 defensores,
711 385 900 435 sancta
965 377 1186 448 quidem
1254 376 1489 433 ecclesia
1554 376 1738 432 laudat
1775 376 1839 407 ³⁷⁸
1903 382 1958 429 81
1978 362 2267 430 Aveﬁiunt
2314 381 2433 422 cum
2484 380 2679 436 magno
2729 364 2924 421 timore
2965 385 2977 420 :
3019 366 3088 421 ad
3137 367 3291 438 regni
3329 368 3525 425 solium
3565 385 3678 427 cum

311 479 625 537 veneratur,
672 482 783 525 non
835 473 1015 523 tamen
1065 481 1160 522 eos
1189 466 1251 496 ³⁷⁷
1297 465 1514 521 fulsisse
1549 472 1697 520 tanta
1727 464 1961 519 miracu-

313 558 488 615 lorum
556 558 733 630 gloria
795 557 1024 625 judicat.
1085 557 1357 610 Praeterea
1415 555 1483 608 ad
1541 560 1675 624 quot
1740 553 1960 608 nomina

311 662 501 719 regum
546 646 632 702 vel
691 648 1081 715 imperatorum
1121 644 1375 699 basilicas
1415 657 1511 698 seu
1569 642 1759 715 altaria
1811 640 1963 696 dedi-

314 738 450 802 cari,
500 735 586 792 vel
635 735 703 790 ad
756 747 945 790 eorum
989 733 1252 788 honorem
1283 738 1472 787 sancta
1510 732 1744 787 ecclesia
1769 730 1963 785 missas

314 825 508 880 statuit
549 822 862 878 celebrari?
910 821 1156 875 'l‘imeant
1203 834 1362 890 reges
1409 820 1612 889 aliique
1661 819 1959 889 principes,

315 927 389 969 ne
419 917 625 982 quanto
655 925 714 965 se
746 909 946 965 ceteris
976 909 1293 964 hominibus
1322 910 1377 964 in
1425 908 1526 964 hac
1557 910 1664 963 vita
1714 907 1962 977 praeferri

314 1000 575 1073 gaudent,
616 1005 769 1054 tanto
817 997 1051 1067 amplius
1080 999 1305 1052 aeternis
1350 997 1625 1052 incendiis
1670 996 1964 1065 subjicien-

316 1096 424 1145 tur.
474 1089 628 1144 Unde
675 1089 937 1157 scriptum
989 1093 1073 1141 est
1113 1108 1124 1141 :
1179 1108 1203 1136 α
1257 1088 1514 1142 Potentes
1552 1090 1807 1156 potenter
1845 1092 1964 1141 tor-

315 1184 497 1234 menta
528 1178 805 1247 patientur
839 1177 988 1247 (Sap.
1024 1192 1098 1240 vi,
1133 1176 1218 1243 7).
1255 1195 1282 1226 »
1337 1177 1408 1230 De
1440 1183 1521 1231 tot.
1547 1176 1691 1230 enim
1722 1174 1967 1230 homini—

315 1267 418 1321 bus
444 1268 554 1321 Deo
587 1265 860 1321 reddituri
891 1272 1018 1320 sunt
1051 1265 1339 1330 rationem,
1387 1271 1521 1333 quot
1568 1278 1681 1319 sum
1712 1263 1964 1318 domina-

314 1354 453 1409 tioni
503 1353 757 1408 subditos
804 1352 1134 1408 habuerunt.
1186 1352 1339 1419 Quod
1388 1352 1433 1406 si
1486 1352 1648 1407 alicui
1706 1351 1964 1422 religioso

316 1441 530 1509 privato
576 1454 687 1497 non
737 1455 934 1510 parvus
986 1439 1143 1495 labor
1189 1446 1271 1493 est
1314 1453 1473 1494 unam
1533 1453 1684 1495 suam
1732 1441 1965 1493 animam

317 1529 624 1595 custodire,
671 1534 910 1598 quantus
949 1528 1103 1583 labor
1141 1528 1388 1582 imminet
1427 1527 1767 1597 principibus
1801 1541 1970 1596 super

2042 463 2247 527 quanto
2296 456 2492 509 timore
2540 452 2604 484 ³⁸³
2658 453 3052 517 accedendum,
3102 454 3156 508 in
3206 469 3317 525 quo
3356 458 3518 512 etiam
3560 459 3681 515 boni

2043 552 2098 600 et
2150 544 2424 609 humiles,
2473 544 2617 597 sicut
2671 543 2727 596 in
2783 543 2908 597 Saul
2965 551 3020 597 et
3076 543 3239 599 David
3298 548 3683 616 cognoscitur,

2044 633 2352 688 deteriores
2381 632 2558 685 ﬁunt?
2599 632 2733 685 Nam
2773 630 2921 700 quod
2952 631 3021 685 de
3051 632 3354 700 apostolica
3382 635 3515 690 sede
3548 650 3686 704 11118ο

2044 721 2348 786 libavimus,
2394 721 2447 774 in
2479 719 2719 774 decretis
2748 719 2895 773 beati
2923 721 3230 789 Symmachi
3260 720 3323 752 ³⁸⁵
3353 737 3531 792 papae,
3562 724 3690 780 licet

2046 808 2421 878 experimento
2452 807 2708 872 sciamus,
2740 807 2819 861 sic
2852 809 3169 863 continetur
3209 829 3221 864 :
3268 829 3296 860 ‹‹
3328 811 3445 877 1118,
3477 812 3692 868 scilicet

2047 899 2240 953 beatus
2287 898 2503 962 Petrus,
2554 895 2890 964 perhennem
2948 897 3268 952 meritorum
3326 899 3510 955 dotem
3567 916 3691 956 cum

2047 985 2350 1041 hereditate
2400 984 2727 1039 innocentia
2778 984 2927 1038 misit
2962 984 3030 1038 ad
3081 993 3351 1055 posteros.
3397 1007 3425 1039 »
3474 991 3540 1044 Et
3570 997 3695 1059 post

2047 1089 2219 1145 pauca
2260 1088 2274 1127 :
2329 1092 2357 1124 «
2406 1073 2538 1140 Quis
2584 1072 2727 1127 enim
2792 1079 3039 1128 sanctum
3085 1074 3301 1130 dubitet
3347 1090 3487 1143 esse,
3532 1093 3694 1147 quem

2046 1177 2185 1232 apex
2231 1168 2396 1218 tanta:
2444 1161 2727 1232 dignitatis
2765 1161 3008 1227 attollit,
3069 1163 3125 1217 in
3179 1178 3283 1233 qua
3331 1165 3377 1219 si
3425 1164 3698 1221 (1881111³⁸³

2048 1252 2193 1306 bona
2239 1251 2505 1321 acquisita
2556 1265 2654 1320 per
2701 1251 2975 1317 meritum,
3014 1250 3293 1307 sufﬁciunt
3339 1268 3463 1322 quae
3511 1269 3543 1309 a
3589 1255 3698 1311 loci

2049 1339 2340 1395 decessore
2403 1346 2773 1409 praestantur;
2839 1345 2933 1395 aut
2989 1340 3132 1394 enim
3199 1340 3378 1397 claros
3442 1343 3510 1398 ad
3580 1345 3699 1399 haec

2048 1427 2264 1498 fastigia
2292 1428 2355 1459 ³⁸⁸
2401 1428 2583 1497 erigit,
2635 1435 2729 1481 aut
2767 1440 2863 1482 eos
2909 1428 3004 1497 qui
3043 1429 3330 1498 eriguntur
3374 1430 3634 1485 illustrat.
3670 1452 3698 1482 υ

2050 1518 2394 1585 Quapropter
2445 1529 2586 1584 quos
2648 1522 2838 1570 sancta
2904 1515 3137 1571 ecclesia
3205 1532 3301 1572 sua
3367 1526 3565 1588 sponte
3632 1519 3700 1574 ad

316 1616 504 1672 multis
568 1617 792 1671 milibus
856 1618 1201 1671 animarum?
1263 1618 1532 1671 Praeterea
1587 1616 1634 1670 si
1693 1616 1960 1684 judicium

2052 1604 2337 1674 imperium
2386 1603 2469 1658 vel
2517 1604 2759 1674 regimen
2789 1603 2853 1634 ⁸⁸⁷
2899 1604 3204 1661 deliberate
3253 1607 3486 1662 consilio
3533 1608 3704 1661 advo-

316 1713 521 1760 sanctae
573 1705 823 1760 ecclesiae
878 1696 1033 1759 valde
1089 1704 1415 1775 constringit
1472 1712 1815 1775 peccatorem
1864 1719 1962 1774 pro

318 1793 481 1849 unius
527 1793 767 1848 hominis
817 1792 1238 1859 interfectione,
1290 1794 1419 1862 quid
1471 1794 1574 1848 erit
1621 1794 1687 1849 de
1735 1794 1822 1849 his
1872 1795 1966 1864 qui

319 1881 486 1935 multa
518 1881 669 1936 milia
698 1883 861 1936 morti
894 1881 1116 1936 tradunt
1155 1896 1256 1951 pro
1296 1882 1460 1951 hujus
1498 1883 1685 1938 mundi
1716 1883 1963 1949 honore;

323 1970 419 2039 qui
468 1969 596 2025 licet
644 1984 740 2025 ore
769 1970 1066 2039 aliquando
1097 1970 1283 2025 dicant
1320 1987 1333 2024 :
1382 1987 1411 2024 «
1443 1973 1559 2026 Mea
1591 1972 1771 2041 culpa,
1805 1990 1834 2023 »
1867 1986 1967 2043 pro

319 2057 613 2112 multorum
645 2058 933 2113 occasione
973 2064 1153 2113 tamen
1196 2059 1249 2113 in
1301 2058 1471 2114 corde
1500 2060 1761 2130 gaudent,
1796 2060 1852 2115 in
1883 2061 1968 2116 sui

318 2146 475 2214 quasi
532 2146 762 2201 honoris
817 2147 1178 2213 extensione,
1247 2148 1553 2218 noluntque
1610 2162 1719 2203 non
1772 2147 1967 2205 fecisse

323 2233 471 2302 quod
514 2240 783 2303 egerunt,
838 2248 1017 2304 neque
1056 2234 1245 2290 dolent
1295 2236 1444 2305 quod
1493 2234 1691 2292 fratres
1737 2251 1868 2293 suos
1911 2238 1967 2293 111

319 2327 580 2376 tartarum
628 2322 1031 2391 compulerunt.
1080 2325 1323 2394 Cumque
1373 2340 1440 2380 ex
1486 2332 1603 2381 toto
1657 2325 1825 2382 corde
1872 2341 1969 2382 eos

318 2422 430 2465 non
461 2409 712 2478 paenitet,
745 2424 923 2480 neque
955 2412 1144 2466 volunt
1182 2412 1419 2468 humano
1466 2414 1730 2483 sanguine
1768 2413 1969 2484 adqui-

318 2498 423 2553 sita
470 2497 554 2553 vel
602 2498 824 2553 detenta
873 2500 1146 2566 omittere,
1197 2500 1415 2556 illorum
1466 2502 1787 2581 paenitentia
1822 2502 1967 2572 apud

318 2587 485 2659 Deum
532 2587 650 2641 sine
696 2586 862 2656 digno
920 2589 1259 2657 poenitentiae
1317 2587 1497 2644 fructu
1553 2595 1753 2646 manet.
1814 2591 1969 2647 Unde

320 2672 570 2746 profecto
619 2675 774 2730 valde
823 2682 908 2731 est
966 2677 1263 2732 timendum
1323 2685 1488 2747 atque
1535 2679 1603 2734 ad
1652 2681 1968 2735 memoriam

320 2777 511 2819 eorum
549 2764 746 2819 crebro
796 2765 1195 2833 revocandum,
1243 2767 1372 2836 quia
1419 2768 1562 2823 sicut
1607 2766 1819 2837 praefati
1867 2783 1966 2823 su-

321 2866 461 2919 mus,
509 2867 540 2906 a
589 2853 776 2908 mundi
830 2854 1105 2923 principio
1138 2855 1451 2923 paucissimi
1482 2870 1581 2925 per
1609 2855 1821 2912 diversa
1850 2863 1967 2911 ter-

2051 1700 2172 1759 cat,
2223 1705 2333 1748 non
2375 1705 2475 1762 pro
2524 1693 2840 1748 transitoria
2885 1693 3061 1763 gloria
3102 1693 3199 1749 sed
3256 1708 3356 1765 pro
3405 1696 3703 1751 multorum

2047 1781 2222 1836 salute
2270 1780 2550 1836 humiliter
2598 1781 2879 1849 obediant,
2931 1788 2986 1836 et
3033 1796 3252 1851 semper
3287 1791 3514 1839 caveant
3550 1785 3705 1854 quod

2048 1870 2243 1924 beatus
2297 1870 2594 1938 Gregorius
2650 1870 2707 1923 in
2766 1868 2959 1924 eodem
3018 1869 3160 1925 libro
3221 1872 3485 1927 Pastorali
3535 1878 3707 1927 testa-

2050 1965 2176 2013 tur:
2212 1978 2238 2007 α
2270 1960 2549 2027 Αρο818118
2588 1958 2795 2027 quippe
2825 1958 3020 2028 angelo
3052 1959 3248 2014 similis
3284 1958 3540 2029 efﬁcitur,
3574 1962 3705 2017 dum

2050 2047 2214 2102 homo
2263 2045 2579 2102 hominibus
2625 2059 2745 2101 esse
2791 2045 2987 2101 similis
3035 2046 3384 2117 dedignatur.
3434 2050 3524 2103 Sic
3574 2050 3703 2105 Saul

2051 2141 2177 2205 post
2240 2134 2567 2189 humilitatis
2631 2133 2884 2188 meritum
2960 2134 3016 2189 in
3082 2142 3349 2192 tumorem
3425 2138 3706 2207 superbiae

2050 2223 2288 2279 culmine
2331 2223 2618 2292 potestatis
2666 2222 2924 2278 excrevit.
2972 2224 3076 2278 Per
3104 2223 3466 2280 humilitatem
3495 2227 3706 2296 quippe

2054 2311 2312 2382 praelatus
2368 2318 2489 2378 est,
2540 2325 2638 2381 per
2692 2311 3006 2381 superbiam
3064 2313 3409 2381 reprobatus.
3470 2316 3704 2371 Domino

2050 2409 2363 2469 attestante,
2396 2403 2493 2472 qui
2539 2402 2616 2456 ait
2663 2422 2676 2458 :
2730 2421 2757 2453 «
2791 2404 2985 2458 Nonne
3015 2418 3135 2458 cum
3167 2418 3317 2459 esses
3355 2405 3613 2474 parvulus
3642 2406 3702 2459 in

2051 2491 2229 2548 oculis
2259 2492 2387 2557 tuis,
2437 2496 2603 2561 caput
2649 2497 2704 2546 te
2752 2493 3014 2547 constitui
3047 2494 3099 2547 in
3144 2492 3398 2547 tribubus
3426 2494 3636 2548 Israel?
3674 2514 3703 2545 υ

2056 2580 2115 2651 (Ι
2160 2583 2284 2650 Reg.
2334 2596 2421 2647 xv,
2479 2579 2592 2649 17.)
2644 2581 2709 2636 Et
2758 2581 2922 2650 paulo
2970 2579 3199 2637 inferius
3233 2602 3247 2637 :
3283 2600 3309 2633 «
3352 2584 3487 2637 Miro
3517 2589 3705 2638 autem

2051 2670 2218 2725 modo
2263 2684 2386 2724 cum
2434 2670 2578 2738 apud
2627 2683 2688 2724 se
2735 2670 3008 2739 parvulus,
3058 2670 3203 2739 apud
3243 2672 3526 2726 Dominqu
3554 2687 3708 2743 mag-

2052 2773 2191 2823 nus;
2249 2772 2372 2812 eum
2411 2771 2542 2812 vero
2596 2758 2742 2827 apud
2799 2772 2858 2813 se
2918 2772 3144 2829 magnus
3199 2761 3493 2829 apparuit,
3547 2764 3699 2831 apud

2050 2847 2335 2902 Dominum
2371 2846 2627 2915 parvulus
2663 2845 2784 2901 fuit.
2813 2865 2839 2897 »
2873 2846 3170 2917 Vigilanter
3209 2861 3430 2918 quoque
3460 2850 3711 2905 retineu-

322 2954 503 2996 rarum
551 2955 715 3009 regna
774 2956 930 3011 reges
987 2944 1161 2998 sancti
1219 2957 1286 2998 ex
1342 2944 1726 3000 innumerabili
1784 2958 1968 3001 eorum

2055 2935 2205 3001 dum,
2238 2935 2387 3004 quod
2420 2935 2680 2989 Dominus
2708 2935 2764 2989 in
2805 2935 3087 3005 evangelio
3117 2935 3252 2991 dicit
3296 2956 3308 2992 :
3366 2956 3395 2988 «
3435 2938 3550 3007 Ego
3578 2937 3711 3008 glo-

329 3028 678 3082 multitudine
719 3031 1104 3098 reperiuntur;
1156 3045 1279 3086 cum
1329 3033 1385 3086 in
1416 3045 1520 3087 una
1551 3039 1759 3088 tantum
1791 3034 1973 3102 ponti-

331 3115 488 3169 ﬁcum
539 3116 780 3170 seriatim
831 3117 893 3146 ³⁷³
949 3116 1100 3183 sede,
1142 3118 1398 3173 videlicet
1449 3121 1710 3188 Romana,
1761 3137 1790 3176 a
1841 3130 1975 3177 tem-

330 3217 464 3273 pore
516 3204 660 3258 beati
709 3206 854 3259 Petri
904 3205 1141 3274 apostoli
1182 3205 1294 3261 fere
1325 3215 1542 3262 centum
1576 3209 1719 3264 inter
1746 3210 1976 3264 sanctis-

244 3324 247 3329 -
325 3292 495 3348 simos
524 3300 932 3362 computentur.
981 3296 1090 3349 Cur
1137 3300 1315 3350 autem
1365 3296 1491 3362 hoc,
1526 3297 1630 3351 nisi
1660 3298 1788 3367 quia
1820 3313 1977 3369 reges

326 3386 487 3437 terrae
537 3387 592 3437 et
636 3384 915 3452 principes
954 3397 1090 3437 vana
1139 3384 1315 3453 gloria
1348 3384 1630 3454 delectati,
1662 3387 1805 3441 sicut
1836 3401 1976 3455 prte-

325 3467 549 3525 libatum
592 3477 695 3537 est,
727 3487 851 3541 quae
891 3486 990 3526 sua
1035 3478 1164 3527 sunt
1205 3473 1585 3542 spiritualibus
1636 3474 1972 3544 przeferunt;

324 3557 565 3628 religiosi
615 3566 796 3614 autem
845 3560 1136 3630 pontiﬁces
1174 3575 1363 3615 vanam
1405 3562 1634 3632 gloriam
1666 3563 1976 3633 despicien-

325 3655 426 3715 tes,
477 3663 600 3718 quae
640 3650 733 3704 Dei
783 3658 910 3705 sunt
939 3650 1250 3705 carnalibus
1289 3652 1453 3706 rebus
1501 3658 1849 3721 prieponuut.
1890 3653 1975 3708 Illi

325 3737 381 3791 in
420 3752 478 3792 se
509 3738 896 3807 delinquentes
936 3727 1010 3769 ³⁷⁹’
1032 3738 1190 3794 facile
1224 3741 1479 3809 puniunt,
1523 3742 1577 3795 in
1618 3742 1787 3796 Deum
1837 3756 1974 3810 pec-

325 3833 513 3881 cantes
570 3841 729 3896 aaquo
775 3827 958 3882 animo
989 3828 1212 3894 ferunt;
1270 3829 1357 3883 isti
1408 3831 1461 3883 in
1511 3844 1569 3884 se
1618 3829 1974 3899 peccantibus

326 3914 437 3969 cito
488 3914 781 3983 ignoscunt
816 3914 902 3981 ³⁸⁰,
952 3917 1119 3970 1)811111
1173 3916 1579 3972 ollendentibus
1624 3931 1735 3973 non
1782 3919 1975 3974 leviter

326 4009 579 4071 parcunt.
629 4003 714 4056 llli
762 4004 998 4058 terrenis
1045 4005 1259 4058 actibus
1306 4007 1531 4061 nimium
1584 4006 1757 4062 dediti
1810 4008 1973 4077 spiri-

326 4089 491 4144 tualia
523 4091 673 4159 parvi
704 4091 988 4158 pendunt;
1041 4092 1129 4146 isti
1180 4092 1419 4149 caelestia
1464 4094 1658 4150 sedulo
1707 4095 1975 4150 meditan-

326 4186 409 4234 tes
471 4194 595 4249 qnze
660 4187 788 4236 sunt
861 4187 1078 4236 terrena
1144 4190 1559 4253 contempnunt.
1627 4185 1972 4241 Admonendi

2057 3025 2192 3078 riam
2243 3037 2415 3078 meam
2464 3037 2573 3078 non
2604 3036 2795 3092 quaero
2844 3026 3018 3087 (Joau.
3070 3039 3186 3089 vni,
3217 3024 3308 3087 50)
3352 3045 3378 3073 »
3415 3046 3428 3091 ;
3462 3032 3519 3080 et
3551 3047 3575 3073 α
3609 3028 3711 3095 qui

2059 3112 2171 3167 vult
2227 3112 2372 3166 inter
2428 3125 2525 3165 vos
2579 3125 2699 3166 esse
2761 3112 3008 3181 primus,
3075 3112 3147 3166 sit
3211 3113 3451 3167 omnium
3518 3128 3713 3167 servus

2062 3201 2253 3271 (Μανσ-
2308 3214 2361 3266 X,
2410 3200 2522 3268 44).
2559 3220 2583 3248 η
2635 3200 2912 3254 Honorem
2955 3200 3052 3255 Dei
3094 3213 3312 3268 semper
3348 3215 3448 3257 suo
3480 3215 3709 3271 praepo-

2059 3295 2228 3354 nant;
2292 3288 2561 3357 justitiam
2590 3329 2606 3355 ,
2675 3288 2878 3356 unique
2943 3302 3100 3342 suum
3165 3289 3433 3345 servando
3494 3291 3586 3359 jus
3617 3289 3711 3354 ³⁸⁸,

2057 3377 2461 3447 amplectantur
2489 3383 2651 3445 atque
2682 3375 3033 3441 custodiant;
3076 3390 3185 3431 non
3217 3383 3343 3431 eant
3372 3377 3427 3432 in
3469 3378 3709 3433 consilio

2058 3466 2370 3535 impiorum,
2402 3466 2499 3520 sed
2544 3464 2818 3534 religiosis
2854 3478 3072 3534 semper
3099 3466 3505 3534 acquiescendo
3533 3466 3708 3522 corde

2057 3554 2413 3622 adhaereant;
2463 3560 2704 3608 sanctam
2756 3554 3043 3608 ecclesiam
3094 3567 3205 3609 non
3262 3561 3513 3624 qumrant
3559 3556 3707 3611 sicut

2056 3643 2309 3697 ancillam
2355 3642 2461 3698 sibi
2501 3642 2795 3711 subjicere,
2845 3643 3176 3713 subjugare;
3227 3643 3323 3697 sed
3372 3646 3705 3712 permaxime

2056 3730 2248 3787 oculos
2296 3732 2446 3786 illius
2473 3730 2557 3796 ³³³³,
2606 3730 2862 3786 videlicet
2910 3731 3143 3797 Domini,
3193 3731 3539 3796 sacerdotes,
3591 3746 3707 3786 ma-

2054 3820 2258 3888 gistros
2309 3827 2364 3874 et
2413 3827 2596 3888 patres
2648 3818 3118 3889 recognoscendo,
3169 3819 3432 3874 decenter
3472 3817 3535 3849 ³⁹⁰
3587 3828 3706 3874 8111-

2055 3907 2223 3962 deant
2269 3907 2564 3963 honorare.
2609 3909 2743 3961 Nam
2789 3907 2836 3961 si
2884 3906 3131 3962 carnales
3179 3914 3378 3962 matres
3416 3914 3471 3962 et
3518 3915 3706 3976 patres

2055 3997 2326 4051 honorare
2349 3996 2626 4066 jubemur,
2657 4003 2862 4065 quanto
2911 3996 3082 4067 magis
3121 3997 3479 4066 spirituales?
3523 3998 3579 4051 Si
3609 3997 3703 4052 ille

2056 4087 2150 4155 qui
2198 4086 2403 4141 carnali
2450 4086 2593 4156 patri
2634 4085 2719 4141 vel
2766 4084 2924 4140 matri
2955 4085 3317 4151 maledixerit,
3359 4093 3535 4140 morte
3566 4086 3705 4140 mul-

2055 4173 2287 4235 ctandus
2316 4180 2437 4242 est;
2489 4175 2621 4243 quid
2669 4174 2761 4228 ille
2810 4174 2902 4242 qui
2953 4172 3229 4228 maledicit
3259 4173 3399 4242 patri
3428 4173 3699 4241 spirituali

321 4275 450 4324 sum
479 4283 609 4339 ergo
640 4283 831 4325 omnes
858 4270 1167 4338 christiani,
1201 4273 1293 4342 qui
1325 4288 1447 4328 cum
1477 4274 1694 4330 Christo
1744 4266 2041 4345 regnareD
2060 4262 2143 4318 vel
2183 4264 2362 4329 matri,
2400 4269 2696 4318 meretur?
2739 4264 2861 4317 Νοιι
2907 4262 3112 4317 carnali
3159 4274 3345 4317 amore
3382 4262 3554 4317 illecti
3581 4270 3699 4316 stu-

322 4358 571 4426 cupiunt,
620 4371 687 4413 ne
735 4358 1035 4415 ambitione
1073 4360 1339 4416 secularis
1395 4368 1697 4430 potestates
1745 4376 1973 4433 regnare

226 4522 227 4525 η
320 4443 596 4511 aﬁectent,
630 4444 727 4501 sed
776 4447 963 4515 potius
1013 4462 1126 4516 prae
1166 4449 1343 4503 oculis
1379 4449 1635 4516 habeant,
1668 4449 1816 4519 quod
1847 4450 1975 4505 bea-

323 4541 410 4588 tus
455 4534 753 4604 Gregorius
800 4549 940 4604 papa
981 4535 1369 4591 sanctissimus
1407 4538 1463 4591 111
1508 4538 1650 4593 libro
1708 4539 1973 4595 Pastorali

321 4622 693 4690 admonet“,
745 4624 938 4679 dicens
982 4644 994 4679 :
1053 4643 1079 4675 α
1122 4626 1269 4680 lnter
1306 4625 1424 4681 haec
1474 4627 1658 4696 itaque
1706 4628 1838 4697 quid
1887 4643 1975 4684 se-

319 4711 596 4779 quendum
675 4712 875 4782 quidve
955 4713 1301 4778 timendum,
1379 4714 1481 4769 nisi
1549 4720 1609 4769 ut
1676 4716 1972 4771 virtutibus

235 4840 239 4845 .
322 4799 536 4869 pollens
578 4810 804 4857 coaetus
840 4802 908 4857 ad
963 4816 1187 4872 regnum
1213 4803 1415 4866 veniat,
1447 4803 1743 4859 virtutibus
1771 4818 1973 4859 vacuus

321 4900 390 4942 ne
439 4895 662 4943 coactus
707 4890 952 4945 accedat.
992 4890 1147 4958 Quod
1187 4892 1234 4945 si
1264 4891 1331 4946 ad
1371 4891 1728 4960 apostolicam
1759 4892 1966 4959 sedem,

322 4977 378 5032 in
436 4991 543 5046 qua
602 4978 704 5033 rite
760 4978 998 5034 ordinati
1055 4979 1266 5034 meritis
1319 4979 1468 5034 beati
1525 4980 1670 5035 Petri
1719 4982 1968 5050 Apostoli

323 5065 579 5121 meliores
624 5066 965 5134 efﬁciuntur,
1020 5068 1112 5137 qui
1164 5070 1327 5122 Deum
1378 5068 1572 5123 timent
1622 5068 1722 5136 ³⁸³,
1791 5070 1968 5126 coacti

2056 4352 2221 4407 deant
2267 4352 2433 4406 illium
2476 4366 2633 4406 suum
2682 4351 2856 4421 gregi,
2908 4364 3008 4418 pro
3048 4364 3157 4419 quo
3196 4345 3444 4405 ChriStus
3473 4352 3702 4421 sangui-

2056 4455 2181 4496 nem
2226 4454 2384 4496 suum
2430 4438 2607 4506 fudit,
2659 4452 3019 4509 praeponere,
3067 4440 3114 4493 si
3162 4439 3443 4494 meliorem
3503 4439 3598 4494 illo
3646 4447 3700 4493 et

2054 4530 2331 4585 utiliorem
2379 4537 2609 4599 possunt
2655 4529 2936 4593 invenire;
2990 4542 3057 4584 ne
3105 4529 3229 4599 plus
3268 4530 3378 4584 Deo
3418 4528 3697 4599 diligendo

2054 4619 2224 4674 ﬁlium
2253 4661 2267 4681 ,
2329 4619 2616 4673 maximum
2674 4625 2879 4673 sanetae
2935 4616 3185 4673 ecclesiae
3238 4615 3476 4672 inferant
3531 4617 3698 4672 delri-

2054 4715 2315 4763 mentum.
2367 4709 2624 4762 Patenter
2672 4707 2813 4762 enim
2864 4709 3031 4761 Deum
3080 4712 3135 4760 et
3184 4705 3510 4775 proximum,
3560 4706 3699 4760 sicut

2054 4797 2410 4853 christianum
2467 4802 2707 4866 oportet,
2769 4809 2877 4850 non
2937 4809 3117 4850 amare
3175 4794 3548 4861 convincitur,
3606 4793 3697 4863 qui

2054 4895 2219 4945 tantae
2276 4886 2499 4941 utilitati
2568 4892 2784 4954 tamque
2852 4885 3179 4939 necessaria:
3243 4890 3449 4939 sancta:
3516 4882 3699 4938 matris

2052 4976 2332 5042 ecclesia,
2386 4982 2550 5044 prout
2597 4973 2793 5029 melius
2839 4979 3050 5042 potest,
3102 4972 3333 5042 negligit
3386 4972 3694 5041 providere,

2051 5070 2163 5123 Hac
2209 5078 2444 5134 namque
2491 5064 2712 5130 virtute,
2745 5062 2801 5117 id
2840 5070 2924 5118 est
2961 5063 3211 5129 caritate,
3244 5059 3516 5132 neglecta,
3548 5060 3697 5130 quie-

1669 5222 1894 5277 VARLE
1951 5221 2336 5277 LECTIONES.

394 5343 459 5374 ³⁷¹³
489 5343 649 5400 8118111
688 5345 734 5400 1.

322 5416 698 5517 iE‘ZifSELI;
754 5416 832 5472 2?

418 5488 645 5556 vestigia
682 5488 727 5543 l.

941 5418 999 5449 ³⁸¹
1050 5431 1245 5474 81110118
1281 5416 1329 5472 1.

1442 5417 1506 5448 ³⁸¹
1554 5418 1755 5488 quiat.
1796 5418 1841 5473 1.

841 5488 904 5519 ³⁸⁷
937 5497 1074 5559 regm
1112 5490 1131 5540 l
1168 5490 1411 5558 regimen
1440 5489 1494 5544 2.

1610 5487 1673 5519 ³⁸⁸
1711 5488 1793 5542 vis
1838 5489 1885 5544 1.

811 5346 875 5377 ³⁷⁷
906 5360 1028 5402 811111
1066 5348 1112 5402 l.
1189 5346 1253 5377 ⁸⁷⁸
1281 5347 1697 5429 succedentium
1718 5346 1869 5401 addit
1896 5348 2023 5447 Reg.
2100 5344 2164 5376 ³⁷⁰
2194 5344 2249 5399 d.
2284 5341 2323 5398 1.
2354 5357 2408 5412 p.
2442 5343 2480 5397 i.
2516 5343 2576 5425 [ξ.

811 5424 832 5471 ?
941 5418 999 5449 ³⁸¹
1050 5431 1245 5471 81110118
1281 5416 1329 5471 1.
1442 5417 1506 5448 ³⁸¹
1554 5432 1685 5471 auia
1715 5421 1755 5471 t.
1796 5418 1841 5471 1.
1997 5416 2017 5447 ³
2053 5430 2118 5471 88
2156 5422 2395 5470 tremore
2426 5413 2574 5469 addit

1998 5486 2062 5518 ³⁸³
2100 5486 2228 5543 11108
2255 5487 2381 5553 Reg.

2612 5356 2667 5411 p.
2700 5355 2751 5395 a.
2783 5354 2834 5396 a.
2866 5339 2905 5411 i.
2938 5341 2980 5395 Ι.
3014 5340 3070 5395 111
3098 5338 3365 5411 8811888111
3395 5335 3441 5411 l2
3517 5334 3693 5411 ῗθεῖυρ·

2088 5431 2118 5471 8
2156 5405 2395 5470 11811101⁵8
2426 5413 2574 5469 addit
2612 5405 2739 5480 'Reg.
2851 5410 2915 5442 ³³⁸
2956 5411 3101 5466 deest
3135 5408 3183 5464 l.
3301 5407 3366 5439 ³³⁸
3409 5406 3614 5461 (18811111
3648 5405 3690 5459 1.

2493 5484 2558 5515 ’θ’
2586 5483 2967 5547 decententer.
