4044 6180
324 318 431 371 545

1663 324 1750 377 DE
1787 325 1999 379 BELLO
2036 325 2386 380 SAXUNICU.

3592 332 3700 387 546

321 444 454 513 quid
487 444 620 499 boni
649 443 851 513 aliquis
874 442 1092 510 fecerit,
1125 446 1271 500 omni
1302 445 1483 501 fructu
1513 429 1707 502 salutis
1734 448 1963 504 carebit.
1988 449 2123 509 AEt
2171 463 2271 503 cur
2303 462 2427 503 eum
2470 448 2647 504 solum
2697 449 2824 505 dico
2873 450 3261 507 miserabiliter
3310 454 3531 511 obisse?
3574 471 3699 515 cum

320 533 452 587 Haec
480 533 670 601 itaque
699 532 980 587 humiliter
1010 534 1245 604 agendo,
1279 539 1333 589 et
1361 549 1603 590 amorem
1636 537 1729 591 Dei
1760 542 1816 591 et
1845 548 1983 606 pro»

319 621 474 687 ximi,
507 622 651 676 sicut
699 627 941 691 oportet,
981 623 1270 688 servando,
1322 630 1656 693 praesumant
1702 625 1771 681 de
1820 626 1969 681 illius

320 709 725 777 misericordia,
767 712 861 780 qui
909 711 1045 766 dixit
1080 732 1092 766 :
1131 731 1157 763 «
1191 712 1392 768 Discite
1429 728 1459 768 a
1500 728 1605 779 me,
1646 714 1773 784 quia
1821 715 1981 793 mitis‘

319 810 441 852 sum
490 804 547 852 et
593 797 817 853 humilis
872 798 1039 853 corde
1092 798 1309 868 (Matth.
1362 816 1436 865 χι,
1479 800 1663 870 29).»
1703 803 1872 867 Quem
1920 801 1966 855 si

319 886 606 941 humiliter
652 885 845 940 imitati
894 885 1119 953 fuerint,
1152 887 1221 942 de
1260 902 1431 959 regno
1468 890 1651 944 servili
1691 896 1746 944 et
1785 897 1969 945 trans-

319 976 488 1030 itorio
519 975 587 1029 ad
620 988 843 1046 regnum
876 989 1019 1032 vera:
1061 976 1330 1032 libertatis
1359 985 1413 1033 et
1443 980 1768 1034 aaternitatis
1798 986 1969 1035 trans-

319 1063 483 1118 ibunt
502 1063 589 1129 ³⁸⁸,
637 1066 829 1119 Amen.
882 1067 1266 1121 Ammonemus
1302 1080 1401 1122 vos
1444 1066 1643 1123 fratres
1680 1074 1735 1124 et
1771 1069 1965 1138 coepi-

317 1166 526 1222 scopos
544 1151 609 1183 ³⁸⁸
636 1158 880 1220 nostros,
913 1168 982 1208 ne
1012 1153 1203 1209 faciem
1252 1155 1561 1225 principum
1604 1157 1965 1226 trepidantes,

319 1241 606 1296 veritatem
655 1242 737 1296 eis
773 1242 959 1297 dicere
1002 1243 1639 1307 timeatis,'incurrentes
1679 1245 1814 1301 illud
1843 1248 1969 1301 Gre-

318 1330 464 1401 gorii
491 1349 504 1385 :
530 1332 712 1386 «Cum
743 1331 796 1385 in
829 1336 976 1387 terra
1008 1332 1282 1387 hominem
1315 1340 1507 1389 contra
1535 1334 1820 1390 veritatem
1851 1334 1970 1404 qui-

321 1419 461 1473 libet
490 1424 670 1487 pavet,
704 1419 950 1488 ejusdem
980 1421 1225 1476 veritatis
1252 1422 1387 1476 iram
1420 1422 1639 1478 cmlitus
1666 1424 1964 1479 sustinet.»

390 1507 485 1562 74.
529 1510 761 1578 Legatus
809 1510 956 1579 regis
1000 1524 1255 1566 reversus
1306 1511 1421 1583 (an.
1462 1511 1617 1579 1076,
1648 1513 1810 1567 Mart.
1843 1510 1965 1581 27),

318 1611 444 1651 eum
496 1597 634 1667 regi,
667 1597 761 1666 qui
795 1602 926 1652 tunc
956 1604 1073 1653 erat
1119 1600 1374 1668 Trajecti,
1409 1600 1556 1669 quod
1596 1606 1714 1655 erat
1750 1613 1969 1656 excom-

323 1687 635 1741 municatus
663 1686 953 1754 indicaret,
987 1687 1338 1753 Willehalmi,
1360 1689 1535 1758 ipsius
1565 1689 1720 1744 urbis
1752 1688 1969 1757 episco-

2049 537 2394 593 manifestum
2418 539 2525 604 .sit,
2559 551 2750 594 omnes
2787 537 2902 595 fere
2935 540 3178 595 lleinrici
3219 541 3514 600 familiares
3543 554 3599 601 et
3628 547 3696 603 ti-

2052 627 2206 682 dcles
2243 641 2400 696 teque
2452 628 2679 682 miseras
2726 634 2932 683 mortes
2979 629 3301 697 incurrisse,
3333 636 3388 686 et
3417 646 3513 689 eos
3542 636 3700 691 mise-

2052 716 2249 780 riores,
2283 716 2379 785 qui
2428 715 2646 771 fuerant
2683 716 2763 771 illi
2795 717 3093 785 ﬁdeliores,
3127 719 3254 788 quia
3286 719 3423 776 ﬁdes
3451 722 3543 777 illa
3574 738 3697 780 vere

2050 810 2168 859 erat
2198 804 2446 873 perﬁdia,
2990 795 2997 801 ’

2121 893 2211 946 75.
2257 894 2323 947 Ut
2370 892 2515 947 enim
2565 907 2662 961 per
2708 907 2991 949 excessum
3040 896 3291 964 quaedam
3329 897 3414 953 vel
3454 905 3696 967 repetam

2050 979 2133 1034 vel
2183 994 2537 1050 praecurram,
2590 982 2920 1050 patriarcha,
2974 984 3068 1052 qui
3117 983 3327 1055 legatus
3381 987 3695 1056 apostolici,

2050 1070 2318 1124 maximus
2371 1077 2566 1124 auctor
2625 1070 2987 1138 abjurationis
3042 1072 3299 1128 extiterat
3354 1075 3597 1131 Heinrici
3644 1080 3700 1129 et

2051 1158 2175 1213 novi
2226 1158 2370 1228 regis
2415 1158 2758 1225 instituendi,
2800 1166 3088 1229 postquam
3137 1177 3202 1216 ex
3248 1164 3363 1234 regi
3394 1165 3551 1233 quasi
3581 1164 3695 1234 regi

2049 1246 2294 1301 sociatus
2323 1246 2677 1315 retrogradus
2707 1246 2960 1313 efﬁcitur,
2995 1251 3282 1318 repentina
3332 1258 3507 1307 morte
3556 1266 3698 1321 prae-

2049 1342 2281 1399 ventus,
2342 1335 2470 1403 quia
2533 1335 2973 1390 communicabat
3027 1341 3554 1405 excommunicatis,
3615 1340 3696 1394 in-

2051 1423 2488 1478 communicatus
2526 1430 2581 1478 et
2619 1422 2965 1479 inconfessus
3002 1426 3130 1480 huic
3169 1429 3293 1482 vita:
3331 1428 3693 1484 subtrahitur.

2050 1513 2249 1567 Verum
2293 1513 2421 1582 quia
2463 1518 2628 1567 tanta:
2672 1512 2956 1582 dignitatis
2984 1514 3157 1570 virum
3204 1530 3314 1572 non
3345 1517 3577 1573 decebat
3617 1517 3696 1572 ire

2049 1600 2227 1656 solum
2272 1601 2341 1655 ad
2386 1599 2682 1665 infernum,
2716 1602 3132 1672 quinquaginta,
3174 1604 3318 1658 sicut
3364 1604 3693 1669 audivimus,

2050 1687 2119 1743 de
2150 1688 2265 1743 suis
2302 1688 2495 1742 habuit
2532 1689 2737 1753 socios,
2770 1688 2961 1743 eadem
3014 1697 3191 1745 morte
3241 1693 3527 1759 repentina
3573 1706 3698 1748 cor—

321 1776 401 1844 pi,
433 1775 668 1831 consilio
712 1789 809 1831 rex
847 1777 1466 1833 excommunicationem
1506 1778 1656 1833 illam
1692 1776 1966 1833 nichili‘”
1988 1773 2035 1830 Β
2059 1783 2284 1845 reptos;
2327 1790 2395 1830 ne
2426 1790 2567 1844 quos
2604 1776 2842 1831 habebat
2870 1776 2927 1830 in
2947 1774 3009 1805 ³⁹⁷
3058 1776 3348 1846 iniquitate
3388 1785 3694 1845 consortes,

320 1864 535 1934 pendit.
570 1865 875 1934 Episcopus
903 1880 1124 1936 quoque
1153 1866 1298 1922 idem
1331 1867 1548 1934 timens,
1572 1882 1641 1923 ne
1661 1869 1708 1923 si
1732 1867 1968 1938 populus

321 1952 443 2008 haec
471 1953 740 2019 audisset,
781 1968 811 2008 a
841 1969 970 2024 rege
1008 1955 1151 2011 sicut
1179 1956 1248 2010 ab
1287 1956 1759 2013 excommunicato
1790 1957 1966 2012 disce-

322 2040 502 2107 deret,
532 2042 680 2097 inter
736 2041 929 2097 missas
975 2057 1285 2099 sermonem
1333 2043 1540 2100 faciens
1585 2046 1652 2100 ad
1703 2045 1965 2115 populum

321 2128 616 2195 derisorie,
645 2129 794 2198 quod
826 2144 922 2185 rex
950 2136 1098 2185 esset
1126 2132 1650 2196 excommunicatus,
1684 2132 1964 2199 indicavit,

321 2216 420 2271 sed
470 2217 612 2271 hanc
651 2220 1275 2277 excommunicationem
1325 2220 1494 2276 nichil
1533 2220 1735 2288 valere,
1767 2222 1969 2291 quibus

325 2312 545 2375 poterat
592 2307 797 2374 verbis,
830 2314 1022 2377 utpote
1068 2307 1337 2365 facundus
1385 2311 1570 2377 homo,
1603 2310 1963 2367 conﬁrmavit.

323 2394 429 2449 Sed
461 2401 725 2463 quantum
756 2396 983 2463 valeret,
1018 2396 1073 2451 in
1103 2412 1163 2452 se
1200 2398 1323 2467 ipso
1372 2406 1597 2455 coactus
1642 2412 1964 2470 agnoscere,

323 2483 369 2538 si
401 2483 595 2539 liceret
624 2485 674 2540 ei
726 2486 1046 2554 paenitendo
1076 2500 1105 2540 a
1136 2487 1394 2556 superbia
1444 2488 1789 2557 resipiscere.
1835 2490 1967 2543 Nam

324 2572 380 2626 in
430 2573 550 2640 ipso
608 2572 755 2638 loco,
806 2574 861 2628 in
910 2588 1021 2644 quo
1075 2576 1321 2631 Romano
1374 2576 1619 2645 pontiﬁci
1669 2576 1969 2646 derogabat

324 2661 552 2729 ejusque
599 2667 925 2730 potestatem
964 2663 1230 2718 verbosus
1274 2663 1613 2718 adnichilare
1663 2663 1966 2731 laborabat,

325 2748 443 2817 ipse
493 2750 633 2804 mala
690 2751 1003 2807 valetudine
1061 2753 1382 2821 corripitur,
1415 2752 1471 2807 in
1521 2767 1629 2822 qua
1676 2767 1851 2823 usque
1898 2753 1966 2808 ad

327 2837 697 2893 miserandum
758 2840 974 2895 miserae
1023 2840 1148 2896 vitae
1206 2840 1367 2895 ﬁnem
1421 2841 1721 2897 detinetur.
1778 2843 1969 2911 Itaque

326 2927 522 2982 morbo
581 2928 752 2998 magis
805 2943 869 2984 ac
926 2929 1098 2999 magis
1152 2930 1586 3000 ingravescente,
1647 2930 1786 2986 dum’
1823 2936 1971 2986 esset

327 3030 451 3071 cum
493 3030 559 3071 eo
606 3016 827 3085 quidam
878 3016 1042 3072 homo
1091 3017 1256 3088 regis,
1288 3032 1523 3088 eumque
1544 3017 1610 3049 ⁸⁸⁵
1639 3010 1878 3089 rogaret,
1910 3024 1970 3074 ut

2049 1865 2415 1920 retributione
2445 1878 2555 1920 non
2587 1864 2815 1919 haberet
2845 1865 3164 1935 participes.

2118 1954 2209 2019 76,
2252 1953 2371 2009 Udo
2411 1953 2760 2009 Treverensis
2797 1954 3267 2024 archiepiscopus,
3304 1956 3453 2011 omni
3492 1956 3695 2025 pietate

2050 2042 2266 2111 plenus,
2291 2042 2419 2096 dum
2442 2042 2607 2096 nimis
2635 2048 2952 2097 mansuetus
2977 2043 3253 2111 tyrannidi
3276 2057 3386 2099 non
3409 2046 3693 2110 resistens,

2050 2130 2308 2185 lieinrico
2357 2130 2481 2200 plus
2520 2144 2680 2199 quam
2722 2130 2955 2186 decebat
3001 2131 3345 2201 obsequitur,
3380 2134 3499 2202 ejus
3537 2135 3699 2189 ﬂam-

2050 2232 2172 2274 meo
2215 2216 2386 2273 furori
2434 2232 2549 2274 suae
2579 2218 2964 2274 consensionis
3002 2219 3181 2274 oleum
3230 2221 3523 2289 ministrat,
3552 2228 3608 2277 et
3636 2228 3697 2278 ut

2051 2307 2301 2363 ecclesiae
2333 2307 2725 2376 depraedentur
2752 2307 3030 2362 licentiam
3064 2308 3233 2363 donat
3268 2309 3363 2378 (V.
3395 2324 3514 2380 cap.
3549 2309 3693 2380 103);

2051 2402 2107 2450 et
2154 2409 2279 2451 mox
2328 2396 2383 2450 in
2422 2396 2664 2451 crastino
2716 2409 2874 2451 mane
2895 2395 2958 2426 ³³⁸
3005 2403 3255 2451 mortuus
3304 2398 3602 2464 invenitur,
3636 2405 3698 2454 ut

2052 2486 2307 2541 omnibus
2342 2491 2532 2554 aperte
2572 2492 2852 2541 constaret
2884 2486 3009 2542 ideo
3041 2486 3134 2541 tali
3174 2500 3297 2541 eum
3336 2494 3511 2543 morte
3550 2487 3698 2544 obis-

2050 2587 2131 2639 se,
2173 2573 2302 2642 quia
2350 2574 2407 2627 in
2460 2573 2816 2629 ecclesiarum
2876 2574 3216 2644 praedatione
3237 2573 3301 2604 ³⁹⁹
3354 2588 3461 2630 non
3514 2575 3695 2631 timuit

2050 2676 2332 2717 assensum
2364 2662 2632 2730 praebere.

2120 2751 2211 2802 77.
2252 2751 2406 2819 Eppo
2449 2752 2695 2806 Cicensis
2742 2753 3056 2821 episcopus,
3108 2752 3239 2807 dum
3290 2753 3347 2807 in
3407 2752 3693 2822 episcopio

2051 2838 2227 2892 sancti
2275 2838 2474 2893 Kiliani
2510 2838 2631 2909 (39)
2668 2840 2958 2908 quemdam
3007 2841 3179 2895 rivum
3209 2839 3339 2896 forti
3385 2841 3586 2896 sedens
3634 2841 3691 2895 in

2052 2940 2196 2996 equo
2244 2927 2524 2993 transiret,
2565 2942 2728 2997 quem
2774 2928 3008 2998 quilibet
3057 2929 3231 2999 pedes
3274 2930 3394 2984 sine
3444 2929 3693 2998 periculo

2053 3015 2286 3070 transire
2334 3021 2542 3085 posset,
2583 3015 2676 3070 ubi
2726 3030 2829 3071 nec
2879 3017 3044 3071 timor
3072 3017 3219 3072 ullus
3264 3016 3387 3085 fuit,
3428 3031 3574 3087 equo
3604 3032 3694 3074 ca-

328 3116 516 3159 secum
554 3117 654 3159 suo
704 3104 959 3160 mandato
1008 3105 1313 3161 remitteret
1354 3105 1423 3160 ad
1454 3120 1676 3177 regem:
1708 3109 1842 3173 Hoc,
1879 3107 1962 3162 in-
1993 3099 2221 3158 Cdente
2280 3103 2522 3159 moriens
2575 3103 2657 3159 sic
2714 3104 2926 3159 interiit
2986 3104 3093 3176 (0/.
3143 3104 3337 3160 Annal.
3388 3106 3553 3172 Sam,
3603 3122 3695 3161 au.

327 3192 467 3261 quit,
501 3192 551 3245 ei
595 3193 738 3247 mitto
787 3193 1106 3259 mandatum,
1140 3194 1277 3264 quod
1320 3194 1432 3265 ipse
1469 3200 1519 3249 et
1554 3210 1670 3264 ego,
1701 3200 1751 3251 et
1788 3212 1971 3252 omnes
2058 3190 2264 3261 1078);
2312 3198 2503 3248 sancto
2553 3192 2769 3248 Kiliano
2816 3192 2898 3248 sic
2942 3193 3295 3263 disponente,
3338 3200 3397 3249 ut
3445 3195 3538 3264 qui
3566 3196 3697 3264 ejus

325 3279 439 3348 ejus
474 3280 738 3351 iniquitati
771 3281 1023 3351 faventes,
1057 3283 1326 3353 dainpnali
1353 3298 1529 3338 sumus
1557 3283 1613 3338 in
1642 3289 1968 3356 perpetuum.
2052 3280 2206 3335 urbis
2242 3280 2516 3336 violentus
2555 3281 2847 3336 incubator
2884 3281 3085 3350 injuste
3125 3283 3309 3337 vinum
3349 3296 3506 3337 suum
3546 3283 3698 3338 bibe-

324 3369 570 3440 Cumque
600 3384 631 3424 a
677 3370 793 3425 suis
831 3370 926 3440 qui
974 3370 1203 3425 aderant
1232 3371 1471 3438 clericis,
1501 3384 1572 3427 ne
1602 3371 1731 3427 talia
1776 3372 1971 3443 loque-
2058 3368 2166 3433 bat,
2199 3382 2392 3438 aquam
2433 3383 2653 3437 quoque
2700 3382 2853 3423 suam
2892 3369 3042 3437 juste
3090 3370 3307 3437 bibens,
3339 3370 3481 3425 ultra
3511 3372 3696 3427 vinum

324 3462 499 3524 retur,
532 3465 678 3513 esset
724 3459 1054 3515 ammonitus
1086 3480 1098 3514 :
1143 3460 1280 3527 Quid
1328 3459 1493 3526 aliud,
1527 3460 1727 3530 inquit,
1760 3459 1965 3532 loquar,
2052 3470 2163 3512 non
2194 3463 2443 3525 quaerat;
2477 3462 2533 3511 et
2557 3456 2686 3525 quia
2717 3456 2879 3511 nobis
2906 3456 3334 3511 inconciliabilis
3353 3456 3417 3487 ⁸⁰⁰
3445 3472 3696 3527 perman-
3762 3490 3769 3495 -

322 3547 425 3600 uisi
472 3547 612 3616 quod
660 3562 834 3602 verum
881 3562 995 3602 esse
1050 3547 1326 3603 visibilitcr
1369 3549 1592 3604 intueor.
1650 3551 1790 3604 Ecce
1835 3550 1970 3604 enim

324 3634 586 3690 damones
642 3635 827 3691 tectum
882 3652 1047 3692 meum
1104 3639 1477 3704 circumstant,
1540 3641 1792 3708 quatenus
1842 3652 1923 3693 me
1947 3683 1965 3705 ,

322 3738 448 3778 mox
493 3729 550 3780 ut
579 3725 891 3795 expiravero
928 3726 1161 3796 rapiant.
1210 3729 1399 3797 Itaque
1435 3741 1550 3781 cum
1583 3727 1733 3795 fuero
1759 3726 1824 3781 de
1852 3741 1969 3782 cor-

318 3827 448 3880 pore
485 3812 721 3881 eductus,
752 3829 880 3882 rogo
919 3829 1009 3869 vos
1037 3820 1086 3869 et
1116 3830 1290 3869 omnes
1325 3813 1525 3885 ﬁdeles,
1556 3829 1621 3869 ue
1656 3830 1714 3869 se
1747 3816 1967 3885 fatigent

314 3915 415 3971 pro
440 3915 524 3955 me
567 3902 809 3971 faciendo
845 3901 1268 3973 supplicationes.
1320 3904 1433 3958 Hac
1471 3902 1640 3973 igitur
1675 3904 1732 3957 in
1771 3903 1969 3973 despe-

320 3990 538 4045 ratione
590 3989 901 4055 defunctus,
953 3990 1118 4045 nullis
1166 3991 1508 4047 orationibus
1558 3993 1669 4046 Deo
1718 3991 1966 4047 reconci-

320 4076 508 4144 liatus,
548 4077 644 4132 diu
690 4079 910 4147 jacebat
955 4078 1284 4148 insepultus,
1335 4079 1513 4135 donec
1559 4080 1786 4134 Romam
1834 4081 1965 4135 mit-

320 4166 478 4232 titur,
513 4173 571 4221 et
615 4166 745 4222 inde
794 4167 1028 4237 quaesito
1077 4167 1333 4237 consilio,
1367 4182 1436 4222 ne
1487 4167 1723 4237 populus
1767 4167 1965 4224 faetore

316 4260 727 4324 corrumpatur,
750 4256 1058 4326 apostolico
1081 4257 1238 4325 jussu
1257 4257 1377 4311 sine
1398 4257 1967 4312 commendationibus

316 4343 608 4415 sepelitur.
636 4346 756 4399 Non
786 4344 949 4415 longe
979 4350 1158 4400 autem
1190 4351 1315 4414 post
1345 4352 1576 4401 mortem
1605 4360 1759 4401 suam
1779 4345 1966 4400 abbati

2050 3546 2142 3610 sit,
2176 3546 2287 3600 Deo
2316 3544 2764 3599 inreconciliatus
2794 3544 2862 3598 ab
2893 3544 2995 3598 hac
3016 3543 3073 3574 ‘°'
3114 3545 3223 3599 vita
3252 3544 3521 3616 migravit.

2120 3632 2211 3687 78.
2243 3631 2572 3688 Godelridus
2610 3631 2672 3661 ⁵ο*
2720 3631 2864 3699 dux,
2914 3632 3009 3701 qui
3055 3631 3158 3687 fuit
3204 3634 3469 3689 maximus
3517 3635 3695 3690 hostis

2047 3721 2320 3788 Saxonim,
2348 3720 2513 3790 periit
2541 3720 2598 3775 in
2627 3720 2915 3775 secretiori
2946 3721 3197 3790 corporis
3227 3728 3381 3790 parte
3413 3722 3694 3792 perfossus

2047 3823 2193 3865 saevo
2225 3821 2510 3874 mucrone,
2544 3821 2646 3863 nec
2675 3814 2938 3877 purgatus
2968 3807 3157 3864 ultima
3187 3807 3557 3876 confessione,
3591 3823 3693 3867 nec

2049 3898 2292 3953 munitus
2319 3911 2476 3953 sacra
2505 3897 2910 3953 communione.

2117 3985 2209 4041 79.
2240 3985 2590 4042 Godebaldus
2608 3983 2692 4051 “’3,
2724 3985 2853 4040 dum
2892 3999 3035 4055 equo
3074 4000 3176 4042 suo
3227 3987 3441 4042 noviter
3487 3985 3693 4044 ferrato

2049 4076 2247 4146 pedem
2294 4074 2658 4145 posteriorem
2703 4073 2930 4142 levaret,
2964 4081 3120 4132 utan
3150 4081 3277 4145 apte
3316 4074 3520 4132 ferrum
3549 4082 3695 4133 esset

2047 4163 2365 4233 impositum
2406 4161 2470 4193 ωδ
2518 4162 2879 4232 perspiceret,
2928 4163 2997 4216 ab
3050 4164 3171 4232 ipso
3222 4164 3360 4232 pede
3408 4165 3465 4219 in
3512 4163 3693 4221 fronte

2048 4253 2375 4322 percutitur,
2407 4258 2463 4306 et
2491 4252 2572 4306 sic
2601 4251 2669 4305 ab
2700 4251 2803 4305 hac
2831 4250 2940 4312 vita
2969 4251 3325 4307 abstrahitur.

2120 4339 2209 4395 80.
2259 4338 2608 4395 Burchardus
2651 4339 2943 4393 Misnensis
2993 4338 3288 4407 praefectus
3317 4338 3401 4406 “5,
3459 4340 3587 4395 dum
3634 4342 3691 4395 in

317 4433 669 4489 Cloniacensi
689 4432 752 4463 ³⁹⁸
789 4434 1067 4503 apparuit,
1095 4434 1411 4503 priusquam
1452 4448 1575 4488 eum
1615 4432 1782 4491 fuisse
1822 4447 1966 4490 mor—
1987 4418 2282 4498 unadam
2311 4442 2430 4493 sua,
2464 4428 2551 4483 cui
2584 4431 2839 4496 praeerat,
2873 4427 3010 4481 urbe
3040 4427 3108 4481 ab
3140 4427 3365 4483 urbanis
3394 4428 3689 4497 invaditur,

321 4527 473 4576 tuum
521 4522 892 4591 cognovisset,
935 4526 990 4577 et
1023 4542 1035 4576 :
1087 4523 1211 4578 Non
1255 4536 1389 4588 sum,
1429 4522 1628 4591 inquit,
1668 4522 1832 4590 uiuus,
1871 4521 1966 4577 sed

320 4624 437 4665 vere
485 4610 778 4680 defunctus,
811 4615 860 4665 et
887 4610 943 4664 in
978 4610 1179 4679 infemo
1208 4610 1461 4680 sepultus.
1503 4610 1592 4665 Sic
1620 4609 1714 4664 ille
1744 4611 1966 4679 sapiens

319 4698 517 4769 et;per
546 4699 730 4754 omnia
766 4698 850 4754 vir
885 4698 1154 4754 honestus
1191 4698 1237 4752 si
1277 4711 1389 4753 non
1420 4703 1566 4753 esset
1603 4698 1844 4753 avaritiae
1874 4712 1966 4753 ve-

320 4788 482 4841 nenis
508 4785 574 4816 ³³⁸
630 4785 907 4853 infectus,
974 4786 1200 4842 stultum
1258 4792 1315 4842 et
1369 4785 1735 4841 miserabilem
1801 4786 1964 4841 ﬁnem

320 4872 552 4940 habuit;
604 4875 735 4945 quia
771 4874 941 4939 hunc,
981 4874 1110 4930 dum
1159 4880 1396 4944 poterat,
1428 4887 1740 4943 praecavere
1763 4873 1960 4930 noluit.

2047 4531 2191 4587 equo
2220 4518 2307 4573 cui
2330 4516 2605 4571 insidebat
2625 4513 2829 4570 frustra
2849 4514 3156 4570 calcaribus
3175 4515 3481 4583 vulnerato,
3503 4515 3692 4588 fugere

2047 4608 2293 4673 molitur,
2326 4606 2453 4676 quia
2494 4620 2669 4675 equus
2697 4618 2845 4675 saepe
2890 4604 3045 4674 prius
3074 4604 3141 4659 de
3172 4604 3461 4660 velocitate
3507 4605 3693 4661 lauda-

2047 4702 2157 4762 tus,
2188 4694 2374 4761 modo,
2418 4707 2541 4749 cum
2590 4693 2821 4748 maxime
2868 4694 3102 4748 maximo
3151 4707 3315 4748 cursu
3364 4706 3505 4763 opus
3550 4701 3688 4762 erat,

2046 4786 2107 4840 ﬁt
2152 4783 2528 4847 stationarius,
2579 4783 2735 4852 quasi
2785 4782 2995 4838 diceret
3038 4801 3050 4836 :
3089 4781 3224 4838 Mihi
3268 4796 3372 4836 non
3418 4780 3537 4837 licet
3577 4798 3694 4839 eum

2045 4888 2181 4929 nunc
2218 4888 2252 4928 α
2289 4871 2433 4927 vobis
2480 4871 2702 4941 eripere,
2734 4871 2822 4941 qui
2869 4870 2991 4926 dum
3035 4869 3135 4924 sibi
3181 4868 3347 4936 licuit,
3387 4868 3595 4926 uolebat
3635 4862 3715 4924 se-

1675 5000 1898 5055 VARIIE
1954 4999 2235 5055 LECTlON
2240 4999 2337 5053 ES.

392 5126 452 5159 ⁸⁹¹
494 5128 627 5183 Data
669 5126 859 5183 Idibus
905 5126 1082 5182 Martii
1130 5124 1277 5196 addit
1306 5126 1432 5195 Reg.
1466 5123 1554 5179 ubi
1582 5123 1789 5196 reliqua,
1819 5121 2424 5196 desuutsAliadadduut
2455 5121 2624 5196 eodem
2660 5120 2830 5196 Μειβαὶ
2867 5120 3163 5196 {summa
3197 5118 3453 5196 sicunde}:
3492 5122 3565 5196 Ν.
3597 5121 3689 5196 77.

320 5214 425 5253 sec.
457 5214 512 5254 x1
541 5204 591 5254 et
629 5198 810 5254 Codex
844 5196 1099 5253 Udatrici.

323 5284 534 5326 veneno
563 5269 618 5322 2·
722 5268 785 5300 ³⁸⁷
825 5270 966 5324 deest
1001 5270 1047 5323 1.

325 5339 381 5371 “‘
422 5342 567 5397 deest
602 5340 652 5395 1.

327 5412 619 5481 episcopus
647 5410 875 5467 eﬁ'ectus
908 5410 957 5464 1.

1176 5195 1239 5227 ³⁹²
1277 5197 1571 5267 episcopos
1606 5195 1653 5251 1.

1148 5267 1214 5299 ³9⁸
1250 5268 1326 5323 ita
1372 5265 1551 5322 1b.'2.
1594 5267 1736 5322 deest
1782 5267 1829 5320 1.
1931 5265 1998 5298 ³⁹⁹

756 5340 821 5371 ⁸⁰²
858 5341 969 5396 dux
1006 5339 1390 5395 Lethariorum
1419 5338 1616 5394 Gozelo
1646 5337 1730 5393 vel
1767 5335 2093 5393 Godefridus
2119 5335 2172 5389 2.

1731 5194 1795 5227 ⁸⁹³
1832 5197 1909 5252 ita
1943 5195 1991 5248 1.
2030 5194 2116 5250 1b.
2147 5194 2241 5249 vili
2273 5208 2327 5263 p.
2361 5193 2415 5247 2.
2493 5190 2558 5263 ’ἳδ
2596 5205 2719 5263 eum
2753 5192 2798 5263 1.
2876 5188 2939 5263 ξπ
2975 5190 3223 5263 _Cluniac.
3256 5190 3311 5244 2.
3332 5190 3455 5263 777'“
3484 5192 3565 5263 ita
3598 5192 3686 5250 1b.

2037 5262 2489 5336 praedationibus
2501 5262 2556 5336 2‘.

2658 5260 2723 5292 ⁴⁰⁰
2759 5262 2835 5317 ita
2880 5260 2929 5314 1.
2968 5260 3022 5316 2.
3064 5262 3550 5319 irreconciliabilis
3600 5263 3687 5319 1b.

2278 5334 2341 5365 ⁵⁸³
2376 5332 2731 5389 Godobaldus
2766 5331 2820 5386 2.
2926 5330 2991 5362 W
3028 5333 3330 5402 repositum
3358 5332 3412 5388 2.
3517 5334 3581 5366 ⁴⁰⁵
3617 5336 3686 5391 Μ.

1904 5507 2098 5561 ΝΟΤᾸΕ
2108 5548 2117 5559 .

401 5577 521 5649 (39)
565 5581 624 5636 1d
655 5587 737 5637 est
768 5580 1211 5650 Wirziburgensi.
