4014 6176
350 330 460 385 547

1396 324 1728 378 BRUNUNIS
1762 324 2026 379 CLERICI
2065 323 2661 381 MAGDEBURGENSIS

3617 315 3723 368 548

350 456 633 522 corrigere.
701 449 932 507 Moritur
985 463 1117 519 ergo
1174 461 1295 503 cum
1360 460 1555 516 magno
1610 447 1805 502 animae
1872 462 1985 503 suae
2007 448 2165 507 Atur
2193 462 2224 502 a
2254 446 2416 503 litore
2456 446 2695 517 longius,
2728 443 3022 514 nautisque
3053 458 3121 499 ne
3153 444 3373 516 longius
3408 441 3589 496 abiret
3614 440 3725 496 cla-

353 542 623 614 periculo,
655 540 783 610 quia
830 553 979 608 saepe
1017 549 1341 593 consensum
1390 535 1627 604 praebuit
1677 537 1989 606 periculoso

352 629 638 689 saevissimi
672 630 818 700 regis
847 626 1100 683 consilio.

423 720 512 774 81.
548 717 847 788 Liupoldus
878 715 960 782 ⁸⁸⁸,
1006 714 1175 769 frater
1219 712 1500 768 Bertholdi
1549 713 1695 784 regis
1740 715 1991 770 consilia-

356 810 445 876 rii,
478 809 572 878 qui
602 813 658 862 et
704 807 821 875 ipse
870 806 989 873 ejus
1035 801 1381 857 consiliarius
1419 807 1556 868 erat,
1589 802 1716 857 dum
1757 804 1991 873 quadam

356 898 445 953 die
470 899 624 967 juxta
673 908 855 963 regem
896 892 1167 961 equitans,
1200 904 1322 944 cum
1353 903 1421 945 eo
1464 890 1744 959 quoslibet
1788 906 1993 949 sermo-

356 1000 454 1041 nes
500 983 796 1048 eonferret,
828 980 1095 1050 aecipiter
1130 992 1289 1048 quem
1331 979 1553 1034 sinistra
1592 981 1865 1049 portabat,
1900 995 1992 1037 vo-

357 1074 514 1129 litare
544 1072 733 1141 coepit,
775 1069 929 1139 quasi
979 1072 1262 1137 capturam
1302 1073 1534 1136 peteret.
1576 1068 1673 1123 ille
1702 1082 1833 1124 vero
1868 1074 1994 1138 post

356 1175 506 1219 avem
537 1172 830 1230 parumper
856 1171 915 1212 se
961 1156 1252 1218 inclinans,
1285 1154 1354 1210 ab
1387 1169 1531 1224 equo
1562 1155 1742 1226 gravis
1770 1156 1991 1223 cecidit,

358 1255 413 1304 et
460 1262 643 1305 ensem
690 1260 800 1317 quo
831 1246 1047 1302 cinctus
1085 1249 1203 1299 erat
1231 1258 1262 1299 e
1290 1243 1484 1314 vagina
1532 1244 1764 1314 lapsum,
1797 1244 1994 1314 capulo

358 1345 517 1393 terrae
542 1337 722 1393 defixo
750 1337 808 1391 in
858 1340 1082 1405 pectore
1125 1333 1307 1389 medio
1347 1334 1593 1404 recepit;
1638 1340 1691 1390 et
1723 1336 1815 1404 qui
1845 1349 1993 1405 saepe

357 1427 505 1496 pravi
554 1426 773 1482 consilii
823 1438 1054 1480 consors
1081 1423 1164 1478 vel
1213 1428 1408 1478 auctor
1454 1422 1576 1491 fuit,
1609 1425 1728 1479 sine
1760 1424 1993 1481 consilio

356 1521 638 1585 perpetua;
685 1513 879 1569 salutis
915 1514 984 1568 ab
1031 1512 1135 1567 hac
1162 1511 1271 1566 vita
1314 1512 1562 1567 recessit.
1615 1513 1712 1568 His
1743 1528 1810 1568 ex
1839 1516 1994 1584 parte

358 1604 623 1669 tractatis,
657 1603 825 1658 multa
871 1602 959 1657 his
999 1600 1200 1657 similia
1248 1600 1593 1669 praeteriens,
1642 1601 1711 1657 ad
1757 1602 1995 1658 iterin-

356 1697 575 1760 ceptum
604 1692 729 1747 volo
759 1691 980 1757 reverti,
1012 1689 1161 1759 quod
1193 1703 1303 1745 non
1332 1690 1640 1746 aberrando
1669 1691 1768 1747 sed
1796 1697 1994 1761 sponte

356 1780 625 1836 deviando
655 1779 893 1835 deserui.

427 1868 515 1923 82.
563 1868 693 1938 (An.
731 1868 885 1933 1076,
918 1866 1283 1938 April.-Mai.)
1333 1867 1506 1938 Igitur
1534 1873 1818 1938 comperta
1847 1869 1993 1940 lega-

358 1957 506 2013 tione
551 1957 828 2028 pontificis
857 1961 912 2012 et
942 1956 1450 2012 excomunicatione
1497 1958 1610 2013 sive
1646 1958 1992 2027 depositione

356 2046 597 2102 Heinrici
654 2048 819 2115 regis,
876 2060 1067 2102 omnes
1112 2046 1205 2115 qui
1264 2050 1486 2101 nostros
1531 2046 1778 2116 captivos
1829 2046 1993 2102 habe—

354 2136 506 2202 bant,
535 2136 664 2205 quia
711 2135 914 2190 nullam
958 2135 1102 2204 apud
1147 2148 1331 2204 regem
1377 2126 1832 2201 misericordiam,
1865 2135 1993 2191 dum

352 2237 449 2279 rex
478 2229 616 2291 erat,
648 2223 893 2279 invenire
934 2228 1209 2293 poterant,
1243 2229 1298 2277 et
1327 2222 1377 2278 ei
1411 2223 1613 2277 nullam
1651 2223 1837 2290 modo,
1870 2238 1992 2279 cum

349 2325 447 2367 rex
502 2324 613 2367 non
672 2316 838 2378 esset,
886 2311 1047 2367 ﬁdem
1095 2312 1179 2366 vel
1237 2311 1639 2380 subjectionem
1693 2312 1991 2379 debebant,

350 2412 543 2456 omnes
588 2413 686 2456 eos
732 2401 789 2455 in
848 2401 1078 2470 patriam
1129 2400 1321 2471 gratis,
1372 2399 1631 2455 Heinrico
1687 2402 1991 2467 nesciente,

316 2484 317 2487 “
349 2489 694 2545 dimiserunt.

421 2576 511 2633 83.
562 2578 667 2633 Sed
715 2576 1063 2632 Burchardus
1082 2575 1144 2609 “7
1185 2576 1662 2632 Halberstadensis
1700 2577 1995 2648 episcopus

350 2681 514 2737 quam
552 2666 879 2721 mirabiliter
904 2680 934 2720 a
965 2665 1263 2720 miserabili
1295 2666 1681 2735 dampnatione
1710 2667 1781 2721 sit
1810 2666 1995 2722 divina

351 2757 555 2826 pietate
587 2756 870 2822 liberatus,
904 2754 972 2810 ad
1020 2756 1116 2810 Del
1164 2754 1380 2810 laudem
1411 2761 1465 2810 et
1492 2755 1561 2810 ad
1610 2756 1850 2811 omnium
1898 2757 1997 2812 mi-

350 2860 601 2902 serorum
649 2845 1082 2901 consolationem
1132 2842 1382 2900 referam.
1424 2846 1560 2900 Dum
1586 2845 1879 2900 Helnricus
1908 2860 1995 2900 es-

351 2940 435 2991 set
472 2936 626 3005 juxta
675 2933 1000 3001 Danubium,
1045 2938 1101 2988 et
1142 2947 1327 2989 secum
1365 2932 1595 2989 haberet
1641 2934 1850 2989 sororis
1879 2949 1994 2990 sua:

353 3024 609 3079 maritum
655 3023 1025 3088 Salomonem,
1067 3022 1320 3077 similiter
1365 3022 1434 3076 ab
1483 3022 1784 3092 Ungrize‘”
1822 3036 1993 3093 regno

2072 536 2366 603 mantibns,
2426 534 2836 605 appropinquat
2885 533 3094 599 domui,
3128 533 3439 602 leniterque
3477 528 3722 599 pulsans.

2071 626 2351 694 Deumque
2380 623 2709 693 suppliciter
2733 635 2958 687 vocans,
2989 622 3131 677 dixit
3156 638 3169 676 :
3201 622 3386 692 Aperi.
3417 620 3722 687 Numquam

2073 714 2211 770 dixit
2241 727 2422 784 neque
2463 712 2714 768 dicturus
2756 715 2841 767 est
2881 724 3004 766 cum
3044 713 3251 781 majore
3280 710 3575 766 devotione
3605 721 3725 763 cor-

2074 802 2179 869 dis,
2206 803 2389 874 Aperi,
2422 802 2528 856 nisi
2557 801 2606 856 si
2643 800 2949 870 speraverit
2987 799 3094 855 sibi
3132 798 3464 869 quandoque
3501 799 3721 868 januam

2074 893 2229 962 regni
2276 890 2519 947 caelestis
2565 889 2789 959 aperiri.
2840 888 3154 945 Othelrlcus
3209 889 3415 959 paratis
3462 886 3623 956 equis
3668 890 3726 940 et

2074 981 2242 1036 sociis
2290 980 2614 1050 episcopum
2662 978 2928 1047 suscepit,
2961 982 3018 1033 et
3064 978 3155 1033 die
3202 978 3516 1048 quiescens,
3557 981 3722 1030 nocte

2073 1083 2205 1125 vero
2252 1069 2540 1135 festinans,
2582 1082 2702 1123 eum
2750 1068 2848 1122 Dei
2898 1066 3279 1123 misericordia
3329 1067 3628 1123 comitante
3665 1063 3722 1119 in

2076 1157 2421 1214 Halberstedi
2462 1157 2520 1188 ’t“
2562 1156 2838 1227 perduxit.
2887 1158 3098 1223 Quanta
3145 1154 3513 1227 gratulatione
3551 1152 3727 1213 totius

2078 1246 2265 1317 populi
2296 1246 2490 1302 fuisset
2532 1251 2814 1316 acceptus,
2847 1259 3002 1301 meus
3030 1245 3201 1301 hebes
3230 1258 3341 1301 non
3378 1242 3525 1299 valet
3552 1241 3728 1312 expll-

2077 1350 2201 1391 care
2232 1336 2411 1391 stilus.
2455 1336 2629 1391 Etiam
2660 1336 2754 1404 qui
2786 1349 2907 1389 eum
2942 1334 3094 1404 prius
3129 1333 3259 1390 odio
3299 1333 3634 1398 habuerunt,
3667 1331 3722 1387 in

2077 1440 2309 1481 occursu
2345 1426 2457 1481 laeti
2488 1424 2900 1495 gaudentesque
2930 1427 3296 1479 cucurrerunt
3315 1421 3397 1477 δι’.

2147 1513 2237 1565 84.
2278 1512 2563 1581 Principes
2591 1525 2723 1582 ergo
2754 1511 2929 1567 nostri
2961 1511 3191 1566 diversis
3218 1510 3287 1565 ab
3317 1508 3499 1565 exiliis
3532 1521 3726 1564 omnes

2078 1614 2219 1670 pene
2248 1601 2410 1656 simul
2440 1601 2496 1655 in
2533 1600 2763 1670 patriam
2796 1600 3023 1664 reversi,
3055 1613 3301 1670 magnam
3332 1599 3420 1657 his
3448 1598 3544 1668 qui
3575 1595 3723 1652 domi

2077 1697 2232 1746 erant
2288 1690 2561 1746 dederunt
2616 1688 2896 1745 materiam
2952 1687 3158 1759 gaudii,
3210 1693 3266 1744 et
3318 1688 3615 1743 multorum
3663 1700 3725 1741 os

2016 1782 2415 1851 Baperuerunt
2462 1779 2515 1834 in
2558 1779 2773 1835 laudem
2822 1780 2938 1835 Del.
2987 1781 3322 1834 Invenerunt
3362 1777 3508 1833 enim
3553 1781 3723 1831 totam

2077 1882 2219 1938 pene
2248 1868 2465 1938 plebem
2494 1874 2902 1939 congregatam,
2934 1868 3079 1938 exigi
3110 1868 3318 1923 tributa
3354 1865 3584 1937 praediis
3612 1865 3725 1920 suis

2078 1958 2462 2028 persolvenda,
2502 1959 2616 2029 jam
2663 1958 2938 2013 libertatis
2973 1971 3073 2027 spe
3112 1956 3419 2014 retinendae
3447 1956 3721 2025 deposita,

2080 2061 2204 2116 quae
2244 2048 2536 2116 juberetur
2564 2052 2762 2103 cuncta
2799 2046 3084 2102 facturam.
3117 2046 3483 2102 Herimannus
3518 2050 3719 2109 autem,

2076 2140 2303 2205 patruus
2322 2136 2498 2207 Magni
2518 2136 2696 2203 ducis,
2720 2140 2776 2192 et
2796 2135 3121 2198 Thiedricus
3140 2135 3210 2190 de
3233 2132 3723 2204 Kathalanburg‘”

2075 2224 2205 2279 —hi
2236 2238 2468 2294 namque
2500 2225 2654 2294 prius
2682 2224 2964 2294 aliquanto
2995 2224 3198 2280 ceteris
3228 2227 3499 2279 venerunt
3526 2252 3598 2263 —
3626 2222 3723 2277 ob-

2076 2312 2399 2382 stupefactis
2437 2314 2693 2369 omnibus
2723 2313 3203 2371 exclamaverunt:
3240 2331 3268 2366 α
3298 2312 3502 2379 Nolite,
3535 2311 3724 2367 dicen-

2076 2406 2180 2466 tes,
2214 2402 2406 2471 optimi
2455 2404 2717 2471 Saxones,
2751 2402 2920 2459 nolite
2960 2402 3241 2458 servitutls
3277 2404 3410 2473 juga
3448 2401 3717 2470 recipere,

2077 2488 2249 2546 nolite
2288 2490 2353 2525 δι”
2406 2491 2787 2548 hereditatem
2833 2497 3066 2548 vestram
3125 2492 3468 2547 tributariam
3517 2488 3715 2554 facere,

2077 2578 2249 2635 nolite
2282 2581 2350 2636 de
2390 2581 2769 2637 misericordia
2799 2582 2894 2637 Dei
2926 2580 3259 2650 desperare!
3302 2582 3441 2636 Ecce
3472 2592 3597 2645 nos,
3630 2578 3718 2648 qui

2078 2667 2243 2723 vestri
2293 2683 2457 2725 causa
2501 2684 2603 2725 nos
2648 2669 2704 2724 in
2753 2670 3122 2740 captivitatem
3172 2669 3444 2736 dedimus,
3486 2668 3581 2723 Dei
3613 2666 3720 2722 cle-

2076 2756 2300 2823 mentia,
2334 2756 2432 2813 illo
2461 2758 2555 2827 qui
2585 2771 2689 2813 nos
2718 2758 2937 2814 tenebat
2973 2760 3165 2825 invito,
3201 2758 3461 2823 redimus,
3495 2770 3599 2826 pro
3628 2767 3720 2810 vo-

2076 2844 2163 2899 bis
2187 2851 2243 2901 et
2260 2846 2458 2901 vestris
2488 2848 2778 2917 pugnaturi
2804 2847 3063 2917 quamdiu
3082 2848 3330 2902 vivimus.
3352 2846 3559 2917 Erlgite
3589 2859 3717 2916 ergo

2077 2935 2346 2990 cervicem
2389 2937 2523 3006 jugo
2561 2936 2843 2991 servitutis
2881 2950 3112 2993 excusso
3143 2935 3392 3002 liberam,
3424 2948 3718 3005 numquam

2078 3023 2307 3092 posthac
2344 3024 2607 3080 servitute
2653 3025 3028 3094 premendam,
3060 3024 3348 3094 adjuvaute
3394 3024 3527 3079 Deo.
3570 3022 3721 3078 Reti-

353 3111 664 3181 depulsum,
705 3111 834 3180 quia
881 3110 1222 3179 temporibus
1278 3109 1388 3163 illis
1442 3111 1660 3180 vigebat
1716 3110 1990 3180 depositio
2013 3128 2056 3187 α
2076 3116 2204 3166 nete
2234 3125 2473 3167 manusa
2503 3113 2725 3168 tributis
2754 3112 3054 3180 solvendis,
3077 3114 3311 3169 retinete
3342 3112 3723 3182 possessiones

353 3215 573 3272 regum;
605 3213 808 3270 genero
847 3211 947 3253 suo
971 3199 1081 3267 jam
1112 3197 1359 3254 redituro
1390 3198 1445 3252 in
1476 3200 1726 3267 patriam,
1750 3200 1807 3254 in
1838 3202 1994 3271 cujus

353 3289 696 3345 extremitate
762 3301 963 3357 paucas
1027 3287 1192 3342 urbes
1254 3286 1508 3343 habendo
1563 3288 1653 3342 vix
1717 3287 1991 3357 haerebat,

351 3378 671 3449 episcopum
720 3376 1091 3432 Burchardum
1130 3376 1550 3443 commendavit,
1596 3391 1829 3447 eumque
1860 3378 1996 3434 mul-

351 3474 488 3535 tum,
531 3472 587 3522 et
633 3479 927 3535 numquam
974 3465 1031 3520 in
1069 3464 1426 3521 Theutonicis
1463 3465 1662 3521 finibus
1692 3466 1990 3533 videretur,

352 3554 688 3624 obsecravit;
714 3554 862 3625 quod
884 3559 938 3610 et
968 3554 1060 3609 ille
1081 3554 1352 3624 promisit.
1376 3555 1532 3622 Quod
1555 3569 1677 3610 cum
1698 3555 1993 3631 episcopus

352 3646 753 3715 praesensisset,
785 3643 1011 3711 amicos,
1045 3657 1186 3713 quos
1222 3642 1460 3698 habebat
1494 3642 1573 3698 ibi
1608 3657 1831 3713 paucos,
1866 3659 1994 3714 pau-

351 3734 452 3801 cis,
485 3733 630 3789 sicut
676 3737 893 3802 tempus
939 3732 1216 3798 monebat,
1248 3731 1431 3787 verbis
1460 3731 1751 3799 allocutus,
1785 3732 1996 3804 rogavit

352 3836 545 3879 omnes
593 3836 692 3891 per
737 3821 833 3876 Dei
863 3834 1086 3885 nomen,
1118 3825 1390 3889 quatenus
1427 3821 1496 3875 de
1543 3835 1640 3876 sua
1689 3822 1996 3893 cogitarent

352 3911 661 3983 ereptione.
712 3912 864 3965 Tunc
900 3907 1294 3964 Othelricus‘"
1332 3910 1550 3978 quidam
1580 3910 1719 3966 dixit
1747 3911 1818 3976 ei,
1851 3916 1996 3966 stare

354 4000 643 4070 quamdam
690 3998 911 4055 domum
956 3998 1224 4053 desertam
1257 4011 1367 4053 non
1395 3998 1557 4071 longe
1595 4014 1626 4055 a
1665 4000 1847 4068 litore,
1882 4013 1997 4055 mo-

353 4089 583 4160 nuitque
614 4103 735 4143 eum
772 4091 834 4143 ut
870 4087 1011 4143 hanc
1059 4093 1176 4142 arte
1215 4087 1459 4157 qualibet
1496 4094 1791 4160 temptaret
1828 4089 1998 4144 intra-

354 4192 434 4233 re.
474 4178 762 4247 Episcopis
809 4190 941 4246 ergo
981 4180 1190 4232 tantum
1228 4191 1351 4233 cum
1389 4191 1501 4233 uno
1547 4178 1835 4248 capellano
1874 4178 1997 4233 navi

352 4266 664 4339 impositus,
705 4281 958 4338 exregem
1001 4266 1227 4335 jubetur
1273 4267 1622 4333 antecedere,
1664 4267 1841 4322 donec
1879 4267 1997 4337 ipse

352 4371 475 4412 cum
521 4369 717 4413 socero
766 4371 1018 4426 pransus,
1052 4370 1176 4411 eum
1223 4370 1346 4411 cum
1391 4357 1605 4426 gurgite
1653 4369 1883 4411 currens
1911 4371 1999 4411 ve-

2077 3205 2285 3256 veetras
2317 3200 2538 3267 liberas,
2583 3202 2727 3257 sicut
2755 3201 2958 3258 liberas
2986 3216 3079 3258 eas
3107 3216 3137 3257 a
3166 3201 3363 3257 vestris
3400 3200 3723 3271 parentibus

2076 3290 2386 3358 accepistis.
2413 3291 2519 3344 Vos
2546 3295 2726 3345 autem
2758 3289 3000 3346 fautores
3029 3289 3356 3359 iniquitatis,
3380 3290 3475 3359 qui
3506 3289 3720 3344 miseris

2077 3376 2256 3446 plebis
2278 3377 2639 3447 oppressione
2659 3378 2901 3434 crudelis
2929 3379 3144 3449 tyranni
3165 3379 3394 3449 gratiam
3421 3377 3718 3448 quaesistis,

2075 3465 2145 3520 ab
2174 3466 2540 3535 opprimendo
2578 3472 2810 3534 cessate,
2843 3468 2912 3522 ab
2943 3468 3214 3538 exigendo
3246 3467 3535 3537 quiescite,
3569 3470 3625 3522 et
3654 3480 3721 3521 ex

2077 3554 2179 3610 hac
2208 3555 2345 3612 hora
2368 3556 2452 3612 vel
2484 3557 2771 3612 nobiscum
2803 3571 2903 3626 pro
2932 3557 3185 3612 libertate
3216 3556 3509 3628 pugnaturi
3549 3555 3723 3611 ﬁdeli-

2077 3651 2164 3699 ter
2193 3649 2249 3699 et
2271 3645 2440 3713 jurati
2480 3650 2816 3715 permanete,
2846 3645 2931 3701 vel
2962 3646 3017 3700 in
3056 3645 3158 3701 hac
3190 3645 3327 3700 hora
3357 3645 3504 3700 velut
3532 3645 3721 3699 hostes

2076 3731 2231 3787 infidi
2262 3738 2317 3788 et
2363 3734 2571 3803 perjuri
2600 3748 2631 3788 a
2660 3733 2824 3790 nobis
2852 3737 2907 3789 et
2936 3747 2966 3789 a
3000 3733 3174 3803 patria
3205 3739 3395 3790 nostra
3423 3746 3719 3802 numquam

2079 3823 2351 3878 reversuri
2373 3823 2660 3879 discedite.
2690 3843 2714 3874 ιν
2747 3822 2967 3878 Talibus
2987 3822 3170 3879 verbis
3190 3829 3245 3879 et
3273 3822 3463 3878 hostes
3482 3821 3718 3887 confusi,

2078 3924 2110 3965 a
2158 3910 2443 3967 ferocitate
2485 3912 2796 3982 quiescunt,
2837 3917 2892 3968 et
2940 3914 3087 3968 cives
3133 3910 3449 3979 confortatl,
3490 3911 3722 3981 pristina

2079 3999 2279 4056 virtute
2328 4008 2570 4071 recepta,
2611 4002 2668 4056 in
2716 4001 3124 4057 unanimitatem
3174 4000 3334 4057 facile
3381 4000 3721 4071 coalescunt.

2080 4088 2383 4155 Coadunatl
2432 4088 2710 4159 denique,
2762 4090 3019 4159 praesidia
3066 4090 3309 4146 Heinrici
3355 4090 3424 4145 ab
3470 4089 3726 4145 omnibus

2081 4178 2323 4234 castellis
2358 4179 2609 4248 ejiciunt,
2653 4185 2709 4236 et
2753 4179 2864 4234 illis
2902 4193 2965 4236 ea
3001 4194 3245 4257 quorum
3291 4179 3510 4236 fuerant
3554 4180 3722 4235 libera

2081 4267 2416 4335 restituunt;
2459 4268 2841 4337 possessiones
2870 4268 3022 4334 alias,
3057 4283 3193 4339 quas
3231 4275 3496 4339 tyrannus
3524 4267 3724 4338 injuste

2080 4353 2168 4410 his
2189 4369 2421 4425 quorum
2451 4362 2608 4412 erant
2636 4362 2875 4427 ereptas,
2908 4357 3164 4427 injustlus
3188 4358 3300 4413 illis
3318 4357 3386 4413 ad
3410 4370 3552 4428 quos
3572 4356 3722 4413 nullo

350 4445 548 4502 lociter
570 4445 633 4477 ⁸⁸⁸
660 4446 999 4517 insequatur.
1052 4445 1273 4501 Leniter
1310 4459 1441 4516 ergo
1481 4445 1729 4500 defluens
1768 4443 2203 4518 episco-Djure
2248 4445 2601 4513 pertincbmt
2648 4446 2945 4502 donaverat
2964 4445 3048 4512 δ”,
3096 4445 3370 4513 auferunt,
3425 4452 3482 4502 et
3530 4460 3623 4501 eas
3657 4445 3722 4501 ad

352 4549 454 4604 pus
484 4549 597 4591 non
627 4535 684 4590 in
722 4548 972 4591 somnum
1012 4533 1351 4599 dissolvitur,
1385 4546 1495 4588 non
1534 4533 1591 4587 in
1620 4533 1774 4588 vanis
1812 4534 2004 4590 confa-

350 4624 727 4679 bulationibus
773 4627 1095 4691 occupatur,
1130 4622 1228 4678 sed
1259 4635 1356 4677 cor
1386 4635 1507 4677 cum
1553 4627 1670 4678 tota
1707 4622 2000 4679 devotione

351 4712 493 4768 levat
522 4712 589 4767 ad
620 4714 809 4779 Deum,
844 4711 1037 4768 oculos
1074 4711 1130 4765 in
1171 4710 1304 4765 litus
1333 4715 1484 4766 tenet
1522 4711 1786 4779 intentos,
1821 4713 1999 4768 donec

2077 4532 2258 4600 justos
2291 4546 2639 4603 possessores
2676 4533 2857 4590 redire
2896 4532 3124 4590 faciunt.
3167 4536 3262 4590 His
3291 4535 3549 4591 omnibus
3578 4535 3634 4589 in
3666 4534 3726 4588 ii-

2084 4620 2246 4676 nibus
2292 4622 2498 4678 nostris
2539 4623 2644 4678 rite
2696 4624 2954 4693 peractis,
2986 4623 3129 4680 diem
3162 4629 3217 4680 et
3254 4625 3436 4680 locum
3467 4623 3727 4679 determio

2085 4715 2235 4778 nant,
2264 4711 2357 4766 ubi
2388 4712 2741 4768 concordiam
2771 4712 2838 4767 ad
2872 4713 3247 4770 defensionem
3280 4714 3473 4784 patria
3504 4726 3727 4769 renova-

352 4807 825 4871 praamonstratam
881 4799 1189 4869 conspiciat
1245 4800 1465 4855 domum
1520 4799 1666 4870 (Jun.
1717 4800 1839 4871 24).
1886 4803 2001 4868 Qua
2084 4800 2191 4855 turi
2223 4803 2570 4869 conveniant,
2595 4807 2650 4858 et
2680 4815 2776 4858 eos
2804 4803 2861 4858 in
2891 4803 3092 4873 quibus
3115 4803 3456 4860 infidelitatis
3485 4788 3726 4873 suspicio

349 4890 464 4946 visa
510 4896 668 4961 rogat
712 4895 944 4957 nautas,
995 4892 1055 4944 ut
1097 4890 1155 4945 in
1193 4888 1326 4944 litus
1375 4903 1434 4944 se
1480 4889 1653 4945 velint
1701 4902 1998 4960 exponere,

352 4982 623 5050 quatenus
660 4984 905 5036 ventrem
951 4978 1182 5034 levando
1222 4977 1497 5047 persolvat
1537 4977 1722 5035 debita
1760 4983 1990 5041 naturis.

352 5066 437 5128 Illi
465 5068 543 5129 nil
572 5068 938 5139 suspicantes,
960 5067 1017 5121 in
1047 5067 1307 5123 miserum
1337 5065 1726 5121 misericordes
1755 5065 1992 5135 fuerant,

352 5161 408 5219 et
455 5172 580 5217 eum
625 5155 911 5227 capellano
959 5155 1160 5212 comite
1208 5155 1359 5210 exire
1416 5155 1804 5227 permiserunt.
1853 5155 1992 5225 Quid

351 5259 557 5313 moror.
590 5260 714 5310 cum
749 5245 808 5307 in
836 5245 934 5305 illo
963 5257 1171 5305 moram
1200 5242 1405 5303 nullam
1435 5244 1700 5306 intueor?
1729 5244 1995 5303 Remove-

2084 4888 2374 4957 resideret,
2407 4896 2501 4946 aut
2528 4905 2558 4945 a
2584 4890 2785 4946 finibus
2813 4892 2928 4947 suis
2957 4893 3127 4959 exire,
3151 4896 3245 4948 aut
3273 4904 3460 4949 secum
3490 4890 3727 4947 ﬁdeliter

2077 4978 2374 5039 convenire
2405 4978 2761 5048 compellant.

2146 5067 2236 5120 85.
2278 5069 2407 5124 Haec
2437 5068 2620 5125 omnia
2649 5067 2778 5124 dum
2817 5069 3108 5131 Heinricus
3136 5068 3381 5129 audisset
3415 5069 3565 5141 (Jun.
3598 5068 3719 5140 29),

2077 5154 2240 5211 nimis
2282 5155 2343 5213 in
2393 5156 2574 5212 animo
2623 5156 3015 5225 conturbatur,
3067 5161 3123 5217 et
3169 5146 3587 5228 Mogontiam‘“
3632 5171 3721 5219 ve-

2077 5244 2255 5311 niens,
2306 5244 2570 5314 quosdam
2619 5245 2689 5303 de
2735 5246 2975 5303 residuis
3029 5246 3210 5307 adhuc
3265 5246 3499 5318 captivis
3543 5246 3614 5307 ad
3660 5261 3718 5305 se

1718 5371 1940 5425 VABJrE
1977 5368 2360 5426 LECTIONES.

422 5468 487 5499 δυο
525 5467 869 5539 Luidpoldus
895 5468 950 5524 2.
1035 5466 1098 5498 “’7
1137 5469 1317 5524 Bucco
1355 5466 1848 5539 siveABurchardus
1876 5468 1931 5539 _2.

353 5536 741 5597 berstatedi'l.
853 5538 915 5569 “'
954 5544 1015 5596 ut
1042 5544 1441 5596 concurrerent
1467 5536 1521 5593 2.

350 5610 415 5643 ⁸¹⁶
451 5610 825 5682 mogontinam
873 5610 916 5663 l.

2038 5465 2102 5498 “’3
2137 5468 2215 5522 ita
2247 5466 2296 5522 1.
2328 5465 2383 5522 2.

1640 5536 1702 5570 “'
1740 5536 2112 5593 Katelenburh
2149 5537 2205 5591 2.

2480 5466 2543 5498 ⁸⁰⁹
2579 5467 2867 5526 Odelricus
2894 5469 2948 5526 2.
3044 5470 3108 5501 “°
3145 5470 3304 5527 velox
3336 5470 3421 5526 1b.
3509 5469 3572 5502 “‘
3611 5469 3722 5527 hal-

2317 5537 2382 5569 ’δι’
2421 5553 2477 5593 n.
2509 5538 2565 5595 h.
2599 5554 2650 5593 v.
2683 5544 2724 5595 t.
2756 5539 2798 5596 f.
2830 5540 3017 5605 desunt
3050 5540 3099 5595 1.
3212 5542 3277 5580 “"
3315 5542 3625 5605 domuerat
3674 5540 3719 5594 Ῑ·
