4014 6176
240 342 336 397 549

1556 340 1643 394 DE
1682 340 1896 395 BELLO
1933 339 2280 394 SAXONICO.

3480 346 3591 402 550

240 465 352 523 duci
381 463 662 534 praecepit,
695 469 901 520 et-cum
931 464 1013 519 eis
1041 464 1110 520 de
1143 464 1342 534 pretio,
1376 478 1486 533 quo
1524 478 1583 519 se
1615 465 1858 520 redime-
1879 468 2048 533 Aper
2076 478 2135 519 se
2165 462 2248 518 vel
2278 477 2376 532 per
2413 463 2662 519 nuntium
2694 467 2843 534 genti
2885 480 3024 535 pene
3065 467 3297 536 perdita:
3337 473 3588 528 consola-

237 558 348 611 rent
390 556 450 608 ut
497 551 943 619 dimitterentur,
984 553 1115 623 egit.
1158 553 1371 607 interea
1418 557 1539 607 orta
1587 552 1861 625 seditione

238 647 369 701 inter
397 640 744 712 Mogontlnos
792 646 847 696 et
884 640 1368 711 Babenbergenses
1416 640 1637 706 milites,
1671 641 1863 695 civitas

234 748 262 787 a
324 729 863 800 Babenbergensibus
935 730 1271 797 incenditur,
1330 729 1405 784 ita
1452 735 1512 785 ut
1594 736 1707 785 tota
1776 730 1859 785 vel

236 819 450 875 maxima
481 833 607 887 pars
636 819 755 887 ejus
784 832 971 873 arsura
1001 818 1302 874 videretur.
1341 818 1421 873 Ad
1470 832 1629 888 quam
1661 818 1862 874 restin-

232 905 573 980 guendam”
603 907 733 962 dum
780 907 1072 962 Heinricus
1117 907 1235 977 ipse
1291 907 1578 977 omnisque
1626 908 1863 978 populus

233 997 524 1061 festinaret,
559 996 760 1066 captivi
792 995 967 1050 nostri
998 996 1117 1050 sine
1147 997 1379 1052 custode
1411 997 1609 1062 relicti,
1642 997 1861 1053 inventa

232 1085 342 1140 navi
390 1085 641 1140 Rhenum
695 1084 1052 1151 transierunt,
1104 1089 1159 1139 et
1216 1084 1306 1140 die
1364 1092 1643 1154 noctuque
1699 1084 1859 1140 festi-

230 1177 431 1235 nantes,
493 1173 549 1228 in
601 1173 828 1242 patriam
878 1186 1028 1227 suam
1081 1178 1473 1242 pervenerunt.
1522 1174 1671 1228 inter
1721 1187 1862 1242 quos

229 1267 336 1316 erat
391 1260 555 1316 etiam
622 1259 969 1327 Gertrudm,
1027 1260 1355 1317 nobilissimi
1423 1262 1640 1317 Ottonis
1705 1261 1861 1316 ducis

226 1348 400 1404 fratris
427 1349 748 1404 Herimanni
796 1349 978 1416 vidua,
1030 1364 1193 1419 quam
1236 1350 1650 1420 Lodevvigante
1696 1351 1859 1406 bien-

226 1439 366 1493 nium
413 1437 532 1493 fere
579 1445 822 1508 ceperat,
857 1444 910 1494 et
959 1438 1183 1495 domino
1230 1453 1330 1495 suo
1374 1439 1653 1506 lleinrico,
1703 1446 1763 1495 ut
1791 1440 1860 1495 ab

224 1542 281 1583 ea
328 1527 619 1597 pecuniam
651 1534 1027 1597 extorqueret,
1061 1528 1209 1599 quod
1260 1534 1316 1584 et
1353 1528 1504 1596 fecit,
1537 1528 1857 1584 adduxerat.

288 1615 373 1670 86.
418 1616 716 1671 lieinricus
772 1630 903 1686 ergo
962 1631 1128 1672 exrex
1183 1617 1379 1672 videns
1425 1632 1539 1674 suae
1594 1618 1860 1673 voluntati

221 1709 443 1759 cunctas
475 1718 567 1759 res
597 1703 895 1771 adversari,
929 1719 1052 1760 cum
1084 1705 1436 1776 intelligeret,
1469 1720 1527 1761 se
1571 1706 1638 1762 de
1675 1705 1863 1776 lupina

1944 558 2034 606 tor
2061 551 2301 618 adesset,
2334 551 2661 621 suppliciter
2691 560 3004 609 oraverunt.

2015 640 2103 693 88.
2166 640 2285 694 Non
2347 640 2563 696 modico
2618 641 2787 711 igitur
2843 644 3083 715 Saxones
3123 644 3369 700 exercitu
3420 647 3589 703 colle-

1945 732 2036 782 cto
2069 727 2268 798 (Oc-1.),
2305 736 2668 798 perrexerunt
2696 731 2763 785 ad
2796 732 3043 787 Rhenum
3072 739 3265 788 contra
3294 734 3469 789 vicum
3492 737 3586 805 qui

1945 815 2149 871 dicitur
2176 818 2543 886 Oppenheim,
2577 833 2687 888 quo
2736 825 2790 875 et
2820 822 3129 890 patriarcha
3170 837 3290 877 cum
3323 824 3587 893 episcopo

1943 903 2271 971 Pataviensi,
2341 907 2617 974 pontificis
2676 909 2903 964 Romani
2972 910 3173 981 legato,
3233 918 3587 981 convenerat,

1944 998 1999 1047 et
2029 1007 2135 1049 una
2182 996 2479 1050 Suevorum
2531 1010 2640 1051 non
2695 1011 2859 1066 parva
2916 1000 3228 1066 multitudo,
3262 1002 3356 1071 qui
3399 1015 3591 1058 omnes

1944 1081 2243 1138 exercitum
2310 1084 2658 1150 Saxonicum,
2720 1086 2847 1140 dum
2912 1089 3143 1155 veniret,
3204 1091 3587 1159 expectabant.

1941 1171 2149 1237 Quibus
2195 1171 2769 1240 appropinquantibus
2805 1174 2947 1245 (Oct.
2997 1176 3084 1245 l6)
3132 1179 3442 1246 patriarcha
3500 1196 3589 1235 ce-

1943 1260 2156 1328 terique
2198 1259 2477 1328 primates,
2511 1260 2639 1329 quia
2692 1261 2761 1316 de
2811 1266 3019 1320 recenti
3078 1267 3275 1335 proelio
3316 1276 3590 1325 utrorum-

1943 1361 2050 1417 que
2106 1346 2274 1418 gladii
2331 1348 2511 1403 adhuc
2563 1362 2761 1405 cruore
2820 1353 3133 1420 madebant,
3192 1357 3439 1425 quamvis
3492 1372 3591 1427 per

1944 1435 2249 1506 legationes
2281 1442 2496 1491 mutuas
2525 1438 2754 1493 invicem
2795 1439 2900 1494 sibi
2931 1441 3248 1510 donassent,
3285 1452 3463 1501 tamen
3496 1460 3585 1514 ne,

1943 1524 2092 1594 quod
2122 1523 2280 1580 facile
2312 1530 2391 1579 est
2440 1526 2681 1591 armatis,
2737 1527 2938 1583 seditio
2995 1530 3195 1585 vilibus
3252 1547 3281 1586 a
3338 1535 3591 1603 personis

1946 1616 2138 1666 exorta
2194 1611 2398 1667 factum
2446 1611 2708 1669 fwdus‘”
2747 1624 3146 1685 corrumperet,
3182 1620 3395 1676 obviam
3426 1625 3593 1679 Saxo-

1944 1701 2106 1755 nibus
2154 1700 2327 1769 ibant,
2376 1708 2430 1757 et
2469 1703 2782 1769 amicitiam,
2826 1719 2985 1773 quam
3045 1716 3440 1765 renovaverant
3496 1713 3588 1766 ab-

220 1789 505 1847 ferocitate
554 1805 743 1861 parum
780 1792 1070 1862 proficere,
1124 1792 1395 1862 pelliciam
1419 1792 1480 1824 “9
1518 1808 1628 1850 non
1677 1794 1856 1850 corvi-
1880 1787 2148 1856 Bsentes,
2182 1804 2327 1845 nunc
2358 1797 2660 1861 prmsentes
2700 1792 3023 1850 confirmare
3072 1796 3387 1852 monebant.
3450 1799 3589 1855 Hinc

218 1893 337 1934 nam
378 1881 643 1951 cogitavit
673 1880 923 1948 induere,
970 1886 1030 1936 ut
1070 1882 1387 1937 ostensione
1438 1882 1660 1952 pietatis
1697 1889 1751 1938 et
1774 1882 1863 1951 ju-

218 1968 378 2024 stitia:
411 1969 715 2039 deciperet,
750 1982 891 2040 quos
938 1960 1264 2026 crudelitate
1313 1970 1552 2026 violenta
1600 1986 1860 2042 superare

216 2069 322 2112 non
372 2063 583 2127 posset.
634 2057 864 2114 Volebat
914 2071 1148 2129 namque
1197 2059 1409 2130 legatos
1452 2062 1519 2116 ad
1572 2062 1859 2116 Saxoniam

213 2143 453 2212 mittere,
489 2146 582 2216 qui
618 2147 886 2213 dicerent,
938 2161 996 2202 se
1046 2148 1127 2203 eis
1174 2147 1297 2217 plus
1343 2162 1503 2218 quam
1552 2148 1657 2219 ipsi
1687 2162 1861 2218 cupe-

210 2238 333 2288 rent
382 2235 593 2290 bonum
640 2250 760 2292 esse
791 2236 950 2302 velle,
1000 2251 1059 2292 se
1100 2238 1321 2307 penitus
1368 2238 1688 2308 injustitiam
1738 2253 1859 2293 cum

200 2323 352 2385 vitiis
415 2325 700 2392 omnibus,
760 2325 944 2395 quoad
1000 2331 1207 2396 posset,
1258 2326 1519 2395 abjicere,
1568 2342 1627 2382 sc
1676 2327 1757 2381 eis
1806 2328 1861 2381 in

193 2412 479 2467 omnibus
511 2414 813 2481 pariturum
863 2413 1103 2480 dedere;
1148 2413 1244 2469 sed
1294 2415 1524 2481 nullum,
1577 2417 1670 2485 qui
1719 2416 1860 2470 hanc

186 2498 555 2572 legationem
605 2506 826 2570 portare
885 2509 1264 2571 praesumeret,
1316 2504 1559 2570 invenit;
1619 2505 1747 2573 quia
1795 2504 1863 2558 de

182 2589 309 2645 suis
341 2603 589 2658 quoque
620 2603 741 2644 eum
772 2588 976 2655 nullus,
1012 2591 1158 2660 quod
1208 2604 1304 2646 ore
1353 2591 1555 2657 emisit,
1604 2592 1659 2645 in
1700 2591 1865 2646 corde

182 2678 408 2733 habere
441 2677 738 2744 credebat,
771 2692 876 2733 nec
921 2678 1120 2748 aliquis
1162 2679 1453 2743 dubitavit,
1487 2679 1618 2749 quin
1666 2679 1712 2733 si
1745 2679 1868 2748 quis

196 2765 526 2822 Saxonibus
572 2766 728 2821 valde
769 2769 882 2835 jam
931 2768 1268 2836 exasperatis
1316 2767 1422 2823 hoc
1472 2768 1721 2822 nuntium
1762 2766 1865 2822 fal-

202 2854 391 2910 sitatis
424 2853 668 2919 aﬂ‘erret,
709 2867 809 2923 pro
863 2852 1016 2909 falsis
1060 2855 1347 2923 promissis
1377 2869 1568 2925 poenas
1596 2855 1869 2910 veraciter

207 2943 388 2999 daret.
449 2944 848 2998 Rcmanserant
904 2947 1084 2998 autem
1142 2943 1322 2999 adhuc
1373 2943 1484 2999 duo
1538 2943 1606 2999 de
1657 2944 1866 2999 nostris

207 3032 353 3103 apud
390 3046 547 3097 eum,
578 3031 939 3087 Werinherus
970 3032 1507 3103 Magedaburgensis,
1542 3036 1596 3087 et
1621 3033 1862 3101 ejusdem

1943 1878 2109 1948 igitur
2167 1879 2277 1933 dux
2332 1881 2478 1945 Otto,
2531 1880 2803 1936 violenter
2868 1881 3079 1938 honore
3144 1898 3245 1940 suo
3319 1886 3586 1957 privatus,

1942 1965 2095 2021 illinc
2127 1967 2323 2037 Welph
2344 1966 2403 2000 δ²¹
2437 1968 2568 2037 dux,
2602 1969 2795 2025 eodem
2842 1971 3055 2027 honore
3087 1986 3198 2027 non
3243 1975 3389 2042 juste
3419 1975 3591 2030 subli-

1944 2063 2140 2122 matus,
2202 2056 2303 2111 hac
2361 2058 2681 2113 conditione
2750 2059 2856 2113 sibi
2916 2060 3147 2116 invicem
3204 2063 3356 2132 pacis
3403 2064 3590 2120 oscula

1944 2144 2237 2211 dederunt,
2270 2151 2330 2199 ut
2360 2144 2559 2211 electo,
2621 2152 2849 2216 pr0pter
2877 2149 3027 2216 quod
3073 2163 3140 2203 ex
3172 2157 3404 2220 utraque
3434 2159 3589 2221 parte

1945 2239 2335 2299 convenerant,
2384 2247 2527 2289 novo
2595 2249 2745 2305 rege,
2795 2237 3127 2306 quicumque
3176 2251 3365 2294 eorum
3413 2241 3591 2311 ipsum

1946 2322 2211 2378 honorem
2238 2324 2363 2392 jure
2404 2325 2687 2392 retineret,
2720 2324 2861 2380 alter
2890 2326 2941 2380 ei
2980 2339 3091 2382 non
3128 2327 3381 2383 invidens
3408 2329 3592 2384 liben-

1945 2417 2030 2466 ter
2086 2412 2440 2467 concederet.
2511 2413 2773 2469 Similiter
2838 2414 2991 2483 pacis
3066 2415 3254 2471 oscula
3321 2416 3593 2473 dederunt

1946 2499 2159 2554 ordinis
2188 2501 2417 2556 secundi
2457 2500 2569 2556 sive
2624 2502 2794 2568 tertii,
2829 2502 2999 2571 partis
3028 2504 3336 2574 utriusque,
3368 2505 3592 2568 milites,

1947 2588 2212 2657 quicquid
2242 2590 2473 2645 invicem
2510 2605 2568 2645 se
2621 2591 2877 2646 lzeserant
2909 2605 3018 2647 non
3062 2593 3181 2647 sine
3240 2593 3413 2649 multo
3460 2595 3593 2649 ﬂetu

1949 2674 2238 2732 donantes.
2271 2680 2421 2734 Tunc
2458 2693 2648 2735 omnes
2697 2679 2824 2734 facti
2875 2696 2940 2735 cx
2979 2681 3233 2737 hostibus
3263 2683 3422 2738 amici
3455 2682 3594 2738 iide-

1950 2763 2051 2830 les,
2083 2769 2260 2819 castra
2291 2774 2594 2834 posuerunt
2627 2774 2735 2822 tam
2775 2783 2969 2838 prope,
3001 2776 3061 2825 ut
3090 2771 3327 2826 vicissim
3360 2771 3598 2841 populus

1950 2857 2181 2921 uterque
2254 2868 2537 2909 sermones
2614 2856 2903 2924 utriusque
2960 2871 3071 2912 non
3131 2857 3355 2915 difﬁcile
3406 2866 3595 2929 posset

1949 2940 2161 2995 audire.
2197 2944 2441 3012 Cumque
2476 2945 2586 3012 jam
2620 2943 2916 3013 cmpissent
2947 2945 3015 3000 de
3046 2960 3174 3016 rege
3205 2948 3595 3005 constituendo

1947 3042 2231 3084 sermones
2292 3031 2567 3097 conferre,
2622 3034 2865 3087 Saxones
2935 3048 3001 3088 ex
3069 3036 3279 3102 Suevis,
3335 3037 3494 3092 Suevi
3527 3050 3595 3092 cx

208 3121 457 3175 nominis
488 3120 958 3190 Merseburgensis
989 3120 1320 3190 episcopus;
1355 3121 1450 3192 qui
1481 3135 1605 3176 cum
1636 3118 1924 3190 possentC‘.
1947 3118 2254 3174 Saxonibus
2309 3119 2781 3189 unumquemlibet
2830 3122 3086 3177 volebant
3133 3124 3335 3194 eligere
3371 3145 3385 3181 :
3419 3125 3596 3181 iiein-
3639 3178 3644 3183 .

209 3207 382 3264 invito
435 3222 569 3278 rege
617 3208 760 3263 sicut
806 3209 899 3263 alii
949 3209 1269 3278 repairiare,
1311 3209 1593 3277 nolebant,
1635 3210 1762 3279 quia
1808 3211 1864 3265 in

208 3296 303 3352 illo
354 3297 494 3353 licet
536 3297 729 3366 impio,
776 3299 966 3367 Deum,
999 3312 1030 3352 a
1078 3312 1188 3368 quo
1236 3305 1318 3353 est
1375 3299 1554 3354 omnis
1599 3304 1862 3368 potestas,

208 3385 497 3442 offendere
531 3386 817 3441 timebant.
860 3387 972 3442 llos
1014 3401 1145 3457 ergo
1195 3401 1317 3442 cum
1363 3387 1680 3457 supradicta
1718 3387 1864 3458 iega--

210 3474 357 3530 tione
390 3475 462 3530 ad
497 3476 790 3530 Saxoniam
822 3474 991 3541 misit,
1051 3475 1149 3530 sed
1199 3475 1268 3530 de
1316 3490 1505 3531 eorum
1554 3476 1866 3530 reversione

211 3563 375 3619 nichil
412 3564 508 3619 eis
540 3563 700 3618 dixit.
733 3563 818 3618 illi
859 3578 988 3619 vero
1028 3564 1335 3620 Saxonibus
1374 3579 1495 3620 cum
1527 3570 1642 3619 tota
1675 3564 1869 3620 volun-

210 3656 317 3709 tate
347 3653 507 3724 qnod
542 3658 703 3707 erant
726 3652 867 3723 jussi
897 3652 1240 3719 suadebant,
1292 3652 1388 3707 sed
1422 3653 1683 3718 Saxones,
1732 3665 1867 3723 cog-

211 3741 336 3797 nitis
391 3747 479 3797 tot
545 3741 668 3811 ejus
722 3740 1026 3796 mendaciis
1061 3782 1075 3807 ,
1136 3740 1255 3795 haec
1320 3754 1541 3810 quoque
1602 3741 1871 3810 promissa

208 3844 421 3888 veneno
485 3829 749 3886 falsitatis
805 3828 1007 3885 infecta
1052 3842 1161 3885 non
1221 3828 1564 3884 dubitabant.
1626 3830 1870 3897 Cumque

210 3920 412 3977 vellent
464 3919 726 3991 episcopi
785 3932 974 3974 eorum
1033 3932 1299 3989 responsa
1355 3924 1638 3988 reportare
1669 3960 1683 3983 ,
1729 3918 1869 3988 jussi

210 4014 335 4067 sunt
383 4024 566 4066 unum
628 4022 659 4063 e
715 4007 931 4063 duobus
978 4006 1201 4078 eligere,
1244 4011 1339 4062 aut
1368 4008 1457 4062 hic
1489 4006 1653 4063 modo
1699 4013 1866 4075 stare,

210 4105 300 4154 aut
327 4099 441 4155 huc
464 4111 771 4167 numquam
804 4097 1032 4167 posthac
1061 4096 1262 4152 redire.

276 4189 367 4243 87.
411 4187 717 4256 Principes
765 4186 934 4256 igitur
974 4186 1149 4241 nostri
1199 4184 1359 4241 simul
1414 4185 1659 4252 adunati,
1711 4186 1868 4254 jura-

208 4278 407 4332 mentis
437 4282 497 4333 et
532 4274 826 4331 obsidibus
877 4274 1112 4329 invicem
1162 4273 1306 4329 datis
1353 4274 1409 4328 in
1457 4288 1621 4329 unum
1654 4288 1712 4329 se
1740 4286 1869 4329 con-

209 4365 446 4434 firmant,
494 4371 557 4421 ct
617 4369 677 4419 ut
733 4363 798 4418 ad
857 4362 1088 4418 invicem
1137 4350 1465 4418 firmissich
1502 4363 1867 4429 cohaererent,

1949 3207 2122 3261 ricum
2173 3222 2301 3263 vero
2361 3208 2583 3263 tenebat
2638 3208 2695 3263 in
2762 3208 2933 3265 altera
2991 3210 3109 3280 ripa
3165 3213 3341 3268 Rheni
3403 3213 3595 3269 civitas

1948 3295 2280 3365 Mogontina,
2316 3297 2462 3352 omni
2502 3311 2598 3368 spe
2630 3296 2785 3366 regni
2815 3299 3102 3353 retinenda
3146 3300 3418 3369 deposita.
3450 3301 3595 3356 Misit

1950 3389 2130 3439 tamen
2168 3385 2412 3449 nuntios,
2475 3386 2568 3455 qui
2609 3390 2940 3453 temptarent
2987 3387 3127 3441 istos
3174 3388 3239 3441 ad
3284 3389 3596 3443 misericor-

1950 3472 2093 3527 diam
2128 3472 2375 3540 tlectcre,
2408 3478 2469 3527 ut
2489 3474 2607 3541 ejus
2625 3474 2738 3540 jam
2767 3474 2901 3527 satis
2929 3475 3171 3542 correpti
3197 3476 3595 3532 correctionem

1951 3559 2312 3629 dignarentur
2358 3561 2631 3628 accipere.
2674 3560 2777 3614 Sed
2820 3573 3011 3614 eorum
3068 3561 3275 3616 nullius
3313 3563 3516 3634 legatio
3564 3580 3592 3619 a

1954 3662 2229 3717 quoquam
2286 3652 2531 3703 nostrate
2581 3648 2869 3716 accipitur,
2932 3647 3035 3702 nisi
3094 3650 3249 3717 prius
3313 3665 3413 3720 per
3466 3666 3595 3727 apo-

1953 3736 2135 3792 stolici
2166 3736 2402 3807 legatum
2435 3737 2503 3790 ab
2543 3735 2905 3790 anathematis
2942 3736 3161 3793 vinculo
3199 3738 3463 3795 solvatur.
3529 3744 3597 3798 Ut

1954 3826 2121 3896 igitur
2178 3826 2338 3881 stilus
2398 3826 2664 3881 velociter
2720 3829 2925 3891 currat,
2987 3826 3350 3884 humilitatem
3419 3832 3596 3900 pinni-

1952 3915 2121 3970 tentis
2177 3920 2503 3984 accepturos
2555 3929 2613 3970 se
2672 3915 2998 3985 promittunt
3055 3930 3118 3971 ea
3166 3917 3507 3987 conditione,
3550 3921 3595 3976 si

1952 4003 2115 4058 vellet
2171 4003 2399 4073 implere
2467 4010 2663 4059 cuncta
2713 4010 2836 4073 qna:
2889 4004 2939 4059 ei
3002 4009 3279 4062 nostrates
3346 4006 3596 4065 facienda

1955 4097 2292 4161 preponunt.
2323 4090 2477 4159 Quod
2510 4105 2631 4147 cum
2681 4091 2773 4147 ille
2804 4093 3214 4163 spopondisset,
3258 4095 3364 4152 hoc
3403 4098 3454 4153 ei
3485 4098 3598 4167 pri-

1954 4196 2099 4237 mum
2148 4185 2466 4251 proponunt
2524 4186 2584 4236 ut
2630 4182 2948 4251 episcopum
2996 4184 3468 4254 Wormatiensem,
3502 4188 3597 4258 qui

1948 4271 2059 4339 jam
2109 4270 2203 4325 diu
2262 4269 2437 4325 fuerat
2503 4270 2783 4339 expulsus,
2844 4274 3123 4340 potentem
3184 4271 3390 4328 faceret
3444 4276 3598 4330 urbis

1955 4372 2097 4423 sum;
2130 4358 2330 4413 deinde
2362 4365 2422 4412 ut
2454 4372 2579 4413 mox
2624 4358 2837 4412 litteras
2884 4358 3052 4411 scribi
3102 4357 3328 4423 faceret,
3362 4362 3419 4414 in
3468 4362 3593 4431 qui-

210 4466 388 4525 regem
422 4456 520 4511 cui
556 4452 881 4522 subjaceant
919 4465 1110 4508 omnes
1148 4452 1350 4521 eligere
1389 4451 1716 4506 deliberant.
1759 4441 2057 4505 SedDbus
2086 4463 2143 4501 se
2201 4446 2466 4502 fateretur
2507 4447 2709 4515 injuste
2757 4447 3000 4500 Saxones
3047 4443 3304 4501 afﬂixisse
3329 4489 3344 4513 ,
3378 4462 3516 4518 quas
3565 4463 3596 4504 a

209 4557 328 4599 cum
387 4545 711 4607 audissent,
771 4540 921 4611 quod
977 4543 1185 4596 Suevos
1236 4545 1345 4594 tam
1398 4540 1698 4594 crudeliter
1733 4538 1870 4594 anti-

211 4646 375 4701 quum
434 4632 635 4689 fmdus
682 4628 970 4700 infregisse
1021 4629 1298 4699 paenituit,
1331 4629 1397 4683 ad
1430 4643 1527 4684 eos
1554 4629 1764 4698 legatos
1801 4627 1869 4682 de

210 4723 540 4778 renovando
595 4718 804 4775 fwdere
861 4720 1077 4774 mittere
1126 4717 1504 4788 complacuit,
1557 4722 1617 4772 ut
1673 4717 1870 4773 iterum

215 4812 627 4868 convenientes
684 4810 738 4863 in
797 4822 985 4875 unum,
1039 4807 1449 4863 inimicitiarum
1515 4807 1869 4862 acerbitatem

212 4901 383 4957 multa
431 4898 764 4957 dilectionis
808 4897 1072 4953 suavitate
1129 4901 1472 4968 superarent,
1535 4902 1590 4951 et
1640 4895 1872 4951 invicem

214 4990 317 5045 sibi
348 4991 662 5053 donantes,
717 4991 909 5043 contra
948 5000 1290 5043 communem
1339 4985 1595 5041 omnibus
1636 4982 1870 5051 hostem,

210 5092 321 5136 uno
352 5078 427 5136 de
459 5094 527 5134 se
590 5090 718 5148 rege
772 5075 937 5143 facto,
978 5076 1331 5132 concorditer
1385 5080 1612 5131 starent.
1665 5075 1872 5130 Domno

211 5182 439 5239 quoque
475 5166 794 5238 apostolico
824 5166 1036 5223 litteras
1063 5166 1351 5233 miserunt,
1406 5163 1626 5234 quibus,
1676 5168 1735 5218 ut
1789 5163 1871 5219 vel

1953 4535 2157 4590 nostris
2190 4540 2525 4604 perspectas,
2558 4534 2793 4604 imagine
2823 4548 2919 4588 sua
2975 4534 3183 4589 nostris
3230 4536 3597 4604 praesentibus

1953 4624 2157 4695 signari
2188 4622 2411 4691 faceret,
2446 4627 2501 4677 et
2556 4623 2797 4693 signatas
2848 4636 2946 4694 per
2993 4622 3201 4677 italiam
3250 4628 3305 4678 et
3360 4624 3598 4681 Theuto-

1952 4713 2129 4768 nicam
2180 4716 2380 4766 terram
2420 4711 2715 4766 mittendas
2770 4726 2871 4781 per
2928 4716 3148 4767 nostros
3204 4712 3448 4779 nuntios,
3498 4728 3599 4769 no-

1954 4802 2216 4857 stratibus
2240 4800 2395 4855 daret
2421 4822 2434 4865 ;
2468 4801 2696 4870 ipseque
2727 4802 2949 4855 Romam
2973 4800 3217 4867 veniens,
3252 4814 3352 4872 per
3374 4800 3594 4875 dignam

1954 4889 2380 4947 satisfactionem
2422 4888 2783 4943 anathematis
2827 4887 3044 4943 vinculo
3086 4894 3319 4944 careret.
3370 4891 3597 4960 Episco-

1958 4995 2060 5052 pus
2089 4992 2221 5049 ergo
2279 4978 2461 5033 statim
2512 4990 2633 5032 cum
2682 4990 2879 5047 magno
2910 4976 3120 5032 honore
3150 4978 3206 5032 in
3264 4978 3456 5034 urbem
3503 4979 3599 5035 de-

1956 5070 2214 5133 ducitur;
2269 5064 2554 5122 litteraem
2601 5065 2658 5121 in
2716 5066 3008 5136 praesentia
3066 5066 3391 5123 nostratium
3448 5067 3598 5124 bulla

1955 5160 2103 5229 regis
2120 5158 2371 5228 signataz,
2405 5170 2505 5225 per
2522 5160 2743 5211 nostros
2772 5156 2998 5211 nuntios
3030 5169 3131 5225 per
3149 5155 3398 5212 civitates
3424 5156 3595 5213 Italiae

1590 5332 1815 5386 VARIIE
1870 5327 2259 5385 LECTIONES.

285 5487 347 5521 *ιτ
382 5500 431 5541 r.
469 5484 661 5545 omnis
729 5497 762 5541 ο
804 5483 1002 5541 ulued.
1040 5482 1089 5538 ι.
1164 5480 1230 5517 ³¹⁸
1254 5479 1539 5537 Gertrudis
1557 5479 1754 5536 mulier
1781 5474 2124 5536 nobilissima
2154 5475 2233 5531 lia
2272 5473 2327 5535 ni
2353 5473 2510 5529 ducis
2538 5485 2792 5541 noverca.
2820 5487 2981 5544 (luam
3011 5472 3275 5550 Lodowig
3311 5472 3366 5533 2.
3442 5474 3601 5532 “ita

285 5558 425 5576 με--
474 5575 482 5576 ,
527 5499 836 5576 _-n:._l2__p.
947 5554 1140 5576 “-11-...
1187 5553 1230 5576 ιι
1348 5550 1411 5576 nn
1483 5548 1509 5576 ι’
1567 5550 1743 5576 ο,...,ι..,.
1773 5548 1918 5576 rma-
1951 5561 1978 5576 η
2060 5547 2094 5576 0
2192 5489 2270 5576 κβ
2301 5544 2477 5576 mninh
2538 5543 2553 5576 1
2648 5543 2901 5576 ιυαιθιιιηιο
2937 5543 2998 5576 ιι.
3062 5542 3279 5576 ηιαιηιιη
3316 5544 3352 5576 ε)
3448 5546 3512 5576 ιιι
3558 5547 3572 5576 1

214 5558 430 5625 corrigo
466 5575 487 5623 ;
526 5547 785 5625 pellin'ani
820 5558 868 5610 1.
947 5554 1143 5624 pellem
1187 5553 1272 5625 1b.
1314 5550 1423 5625 ﬁt
1483 5548 1529 5625 ιζ
1567 5550 1747 5611 fmdus
1773 5548 1920 5606 mede
1948 5561 1999 5604 c.
2060 5547 2113 5603 2.

214 5622 451 5699 quoque
486 5622 565 5683 εἰ)
597 5641 706 5696 quo
745 5622 961 5683 dictum
995 5631 1078 5681 est
1118 5624 1282 5680 modo
1312 5622 1460 5678 bulla
1502 5622 1555 5676 2.

2301 5544 2480 5616 walph
2538 5543 2586 5599 1.
2648 5542 2904 5603 waiterus
2937 5543 3019 5598 Ib.
3062 5542 3280 5615 welphb
3316 5544 3370 5599 2.
3448 5546 3512 5579 ⁸⁸³
3557 5547 3595 5605 l.
