4044 6180
445 312 543 364 551

1476 309 1831 365 ἴΒΙὶΙΞΝΟΝΙὸ
1868 310 2131 365 CLEBICI
2173 308 2767 362 MAGDEBURGENSIS

3710 311 3813 365 552

448 434 713 505 regnique
770 433 1093 488 Theutoniei
1147 433 1497 503 diriguntur;
1557 433 1674 502 ipse
1732 447 1791 488 se
1842 439 1955 488 tota
2006 432 2074 487 fc-

2174 435 2321 486 tanta
2368 430 2675 486 humilitate
2723 430 2960 496 laetatus,
3008 434 3279 502 praecepit
3333 434 3405 499 ei,
3458 440 3516 488 ut
3577 434 3813 505 regalem

444 524 741 578 stinatione
796 527 969 591 parat,
1005 528 1064 576 ιιι
1103 537 1200 591 per
1237 522 1464 578 Romani
1498 522 1775 591 pontiticis
1803 522 2091 593 indulgen-

444 612 575 667 tiam
611 612 842 681 ligamen
875 611 1237 681 anatheﬁmatis
1266 617 1447 666 exuat.
1482 612 1771 666 Nostrates
1820 625 1947 665 vero
1977 611 2089 664 sin-

446 699 562 770 guli
636 680 977 755 sacramento
1053 680 1422 763 firmaverunt,
1475 704 1535 754 nt
1617 700 1721 754 nisi
1797 699 2090 754 Heinricus

447 793 694 857 quartus,
753 788 994 843 Heinriei
1065 788 1412 858 imperatoris
1469 788 1632 855 filius,
1692 789 1748 844 in
1808 786 2087 843 Februarii

445 877 650 933 mensis
681 876 837 932 initio
868 891 898 931 a
927 877 1109 931 banno
1160 891 1257 945 per
1306 876 1669 946 apostolicum
1718 876 2002 931 absolutus
2028 875 2089 906 ³⁸³

444 964 656 1030 fuisset,
721 980 1010 1035 numquam
1088 965 1323 1034 amplius
1376 965 1488 1020 ullo
1554 965 1777 1035 ingenio
1834 978 1934 1019 suo
1992 979 2089 1019 rex

444 1067 632 1107 eorum
664 1068 766 1108 nec
806 1054 1177 1122 appellaretur
1222 1068 1324 1108 nec
1373 1059 1538 1108 esset.
1572 1053 1727 1119 Quod
1776 1066 2089 1107 sacramen-

444 1147 556 1195 tum
588 1141 763 1210 primo
805 1140 932 1196 fecit
963 1142 1291 1211 patriarcha,
1349 1147 1404 1196 et
1462 1143 1515 1195 in
1566 1141 1774 1195 litteras
1805 1140 2085 1195 redactum

446 1229 498 1283 in
531 1244 685 1284 suum
719 1230 866 1283 misit
913 1231 1275 1299 marsupium;
1326 1230 1473 1299 quod
1514 1236 1693 1285 tamen
1733 1230 1861 1298 quia
1891 1228 2087 1283 melius

440 1318 675 1372 servavit
706 1319 757 1371 in
807 1319 1015 1386 scripto
1046 1333 1207 1387 quam
1239 1318 1294 1372 in
1335 1333 1524 1387 opere,
1575 1319 1719 1372 sicut
1767 1316 1928 1386 paulo
1958 1323 2084 1372 ante

441 1406 649 1462 dictum
678 1414 782 1473 est,
816 1407 1041 1462 crudele
1092 1408 1423 1477 supplicium
1472 1408 1643 1463 dedit.
1703 1407 1908 1462 Deinde
1956 1406 2087 1462 fecit

440 1494 586 1550 idem
624 1496 961 1550 Pataviensis
999 1497 1314 1565 episcopus,
1359 1496 1509 1551 sedis
1539 1498 1799 1551 Romana:
1833 1496 2079 1566 legatus;

441 1589 496 1637 et
553 1589 678 1653 post
726 1584 826 1639 hos
879 1599 1071 1640 omnes
1122 1586 1215 1653 qui
1274 1585 1502 1639 aderant
1560 1585 1829 1653 episcopi,
1890 1583 2082 1649 duces,

440 1672 690 1737 comites,
725 1673 1005 1742 ceterique
1046 1675 1282 1743 majores
1314 1680 1367 1727 et
1398 1675 1677 1738 minores;
1707 1672 1802 1727 sed
1835 1672 2081 1742 episcopi

2171 525 2442 584 ornatum,
2476 519 2653 574 donec
2691 519 2810 589 ipse
2850 519 3212 590 permitteret,
3254 520 3361 575 sibi
3401 534 3512 575 non
3560 521 3815 591 impone-

2169 612 2272 673 ret,
2301 612 2572 676 quatenus
2610 607 2975 677 omnipotenti
3024 610 3134 665 Deo
3185 610 3470 678 acceptior
3510 617 3660 665 esset
3690 623 3811 665 cor-

2170 694 2256 749 dis
2294 696 2413 763 ejus
2449 696 2731 764 contritio,
2764 710 2874 765 quo
2905 711 3022 752 eam
3072 704 3127 753 et
3174 696 3310 754 foris
3341 698 3662 754 ostenderet
3694 700 3815 754 vilis

2171 782 2389 838 habitus
2420 783 2773 849 testimonio;
2815 790 2871 839 et
2908 793 2967 840 ut
3005 800 3121 852 eos,
3164 788 3260 857 qui
3300 793 3458 842 erant
3494 801 3815 843 excommu-

2170 872 2357 938 nicati,
2393 872 2642 927 convivio
2671 872 2755 927 vel
2786 873 3067 943 colloquio
3115 875 3349 941 vitaret;
3382 890 3452 931 ne
3481 876 3630 946 quod
3670 876 3726 931 in
3756 890 3815 931 se

2170 961 2393 1029 propria
2449 961 2808 1017 conversione
2863 961 3060 1019 fuisset
3099 964 3193 1018 Dei
3243 965 3418 1035 gratia
3466 965 3811 1030 mundatum,

2168 1050 2398 1104 aliorum
2450 1051 2704 1121 contagio
2762 1051 2919 1107 fleret
2959 1053 3129 1123 magis
3180 1068 3344 1122 quam
3391 1052 3569 1108 fuerat
3598 1055 3813 1109 inmun-

2169 1137 2318 1191 dum.
2348 1138 2501 1205 Quod
2535 1146 2828 1209 utrumque
2859 1154 2982 1194 cum
3025 1155 3085 1195 se
3134 1141 3401 1196 facturum
3436 1141 3811 1210 polliceretur,

2167 1225 2453 1281 absolutus
2511 1227 2611 1282 hae
2658 1227 2779 1297 lege
2829 1227 3146 1294 dimittitur,
3181 1229 3407 1284 multum
3442 1228 3501 1259 “7
3549 1229 3810 1295 monitus,

2166 1327 2235 1369 ne
2266 1316 2377 1369 Deo
2409 1316 2741 1383 mentiatur;
2792 1317 2921 1385 quia
2952 1317 2999 1371 si
3029 1317 3294 1385 promissa
3326 1332 3434 1372 non
3474 1318 3805 1387 impleverit,

2169 1416 2278 1458 non
2308 1404 2485 1459 solum
2519 1405 2703 1473 priora
2749 1404 2966 1460 vincula
3006 1418 3117 1460 non
3148 1405 3483 1473 auferantur,
3517 1407 3614 1461 sed
3646 1409 3811 1462 etiam

2166 1492 2273 1547 alia
2316 1493 2596 1548 strictiora
2634 1493 3135 1563 supperaddantur.
3198 1496 3385 1563 itaque
3433 1509 3687 1549 reversus
3744 1496 3809 1552 ad

2166 1596 2316 1648 suos,
2369 1596 2490 1637 eum
2540 1582 2799 1651 coepisset
2836 1596 2934 1638 eos
2990 1598 3021 1637 a
3067 1598 3169 1637 suo
3223 1583 3472 1639 convivio
3530 1598 3807 1652 separare,

2166 1684 2417 1741 magnum
2485 1678 2773 1741 coeperunt
2837 1672 3125 1727 tumultum
3185 1670 3388 1737 facere,
3443 1671 3696 1727 dicentes
3735 1673 3805 1738 ei,

441 1761 565 1829 plus
594 1761 716 1816 aliis
764 1762 818 1816 in
862 1763 966 1817 hoc
1011 1769 1260 1833 egerunt,
1293 1763 1421 1832 quia
1456 1766 1821 1831 juramentum
1881 1761 1933 1815 in
1993 1754 2297 1827 lit-Bquia
2325 1759 2371 1814 si
2421 1772 2536 1825 eos,
2569 1773 2801 1828 quorum
2850 1760 3118 1829 sapientia
3158 1766 3214 1815 et
3251 1760 3449 1815 virtute
3479 1760 3811 1816 obtinuisset

440 1850 575 1904 teris
624 1850 785 1905 etiam
828 1858 1205 1907 servaverunt.
1272 1853 1421 1906 Tune
1452 1852 1618 1907 misso
1685 1851 1862 1920 legato
1920 1865 2085 1920 roga-

437 1945 633 1992 verunt
679 1938 1062 2006 apostolicum,
1097 1946 1156 1993 ut
1202 1939 1257 1993 in
1297 1938 1571 2007 principio
1609 1937 1890 1992 Februarii
1921 1938 2084 1992 vellet

438 2027 731 2095 Augustam
779 2026 988 2092 venire,
1049 2032 1108 2080 ut
1171 2041 1334 2082 causa
1411 2027 1705 2096 diligenter
1778 2026 2080 2080 examinata

438 2128 624 2170 coram
654 2116 929 2181 omnibus,
981 2115 1065 2170 vel
1120 2130 1242 2171 eum
1290 2115 1547 2180 solveret,
1606 2114 1689 2169 vel
1758 2128 1824 2169 eo
1884 2112 2080 2169 fortius

436 2204 615 2259 adhuc
647 2204 835 2274 ligato,
876 2203 1039 2259 alium
1083 2204 1189 2259 sibi
1229 2218 1352 2259 cum
1396 2204 1569 2273 ipsius
1598 2216 1872 2258 consensu
1929 2217 2081 2271 quae-

436 2298 642 2358 rerent,
674 2294 769 2362 qui
801 2307 1031 2363 regnare
1074 2293 1264 2348 sciret.
1296 2293 1393 2348 His
1421 2293 1677 2348 omnibus
1706 2293 1782 2347 ibi
1816 2296 2074 2361 peractis,

433 2381 707 2437 exercitus
754 2387 985 2452 uterque
1034 2396 1157 2437 eum
1211 2381 1378 2437 multa
1424 2380 1652 2435 caritate
1702 2379 1984 2445 dividitur,
2023 2386 2078 2433 et

434 2474 665 2539 uterque
734 2468 1043 2538 tripudians
1079 2468 1143 2500 “‘
1182 2474 1237 2524 et
1303 2471 1412 2523 Deo
1481 2467 1669 2523 laudes
1725 2473 1952 2522 cantans
2006 2467 2073 2521 ad

336 2604 343 2611 .
432 2571 530 2612 sua
570 2558 883 2612 revertitur.

502 2644 593 2697 89.
632 2645 985 2715 Apostolicus
1049 2653 1228 2700 autem
1290 2659 1434 2712 eum,
1474 2646 1618 2700 sicut
1673 2650 1895 2715 rogatus
1933 2651 2071 2712 erat,

438 2736 731 2804 Augustam
781 2749 971 2789 versus
1020 2734 1272 2790 tenderet
1312 2740 1368 2788 ut
1426 2734 1501 2789 ibi
1558 2734 1903 2804 ingrediente
1971 2733 2076 2789 Fe-

432 2823 677 2889 bruario,
719 2823 811 2892 qui
878 2829 995 2878 erat
1059 2837 1235 2877 annus
1290 2823 1503 2878 Domini
1560 2821 1714 2887 1077,
1756 2823 1899 2878 sicut
1952 2822 2072 2891 pla-

430 2919 619 2966 cuerat
659 2912 1021 2981 principibus,
1063 2913 1304 2981 adesset,
1344 2917 1399 2965 et
1427 2918 1702 2966 nostrates
1739 2911 1870 2964 illuc
1908 2924 2073 2965 econ-

431 3005 512 3054 tra
551 3000 737 3055 venire
798 3000 1158 3065 festinarent;
1185 3006 1243 3054 ut
1281 3000 1538 3054 domuum
1601 3013 1792 3068 papam
1842 3013 2068 3054 venera-

2166 1845 2230 1877 m
2258 1848 2523 1903 hactenus
2554 1863 2801 1919 regnum,
2844 1864 2990 1905 nunc
3028 1865 3057 1904 a
3095 1865 3155 1905 se
3188 1850 3501 1920 repelleret,
3533 1849 3807 1919 apostoli-

2166 1950 2264 1990 cus
2292 1936 2342 1990 ei
2375 1949 2477 1991 nec
2506 1936 2640 1991 illud
2674 1937 2905 1992 reddere
2938 1952 3039 1993 nec
3068 1937 3218 1993 aliud
3256 1939 3545 2008 acquirere
3597 1938 3809 2007 potuis-

2163 2029 2266 2079 set.
2309 2026 2405 2079 llis
2444 2032 2499 2080 et
2527 2025 2649 2079 aliis
2699 2026 2898 2081 tabulis
2942 2027 3126 2082 verbis
3162 2028 3376 2082 animus
3406 2029 3524 2096 ejus
3556 2026 3807 2081 immuta-

2164 2119 2272 2179 tur,
2314 2119 2371 2169 et
2417 2114 2485 2169 ad
2543 2121 2826 2180 consueta,
2879 2130 3045 2184 pravo
3095 2129 3495 2185 pravorumque
3543 2115 3800 2179 consilio,

2162 2202 2474 2256 revertitur.
2508 2202 2745 2271 lmponit
2796 2203 2964 2272 capiti
3022 2218 3246 2259 aureum
3301 2204 3571 2268 diadema,
3633 2209 3689 2258 et
3746 2204 3799 2258 in

2161 2290 2329 2345 corde
2377 2291 2580 2345 retinet
2615 2290 2764 2346 ferro
2812 2290 3010 2347 fortius
3066 2293 3372 2347 anathema.
3423 2292 3803 2348 Excommuni-

2159 2383 2404 2432 catorum
2452 2378 2826 2434 communioni
2883 2380 3172 2447 miscetur,
3225 2387 3282 2435 et
3317 2394 3348 2434 a
3404 2386 3596 2435 sancto
3652 2376 3801 2435 com;

2159 2466 2419 2521 munione
2450 2466 2616 2522 miser
2662 2466 2754 2521 ille
2804 2467 3110 2536 repellitur.
3158 2470 3315 2523 Nune
3363 2466 3497 2523 fecit
3549 2468 3804 2523 omnibus

2158 2554 2524 2622 manifestum,
2558 2556 2687 2625 quia
2735 2569 2844 2611 non
2876 2571 3061 2611 verum
3110 2564 3254 2612 esset
3293 2557 3440 2626 quod
3488 2556 3646 2621 dixit,
3682 2556 3803 2626 plus

2157 2657 2217 2699 se
2246 2658 2427 2699 amare
2459 2659 2686 2714 regnum
2717 2644 2941 2700 caeleste
2981 2659 3143 2715 quam
3182 2650 3482 2701 terrenum.
3542 2645 3698 2712 Quod
3755 2646 3805 2700 si

2160 2746 2455 2803 parumper
2510 2733 2564 2787 in
2619 2732 2933 2788 obedientia
2993 2734 3401 2803 permansisset,
3463 2739 3518 2788 et
3571 2748 3803 2803 regnum

2159 2835 2303 2876 nunc
2352 2829 2628 2876 terrenum
2686 2836 2807 2876 cum
2866 2837 2998 2891 pace
3064 2830 3293 2888 teneret,
3356 2829 3411 2877 et
3466 2822 3804 2892 quandoque

2156 2910 2379 2965 caeleste
2411 2912 2532 2965 sine
2580 2910 2685 2965 line
2735 2925 3092 2980 possessurus
3135 2912 3433 2981 acciperet.
3483 2913 3639 2967 Nune
3668 2926 3804 2967 vero

2158 2996 2333 3053 factus
2362 2999 2709 3067 inobediens,
2743 3007 2798 3055 et
2836 3000 2941 3055 hoc
2978 3000 3125 3070 quod
3184 3006 3327 3055 amat
3382 3014 3492 3056 non
3548 3000 3801 3067 habebit,

429 3086 635 3151 biliter,
693 3089 839 3142 sicut
895 3088 1146 3153 decebat,
1206 3088 1542 3155 acciperent,
1603 3101 1731 3143 ecce
1791 3073 2262 3143 nuntiaturCnisi
2293 3102 2415 3143 eum
2447 3102 2641 3157 magno
2673 3088 2901 3156 labore;
2943 3094 2998 3144 et
3042 3088 3175 3145 illud
3235 3103 3346 3145 non
3391 3089 3648 3158 accipiet,
3692 3089 3801 3143 nisi

426 3174 756 3243 apostolico,
799 3175 1112 3229 lleinricum
1161 3189 1283 3229 eum
1343 3189 1538 3245 magno
1580 3175 1824 3230 exercitu
1863 3175 2070 3231 Italiam

354 3300 365 3315 .
429 3264 684 3330 intrasse,
716 3270 772 3318 et
829 3264 874 3318 si
921 3264 1038 3333 ipse
1099 3270 1333 3329 montes,
1401 3264 1543 3319 sicut
1599 3264 1834 3329 volebat,
1896 3271 2071 3319 trans-

430 3352 728 3419 cendisset,
769 3352 932 3408 alium
1000 3367 1196 3422 papam
1226 3352 1379 3408 illum
1418 3352 1480 3383 δι’
1529 3352 1869 3408 constituere
1908 3353 2067 3409 velle.

432 3442 620 3510 Itaque
682 3441 848 3497 misso
895 3440 1160 3497 velociter
1197 3441 1400 3497 nostris
1458 3442 1670 3497 obviam
1709 3442 1911 3512 legato,
1952 3443 2069 3511 ipse

426 3529 600 3584 tristis
655 3529 820 3584 immo
884 3530 989 3585 sibi
1022 3529 1083 3560 ⁵⁸⁸
1139 3530 1307 3585 multa
1374 3531 1573 3585 timens
1639 3530 1935 3585 revertitur
2012 3536 2070 3585 ιιι

427 3619 634 3674 Italiam
676 3635 707 3674 a
744 3620 931 3691 gladio
971 3626 1027 3675 et
1066 3620 1192 3690 igne
1226 3625 1463 3676 tueatur.

495 3706 585 3761 90.
647 3708 939 3763 Heinricus
993 3715 1173 3763 autem
1224 3723 1323 3777 per
1390 3708 1596 3762 Italiam
1665 3723 1864 3778 vagans
1919 3707 2065 3774 loco,

423 3794 520 3849 sed
561 3796 732 3864 magis
772 3796 976 3862 animo,
1018 3796 1151 3865 quid
1181 3802 1389 3865 ageret,
1420 3797 1719 3862 nesciebat,
1752 3798 1880 3866 quia
1918 3797 2066 3866 quic-

424 3882 559 3951 quid
623 3889 830 3952 ageret,
899 3898 1123 3953 regnum
1182 3884 1414 3952 perdere
1463 3884 1708 3939 timebat.
1769 3885 1882 3939 Nisi
1923 3885 2066 3939 enim

424 3971 657 4039 supplex
686 3971 754 4025 ad
792 3971 1155 4039 apostolicum
1206 3973 1415 4027 veniret
1460 3979 1515 4027 et
1553 3987 1652 4042 per
1698 3988 1819 4029 eum
1855 3974 2067 4029 solutus

424 4072 456 4112 a
512 4058 694 4114 banno
751 4058 964 4125 fuisset,
1009 4074 1237 4129 regnum
1294 4075 1353 4115 se
1393 4074 1501 4115 non
1554 4068 1903 4131 recepturum
1965 4076 2065 4131 pro

423 4153 578 4202 certo
634 4148 863 4202 sciebat.
907 4148 961 4201 Si
1021 4162 1152 4203 vero
1217 4148 1449 4217 supplex
1504 4149 1571 4204 ad
1638 4148 2065 4205 satisfactionem

423 4236 656 4303 veniret,
711 4237 988 4302 timebat,
1064 4251 1133 4292 ne
1196 4237 1302 4293 sibi
1375 4252 1474 4307 pro
1542 4238 1916 4308 magnitudine
1965 4239 2067 4294 eri-

425 4324 629 4380 minum
688 4339 914 4395 regnum
989 4325 1235 4395 pontifex
1318 4325 1578 4393 auferret,
1638 4326 1720 4381 vel
1787 4327 1892 4382 sibi
1948 4326 2065 4383 ino-

2156 3190 2350 3246 magna
2380 3177 2549 3231 totius
2579 3177 2704 3233 vita:
2735 3178 3055 3233 mutatione.

2224 3263 2313 3319 91.
2359 3267 2569 3320 Interea
2625 3267 2869 3321 Saxones
2926 3272 2981 3320 et
3037 3266 3197 3321 Suevi
3259 3266 3544 3322 Foreheim
3596 3280 3806 3322 conve-

2154 3353 2330 3418 niunt,
2364 3354 2460 3408 sed
2495 3360 2550 3409 et
2579 3354 2647 3409 de
2678 3354 2801 3409 aliis
2830 3355 3150 3425 regionibus
3194 3355 3357 3426 legati
3388 3356 3638 3421 aderant,
3700 3356 3800 3425 qui

2151 3440 2215 3471 “9
2246 3443 2510 3512 quiequid
2546 3443 2636 3498 isti
2668 3443 2736 3499 de
2786 3458 2845 3499 re
2898 3444 3117 3514 publica
3164 3445 3449 3501 commode
3478 3444 3542 3476 ⁵³⁰
3571 3444 3805 3500 ᾱεῐὶιιίθο

2153 3530 2283 3597 rint,
2318 3531 2461 3586 idem
2502 3531 2728 3590 laudare
2785 3547 2916 3588 suos
2963 3533 3228 3588 indicant.
3261 3533 3462 3589 Aderat
3517 3533 3684 3588 etiam
3724 3533 3803 3588 le-

2151 3624 2309 3687 gatus
2338 3619 2651 3689 apostolici,
2694 3622 2787 3690 qui
2820 3626 3017 3676 cuncta
3046 3636 3171 3691 quae
3222 3622 3291 3677 de
3321 3635 3491 3692 regno
3522 3627 3804 3677 nostrates

2153 3708 2365 3763 utiliter
2393 3708 2771 3778 disponerent,
2822 3710 3142 3779 apostolicae
3197 3710 3549 3765 sublimitatis
3606 3716 3803 3765 aucto-

2151 3796 2313 3851 ritate
2360 3797 2618 3852 firmaret.
2659 3799 2735 3852 Ex
2787 3798 2992 3862 multis,
3026 3813 3168 3868 quos
3205 3799 3479 3867 probitate
3510 3799 3716 3868 dignos
3746 3800 3799 3855 in

2150 3884 2421 3940 electione
2481 3892 2909 3955 proposuerunt,
2951 3887 3170 3942 tandem
3222 3886 3537 3953 Rodulfum,
3598 3888 3801 3943 ducem

2149 3974 2469 4040 Suevorum,
2533 3988 2717 4045 regem
2747 3974 2806 4005 ⁶³¹
2841 3974 2948 4029 sibi
2978 3978 3220 4031 Saxones
3268 3984 3324 4031 et
3356 3977 3515 4032 Suevi
3562 3990 3804 4033 concor-

2150 4062 2295 4118 diter
2342 4062 2649 4133 elegerunt.
2701 4065 2769 4118 At
2812 4078 2933 4120 cum
2984 4064 3186 4134 singuli
3226 4065 3493 4121 deberent
3535 4080 3661 4122 eum
3714 4082 3804 4123 re-

2147 4164 2268 4221 gem
2312 4150 2556 4215 laudare,
2590 4151 2813 4220 quidam
2860 4152 3156 4208 voluerunt
3184 4153 3399 4223 aliquas
3445 4154 3804 4211 conditiones

2147 4239 2502 4307 interponere
2533 4239 2725 4295 uthac
2769 4240 2888 4310 lege
2933 4254 3056 4296 eum
3104 4256 3272 4311 super
3309 4256 3369 4297 se
3416 4242 3663 4298 levarent
3712 4257 3805 4297 re-

2146 4340 2289 4396 gem,
2329 4327 2586 4395 quatinus
2637 4328 2742 4383 sibi
2791 4329 2859 4384 de
2897 4329 3012 4384 suis
3061 4329 3280 4399 injuriis
3317 4330 3637 4399 specialiter
3666 4344 3803 4400 pro-

424 4412 666 4469 bedienti
744 4413 960 4468 vincula
1019 4415 1310 4483 potestatis
1357 4414 1678 4483 apostolicae
1736 4402 2391 4483 duplicaret.Dmitteret
2415 4416 2883 4483 justiticationem.
2926 4420 3052 4472 Otto
3088 4432 3323 4487 namque
3355 4418 3464 4474 dux
3494 4433 3606 4474 non
3638 4420 3804 4488 prius

424 4502 563 4572 Ergo
593 4502 649 4556 in
708 4502 893 4556 multis
957 4504 1106 4557 curis
1157 4504 1212 4557 in
1264 4503 1479 4558 diversa
1534 4503 1814 4558 dividitur.
1872 4505 2067 4570 Quant-

422 4590 503 4644 vis
548 4597 728 4646 autem
769 4596 1005 4660 utroque
1042 4590 1285 4647 modose
1316 4592 1589 4661 perditum
1632 4599 1687 4647 et
1723 4592 2064 4661 perditurum

421 4693 533 4735 non
567 4679 867 4744 dubitaret,
921 4687 1102 4735 tamen
1142 4680 1289 4735 illam
1321 4687 1552 4750 partem,
1604 4682 1657 4735 in
1713 4696 1819 4750 qua
1856 4681 2063 4750 aliquid

419 4768 539 4836 spei
572 4782 692 4824 esse
732 4770 979 4838 putabat,
1008 4769 1211 4838 elegit;
1272 4776 1326 4824 et
1378 4769 1553 4825 laneis
1608 4769 1853 4835 indutus,
1902 4770 2065 4825 nudis

420 4855 654 4924 pedibus
682 4856 750 4911 ad
781 4857 1146 4927 apostolicum
1175 4858 1344 4924 venit,
1378 4856 1572 4913 dicens
1628 4871 1687 4912 se
1719 4857 1841 4926 plus
1881 4872 2062 4913 amare

420 4957 648 5014 regnum
698 4945 922 5000 coaleste
963 4960 1123 5015 quam
1165 4952 1463 5011 terrenum,
1513 4952 1570 5000 et
1606 4945 1733 5000 ideo
1793 4946 2063 5015 poeniten-

421 5030 572 5100 tiam,
597 5046 996 5103 quamcumque
1022 5034 1129 5088 sibi
1176 5034 1341 5089 vellet
1389 5034 1694 5103 imponere,
1741 5047 1798 5089 se
1846 5033 2063 5089 humili-

418 5126 505 5175 ter
569 5126 973 5192 suscepturum.
1040 5122 1393 5192 Apostolicus
1455 5136 1584 5178 vero
1649 5121 1718 5177 de
1775 5122 1910 5177 tanti
1958 5123 2060 5179 viri

2147 4502 2366 4557 volebat
2396 4517 2519 4558 eum
2548 4505 2653 4558 sibi
2685 4518 2867 4575 regem
2908 4506 3264 4571 constituere,
3307 4507 3412 4561 nisi
3446 4507 3805 4577 promitteret

2146 4589 2415 4647 honorem
2444 4592 2550 4647 sibi
2580 4593 2783 4663 injuste
2813 4595 3051 4649 ablatum
3102 4595 3415 4651 restituere.
3463 4596 3553 4650 Sic
3604 4602 3660 4651 et
3701 4596 3804 4651 alii

2147 4680 2304 4735 multi
2360 4696 2488 4737 suas
2533 4682 2841 4752 singulares
2884 4698 3077 4739 causas
3119 4685 3501 4754 interponunt,
3546 4700 3686 4755 quas
3738 4691 3806 4741 ut

2146 4768 2240 4824 ille
2269 4784 2328 4824 se
2358 4777 2734 4826 correcturum
2786 4772 3133 4841 promitteret
3179 4773 3391 4829 volunt.
3423 4772 3579 4841 Quod
3630 4772 3807 4829 intel-

2146 4856 2322 4927 ligens
2360 4859 2651 4927 apostolici
2682 4859 2915 4931 legatus,
2975 4861 3093 4917 ﬂeri
3146 4861 3453 4931 prohibuit,
3495 4867 3550 4917 et
3607 4871 3810 4918 osten-

2144 4945 2301 5013 dens,
2343 4960 2466 5001 eum
2499 4960 2608 5002 non
2637 4948 2979 5019 singulorum
3008 4950 3105 5005 sed
3139 4950 3517 5005 universorum
3544 4948 3663 5005 fore
3707 4966 3806 5006 re-

2142 5049 2286 5104 gem,
2317 5039 2377 5090 ut
2406 5036 2677 5091 universis
2699 5038 2906 5105 justum
2952 5053 3011 5093 se
3064 5038 3434 5108 promitteret,
3482 5039 3616 5093 satis
3667 5053 3806 5095 esse

2142 5123 2439 5191 perhibuit.
2472 5123 2560 5178 Ait
2598 5124 2781 5191 etiam,
2815 5126 2863 5180 si
2893 5140 2960 5182 eo
3002 5127 3189 5194 modo,
3236 5141 3349 5196 quo
3379 5134 3621 5197 ereptum
3664 5125 3805 5184 fue-

1780 5314 2002 5368 VARL‘E
2050 5313 2330 5369 LECTION
2336 5316 2433 5370 ES.

488 5488 550 5562 3f"
575 5489 792 5562 solutus
816 5490 869 5547 2.
948 5491 1011 5524 ⁸³⁵
1049 5492 1396 5562 tripdudians
1442 5491 1486 5547 1.
1568 5492 1629 5523 ³⁸⁸
1660 5506 1760 5562 pro
1799 5492 1895 5549 illo
1916 5491 1968 5547 2.

417 5561 564 5617 eth.
614 5561 661 5616 1.
739 5561 800 5593 5”
839 5561 982 5618 deest
1026 5563 1070 5615 1.
1118 5561 1197 5616 lb.
1275 5563 1334 5595 1*”
1382 5564 1615 5619 comode
1662 5561 1716 5618 ’1.

1770 5564 1850 5619 rei
1888 5563 2107 5632 publice
2139 5565 2428 5621 commodo
2477 5564 2530 5618 2.

2050 5492 2111 5524 "‘
2140 5493 2257 5549 sed.
2308 5493 2425 5569 1._t..
2458 5501 2511 5569 et
2535 5496 2693 5569 m.‘_2.
2772 5496 2834 5527 “7
2874 5511 2945 5569 In.
2981 5498 3317 5569 multumque
3348 5512 3495 5555 mon.
3526 5499 3562 5551 2
3639 5498 3707 5531 ⁸³⁸
3737 5510 3807 5556 o.’

2611 5565 2665 5598 "‘
2700 5568 2756 5623 in
2801 5572 2848 5622 ιι.
2888 5567 2941 5623 2.
