4014 6176
174 288 264 345 553

1463 284 1547 342 ΒΕ
1585 286 1798 344 BELLO
1837 285 2181 344 SAXONICO.

3395 305 3500 361 554

172 423 240 471 rat
265 410 708 484 promissionibus
745 409 1060 480 singillatim
1094 412 1410 479 praemissis,
1452 413 1768 483 eligeretur,
1795 413 2220 492 Acti,.curiales
2261 414 2498 469 inermes
2549 417 2835 474 incurrunt
2864 423 3079 487 armati,
3104 433 3158 481 et
3197 431 3399 487 multos
3436 450 3502 491 ex

171 509 266 575 ipsa
286 502 469 559 electio
493 514 602 556 non
618 499 862 566 Sincera,
877 501 975 555 sed
998 499 1224 556 haeresis
1235 501 1550 558 simoniaca:
1562 517 1773 559 veneno

171 593 349 664 polluta
378 591 671 646 videretur.
695 589 894 643 Tamen
921 588 1169 658 quaedam
1200 597 1328 646 sunt
1350 590 1424 645 ibi
1454 605 1634 647 causa:
1656 606 1776 661 spe-

170 681 354 736 cialiter
388 684 651 748 exceptte,
685 692 840 747 quas,
882 679 1008 747 quia
1049 679 1247 747 injuste
1278 680 1579 749 viguerant,
1612 679 1781 735 debe—

170 776 237 825 ret
263 768 581 832 emendare;
613 767 828 823 scilicet
860 774 918 821 ut
946 767 1295 836 episcopatus
1325 782 1435 823 non
1467 782 1566 837 pro
1598 770 1777 839 pretio

172 875 254 916 nec
290 872 381 928 pro
418 858 657 913 amicitia
705 857 882 918 daret,
922 856 1018 911 sed
1060 857 1358 928 unicuique
1408 858 1659 914 ecclesiae
1708 860 1777 914 de

166 950 263 1004 suis
308 948 654 1013 electionem,
694 947 838 1001 sicut
878 946 1075 1015 jubent
1112 960 1372 1012 canones,
1415 948 1776 1016 permitteret.

168 1041 263 1094 lloc
324 1037 482 1092 etiam
538 1037 615 1091 ibi
673 1049 945 1090 consensu
1016 1036 1288 1090 communi
1341 1038 1777 1107 comprobatum,

99 1146 104 1150 ·
164 1128 368 1184 Romani
409 1125 687 1196 poutilicis
742 1125 1068 1179 auctoritate
1110 1133 1192 1179 est
1240 1127 1679 1194 corroboratum,
1724 1135 1783 1184 ut

166 1218 293 1287 regia
330 1222 572 1285 potestas
604 1213 738 1268 nulli
780 1228 876 1283 per
905 1213 1303 1282 haereditatem,
1343 1216 1487 1270 sicut
1517 1223 1643 1272 ante
1682 1217 1783 1273 fuit

162 1305 505 1368 consuetudo,
548 1304 791 1367 cederet,
823 1304 919 1356 sed
961 1303 1105 1358 filius
1135 1304 1297 1374 regis,
1340 1306 1502 1359 etiam
1543 1307 1587 1360 si
1628 1307 1783 1362 valde

162 1395 339 1464 dignus
375 1400 545 1458 esset,
582 1392 764 1460 potius
809 1391 871 1421 ³³²
913 1406 1010 1461 per
1058 1392 1382 1448 electionem
1427 1403 1783 1464 spontaneam

161 1498 302 1552 quam
371 1496 471 1552 per
527 1482 897 1536 successionis
952 1482 1150 1536 lineam
1209 1496 1304 1537 rex
1344 1485 1697 1552 proveniret;
1739 1485 1786 1540 si

162 1586 273 1627 vero
302 1585 425 1647 non.
451 1577 601 1626 esset
639 1570 837 1640 dignus
866 1570 1012 1640 regis
1051 1571 1214 1635 lilius,
1255 1572 1339 1626 vel
1377 1573 1423 1626 si
1464 1574 1634 1628 nollet
1665 1588 1787 1629 eum

1859 503 1941 557 eis
1969 503 2170 558 acriter
2200 503 2638 573 vulneraverunt,
2691 507 2908 578 aliquos
2938 513 3100 569 etiam
3150 519 3497 578 occiderunt.

1858 593 1990 646 Nam
2021 606 2169 647 arma
2208 594 2496 649 curialium
2524 596 2580 650 in
2621 596 2876 667 hospitiis
2904 601 3190 671 derelicta,
3231 607 3359 664 dum
3394 612 3498 680 ipsi

1859 681 2007 736 circa
2036 695 2217 751 regem
2261 680 2580 751 frequentes
2617 696 2819 754 essent,
2862 690 3056 747 urbani
3098 697 3499 767 prteripuerant

1861 776 1915 823 et
1954 785 2022 825 ne
2052 770 2153 836 illi,
2186 785 2417 839 quorum
2450 779 2623 839 erant,
2659 790 2722 830 ea
2751 780 2995 837 invenire
3026 795 3251 852 possent
3297 790 3499 845 effece-

1863 867 2002 913 rant.
2037 860 2153 913 Rex
2192 861 2319 915 talia
2349 862 2559 927 videns,
2601 864 2816 921 volebat
2852 884 2911 924 se
2960 875 3206 938 periculo
3252 878 3405 946 dare,
3446 887 3500 935 et

1864 948 1945 1002 vel
1976 961 2107 1002 suos
2135 949 2351 1018 eripere
2381 952 2461 1005 vel
2488 967 2609 1006 cum
2649 956 2732 1008 eis
2776 958 2936 1013 simul
2986 965 3351 1031 occumbere;
3402 970 3498 1024 sed

1864 1037 1959 1106 qui
1988 1037 2132 1127 circa
2162 1051 2284 1127 eum
2314 1044 2491 1105 erant,
2535 1049 2705 1098 totum
2755 1046 2901 1102 hunc
2939 1052 3228 1110 tumultum
3276 1066 3506 1127 propter

1866 1140 1986 1181 eum
2026 1125 2191 1181 fuisse
2232 1125 2509 1197 inceptum
2547 1145 2943 1203 cognoverunt,
2984 1149 3041 1195 et
3086 1144 3213 1199 ideo
3263 1125 3394 1202 eum
3435 1150 3504 1205 de

1868 1216 2068 1284 palatio
2128 1214 2189 1246 ⁵³⁵
2234 1217 2573 1273 descendere
2612 1234 2719 1276 non
2768 1228 3153 1291 permiserunt.
3203 1235 3510 1294 Coutraxe-

1870 1314 1993 1359 runt
2024 1319 2156 1375 ergo
2204 1320 2263 1359 se
2310 1306 2548 1362 curiales
2585 1316 2641 1363 et
2688 1314 2866 1368 omnis
2912 1319 3187 1375 exercitus
3227 1323 3280 1377 in
3332 1328 3509 1395 majo-

1872 1408 1984 1449 rem
2014 1395 2299 1449 ecclesiam
2332 1395 2516 1450 Sancti
2546 1398 2784 1465 Martini,
2818 1408 2873 1457 et
2892 1404 2978 1459 ibi
3009 1410 3346 1480 conglobati,
3381 1429 3516 1472 cono

1870 1484 2011 1574 siliis
2066 1484 2340 1553 armisque
2398 1487 2613 1551 muniti,
2666 1489 2851 1547 subito
2894 1507 3015 1549 cum
3065 1512 3262 1570 magno
3306 1503 3513 1574 impetu

1873 1573 2144 1638 exierunt,
2186 1581 2242 1627 et
2300 1574 2540 1629 urbanos
2576 1584 2669 1630 aut
2716 1581 3043 1639 occiderunt
3091 1595 3183 1641 aut
3223 1573 3511 1659 ceperunt,

163 1662 399 1731 populus,
442 1675 607 1729 quem
654 1673 833 1730 regem
864 1657 1045 1715 facere
1085 1659 1249 1714 vellet
1277 1661 1515 1717 haberet’
1541 1663 1597 1717 in
1636 1670 1847 1743 pote-_
1878 1669 2078 1730 praeter
2108 1675 2205 1716 eos
2242 1662 2336 1730 qui
2366 1660 2506 1732 fuga:
2544 1678 2603 1719 se
2642 1666 2951 1732 credentes,
2988 1672 3182 1730 timore
3223 1657 3519 1743 pernicita-

160 1757 285 1804 state
314 1748 571 1819 populus.
605 1748 702 1803 [Iis
731 1748 987 1803 omnibus
1015 1748 1266 1817 legaliter
1305 1751 1639 1818 constitutis,
1680 1738 1855 1807 Ro-B
1880 1756 1986 1803 tem
2029 1750 2309 1817 praebente
2356 1751 2611 1807 abierunt
2657 1756 2939 1812 velociter.
2990 1761 3047 1814 In
3098 1738 3338 1820 crastino
3389 1781 3518 1821 vero

163 1837 352 1893 dulfum
401 1838 638 1894 electum
680 1851 863 1907 regem
912 1837 1277 1906 Mogontinam
1326 1837 1388 1869 “3
1435 1854 1555 1894 cum
1598 1854 1793 1911 magno

164 1927 357 1982 honore
397 1927 703 1992 deducunt,
753 1933 809 1982 et
851 1925 899 1981 ei
947 1928 1075 1981 dum
1125 1928 1595 1983 consecrationem
1652 1931 1796 2000 regis

162 2015 479 2083 accipiebat,
523 2014 911 2070 venerabiliter
947 2022 1002 2069 et
1039 2013 1278 2081 fortiter,
1328 2016 1472 2071 sicut
1522 2031 1649 2073 mox
1694 2033 1794 2088 ap-

161 2104 395 2169 parebat,
467 2105 749 2159 assistunt.
811 2106 1176 2159 Consecratur
1230 2111 1409 2160 autem
1468 2119 1498 2160 a
1537 2104 1797 2176 Sigifrido

159 2192 481 2260 Magoutinae
546 2193 780 2247 civitatis
840 2191 1282 2262 archiepiscopo,
1342 2194 1708 2263 praesentibus
1746 2200 1802 2249 et

152 2279 539 2348 adjuvantibus
569 2282 690 2336 aliis
721 2280 1137 2350 quamplurimis
1179 2295 1323 2337 anno
1371 2283 1586 2338 Domini
1643 2282 1799 2349 1077,

147 2367 177 2416 7
202 2368 320 2422 Kal.
361 2369 602 2436 Aprilis.

203 2456 293 2512 92.
334 2458 480 2526 Ipso
519 2471 649 2511 vero
680 2456 769 2511 die
809 2457 1245 2512 consecrationis
1274 2458 1393 2526 ejus
1433 2471 1570 2526 pene
1620 2458 1804 2513 conti-

133 2546 207 2617 git
237 2547 451 2601 misera
476 2545 641 2599 ndum
681 2542 911 2611 facinus,
947 2552 1005 2599 ut
1036 2545 1192 2600 ﬁeret
1237 2545 1357 2599 dies
1404 2560 1546 2600 unus
1594 2546 1805 2615 princi-

132 2638 282 2705 pium
315 2642 376 2690 et
408 2634 556 2689 (illis
584 2634 737 2705 regni
768 2633 961 2703 ipsius,
994 2640 1049 2689 et
1085 2633 1153 2689 de
1185 2647 1251 2689 eo
1300 2648 1426 2689 vere
1455 2634 1630 2703 possit
1659 2634 1809 2690 nasci

143 2725 540 2793 proverbium,
573 2724 701 2792 quia
752 2731 858 2777 tam
910 2716 1035 2793 vigil
1079 2737 1176 2778 rex
1222 2730 1389 2788 esset,
1437 2729 1495 2778 ut
1533 2725 1589 2778 in
1639 2736 1809 2793 regno

148 2827 241 2868 suo
283 2824 593 2880 numquam
643 2810 871 2865 vidisset
908 2825 1178 2865 somnum.
1228 2812 1472 2880 Namque
1521 2825 1640 2866 cum
1691 2812 1809 2880 ipsa

150 2901 231 2957 die
260 2915 388 2970 ejus
422 2900 706 2954 unctionis
743 2899 798 2953 in
839 2900 1068 2954 introitu
1118 2901 1298 2955 missa:
1347 2900 1671 2954 invitaretur
1707 2899 1810 2954 sub

151 2991 365 3045 nomine
408 2987 709 3043 Ierusalem
740 2992 855 3043 tota
886 2988 1126 3043 fidelium
1162 2988 1400 3043 ecclesia
1439 2987 1506 3042 ad
1558 2987 1803 3043 laetitiam

1876 1851 2068 1893 omnes
2105 1852 2172 1892 ex
2203 1840 2336 1894 urbe
2369 1842 2602 1909 majores
2629 1851 2754 1897 ante
2804 1859 2984 1915 regem
3034 1852 3316 1920 supplices
3355 1867 3522 1909 vene-

1878 1934 2025 1990 runt,
2058 1935 2114 1980 et
2142 1926 2210 1980 de
2241 1926 2444 1982 malitia
2474 1944 2634 1998 quam
2674 1930 2937 2000 fecerant,
2970 1939 3240 2008 supplicia
3271 1956 3395 2011 quae
3425 1956 3521 1997 rex

1879 2014 2096 2071 volebat
2133 2016 2385 2083 accipere
2431 2019 2724 2083 dederunt,
2776 2030 2831 2076 et
2876 2031 2937 2078 ut
2974 2028 3202 2094 posthac
3251 2032 3525 2100 imperpe-

1880 2111 2030 2160 tuum
2071 2103 2262 2159 fideles
2299 2106 2350 2160 ei
2376 2117 2679 2172 manerent,
2707 2112 3047 2177 juraverunt.

1952 2192 2040 2245 93.
2082 2192 2186 2246 Sed
2227 2206 2325 2247 rex
2365 2207 2473 2249 non
2512 2195 2723 2251 habens
2775 2201 2856 2254 eis
2894 2201 3076 2269 tidem,
3135 2207 3409 2263 civitatem
3448 2208 3531 2263 di-

1883 2280 2052 2345 misit,
2085 2284 2141 2334 et
2168 2280 2235 2335 ad
2269 2282 2475 2337 Suevos
2501 2284 2675 2349 abiit;
2708 2286 2896 2356 ibique
2936 2303 3123 2358 parum
3165 2300 3428 2360 moratus,
3460 2294 3529 2350 ad

1883 2369 2171 2425 Saxoniam
2230 2372 2497 2425 transivit.
2558 2375 2689 2428 Nam
2757 2377 3054 2435 Dominicae
3110 2384 3535 2438 resurrectionis

1884 2456 2179 2513 festivitate
2235 2457 2300 2489 ⁸³⁸
2355 2460 2499 2528 apud
2558 2464 2851 2531 Augustam
2900 2467 3175 2524 civitatem
3232 2470 3532 2536 celebrata,

1887 2547 1942 2600 in
1985 2548 2346 2602 Pentecosten
2376 2548 2445 2602 ad
2476 2549 2759 2619 Erpesfort
2790 2554 2957 2622 venit,
2990 2564 3045 2611 et
3071 2558 3200 2614 inde
3231 2573 3340 2615 non
3372 2573 3537 2629 parva
3596 2594 3597 2597 η

1888 2634 2161 2688 Saxonum
2200 2635 2550 2692 multitudine
2589 2654 2712 2694 cum
2766 2643 2934 2711 regali
2984 2644 3195 2702 honore
3243 2648 3534 2711 deductus,

1890 2716 2265 2786 apostolorum
2332 2720 2637 2789 principum
2708 2726 3064 2795 principalem
3130 2730 3192 2761 ⁸³⁷
3258 2732 3315 2786 in
3399 2732 3536 2788 urbe

1890 2806 2325 2876 Merseburgensi
2357 2807 2648 2865 devotione
2678 2815 2846 2867 multa
2877 2815 3194 2875 celebravit.
3245 2824 3362 2887 Quo
3410 2834 3532 2875 cum

1891 2894 1959 2949 de
1990 2888 2206 2949 cunctis
2252 2897 2503 2952 Saxoniae
2555 2900 2802 2967 partibus
2840 2905 3075 2972 majores
3125 2915 3181 2961 et
3227 2909 3536 2964 mediocres

1891 2983 2296 3048 convenissent,
2330 2998 2647 3055 regemque,
2668 2988 2812 3044 sicut
2840 3006 2869 3045 a
2902 2994 3248 3064 principibus
3276 3005 3393 3052 erat
3425 2999 3536 3053 ele-

148 3059 510 3147 spiritualem,
588 3082 645 3133 et
710 3077 836 3135 inde
894 3078 1091 3131 habeat
1135 3077 1315 3131 omnis
1377 3075 1490 3132 fere
1545 3062 2030 3141 ecclesia,Cctus,
2073 3073 2402 3128 unanimiter
2446 3074 2502 3128 in
2552 3088 2723 3145 regno
2771 3059 3206 3149 conﬁrmassent,
3258 3085 3397 3141 dixit
3436 3099 3531 3141 rex

150 3168 300 3222 etiam
351 3168 411 3221 in
457 3166 736 3236 religiosis
784 3167 1054 3234 personis,
1105 3166 1227 3234 ipso
1272 3165 1362 3220 die
1412 3164 1639 3220 ludendi
1691 3177 1802 3220 non

149 3256 512 3324 spernendam
554 3254 1048 3310 consuetudinem:
1093 3254 1326 3324 prandio
1373 3255 1499 3309 novi
1552 3253 1698 3324 regis
1747 3252 1804 3308 ti-

152 3344 274 3409 nito,
327 3347 575 3414 juvenes
631 3344 750 3412 ejus
795 3344 862 3398 ad
922 3344 1108 3399 ludum
1163 3358 1362 3399 venere
1414 3356 1800 3408 communem,

149 3446 350 3487 causam
415 3432 494 3488 ob
566 3431 862 3501 duplicem,
922 3446 1044 3486 cum
1099 3433 1265 3502 regiae
1324 3430 1801 3495 consecrationis,

152 3529 250 3575 tum
287 3522 349 3552 ⁸³⁸
399 3522 588 3592 magis
642 3521 884 3589 antiquae
933 3520 1371 3576 consuetudinis.
1418 3520 1618 3575 Urbani
1673 3533 1805 3573 vero

149 3610 388 3666 videntes
419 3612 580 3665 hunc
619 3610 827 3675 ludum,
858 3610 915 3663 in
956 3610 1235 3664 crudelem
1276 3615 1404 3663 sunt
1453 3609 1672 3663 accensi
1711 3622 1804 3661 ze-

152 3698 283 3765 lum;
316 3709 373 3755 et
414 3700 557 3770 quia
591 3700 763 3769 magis
790 3697 1043 3753 favebant
1072 3699 1255 3767 exregi
1305 3712 1466 3766 quam
1517 3697 1655 3766 regi,
1705 3710 1805 3751 co-

147 3788 381 3856 gitabant
443 3790 610 3844 illum
661 3787 846 3842 ludum
898 3788 1143 3853 turbare,
1202 3793 1259 3840 et
1313 3799 1500 3840 semen
1557 3782 1802 3853 aliquod,

152 3875 282 3929 unde
321 3877 543 3933 seditio
598 3882 938 3940 nasceretur,
980 3875 1281 3939 inmittere,
1324 3873 1392 3928 ad
1423 3888 1585 3943 quam
1617 3872 1807 3928 sedan-

147 3962 255 4018 dam
288 3967 421 4020 dum
455 3980 568 4021 rex
600 3964 948 4034 procederet,
981 3963 1145 4019 modo
1185 3963 1435 4033 quolibet
1473 3963 1693 4017 occisus
1724 3962 1806 4016 iu-

149 4053 347 4109 teriret.
415 4056 696 4110 Miserum
754 4067 886 4124 ergo
943 4053 1211 4122 quosdam
1268 4065 1400 4107 suos
1437 4053 1687 4121 juvenes,
1748 4057 1808 4106 ut

145 4142 423 4199 rurialium
460 4144 606 4199 ludo
654 4157 713 4197 se
781 4143 1095 4207 miscerent,
1157 4150 1211 4197 et
1267 4141 1503 4210 aliquam
1563 4140 1808 4210 qualibet

147 4238 251 4285 arte
290 4234 597 4289 materiam
654 4231 785 4287 belli
843 4236 1251 4287 construerent.
1312 4231 1501 4299 Itaque
1559 4242 1700 4284 unus
1739 4242 1805 4282 ex

1887 3159 1992 3214 sibi
2024 3174 2132 3215 non
2166 3160 2335 3215 videri
2368 3162 2573 3217 decens
2603 3164 2685 3218 vel
2725 3167 2880 3234 utile,
2914 3170 3158 3228 Saxones
3186 3175 3343 3242 quasi
3370 3175 3531 3244 plena

1888 3263 2021 3319 pace
2067 3251 2271 3318 potitos
2309 3251 2457 3306 domi
2518 3253 2736 3321 quietos
2793 3257 3024 3326 sedere;
3083 3264 3366 3331 suasitque
3424 3264 3537 3319 illis

1890 3342 1967 3403 ut,
1998 3338 2243 3392 exercitu
2268 3338 2524 3404 collecto,
2548 3340 2781 3398 hostiles
2811 3344 2955 3401 ultro
2977 3357 3160 3415 partes
3189 3350 3534 3417 invaderent,

1888 3427 2147 3494 quatinus
2190 3426 2398 3497 aliquid
2448 3427 2667 3483 fortiter
2722 3432 2957 3499 agendo,
3008 3443 3062 3487 et
3099 3449 3129 3487 a
3178 3449 3238 3490 se
3286 3436 3536 3500 desidiae,

1889 3528 1992 3582 qua
2036 3516 2208 3570 notati
2240 3522 2416 3578 erant,
2450 3523 2631 3569 notam
2663 3514 2730 3545 ’⁵³⁸
2759 3518 3083 3585 abjicerent,
3125 3528 3181 3574 et
3226 3522 3395 3587 hosti,
3446 3522 3541 3592 qui

1890 3602 1957 3656 de
1998 3602 2224 3657 victoria
2272 3603 2546 3671 superbus
2594 3605 2857 3669 tumebat,
2906 3608 3273 3676 arrogantiam
3324 3610 3545 3665 minue-

1891 3697 2030 3744 rent.
2062 3690 2217 3756 Quod
2250 3695 2305 3745 et
2341 3690 2448 3759 ipsi
2473 3689 2587 3745 laeti
2627 3690 2897 3748 fecerunt.

1959 3779 2049 3831 94.
2083 3779 2254 3847 Igitur
2287 3779 2341 3833 in
2371 3782 2616 3848 Augusto
2646 3794 2834 3836 mense
2883 3796 3007 3838 cum
3056 3798 3255 3855 magno
3294 3787 3542 3843 exercitu

1892 3880 1987 3922 rex
2026 3865 2293 3922 Rodulfus
2334 3867 2520 3921 urbem
2586 3868 2926 3941 Wirtzeburg
2972 3872 3212 3941 obsedit,
3260 3876 3329 3931 ad
3379 3890 3541 3946 quam

1890 3956 2304 4027 eXpugnandam
2356 3957 2635 4012 machinas
2691 3959 2891 4014 diversi
2931 3964 3151 4032 generis
3201 3967 3381 4033 parari
3415 3969 3540 4036 jus-

1890 4047 1981 4100 sit.
2013 4047 2145 4113 Qme
2174 4046 2303 4100 dum
2330 4047 2684 4114 parabantur,
2718 4049 2835 4117 ipse
2874 4050 3019 4106 sicut
3050 4066 3142 4107 rex
3173 4054 3537 4120 Christianus,

1891 4135 2058 4189 Deum
2101 4135 2319 4198 timens,
2352 4149 2539 4189 secum
2584 4138 2881 4207 cegitabat,
2934 4142 3061 4208 quia
3108 4142 3155 4196 si
3205 4143 3337 4198 urbs
3383 4152 3542 4214 capta

1891 4222 2106 4289 fuisset,
2139 4224 2207 4279 ab
2238 4225 2490 4279 ecclesiis
2518 4226 2601 4280 vel
2643 4229 3034 4283 ecclesiasticis
3062 4232 3228 4285 rebus
3257 4232 3543 4286 diruendis

148 4316 271 4386 ipsis
298 4323 605 4391 cujusdam
638 4320 841 4376 nobilis
869 4334 935 4375 ex
966 4320 1116 4375 curia
1166 4319 1438 4374 crusinam
1492 4316 1614 4388 (40)
1666 4317 1863 4391 gulis_
1899 4315 1981 4368 vel
2024 4313 2355 4382 diripiendis
2399 4313 2593 4384 vulgus
2638 4316 2806 4370 semel
2854 4318 3227 4373 intromissum
3276 4334 3379 4374 nec
3426 4322 3542 4387 ipse

152 4407 265 4475 (41)
308 4386 580 4466 ornatam
634 4411 791 4479 quasi
830 4407 1013 4464 furtim
1066 4409 1345 4478 praecedit.
1403 4417 1457 4462 et
1504 4386 1990 4476 quasiifur-Drrx
2020 4416 2277 4457 revocare
2308 4409 2516 4471 posset.
2552 4404 2693 4471 Ergo
2727 4404 2907 4458 lentus
2946 4405 3020 4458 ibi
3068 4405 3316 4473 sedebat,
3361 4412 3417 4462 et
3452 4386 3546 4461 oc-

151 4500 251 4551 tum
292 4501 495 4555 volens
536 4499 887 4554 abscondere
944 4498 1192 4561 recessit,
1253 4505 1309 4551 et
1358 4505 1534 4551 tamen
1578 4495 1813 4549 malebat
1896 4492 2149 4546 casiones
2178 4490 2422 4545 diversas
2453 4505 2520 4545 ne
2552 4498 2888 4561 pugnaretur
2908 4493 2977 4548 ad
2998 4493 3187 4548 urbem
3219 4495 3542 4563 quaerendo,

150 4583 518 4654 deprehendi,
599 4595 657 4642 ut
720 4589 998 4655 acciperet
1052 4586 1201 4654 quod
1259 4586 1492 4654 accepit.
1535 4585 1666 4638 Nam
1721 4583 1813 4638 ille
1897 4580 2168 4649 integrum
2200 4578 2314 4634 fere
2346 4594 2587 4635 mensem
2620 4581 2756 4635 nihil
2789 4582 3082 4650 proﬁciens
3121 4584 3198 4637 ibi
3248 4585 3541 4649 manebat;

150 4675 297 4743 cujus
324 4676 583 4734 honesta
613 4677 780 4732 vestis
818 4683 934 4730 erat
983 4675 1362 4739 dehonestata,
1413 4681 1474 4728 ut
1520 4674 1672 4727 illum
1720 4674 1814 4741 qui
1900 4669 2197 4737 maluitque
2228 4669 2543 4738 gloriosam,
2577 4673 2732 4740 quasi
2774 4673 2962 4726 urbem
3013 4686 3209 4741 capere
3260 4686 3368 4727 non
3421 4686 3545 4742 pos-

150 4776 256 4816 suae
284 4767 461 4820 vestis
494 4773 716 4835 partem
754 4763 1003 4834 gestabat
1053 4763 1334 4818 insecutus
1372 4770 1475 4824 est,
1525 4760 1817 4828 colaphum
1899 4764 2003 4823 set,
2064 4758 2269 4813 habere
2325 4761 2742 4823 contumeliam,
2812 4774 2974 4829 quam
3044 4761 3431 4829 periculosam,
3489 4770 3548 4819 ut

154 4848 197 4902 ri
250 4860 468 4909 tantum
512 4852 697 4917 dedit,
766 4852 962 4921 suique
1001 4852 1310 4913 vestimenti
1374 4849 1694 4919 particulam
1736 4862 1819 4903 re-
1901 4848 2037 4903 urbe
2076 4848 2356 4903 destructa
2387 4849 2521 4903 nulli
2562 4848 2625 4879 ⁸³9
2654 4863 2824 4904 sacrae
2858 4850 2935 4904 rei
2968 4856 3311 4918 parceretur,
3354 4852 3550 4921 adqui-

149 4940 308 5007 cepit.
351 4943 519 4998 Tunc
555 4941 755 4997 urbani
786 4941 841 4995 in
873 4940 1136 4996 subsidiis
1190 4941 1258 4995 ad
1300 4940 1406 4994 hoc
1447 4938 1623 5007 ipsum
1655 4937 1822 4993 collc-
1903 4950 2026 4992 rere
2058 4936 2310 5006 gloriam.

1531 5089 1755 5145 VARUE
1811 5089 2175 5145 LECTIONES

810 5238 876 5271 ⁸³³
910 5239 989 5295 ita
1032 5236 1080 5291 1.
1127 5234 1218 5294 Ιδ.
1294 5235 1362 5269 ⁸³³
1400 5243 1578 5293 tamen
1624 5236 1670 5291 l.
1748 5233 1811 5266 ’⁵³⁵
1852 5233 2083 5295 pallacio
2137 5234 2183 5290 1.
2260 5234 2322 5266 ⁸³⁵
2360 5232 2709 5292 festivitatem
2754 5237 2801 5292 l.

894 5317 960 5349 “’
1000 5316 1146 5374 nulle
1189 5316 1238 5372 ι.

217 5236 281 5270 ⁸³³
320 5239 479 5297 deest
531 5240 583 5294 l.
642 5237 734 5295 ιδ.
810 5238 876 5271 ⁸³³
910 5239 989 5295 ita
1032 5236 1080 5291 1.
1127 5235 1218 5294 Ιδ.
1294 5235 1362 5269 ⁴³³
1400 5243 1578 5293 tamen
1624 5236 1670 5291 l.

154 5315 213 5347 ⁸³⁸
253 5334 327 5376 uo
368 5319 419 5377 ι.
468 5332 680 5375 nomen
728 5316 816 5375 ιδ.

249 5495 353 5563 40)
399 5497 743 5554 Germanice
781 5500 1011 5563 Krause,
1046 5494 1270 5551 collare.

249 5495 326 5550 4O
399 5497 743 5554 Germanice
781 5500 1011 5563 Krause,
1046 5495 1270 5551 collare.

224 5495 354 5641 811%
406 5568 702 5624 Pelliculis
742 5572 973 5625 murium
1016 5565 1295 5639 pretiosis,
1330 5579 1467 5634 quas
1506 5576 1909 5634 nonnumquam
1946 5564 2248 5620 rubricatas
2287 5566 2451 5623 luisse
2487 5567 2735 5639 legimus.

333 5678 597 5734 PATROL.
628 5678 869 5734 CXLVII.

1748 5233 1811 5266 ⁸³³
1851 5233 2083 5305 pallacio
2137 5234 2183 5290 1.
2260 5234 2322 5266 ⁸³⁵
2360 5233 2709 5292 festivitatem
2754 5237 2801 5292 l.
2878 5236 2939 5268 ³⁵³⁷
2987 5237 3451 5308 sollempnitatem
3490 5237 3550 5292 2.

1706 5476 1715 5483 ε
1751 5403 1967 5460 NOT/E.

3354 5676 3419 5735 18
