4014 6176
534 252 644 313 555
1596 242 1932 304 BRUNONIS
1967 244 2236 303 CLERICI
2275 241 2872 303 MAGDEBURGENSIS
3742 255 3827 316 555

601 380 693 439 95.
732 380 949 438 Interea
994 370 1286 432 Heinricus
1323 386 1506 442 exrex,
1552 373 1796 430 exercitu
1835 385 1937 429 nec
1977 371 2459 445 magnoArobore
2517 371 2735 428 virtutis
2785 371 3011 429 invenit.
3070 371 3209 441 Quid
3267 372 3319 429 in
3367 377 3619 437 narrando
3659 396 3824 444 moram

532 489 636 532 nec
665 471 795 530 forti
844 472 1178 540 congregato
1223 495 1294 508 -—
1343 479 1465 520 nam
1506 463 1735 520 maxima
1793 478 1920 534 pars
1958 465 2077 534 ejus
2115 478 2181 520 ex
2265 458 2429 532 facio,
2473 476 2594 518 cum
2656 462 2737 518 illi
2795 461 2995 519 nullam
3043 460 3299 520 fecissent
3351 463 3403 520 in
3448 468 3676 538 agendo?
3706 474 3827 532 Prte-

534 561 935 621 mercatoribus
982 564 1100 614 erat
1143 586 1209 597 —
1258 555 1469 611 obviam
1529 554 1733 610 nostris
1793 554 1873 609 ire
1932 553 2176 625 paravit;
2266 551 2397 607 lium
2459 553 2723 622 incipitur
2767 551 2986 609 fortiter
3024 554 3177 625 (Aug.
3214 554 3288 621 7),
3344 555 3499 613 immo
3550 560 3826 635 crudeliter;

534 656 802 726 pigroque
832 647 1191 721 progrediens
1223 646 1462 711 incessu,
1504 645 1777 700 Bawarios
1814 651 1868 699 et
1908 644 2177 711 lloemios,
2264 656 2329 697 ex
2360 648 2591 712 utraque
2623 652 2777 713 parte
2811 651 3103 714 pugnatur,
3147 650 3201 698 et
3228 643 3352 701 hinc
3389 652 3442 701 et
3484 648 3600 704 inde
3642 650 3727 707 fuit
3766 654 3829 710 di-

532 757 673 816 quos
701 742 805 797 sibi
838 740 894 795 in
924 737 1180 793 auxilium
1214 735 1400 790 venire
1432 735 1709 804 sperabat,
1759 733 1957 789 frustra
2008 749 2180 804 expe-
2262 746 2453 787 versus
2509 740 2738 788 eventus
2797 747 3032 804 pugnae;
3093 732 3305 804 fugiunt
3357 735 3464 802 isti,
3503 736 3690 807 fugiunt
3737 742 3828 809 illi;

531 833 716 889 ctavit.
748 832 865 898 Quo
906 842 1001 883 rex
1039 823 1309 881 Rodulfus
1364 824 1575 891 audito,
1618 824 1778 879 laetus
1833 824 2177 880 obsidionem
2262 822 2438 877 nostri
2470 824 2765 892 capiuntur
2801 823 2899 878 sed
2948 824 3275 893 eripiuntur,
3323 823 3502 880 hostes
3543 828 3826 886 interficiun-

527 922 755 988 dimisit,
797 918 1053 986 hostique
1092 928 1239 970 saevo
1288 914 1488 969 swvior
1536 927 1832 970 occurrere
1879 913 2175 972 festinavit.
2262 918 2371 966 tur.
2430 912 2507 966 Ex
2565 913 2769 968 nostris
2825 912 3011 982 itaque
3060 912 3221 982 primi
3274 911 3514 969 fecerunt
3557 914 3728 987 fugam,
3760 920 3832 988 qui

525 1013 605 1069 Ad
636 1010 854 1067 fluvium
886 1009 1073 1076 itaque
1104 1005 1197 1074 qui
1229 1003 1689 1060 vocaturNeckar
1719 1005 1995 1059 exercitus
2017 1004 2178 1060 ambo
2263 1014 2555 1071 numquam
2595 1003 2781 1057 venire
2839 1002 3161 1058 debuissent
3215 1002 3281 1058 ad
3341 1018 3580 1074 pugnam,
3631 1007 3830 1077 episcopi

525 1104 921 1163 convenerunt,
965 1102 1019 1151 et
1048 1095 1104 1150 in
1145 1094 1362 1149 diversa
1404 1093 1521 1163 ripa
1561 1093 1744 1149 animo
1784 1094 2063 1163 pugnandi
2096 1094 2179 1149 di-
2261 1091 2475 1145 scilicet
2499 1090 2663 1145 unius
2691 1091 2950 1159 nominis,
2974 1092 3093 1159 sed,
3122 1099 3182 1146 ut
3203 1092 3276 1146 ita
3297 1091 3612 1157 dicam,non
3630 1095 3766 1150 unius
3785 1094 3833 1125 “‘

528 1202 687 1246 verso
747 1192 927 1244 castra
987 1189 1314 1254 posuerunt.
1364 1184 1496 1237 Nam
1546 1183 1722 1238 nostri
1762 1182 2035 1238 dederunt
2070 1182 2181 1238 illis
2262 1180 2498 1247 ominis;
2570 1186 2799 1250 uterque
2882 1181 3025 1236 enim
3085 1180 3442 1236 Wcrinherus
3491 1188 3708 1237 vocatur.
3753 1185 3832 1240 Sed

525 1278 829 1349 optionem,
871 1282 930 1331 ut
960 1274 1044 1330 vel
1077 1273 1183 1343 ipsi
1217 1272 1435 1342 longius
1464 1287 1493 1326 a
1525 1271 1687 1328 litore
1718 1273 2045 1327 recedentes
2073 1272 2176 1327 sibi
2262 1269 2778 1340 Magedaburgensis
2806 1271 2874 1325 ab
2904 1270 3103 1326 incolis
3131 1270 3279 1325 illius
3308 1271 3493 1340 patria:
3534 1271 3832 1342 interceptus,

525 1365 837 1423 facultatem
892 1361 1214 1419 transeundi
1262 1360 1658 1428 concederent,
1700 1360 1784 1416 vel
1832 1362 1936 1430 ipsi
1977 1368 2179 1416 nostrae
2262 1360 2647 1416 miserabiliter
2684 1360 2997 1430 occiditur;
3039 1362 3498 1432 Merseburgensis
3531 1375 3647 1417 vero
3686 1361 3836 1433 despo-

529 1457 665 1527 ripa:
704 1455 883 1525 spatio
930 1452 1113 1508 securi
1161 1457 1411 1520 accepto,
1462 1465 1585 1505 cum
1625 1450 1829 1506 nostris
1887 1458 2179 1521 pugnaturi
2262 1447 2464 1516 liatus,
2513 1450 2568 1504 in
2619 1452 2850 1520 patriam
2898 1450 3078 1506 nudus
3124 1450 3435 1506 revertitur.
3483 1450 3625 1518 Quod
3664 1450 3732 1504 illi
3771 1463 3836 1504 me

530 1546 849 1602 transirent.
882 1542 964 1598 llli
1005 1554 1135 1598 vero
1162 1583 1177 1607 ,
1226 1540 1473 1610 quamvis
1518 1539 1724 1608 multis,
1766 1544 1825 1595 ut
1861 1540 2182 1595 utrumlibet
2265 1553 2374 1595 non
2423 1538 2485 1569 ⁸⁵⁵
2530 1539 2597 1594 ad
2644 1540 3070 1609 contumeliam,
3119 1541 3373 1611 quisquis
3427 1540 3529 1596 hoc
3581 1539 3712 1609 legit,
3762 1538 3833 1593 sed

529 1634 794 1701 facerent,
827 1630 1083 1689 convitiis
1131 1635 1317 1685 essent
1364 1629 1644 1700 exagitati,
1700 1636 1955 1685 neutrum
2001 1627 2181 1685 facere
2267 1629 2471 1685 dixisse
2510 1636 2668 1699 putet
2703 1630 2770 1685 ad
2819 1630 3088 1701 gloriam;
3139 1631 3270 1699 quia
3317 1630 3385 1685 ab
3433 1630 3597 1700 ipsius
3636 1642 3717 1683 ore
3753 1640 3833 1683 nou

516 1724 830 1780 voluerunt.
863 1724 996 1778 Cum
1035 1725 1215 1775 autem
1263 1718 1464 1775 multos
1499 1719 1575 1774 ibi
1614 1719 1734 1774 dies
1781 1718 2078 1785 sedissent,
2112 1702 2424 1773 etBsemel
2473 1716 2677 1785 audivi,
2717 1718 2865 1787 quod
2913 1718 3087 1788 ipsam
3137 1718 3442 1773 nuditatem
3480 1729 3583 1772 non
3626 1714 3833 1770 tolerasse

518 1813 630 1869 illis
658 1811 834 1867 nostri
865 1811 1044 1867 locum
1077 1809 1145 1864 ad
1174 1823 1234 1863 se
1264 1808 1519 1863 veniendi
1559 1822 1706 1877 saepe
1754 1806 1958 1863 frustra
1987 1807 2168 1863 dedis-
2249 1809 2423 1865 nollet
2489 1821 2591 1878 pro
2659 1808 2903 1878 pondere
2962 1807 3213 1877 quolibet
3261 1808 3381 1862 auri
3427 1805 3510 1863 vel
3552 1803 3753 1875 argenti.
3789 1805 3832 1858 lu

514 1910 659 1969 sent,
692 1900 911 1957 tandem
938 1899 1019 1954 illi
1051 1912 1152 1953 nec
1190 1912 1249 1953 se
1280 1897 1487 1953 nostris
1523 1896 1587 1928 ’δίο
1639 1910 1820 1966 pares,
1868 1910 1971 1952 nec
2014 1896 2165 1951 auxi-
2248 1897 2439 1953 eadem
2496 1895 2623 1967 fuga
2676 1904 2804 1952 sunt
2857 1897 3002 1968 capti
3050 1896 3408 1953 Bernhardus
3452 1897 3687 1951 Romana:
3725 1891 3835 1947 sedis

513 1990 644 2047 lium
678 1989 827 2060 quod
866 1987 1163 2059 sperabant
1209 1986 1395 2043 venire
1444 1985 1714 2053 videntes,
1768 2000 1889 2041 cum
1941 1986 2162 2040 militari
2246 1984 2706 2053 archidiaconus,
2764 1985 3056 2057 Sigifridus
3105 1985 3469 2057 archipraesul
3531 1982 3830 2054 Magontinus,

513 2094 622 2137 non
655 2084 881 2150 possent
919 2078 1141 2143 virtute,
1193 2076 1393 2131 astutia
1440 2076 1781 2145 temptabant
1810 2089 1839 2129 a
1869 2089 1928 2130 se
1959 2074 2161 2130 bellum
2244 2074 2572 2130 Adalbertus
2637 2076 3056 2131 Wormatiensis
3124 2076 3428 2146 episcopus
3474 2073 3552 2130 W‘.
3598 2072 3690 2128 Sed
3725 2070 3831 2126 duos

509 2169 655 2225 istud
715 2180 985 2223 amovere.
1041 2167 1313 2221 Fecerunt
1360 2163 1502 2219 enim
1555 2178 1676 2218 cum
1725 2163 1932 2219 nostris
1971 2176 2159 2232 pacem
2244 2163 2370 2219 illos
2400 2177 2510 2219 non
2567 2163 2729 2234 longe
2760 2171 2885 2234 post
2933 2164 3140 2235 eripuit
3186 2166 3289 2220 Dei
3338 2163 3641 2229 clementia,
3684 2159 3834 2215 tertius

508 2266 870 2329 sequestram,
913 2269 1040 2326 qua,
1090 2255 1136 2309 si
1186 2260 1374 2324 posset
1421 2253 1559 2317 ﬁeri,
1610 2267 1709 2322 per
1754 2259 1941 2308 mutua
1980 2252 2161 2309 collo-
2242 2250 2346 2308 iste
2378 2252 2677 2322 perductus
2706 2260 2790 2309 est
2819 2255 2874 2309 in
2905 2254 3150 2311 Heinrici
3194 2254 3446 2311 crudelis
3486 2249 3683 2323 tyranni
3722 2262 3832 2318 pra:-

508 2346 639 2418 quia
670 2346 1022 2417 pervenirent
1049 2343 1118 2399 ad
1150 2357 1339 2414 pacem
1388 2348 1729 2412 perpetuam.
1771 2341 1850 2397 Ad
1901 2356 1960 2397 se
2009 2341 2154 2396 invi-
2241 2343 2514 2409 sentiam;
2580 2343 2674 2413 qui
2740 2351 2920 2400 tamen
2986 2344 3149 2415 longe
3215 2350 3369 2415 post,
3418 2342 3582 2399 invito
3626 2346 3828 2410 tyranno,

509 2449 627 2491 cem
684 2435 867 2506 igitur
911 2433 1165 2489 veniendi
1223 2432 1518 2488 securitate
1566 2444 1849 2497 concessa,
1901 2430 2160 2485 dixerunt
2242 2431 2423 2485 divina
2481 2431 2747 2487 liberatur
2809 2434 3208 2490 misericordia.
3284 2435 3435 2501 Quos
3499 2443 3688 2494 omnes,
3738 2426 3834 2495 quia

509 2523 610 2593 illi,
650 2523 783 2594 quid
814 2537 955 2592 opus
985 2529 1131 2577 esset
1160 2522 1367 2577 nostris
1404 2533 1589 2575 secum
1636 2518 1784 2574 ferro
1833 2519 2154 2587 decernere,
2240 2520 2437 2579 melius
2466 2521 2715 2576 sciebant
2754 2522 2994 2592 psalmos
3022 2530 3249 2579 cantare
3293 2537 3361 2579 eo
3393 2520 3538 2592 quod
3568 2516 3732 2574 nutriti
3757 2512 3834 2569 sub

509 2627 631 2669 cum
672 2614 777 2682 ipsi
810 2613 983 2682 parati
1015 2619 1200 2667 essent
1229 2625 1341 2666 rem
1382 2609 1565 2665 verbis
1602 2623 1805 2680 agerc;
1856 2616 1910 2664 et
1948 2610 1995 2664 si
2034 2610 2158 2679 qui-
2247 2609 2515 2680 religione
2572 2619 2787 2679 essent,
2848 2625 3008 2683 quam
3067 2613 3324 2684 legiones
3371 2617 3597 2668 armatas
3635 2606 3693 2662 ad
3728 2602 3836 2659 bella

506 2702 631 2758 (lem
663 2710 904 2758 nostram
946 2715 1163 2756 causam
1209 2700 1422 2771 justitia
1471 2699 1903 2763 commendaret,
1961 2713 2020 2754 se
2070 2714 2156 2755 re-
2238 2698 2554 2769 disponere,
2595 2700 2716 2757 solo
2760 2701 2877 2756 visu
2938 2685 3310 2772 praeliantium
3350 2715 3536 2758 versos
3576 2700 3628 2754 in
3677 2696 3834 2765 fugam,

506 2792 639 2849 licto
670 2792 894 2848 domino
924 2805 1024 2847 suo
1057 2792 1262 2848 nostris
1289 2789 1574 2857 associari,
1608 2803 1671 2845 ea
1719 2788 2061 2856 conditione,
2095 2796 2156 2844 ut
2237 2794 2387 2844 tanta
2437 2789 2732 2846 multitudo
2779 2791 3050 2861 sequitur,
3101 2800 3162 2847 ut
3210 2807 3314 2849 rex
3373 2800 3545 2849 totum
3592 2786 3836 2844 exercitum

504 2881 550 2936 si
582 2896 679 2937 sua
709 2895 872 2937 causa
920 2880 1116 2936 melior
1162 2893 1283 2935 esse
1332 2879 1681 2949 probaretur,
1724 2884 1998 2933 nostrates
2044 2877 2155 2932 illis
2238 2878 2458 2946 penitus
2487 2878 2629 2950 fugas
2658 2894 2716 2935 se
2749 2880 2968 2937 dedisse
2997 2881 3388 2938 arbitraretur.
3430 2883 3573 2948 Quos
3609 2889 3714 2932 cum
3760 2884 3833 2927 rex

506 2968 696 3025 eadem
726 2970 847 3040 lege
887 2969 1146 3039 conjungi
1182 2982 1292 3024 non
1324 2968 1774 3037 dedignarentur.
1825 2967 1980 3032 Quod
2029 2980 2150 3021 cum
2236 2980 2338 3022 nec
2377 2969 2662 3024 victoriam
2723 2978 2926 3025 certam
2977 2972 3384 3040 promittendo,
3436 2984 3537 3026 nec
3580 2965 3839 3023 servitutem

505 3058 681 3113 nostri
741 3057 1076 3124 laudassent,
1109 3064 1164 3112 et
1193 3059 1311 3126 ipse
1350 3072 1448 3112 rex
1476 3064 1666 3112 noster
1695 3070 1774 3122 se,
1799 3062 1858 3111 ut
1882 3070 1983 3125 pax
2004 3054 2211 3111 interC
2235 3063 2554 3126 perpetuam
2597 3058 2702 3113 nisi
2747 3058 2981 3115 fuissent
3029 3062 3237 3117 reversi
3284 3060 3565 3125 minando,
3614 3053 3833 3126 potuisset

505 3162 603 3204 eos
632 3147 810 3204 fidelis
838 3147 1014 3214 ﬁeret,
1048 3147 1287 3202 libenter
1323 3161 1352 3201 a
1392 3160 1561 3216 regno
1591 3147 1983 3201 descensurum
2017 3159 2153 3216 pro-
2236 3160 2518 3213 revocare,
2551 3148 2728 3203 solum
2757 3163 2817 3204 se
2848 3150 3099 3205 relictum
3131 3164 3261 3204 cum
3313 3150 3506 3220 paucis
3552 3146 3838 3205 existimans,

506 3238 764 3305 misisset,
797 3238 1101 3293 constituto
1140 3236 1251 3303 die,
1294 3250 1404 3306 quo
1442 3235 1510 3290 ad
1541 3236 1681 3291 hanc
1711 3249 1926 3290 causam
1969 3235 2155 3291 termi-
2234 3235 2403 3304 coepit
2432 3235 2549 3304 ipse
2580 3238 2741 3292 etiam
2784 3238 3043 3308 paulatim
3090 3239 3431 3296 revertendo
3478 3235 3709 3293 Saxonia:
3747 3228 3839 3284 ﬁni-

504 3327 762 3395 nandam,
796 3330 994 3382 neutro
1024 3339 1153 3396 rege
1193 3330 1488 3395 praesente,
1521 3325 1791 3391 venirent,
1823 3325 1891 3379 ab
1922 3324 2154 3380 invicem
2232 3324 2337 3379 bus
2365 3322 2429 3355 “7
2458 3329 2924 3398 appropinquare.

503 3417 663 3473 ambo
695 3417 972 3472 exercitus
1000 3416 1413 3483 discesserunt;
1465 3422 1520 3469 et
1578 3428 1707 3470 ecce
1768 3414 1850 3469 illi
1906 3428 2154 3485 magnam
2309 3413 2398 3468 97.
2434 3416 2646 3472 interea
2688 3418 2885 3484 nostri,
2937 3417 3031 3488 qui
3079 3417 3258 3475 fortes
3306 3418 3564 3474 hostibus
3610 3427 3664 3469 se
3704 3408 3842 3480 primo

504 3506 716 3563 turbam
748 3520 817 3563 ex
853 3505 1110 3561 Bawariis
1154 3512 1211 3560 et
1257 3504 1514 3571 Boemiis,
1563 3517 1703 3574 quos
1744 3504 1853 3573 jam
1913 3504 2007 3560 diu
2055 3519 2152 3560 ex-
2233 3502 2604 3573 miscuerant,
2655 3506 2793 3562 nihil
2840 3507 2909 3563 de
2965 3513 3091 3577 post
3143 3516 3307 3579 terga
3356 3506 3568 3563 relictis
3615 3502 3837 3559 scientes.

502 3601 874 3667 pectaverant,
906 3594 1164 3650 advenire
1209 3594 1486 3650 viderunt.
1536 3595 1653 3660 Quo
1696 3594 1941 3663 cognito,
1993 3595 2156 3649 Hein-
2232 3592 2560 3649 adversariis
2616 3593 2853 3651 fortibus
2916 3595 3089 3652 fortes
3134 3598 3501 3662 resistebant,
3551 3593 3715 3649 minus
3744 3596 3841 3642 vero

503 3686 650 3742 ricus
680 3685 849 3741 nimis
892 3684 953 3740 ﬁt
1000 3684 1198 3751 laetus;
1249 3682 1520 3753 factaeque
1569 3682 1721 3753 pacis
1767 3683 1992 3752 oblitus,
2041 3685 2153 3754 jam
2233 3680 2472 3738 fortibus
2509 3682 2572 3715 “3
2611 3684 2810 3741 fortius
2838 3686 3180 3755 insistentes,
3237 3702 3341 3744 eos
3387 3686 3533 3757 fugat
3579 3676 3843 3754 praesidium

501 3783 723 3832 nostros
760 3789 790 3829 a
828 3779 985 3844 tergo
1023 3775 1204 3828 minus
1250 3778 1443 3828 cautos
1487 3772 1790 3840 invaderet,
1843 3773 1889 3828 si
1939 3774 2154 3842 princi-
2234 3778 2424 3842 petere
2463 3774 2886 3844 compellebant.
2927 3776 3009 3832 lbi
3048 3776 3279 3845 quidam
3322 3777 3395 3833 de
3445 3774 3646 3831 nostris
3686 3768 3843 3825 adver-

503 3877 602 3932 pes
639 3861 744 3929 illi,
772 3861 867 3930 qui
907 3861 1059 3930 pacis
1088 3860 1353 3916 faciendae
1398 3860 1730 3916 mediatores
1771 3860 1855 3916 vel
1901 3868 2154 3918 auctores
2233 3863 2436 3918 sarium
2493 3864 2599 3919 sibi
2657 3865 2851 3921 videns
2907 3865 3148 3932 obvium,
3202 3867 3365 3922 velut
3427 3878 3583 3921 suum
3637 3851 3845 3916 salutavit

502 3950 741 4015 fuerant,
769 3948 931 4004 fidem
962 3964 1114 4004 suam
1145 3949 1518 4005 contaminare
1562 3963 1672 4005 non
1722 3950 1997 4006 timerent.
2047 3952 2154 4006 Ita-
2231 3952 2480 4021 socium,
2528 3953 2757 4009 dicens:
2801 3973 2829 4006 «
2879 3956 3077 4011 Sancte
3134 3957 3343 4012 Petre!
3400 3975 3430 4007 »
3481 3951 3625 4025 quod
3688 3953 3845 4004 nomen

505 4054 611 4110 que
644 4042 918 4095 nostrates
947 4038 1169 4094 domum
1208 4053 1330 4094 cum
1358 4052 1493 4108 pace
1535 4040 1761 4106 reversi,
1794 4053 1994 4095 annum
2035 4039 2151 4095 fue-
2234 4040 2478 4097 Saxones
2517 4056 2617 4112 pro
2664 4042 2915 4113 symbolo
2969 4044 3235 4100 tenebant
3277 4059 3479 4101 omnes
3524 4043 3582 4098 in
3627 4051 3732 4096 ore.
3773 4029 3847 4087 Ille

505 4135 634 4186 runt
662 4130 935 4200 integrum
966 4142 1069 4184 nec
1108 4127 1375 4184 laedentes
1421 4128 1658 4199 aliquem
1707 4142 1810 4185 nec
1855 4129 1924 4183 ab
1965 4128 2150 4200 aliquo
2230 4144 2359 4187 vero
2419 4132 2644 4188 nimium
2689 4132 2962 4201 superbus
3011 4139 3065 4188 et
3115 4139 3338 4190 tantum
3390 4131 3644 4189 deridere
3688 4130 3848 4181 nomen

503 4219 642 4275 lwsi.
2232 4233 2478 4287 exorsus,
2513 4220 2568 4275 in
2598 4222 2717 4291 ejus
2743 4222 2950 4277 vertice
2981 4221 3181 4278 librato
3224 4236 3502 4279 mucrone
3540 4219 3637 4273 “9:
3678 4233 3704 4266 (ι
3739 4213 3848 4273 Hoc.

572 4308 662 4364 96.
695 4308 959 4379 Sequenti
988 4320 1118 4363 vero
1148 4320 1314 4374 anno,
1347 4306 1442 4377 qui
1487 4313 1604 4363 erat
1649 4307 1718 4362 ab
1766 4308 2149 4364 Incarnatione
2233 4309 2452 4378 inquit,
2513 4310 2615 4365 tibi
2674 4318 2801 4366 tuus
2846 4312 3040 4367 Petrus
3089 4313 3261 4368 mittit
3309 4327 3415 4383 pro
3466 4311 3717 4367 munere!
3754 4321 3778 4355 ν
3811 4302 3851 4352 οι

502 4399 717 4456 Domini
794 4396 960 4466 1078,
1027 4398 1225 4453 iterum
1291 4397 1592 4453 Saxonicus
1656 4403 2022 4468 congregatur
2084 4390 2475 4454 “‘Dnondum
2542 4414 2850 4457 sermonem
2918 4401 3133 4456 finierat
3198 4408 3408 4470 totum,
3471 4414 3594 4457 cum
3648 4391 3848 4468 gladium

501 4489 797 4555 exercitus,
858 4491 913 4542 et
968 4487 1132 4541 missa
1184 4485 1458 4556 legatione
1515 4487 1720 4542 Suevos
1775 4486 1985 4542 obviam
2044 4488 2150 4543 sibi
2233 4489 2462 4543 Saxonis
2501 4489 2726 4545 alterius
2754 4491 2810 4545 in
2850 4490 3080 4546 cerebro
3110 4489 3382 4557 habebat,
3428 4488 3700 4546 dicentis:
3739 4500 3764 4531 «
3802 4476 3853 4531 Εἰ

500 4579 687 4636 venire
720 4581 1071 4648 rogaverunt,
1102 4581 1162 4631 ut
1200 4576 1486 4646 utriusque
1537 4576 1726 4647 populi
1776 4576 1973 4633 virtute
2021 4592 2151 4634 con-
2231 4577 2337 4632 hoc
2368 4578 2570 4634 habeas
2598 4593 2795 4635 munus
2832 4594 2900 4635 ex
2942 4586 3096 4650 parte
3128 4581 3207 4635 tui
3255 4580 3535 4647 lleinrici,
3571 4569 3767 4648 tyranni
3790 4567 3852 4620 in-

494 4671 707 4741 juncta,
768 4679 960 4723 omnes
1015 4664 1121 4720 sibi
1170 4664 1523 4720 adversantes
1560 4666 1644 4721 vel
1692 4666 1760 4721 ad
1808 4680 1868 4721 se
1912 4669 2147 4724 transire
2230 4668 2513 4723 sanientis.
2546 4687 2573 4720 »

500 4757 897 4829 compellerent
935 4754 1019 4811 vel
1057 4755 1163 4810 sibi
1202 4754 1459 4811 foederari
1507 4757 1760 4812 nolentes
1806 4755 1922 4811 dira
1974 4758 2149 4814 bello-
2301 4757 2390 4811 98.
2434 4756 2756 4827 llardwigus
2783 4756 2848 4787 “‘°
2877 4762 3009 4812 tunc
3056 4758 3366 4828 Magontini
3418 4755 3671 4828 praesulis
3710 4742 3858 4804 archi-

500 4863 618 4905 rum
669 4845 1025 4903 tribulatione
1082 4844 1394 4916 fatigarent.
1465 4845 1618 4913 Quod
1689 4860 2031 4917 cognoscens
2084 4847 2147 4880 ιδ’
2232 4847 2567 4917 capellanus,
2609 4846 2663 4900 in
2696 4845 2889 4901 eodem
2920 4846 3009 4901 die
3050 4853 3175 4916 post
3221 4861 3439 4903 annum
3492 4846 3679 4902 urbem
3714 4840 3861 4905 Mase-

502 4937 814 5006 lleinricus,
873 4935 1075 4992 robore
1142 4942 1476 5006 congregato
1542 4937 1836 4991 intervenit
1892 4936 2142 5006 medius;
2231 4940 2628 5008 daburgensem
2695 4934 3055 5004 archiprtesul
3121 4934 3489 5006 ingressurus
3527 4934 3596 4989 ab
3652 4926 3856 4986 hostium

500 5043 603 5086 nec
633 5032 717 5084 est
746 5040 939 5097 passus
968 5031 1027 5081 ut
1059 5030 1290 5095 uterque
1322 5027 1376 5080 in
1407 5039 1573 5080 unum
1626 5026 1946 5081 conveniret
1993 5041 2144 5083 exer-
2229 5026 2601 5092 multitudine,
2652 5039 2721 5080 ne
2782 5024 2926 5079 ullus
2964 5025 3016 5080 ei
3053 5024 3210 5080 locus
3268 5032 3429 5082 esset
3488 5019 3747 5082 evadendi
3794 5019 3861 5072 est

499 5120 662 5175 citus.
740 5116 1028 5173 Exercitus
1102 5129 1234 5186 ergo
1308 5115 1609 5171 Saxonicus
1673 5114 1741 5171 ad
1802 5116 2146 5173 Methelrike-
2228 5117 2598 5174 circumdatus
2643 5113 2703 5146 ⁸⁸¹
2755 5119 2863 5180 (an.
2922 5113 3075 5181 1078,
3134 5117 3274 5182 Aug.
3344 5115 3438 5186 7).
3496 5114 3596 5170 Cui
3634 5123 3747 5167 cum
3795 5102 3860 5160 illi

498 5208 620 5268 stad
676 5206 741 5241 “'
788 5206 959 5276 venit,
1015 5205 1206 5277 ibique
1261 5205 1579 5262 Heinricum
1628 5219 1750 5261 cum
1808 5219 1920 5262 non
1976 5221 2143 5276 parvo
2226 5204 2388 5261 velud
2455 5209 2614 5274 capto
2675 5204 2972 5260 illudentes
3038 5203 3293 5260 dicerent
3327 5245 3344 5271 ,
3424 5203 3560 5275 quia
3632 5195 3863 5258 libentius

1854 5314 2079 5369 VARle
2128 5313 2411 5370 LECTION
2417 5312 2515 5366 ES.

572 5414 638 5451 W
678 5404 815 5473 uris.
871 5412 921 5470 l.
1013 5412 1073 5447 “'
1125 5418 1490 5489 congregatus
1532 5411 1579 5470 1.
1675 5411 1739 5445 “’
1787 5425 2094 5485 agnoscens
2129 5413 2183 5472 2.
2278 5410 2343 5446 W
2380 5410 2853 5489 methelrikestadt
2905 5410 2954 5465 l.
3002 5406 3507 5489 methelrichestad
3532 5408 3600 5489 72.
3649 5398 3864 5489 machel-

501 5494 740 5560 tlltestad
785 5491 877 5567 l".
912 5509 968 5567 g.
995 5494 1188 5567 Dresd.
1221 5481 1512 5567 _'“‘t'ninus
1554 5492 1604 5567 1Ξ
1677 5490 1742 5567 ‘f"
1778 5481 1952 5567 uel"
1980 5532 1995 5551 .
2028 5493 2171 5567 deest
2213 5493 2261 5553 1.
2336 5481 2676 5567 “‘“etTtSsUI.
2770 5490 2835 5530 “7
2882 5491 3025 5553 deest
3068 5491 3116 5550 l.
3191 5486 3257 5525 ιδ’
3296 5486 3485 5551 fortes
3528 5488 3577 5549 l.
3670 5485 3732 5523 “’
3762 5494 3863 5543 mu-

492 5580 749 5634 .ct'unone
783 5565 832 5626 1.
907 5564 973 5605 ιη
1000 5565 1338 5643 Herderigus
1379 5566 1427 5625 1.
1461 5564 1817 5626 Hardewicus
1858 5562 1914 5623 ιι»
1940 5608 1954 5626 .
2032 5563 2093 5601 ⁵⁸³
2123 5562 2562 5626 circumvallatus
2596 5563 2650 5621 ιδ
2677 5608 2691 5627 .
3706 5570 3717 5577 “
