4014 6176
194 309 285 364 557

1491 312 1574 367 DE
1614 311 1825 367 BELLO
1863 311 2210 368 SAXONICO.

3425 318 3531 378 558

192 448 294 491 cum
330 438 450 489 tunc
506 432 561 487 in
617 432 791 503 gratia
828 426 1037 490 domini
1084 435 1209 503 sui,
1268 436 1412 492 sicut
1467 435 1597 492 olim
1656 435 1994 503 fuit,Adiis
2059 444 2431 506 vastaverunt,
2493 440 2619 510 quia
2678 439 2873 497 incolae
2931 440 3009 496 illi
3073 444 3249 513 pridie
3307 454 3528 504 nostros

187 524 507 595 aspicerent,
564 521 657 578 ille
718 522 862 579 sicut
910 524 992 579 vir
1050 524 1293 595 prudens
1348 525 1425 581 ita
1481 526 1804 597 temperavit

189 626 504 684 responsum,
546 616 606 668 ut
643 625 747 669 nec
796 614 1138 670 mendacium
1179 614 1468 685 proferret,
1520 621 1575 670 et
1622 621 1800 670 tamen

187 718 271 761 eos
317 700 553 759 fallendo
608 702 913 772 periculum
971 719 1216 774 praesens
1261 704 1548 761 devitaret.
1609 705 1803 762 Paucis

186 795 331 861 enim,
377 792 521 849 sicut
577 800 793 864 tempus
850 794 1181 864 postulabat,
1241 795 1424 852 verbis
1475 795 1797 867 respondit:

183 886 314 942 Sicut
348 884 515 952 video,
557 884 770 950 dicens,
809 885 865 939 in
902 884 1136 941 cubiculo
1175 886 1349 942 domui
1385 888 1526 955 regis
1559 887 1802 943 hesterna

186 979 316 1030 nocte
365 972 539 1029 nullus
593 978 819 1030 vestrum
872 990 953 1030 me
1006 976 1154 1031 vidit.
1214 977 1323 1033 Sed
1379 976 1676 1047 festinemus
1732 976 1803 1032 ad

183 1064 355 1120 amicos
397 1066 625 1129 nostros,
665 1078 732 1118 ne
776 1078 871 1119 nos
916 1065 1115 1120 inimici
1160 1072 1370 1137 repente
1417 1065 1803 1137 deprehendant

178 1153 430 1207 iiieautos!
461 1153 629 1208 Erant
657 1159 837 1209 autem
870 1167 976 1210 non
1008 1154 1170 1225 longe
1200 1154 1308 1210 am
1338 1170 1502 1226 parva
1530 1158 1801 1212 Saxonum

177 1242 407 1312 legione;
451 1255 594 1311 quos
624 1256 748 1298 cum
779 1242 859 1297 illi
889 1258 1022 1299 suos
1062 1252 1321 1314 putarent
1350 1252 1401 1300 et
1428 1246 1539 1315 jam
1571 1259 1629 1301 se
1661 1258 1801 1323 pene

175 1340 348 1402 captos
391 1338 760 1402 agnoscerent
793 1353 805 1387 :
856 1334 1081 1403 Pergite,
1122 1334 1262 1390 dixit
1300 1335 1413 1402 ille,
1455 1351 1557 1406 quo
1606 1333 1797 1401 vultis;

175 1436 254 1490 ego
282 1422 404 1477 meis
433 1421 700 1491 adjungar
728 1423 950 1478 amicis!

232 1510 315 1564 99.
347 1509 729 1567 Willehalmus
747 1510 831 1578 ⁸³³,
890 1512 1122 1568 Geronis
1177 1513 1397 1569 comitis
1454 1513 1618 1580 filius,
1676 1528 1800 1569 cum

175 1606 358 1655 temere
402 1601 596 1669 paucis
643 1615 703 1656 se
724 1599 789 1631 ⁸⁸⁵
818 1602 1209 1657 comitantibus
1254 1603 1378 1667 iret,
1411 1604 1480 1658 ab
1528 1603 1798 1659 Everhar-

169 1687 231 1744 do
252 1688 330 1756 “5,
361 1691 457 1759 qui
491 1690 561 1745 de
596 1689 971 1761 magnitudine
1009 1691 1195 1747 barbae
1233 1705 1501 1762 agnomen
1543 1693 1797 1759 habebat,

1888 527 2162 598 fugientes
2226 527 2595 598 spoliaverant
2658 529 2741 586 vel
2809 530 3147 588 occiderant.
3214 534 3527 605 Sigifridum

1886 630 2107 687 quoque
2155 618 2530 689 Mogontinum
2578 620 2889 690 praesulem,
2943 636 3105 692 quem
3144 631 3361 694 captum
3406 641 3529 683 cum

1884 704 2071 760 multis
2134 705 2258 761 aliis
2322 707 2502 764 adhuc
2567 709 2857 765 servabant
2927 711 3200 768 violenter
3264 714 3529 786 eripiunt,

1881 807 2179 865 secumque
2226 798 2532 867 gaudentes
2579 805 2635 855 et
2686 800 2920 870 hymnos
2976 802 3087 859 Deo
3141 808 3404 861 canentes
3459 806 3527 863 ad

1883 885 2170 941 Saxoniam
2239 887 2532 946 reducunt.
2610 892 2904 961 Postquam
2969 906 3098 951 vero
3164 894 3398 952 diversis
3462 911 3529 955 ex

1885 974 2134 1044 partibus
2164 989 2357 1033 omnes
2404 978 2579 1035 nostri
2618 989 3015 1050 convenerunt,
3048 989 3104 1039 et
3131 984 3263 1054 quid
3311 983 3530 1043 fortiter

1884 1064 2126 1133 egissent
2182 1065 2267 1121 vel
2324 1074 2527 1136 quanta
2587 1070 2831 1139 pericula
2887 1072 3125 1141 qualiter
3188 1075 3526 1144 evasissent,

1883 1153 2115 1209 invicem
2172 1156 2375 1227 singuli
2432 1157 2761 1227 retulerunt,
2823 1174 2933 1216 non
2992 1163 3111 1219 sine
3168 1164 3339 1220 multo
3396 1164 3527 1221 ﬂetu

1884 1242 2083 1299 multas
2129 1243 2322 1301 laudes
2374 1248 2707 1303 unanimiter
2751 1250 2863 1306 Deo
2912 1251 3274 1309 reddiderunt
3294 1252 3360 1285 ⁸⁸⁸
3406 1269 3529 1310 eum

1885 1345 1985 1401 pro
2016 1333 2175 1389 victis
2204 1342 2258 1390 et
2281 1333 2486 1406 fugatis
2514 1336 2787 1405 hostibus,
2810 1344 2922 1394 tum
2954 1341 3119 1397 etiam
3151 1356 3252 1412 pro
3282 1341 3531 1399 liberatis

1884 1423 2051 1477 tantis
2079 1424 2481 1481 sacerdotibus.

1961 1511 2077 1566 102.
2114 1498 2196 1567 Ex'
2219 1514 2423 1568 nostris
2470 1514 2654 1583 itaque
2688 1515 2936 1584 partibus
2974 1525 3176 1587 praeter
3205 1521 3526 1591 episcopum

1883 1600 2458 1672 Magedaburgensem,
2510 1604 2604 1673 qui
2654 1605 2858 1661 cecidit
2909 1607 2964 1661 in
3016 1604 3165 1678 fuga,
3215 1622 3377 1665 nemo
3431 1612 3525 1681 qui

1884 1686 2084 1759 dignus
2120 1690 2193 1745 sit
2229 1692 2447 1746 nomine
2496 1692 2661 1761 periit
2705 1694 2762 1747 in
2809 1692 2904 1747 illa
2952 1708 3170 1764 pugna;
3223 1711 3290 1751 ex
3338 1698 3526 1754 hostili

170 1793 227 1833 ex
271 1780 569 1849 improviso
618 1780 852 1850 capitur,
885 1787 943 1835 et
991 1781 1250 1838 Heinrico
1290 1781 1513 1838 domino
1552 1797 1651 1839 suo
1690 1774 2012 1837 ma—Bvero
2060 1785 2216 1848 parte
2249 1780 2541 1848 jacuerunt
2570 1780 2646 1834 ibi
2678 1781 2746 1836 de
2778 1781 3121 1851 principibus
3169 1784 3527 1841 nobilissimis

165 1880 258 1935 gna
313 1882 441 1938 pars
504 1868 764 1939 triumphi
823 1871 1244 1939 praesentandus
1288 1886 1320 1926 a
1366 1872 1630 1927 militibus
1684 1871 1800 1927 suis

167 1956 409 2025 ducitur;
452 1959 572 2029 ipse
600 1972 732 2015 vero
762 1973 874 2015 non
912 1959 1098 2031 longe,
1130 1962 1286 2031 quasi
1317 1975 1387 2017 ne
1416 1962 1484 2017 ab
1522 1961 1799 2032 aliquibus

165 2046 421 2115 eripiatur
489 2048 854 2118 prospiciens,
916 2049 1243 2119 insequitur.
1312 2051 1379 2105 Et
1434 2064 1564 2106 ecce
1620 2051 1797 2121 copiae

162 2138 422 2192 Saxonum
482 2140 719 2209 majores
777 2138 858 2194 illi
916 2139 984 2194 de
1044 2139 1217 2195 latere
1274 2140 1521 2207 veniunt,
1563 2146 1619 2195 et
1674 2153 1797 2196 eum

161 2238 258 2280 non
310 2226 545 2283 multum
594 2234 990 2300 repugnantem
1023 2230 1187 2285 citius
1224 2231 1503 2287 occidunt.
1536 2230 1692 2298 Quod
1720 2231 1800 2285 vi-

151 2313 338 2370 dentes
398 2316 487 2371 illi
545 2317 640 2386 qui
679 2316 743 2348 ⁴⁸⁶
817 2318 1221 2374 Willehalmum
1297 2320 1610 2387 ducebant,
1680 2321 1798 2389 ejus

142 2402 312 2471 obliti,
350 2404 423 2459 ad
485 2419 643 2459 suum
682 2405 964 2460 dominum
1011 2406 1362 2463 festinabant.
1404 2409 1501 2464 llle
1529 2422 1682 2476 vero,
1713 2409 1798 2464 sui

135 2506 236 2549 non
279 2493 535 2560 oblitus,
566 2499 770 2563 quanta
809 2495 988 2564 potuit
1016 2495 1307 2553 velocitate
1337 2497 1407 2552 ad
1444 2511 1575 2553 suos
1605 2507 1689 2553 est
1717 2512 1801 2553 re-

128 2596 341 2638 versus.

198 2671 327 2726 100.
370 2672 606 2725 Interea
636 2671 747 2726 dux
783 2672 911 2726 Otto
950 2677 1007 2727 et
1052 2672 1368 2728 Fridericus
1424 2673 1613 2743 palatii
1660 2687 1802 2743 prae-

141 2760 319 2817 fectus
346 2759 416 2790 ’⁸³⁷
464 2759 539 2814 de
596 2761 1085 2832 Symmersenburg
1104 2761 1187 2827 ⁸⁸⁸,
1238 2762 1470 2817 diversis
1524 2763 1578 2817 in
1637 2764 1803 2832 parti-

145 2848 242 2903 bus
288 2848 508 2905 acriter
553 2857 880 2921 pugnantes,
913 2864 1023 2906 non
1061 2856 1187 2906 ante
1234 2857 1604 2917 cessaverunt,
1638 2866 1801 2921 quam

150 2936 471 2993 Heinricum
519 2951 643 2993 cum
683 2938 939 2994 omnibus
984 2939 1099 2993 suis
1135 2939 1205 2994 ad
1251 2937 1431 3009 fugam
1475 2945 1797 3009 coegerunt,

149 3040 345 3097 eosque
398 3026 681 3098 fugientes
721 3033 831 3083 tam
878 3028 971 3083 diu
1009 3034 1139 3082 sunt
1185 3028 1441 3096 insecuti,
1485 3029 1663 3084 donec
1703 3043 1800 3084 eos

1880 1867 2225 1923 Everhardus
2273 1869 2555 1936 Barbatus,
2588 1870 2682 1939 qui
2721 1870 2884 1940 hujus
2932 1870 3061 1927 belli
3111 1879 3229 1929 erat
3273 1874 3528 1932 incentor

1879 1957 2235 2025 saevissimus,
2285 1960 2474 2029 Poppo
2523 1958 2682 2013 simul
2732 1964 2787 2014 et
2833 1960 3185 2028 Thiebaldus,
3236 1964 3526 2020 Heinricus

1880 2044 1948 2100 de
2006 2046 2425 2102 Lechcsmundi.
2488 2049 2710 2102 Factum
2767 2054 2851 2102 est
2908 2062 3040 2119 ergo
3106 2051 3212 2106 hoc
3270 2052 3523 2121 prtelium

1880 2134 2183 2190 secundum
2231 2149 2376 2191 anno
2435 2136 2651 2191 Domini
2704 2134 2859 2203 1078,
2900 2137 2935 2189 7
2978 2138 3106 2193 ldus
3152 2142 3406 2211 Augusti,
3446 2141 3527 2198 fe-

1881 2225 1962 2280 ria
1991 2223 2044 2278 3.

1956 2312 2077 2366 103.
2119 2312 2412 2368 Heinricus
2466 2327 2596 2369 vero
2656 2313 2710 2368 in
2762 2314 2988 2370 Octobri
3048 2317 3299 2386 proximo
3360 2319 3531 2390 Regi-

1882 2402 2123 2473 nesburg
2187 2402 2458 2469 veniens,
2519 2403 2866 2473 principibus
2932 2405 3183 2460 collectis
3248 2408 3527 2475 narravit,

1881 2492 2029 2561 quod
2063 2494 2174 2562 jam
2208 2493 2373 2563 longo
2415 2492 2591 2548 labori
2633 2492 2795 2548 finem
2834 2492 3075 2561 fecisset,
3109 2495 3392 2565 nichilque
3423 2497 3530 2552 sibi

1882 2580 2189 2637 faciendum
2220 2588 2474 2649 restaret,
2508 2582 2613 2637 nisi
2645 2590 2705 2637 ut
2739 2582 2861 2639 illos
2890 2584 2983 2654 qui
3013 2599 3199 2641 secum
3232 2587 3531 2656 participes

1883 2677 2039 2725 erant
2077 2670 2302 2737 laboris,
2336 2678 2623 2728 consortes
2652 2673 2814 2727 etiam
2846 2672 3052 2729 faceret
3080 2673 3262 2745 digna:
3292 2676 3529 2732 retribu-

1883 2759 2070 2814 tionis.
2104 2760 2248 2815 Dixit
2279 2774 2512 2830 namque
2542 2764 2785 2817 Saxones
2814 2762 2870 2817 in
2902 2764 3137 2832 proximi
3168 2764 3348 2833 proelii
3389 2779 3531 2821 con-

1883 2848 2035 2903 ﬂictu
2064 2849 2143 2904 sic
2173 2863 2292 2904 esse
2333 2857 2658 2919 prostratos,
2692 2858 2770 2917 ut,
2804 2852 2909 2906 nisi
2940 2852 3008 2906 de
3038 2853 3294 2922 gentibus
3323 2856 3527 2910 exteris

1881 2951 2138 3007 agrorum
2185 2938 2428 2994 cultores
2472 2940 2813 3007 advenirent,
2868 2943 3135 2996 Saxonica
3159 2941 3221 2972 ⁵⁸³
3258 2943 3421 2998 tellus
3470 2945 3525 2999 in

1881 3026 2237 3082 solitudinem
2313 3041 2469 3082 versa
2542 3028 2738 3083 bestiis
2811 3029 3156 3084 silvestribus
3228 3031 3525 3088 habitanda

152 3130 296 3172 muro
343 3117 821 3186 Wirtzeburgensi
869 3116 1128 3173 videbant
1146 3115 1210 3147 ⁸³⁸
1258 3117 1487 3173 includi.
1532 3119 1638 3174 Sed
1678 3105 2210 3173 Fri-Cremaneret.
2288 3115 2459 3185 Igitur
2523 3123 2581 3171 ut
2648 3116 2795 3172 illam
2864 3125 3061 3173 terram
3128 3122 3345 3176 cunctis
3418 3120 3526 3177 tru-

150 3202 360 3261 dericus
413 3206 694 3273 nesciens,
730 3206 861 3276 quid
909 3208 1036 3262 Otto
1084 3206 1193 3261 dux
1240 3206 1462 3278 egisset,
1495 3208 1562 3263 ad
1613 3208 1794 3264 locum

151 3294 321 3360 praelii
371 3295 697 3365 tripudians
742 3296 1073 3363 revertitur;
1124 3296 1253 3366 quia
1299 3296 1393 3352 ille
1444 3296 1538 3367 qui
1595 3296 1793 3369 fugatis

151 3381 391 3440 hostibus
443 3384 632 3440 locum
675 3384 846 3440 caedis
891 3385 1194 3441 obtinuerit
1215 3385 1299 3452 “⁰,
1330 3386 1505 3442 victor
1534 3386 1787 3442 habetur.

148 3472 261 3528 Otto
319 3488 455 3531 vero
515 3474 631 3529 dux
686 3487 797 3529 non
854 3474 1016 3545 longe
1074 3482 1200 3545 post
1255 3476 1451 3530 eodem
1516 3489 1789 3543 reversus,

149 3561 247 3617 visa
284 3568 439 3619 tanta
488 3562 869 3630 multitudine,
925 3564 1150 3633 putabat
1192 3578 1290 3619 eos
1339 3564 1527 3620 hostes
1564 3579 1707 3631 esse,
1740 3571 1795 3620 et

149 3650 263 3718 quia
281 3651 341 3682 “¹
376 3652 545 3708 valde
585 3650 763 3706 fessus
792 3658 930 3717 erat,
962 3665 1074 3707 non
1105 3652 1366 3707 credebat
1395 3652 1527 3707 utile
1557 3667 1681 3707 cum
1714 3652 1797 3707 eis

148 3752 369 3811 pugnam
402 3742 683 3811 incipere.
725 3740 870 3796 Misit
898 3747 1079 3795 tamen
1110 3739 1535 3810 exploratorem,
1563 3741 1657 3810 qui
1688 3741 1794 3796 sibi

149 3832 486 3900 perquireret
518 3831 829 3886 veritatem.
856 3830 958 3897 Qui
988 3844 1112 3886 eum
1131 3829 1193 3861 ’⁸⁸³
1223 3830 1299 3885 ibi
1331 3844 1535 3886 moram
1565 3830 1791 3899 faceret,

146 3928 395 3989 reputans
428 3921 555 3987 ille,
582 3919 731 3990 quod
761 3920 830 3975 ab
860 3919 1019 3976 hoste
1049 3926 1243 3990 captus
1265 3919 1349 3975 vel
1380 3921 1597 3976 occisus
1624 3927 1789 3989 esset,

144 4009 259 4075 quia
306 4011 528 4066 nullum
585 4010 655 4065 de
703 4009 872 4065 sociis
918 4023 1081 4079 quem
1142 4016 1505 4079 cognosceret
1562 4010 1789 4078 invenit,

146 4096 307 4154 vietor
353 4101 617 4171 quidem,
668 4098 767 4154 sed
815 4111 925 4153 non
972 4098 1153 4165 laetus,
1204 4098 1332 4168 quia
1377 4099 1677 4168 nesciebat,
1722 4101 1791 4157 ad

145 4188 360 4251 patriam
392 4188 722 4245 revertitur.

1877 3219 2004 3276 gum
2060 3206 2357 3277 generibus
2414 3205 2730 3276 opulentam
2796 3216 2984 3263 Secum
3050 3208 3253 3265 vellent
3317 3211 3523 3268 intrare

1877 3295 2109 3365 rogavit,
2161 3294 2426 3364 ipsisque,
2468 3295 2616 3364 quod
2664 3295 2875 3352 nullum
2922 3296 3017 3366 qui
3063 3299 3143 3352 eis
3189 3300 3524 3355 intrantibus

1877 3384 2121 3439 obstaret
2178 3385 2509 3451 invenirent,
2571 3385 2807 3440 fideliter
2864 3386 3187 3454 spopondit.
3247 3387 3402 3454 Quod
3464 3394 3523 3443 ut

1878 3472 1989 3527 illis
2026 3472 2183 3527 ﬁeret
2222 3472 2509 3537 credibile,
2554 3473 2840 3527 simulatos
2890 3473 3113 3527 nuntios
3161 3473 3290 3528 fecit
3329 3488 3522 3543 proce-

1877 3561 2008 3617 dere
2057 3574 2181 3615 eum
2228 3561 2411 3615 verbis
2460 3561 2802 3628 compositis,
2837 3561 2953 3629 qui,
2987 3562 3203 3616 cunctis
3248 3563 3521 3618 audienti-

1878 3649 2000 3714 bus,
2041 3648 2178 3718 regi,
2221 3648 2365 3703 sicut
2421 3654 2577 3702 erant
2632 3647 2803 3714 docti,
2845 3647 3105 3703 dicebant
3161 3664 3227 3705 ex
3285 3665 3520 3720 persona

1878 3736 2037 3791 ducis
2090 3736 2306 3791 Ottonis
2369 3741 2425 3790 et
2480 3736 2797 3791 Herimanni
2854 3736 3089 3802 comitis,
3139 3752 3198 3794 se
3256 3739 3406 3796 solos
3451 3754 3519 3798 ex

1878 3825 2070 3880 liberis
2115 3824 2450 3890 hominibus,
2483 3824 2736 3880 omnibus
2777 3824 2901 3880 aliis
2946 3826 3003 3881 in
3042 3827 3339 3885 novissimo
3377 3844 3521 3901 prte-

1879 3914 1952 3969 lio
1995 3911 2320 3980 interfectis,
2372 3911 2642 3968 beneﬁcio
2689 3911 2831 3983 fuga:
2882 3914 2939 3970 in
2991 3916 3224 3972 Saxonia
3271 3918 3516 3988 relictos,

1879 4017 2024 4059 nunc
2053 4003 2215 4058 nimis
2260 4015 2386 4058 sero
2435 4002 2809 4071 paenitere“,
2852 4005 3001 4075 quod
3050 4020 3307 4078 umquam
3338 4009 3519 4066 multi-

1876 4094 2068 4151 tudine
2121 4107 2345 4149 suorum
2402 4092 2615 4159 confisi,
2676 4096 3154 4165 praesumpsissent
3209 4100 3375 4170 regiae
3425 4114 3520 4171 po-

1878 4184 2062 4240 testati
2119 4183 2416 4250 resistere;
2477 4196 2535 4238 se
2594 4183 2740 4253 regis
2798 4184 3088 4241 adventum
3114 4228 3130 4254 ,
3189 4202 3299 4257 quo
3356 4196 3519 4246 terra:

211 4273 326 4328 101.
368 4275 702 4332 Fridericus
739 4267 941 4341 autem,
975 4272 1224 4330 collectis
1262 4274 1331 4330 ad
1374 4289 1433 4330 se
1463 4275 1532 4331 de
1562 4275 1794 4333 diversis
1876 4274 2032 4330 daret
2088 4272 2361 4339 cultores,
2431 4270 2711 4327 humiliter
2765 4280 3095 4342 expectare;
3146 4289 3206 4330 se
3252 4277 3359 4331 sibi
3406 4291 3517 4333 non

144 4362 380 4426 partibus
437 4380 471 4420 a
525 4363 730 4434 proelio
785 4364 1208 4432 revertentibus,
1259 4372 1478 4420 noctem
1534 4365 1682 4420 illam
1734 4362 2164 4434 in_honorem,
2218 4374 2329 4416 non
2393 4359 2722 4426 libertatem,
2774 4362 2872 4415 sed
2927 4362 3046 4417 sola
3097 4363 3280 4430 vitam,
3333 4379 3519 4434 quam-

145 4424 342 4519 laetitia,
394 4459 454 4510 et
513 4424 754 4509 maxime
820 4454 876 4508 in
933 4452 1115 4509 divina
1172 4424 1333 4509 laude
1394 4456 1675 4525 transegit.
1730 4424 1958 4510 lanis
1984 4450 2069 4505 vel
2108 4424 2210 4505 hac
2240 4456 2426 4505 essent
2472 4424 2713 4519 indigni,
2732 4447 3030 4517 postulare.
3074 4450 3283 4516 Quibus
3310 4424 3511 4522 verbis,

143 4542 372 4598 crastino
421 4556 572 4600 vero
623 4541 861 4611 receptis
907 4543 1165 4599 omnibus
1215 4557 1339 4613 qua:
1385 4542 1469 4597 vel
1521 4543 1657 4599 socii
1709 4545 1791 4601 vel
1874 4541 2017 4595 sicut
2080 4539 2199 4609 ipse
2257 4538 2488 4594 callidus
2544 4538 2864 4605 dictaverat,
2926 4540 3216 4608 peroratis,
3279 4539 3358 4595 illi
3419 4544 3514 4613 qui

144 4624 321 4685 hostes
357 4631 438 4687 ibi
482 4629 853 4700 reliquerant,
888 4631 1132 4699 meliora,
1167 4645 1290 4701 qua:
1320 4636 1577 4701 poterant
1605 4646 1794 4703 aspor—
1875 4631 1993 4686 haec
2049 4627 2273 4684 credula
2329 4627 2490 4683 nimis
2545 4641 2676 4683 aure
2742 4635 3142 4697 perceperant,
3211 4630 3360 4686 inani
3416 4647 3513 4704 spe

144 4720 269 4786 tare,
314 4734 510 4777 secum
569 4720 856 4788 tulerunt;
906 4727 1089 4777 cetera
1136 4735 1286 4788 vero,
1340 4735 1409 4776 ne
1467 4710 1795 4792 prodessent
1871 4722 1982 4791 jam
2047 4724 2217 4774 totam
2282 4718 2568 4773 Saxoniam
2633 4718 3010 4787 possidebant,
3065 4724 3121 4774 et
3185 4721 3341 4789 quasi
3400 4723 3513 4792 jam

145 4802 407 4877 hostibus,
454 4808 580 4881 igni
618 4808 908 4865 dederunt.
945 4810 1074 4866 lnde
1103 4824 1233 4866 vero
1265 4824 1387 4881 cum
1429 4825 1624 4881 magno
1653 4825 1792 4882 gau-
1878 4807 2242 4879 possidentes,
2277 4807 2426 4861 inani
2472 4820 2569 4877 spe
2616 4807 2855 4877 decepti,
2888 4807 3069 4863 animo
3114 4810 3513 4868 tumescebant.

144 4892 228 4949 dio
254 4904 550 4968 cantuque
593 4897 906 4965 redeuntes,
940 4898 1299 4955 Smelekallan
1336 4898 1458 4970 (42)
1493 4906 1547 4955 et
1576 4908 1794 4956 ceteros
1875 4900 2009 4954 Tota
2054 4897 2222 4968 igitur
2257 4895 2628 4963 festinatione,
2655 4908 2766 4965 quo
2811 4909 2939 4965 spes
2985 4909 3082 4952 eos
3128 4897 3398 4967 trahebat,
3430 4916 3517 4958 se-

144 4980 192 5036 in
219 4985 461 5042 circuitu
492 4986 655 5042 vicos
690 4992 784 5042 aut
820 4985 979 5042 villas
1027 4987 1466 5057 praedationibus
1513 4994 1570 5043 et
1607 4988 1795 5044 incen-
1876 4989 1971 5059 qui
2021 4986 2430 5058 properabant;
2484 4999 2585 5041 nec
2637 4984 2935 5041 exercitum
2974 4985 3129 5042 valde
3178 4990 3517 5060 magnum‘“

1503 5115 1725 5170 VARUE
1774 5112 2158 5171 LECTIONES.

208 5206 269 5239 δ”
304 5210 385 5265 ita
416 5209 675 5279 corrigo;
716 5222 786 5265 an
821 5208 868 5266 l.
908 5209 994 5266 1b.
1104 5209 1169 5242 ⁸⁸³
1214 5210 1592 5268 Willehelmns
1628 5227 1814 5271 comes
1851 5214 1919 5270 de
1957 5209 2252 5279 Camburh,
2285 5214 2495 5280 patrem
2526 5208 2735 5265 habens
2770 5210 3060 5278 Geronem,
3097 5216 3350 5280 patruum
3382 5228 3511 5273 vero

144 5285 416 5373 Edonem
451 5288 833 5373 marchionem
848 5290 918 5373 L2.
1092 5285 1373 5373 paucissie
1397 5294 1443 5346 l.
1505 5292 1585 5373 ff”
1620 5295 1681 5373 [εξ.
1707 5293 2229 5373 _Barbato.princ‘i‘pe
2259 5289 2551 5373 praenobili
2577 5289 2634 5345 2.
2708 5288 2772 5373 “ﬁ
2801 5289 2942 5373 deest
2969 5290 3049 5373 1‘.”
3093 5288 3271 5373 “"ita
3290 5293 3342 5349 2.
3385 5295 3428 5349 1’
3460 5297 3507 5373 _l.

142 5355 201 5460 ξ
233 5360 770 5465 δοωετεεὶιξηὺιιᾶξ.
817 5357 932 5465 1b.,
998 5359 1063 5465 ‘5:
1091 5355 1451 5465 ridebat'l.o
1501 5364 1566 5465 “2°
1604 5366 1918 5465 obtinu'erat
1954 5355 2013 5465 Ιῖἱ
2060 5434 2075 5465 ι
2103 5355 2178 5394 ⁸⁸(
2204 5355 2298 5432 qui
2336 5361 2381 5417 l.
2489 5359 2551 5392 “’
2591 5374 2713 5417 cum
2741 5362 2798 5417 in
2840 5361 2883 5414 ι.
2987 5360 3051 5392 ³⁸³
3089 5362 3413 5423 rediderunt
3460 5368 3506 5423 l.

232 5433 512 5465 onvnninn
781 5434 906 5465 non:
938 5447 1030 5465 ann
1312 5435 1331 5465 ὅ
1356 5450 1386 5465 ι.
1502 5436 1517 5465 ἓ
1565 5437 1658 5465 ιηιιι
1693 5438 1762 5465 ιέη
1811 5439 1990 5465 ἕηκε-η.

142 5425 201 5460 ⁸⁸⁵
232 5433 515 5491 soxoniea
554 5431 602 5489 1.
677 5425 746 5465 ⁸⁸³
781 5434 1055 5505 peniteret
1090 5432 1136 5488 l.
1212 5431 1277 5464 ⁸³⁸
1312 5435 1387 5491 ita
1416 5435 1470 5490 2.
1502 5436 1659 5509 idigIn
1692 5438 2014 5510 (indignum)
2060 5434 2106 5492 l.

207 5601 333 5676 (42)
372 5602 827 5663 Sehmalkalden.
1725 5537 1937 5593 ΝΟΜ
