4014 6176
518 312 625 374 559

1512 296 1517 299 ’
1569 312 1904 370 BRUNONlS
1940 312 2206 369 CLEHICI
2244 310 2842 370 MAGDEBURGENSIS

3786 308 3888 367 560

515 461 635 504 esse
682 445 959 511 volebant,
1007 458 1076 501 ue
1125 440 1324 514 singuli
1373 455 1439 497 eo
1487 441 1666 496 minus
1715 440 1862 496 illius
1909 441 2451 511 regionisAmontes
2511 440 2784 511 proﬂcisci
2845 439 3208 510 nequivimus.
3265 438 3534 507 Quocirca
3601 451 3886 495 monemus

512 536 848 607 accipereut,
880 549 989 605 quo
1032 534 1215 604 plures
1251 532 1396 587 illam
1429 530 1652 586 divisuri
1703 530 1972 594 fuissent;
2025 532 2150 600 quia

518 636 707 683 natura
746 626 853 682 fert
898 634 956 681 ut
1004 633 1154 679 tanto
1203 624 1295 677 tiat
1342 622 1576 689 partium
1625 620 1805 675 minor
1853 620 2149 691 quantitas,

517 725 723 786 quanto
767 716 932 771 fuerit
960 713 1255 768 earundem
1312 711 1546 780 partium
1595 710 1944 765 numerosior
1974 709 2154 778 plura-

520 807 660 861 litas.
724 804 1011 859 Venientes
1058 814 1188 869 ergo
1237 798 1305 853 ad
1355 798 1543 852 silvam
1594 812 1716 866 qua
1765 798 2072 865 Thuringos
2090 796 2152 829 “7

517 901 735 963 separat
772 906 801 946 a
852 889 1095 954 Francia,
1145 888 1461 952 audiebant,
1496 886 1644 955 quod
1691 894 1745 940 et
1784 901 1968 941 verum
2014 896 2149 953 erat,

517 984 643 1052 quia
682 984 921 1049 Saxones
966 992 1031 1033 ex
1071 976 1241 1031 altera
1283 983 1437 1044 parte
1485 974 1636 1029 silva
1671 989 1790 1029 cum
1833 982 1981 1029 tanta
2021 976 2153 1030 mul-

516 1070 748 1126 titudine
802 1067 1080 1132 sederent,
1150 1074 1405 1135 quamam
1474 1064 1625 1132 prius
1689 1078 1980 1133 numquam
2043 1066 2154 1120 sint

513 1159 682 1215 auditi
740 1156 1047 1225 collegisse.
1107 1155 1238 1208 Nam
1288 1153 1356 1208 de
1409 1152 1674 1207 militibus
1728 1154 1951 1207 armatis
2005 1153 2152 1207 milia

515 1247 625 1301 fere
678 1245 958 1315 sexaginta
1014 1242 1309 1305 habebant,
1342 1242 1435 1310 qui
1482 1242 1566 1295 vel
1616 1240 1835 1295 fortiter
1882 1242 2021 1296 mori
2067 1242 2150 1295 vel

515 1345 714 1389 terram
771 1346 921 1388 suam
980 1332 1121 1385 tueri
1178 1330 1452 1385 volebant.
1512 1329 1666 1395 Quod
1733 1328 1973 1384 auditum
2028 1344 2149 1384 cum

515 1424 691 1493 primo
738 1436 848 1477 non
897 1421 1207 1482 crederent,
1261 1426 1547 1487 postquam
1607 1419 1787 1472 missis
1842 1420 2153 1487 explorato-

517 1514 667 1567 ribus
710 1512 873 1565 nimis
911 1524 1098 1565 verum
1147 1523 1267 1563 esse
1316 1509 1742 1577 cognoscebant,
1774 1508 1943 1562 multo
1982 1510 2153 1577 magis

517 1602 718 1665 redire,
759 1602 955 1655 timore
995 1605 1248 1669 cogente,
1289 1611 1448 1666 quam
1490 1597 1695 1661 venire,
1736 1611 1833 1665 spe
1879 1597 2147 1665 trahente,

518 1690 903 1759 properabant.
938 1688 1042 1742 Sed
1076 1688 1365 1741 Heiuricus
1398 1700 1580 1749 exrex,
1615 1700 1682 1740 ne
1714 1694 1921 1740 tantum
1953 1685 2151 1741 frustra

2237 545 2353 598 vos,
2404 538 2457 586 et
2506 546 2573 586 ex
2620 538 2775 600 parte
2825 530 2970 585 beati
3022 530 3167 585 Petri
3230 529 3602 599 pracipimus,
3656 534 3717 584 ut
3765 526 3883 584 fulti

2237 622 2564 675 auctoritate
2595 621 2760 687 hujus
2781 618 2846 650 ⁸⁷⁵
2892 620 3065 675 nostri
3106 618 3393 688 pracepti,
3426 624 3729 687 nostraque
3768 618 3883 672 vice

2237 710 2304 764 ab
2363 710 2556 763 eodem
2615 709 2990 778 apostolorum
3053 709 3303 777 principe
3359 708 3616 771 accincti,
3668 715 3884 761 utrum-

2237 812 2343 867 que
2402 812 2606 867 regem,
2659 798 2975 852 Heinricum
3031 797 3290 851 videlicet
3343 804 3509 864 atque
3566 792 3881 861 Rodulfum,

2237 889 2667 951 commoneatis,
2737 894 3010 956 quatenus
3075 887 3236 941 nobis
3297 887 3435 940 viam
3504 885 3617 940 illic
3688 898 3883 940 secure

2238 977 2554 1031 transeundi
2604 978 2875 1044 aperiant,
2926 983 2981 1030 et
3026 976 3358 1043 adjutorium
3406 981 3571 1043 atque
3622 973 3881 1029 ducatum

2238 1079 2336 1134 per
2367 1065 2502 1119 tales
2551 1077 2834 1133 personas,
2868 1064 2937 1119 de
2986 1064 3187 1133 quibus
3233 1076 3332 1118 vos
3378 1063 3518 1117 bene
3565 1062 3881 1127 conﬁdatis,

2239 1155 2539 1223 praebeant,
2572 1162 2631 1208 ut
2669 1154 2775 1208 iter
2812 1154 2993 1218 nobis,
3026 1154 3243 1208 Christo
3293 1159 3638 1221 protegente,
3674 1160 3881 1219 pateat.

2236 1244 2617 1299 Desideramus
2673 1244 2816 1297 enim
2875 1257 2999 1298 cum
3055 1242 3290 1297 consilio
3338 1241 3665 1297 clericorum
3717 1249 3883 1309 atque

2236 1332 2498 1387 laicorum
2543 1332 2788 1398 ejusdem
2838 1333 2991 1401 regni
3041 1331 3135 1399 qui
3184 1333 3353 1386 Deum
3403 1331 3598 1384 timent
3643 1337 3703 1384 et
3748 1329 3883 1384 dili-

2235 1429 2388 1491 gunt,
2440 1434 2653 1475 causam
2710 1422 2856 1475 inter
2901 1434 2998 1475 eos
3047 1423 3157 1475 Deo
3212 1418 3428 1474 favente
3480 1419 3783 1484 discutere,
3829 1426 3884 1474 et

2236 1511 2393 1578 cujus
2441 1510 2580 1577 parti
2612 1509 2785 1578 magis
2812 1508 2878 1562 ad
2929 1510 3081 1576 regni
3130 1507 3500 1577 gubernacula
3540 1508 3758 1577 justitia
3797 1506 3880 1561 fa-

2237 1604 2356 1652 veat
2405 1598 2802 1651 demonstrare.
2868 1596 3031 1651 Scitis
3087 1596 3232 1650 enim
3291 1597 3420 1665 quia
3479 1595 3654 1650 nostri
3712 1594 3880 1650 ofﬁcii

2236 1692 2291 1741 et
2339 1685 2659 1755 apostolica
2698 1686 2847 1739 sedis
2885 1693 2969 1739 est
3011 1684 3391 1752 providentia,
3424 1685 3630 1752 majora
3662 1686 3882 1753 negotia

516 1783 903 1846 congregasset
946 1776 1265 1839 exercitum,
1297 1789 1418 1829 cum
1466 1775 1659 1829 eodem
1705 1776 1917 1845 agmine
1945 1768 2594 1831 SuevosBecclesiarum
2642 1774 2942 1838 discutere,
2975 1783 3031 1829 et
3069 1775 3311 1829 dictante
3357 1774 3568 1842 justitia
3615 1772 3876 1829 difﬁnire.

518 1867 711 1934 petiit;
763 1866 854 1920 ubi
904 1878 1005 1919 nec
1048 1864 1297 1918 ecclesiis
1345 1877 1446 1918 nec
1489 1863 1644 1918 atriis
1673 1865 2027 1919 ecclesiarum
2062 1879 2155 1933 pe-

518 1955 710 2024 percit,
745 1960 800 2008 et
836 1954 981 2008 inter
1026 1967 1210 2007 sacras
1240 1950 1604 2021 profanasqne
1636 1967 1723 2007 res
1764 1953 1963 2007 nullam
2003 1953 2155 2007 dilfe-

516 2044 744 2097 rentiam
799 2040 955 2106 fecit,
1017 2048 1076 2095 ut
1130 2040 1347 2095 illorum
1406 2042 1684 2094 avaritiam
1743 2041 2151 2095 insaturabilem

512 2137 784 2186 saturaret
820 2143 959 2198 quos
1006 2129 1293 2183 Saxoniam
1343 2128 1658 2197 pollicendo
1706 2127 1993 2184 fefellerat.
2051 2130 2149 2195 lbi,

514 2219 662 2289 quod
709 2218 1063 2287 anticipando
1105 2219 1214 2286 jam
1262 2218 1475 2272 narravi
1528 2216 1600 2287 (ο.
1642 2216 1763 2287 76),
1805 2219 2154 2273 Treverensis

513 2307 871 2376 archiprasul
906 2305 1020 2361 Udo
1052 2305 1337 2360 subitanea
1368 2313 1542 2360 morte
1574 2304 1963 2361 miserabiliter
1991 2306 2149 2372 obiit,

513 2396 662 2463 dum,
718 2396 915 2451 timore
964 2396 1058 2450 Dei
1110 2394 1439 2464 postposito,
1490 2394 1741 2449 manibus
1799 2395 2045 2464 profanis
2097 2395 2150 2449 in

512 2498 698 2539 sacras
727 2498 816 2538 res
845 2483 1076 2537 licenter
1106 2483 1186 2536 ire
1218 2482 1486 2550 permisit.

588 2572 707 2625 104.
745 2571 873 2641 (An.
914 2570 1097 2639 1079).
1131 2573 1345 2625 Interea
1373 2570 1608 2626 domnus
1636 2571 1994 2641 apostolicus,
2025 2586 2155 2641 apo-

513 2662 693 2717 stolici
742 2661 947 2731 vigoris
994 2660 1217 2724 oblitus,
1252 2674 1359 2728 qua
1397 2674 1557 2714 causa
1597 2661 1889 2724 nescimus,
1924 2661 2151 2716 multum

514 2758 597 2805 est
625 2765 655 2805 a
689 2750 871 2819 priore
909 2748 1182 2803 sententia
1221 2755 1478 2802 mutatus.
1511 2750 1643 2802 Nam
1674 2750 1767 2817 qui
1811 2749 1963 2817 prius
1992 2749 2155 2804 Hein-

515 2839 686 2894 ricum
717 2852 838 2893 cum
869 2837 1124 2893 omnibus
1151 2838 1265 2891 suis
1293 2836 1638 2905 adjutoribus
1672 2838 1975 2905 apostolica
2006 2851 2153 2893 seve-

514 2928 674 2982 ritate
705 2927 1288 2990 excommunicaverat,
1321 2926 1481 2994 eique
1522 2926 1787 2995 regnandi
1828 2933 2151 2994 potestatem

515 3023 770 3084 potenter
824 3013 1204 3078 interdixerat,
1250 3022 1305 3068 et
1357 3027 1547 3068 omnes
1593 3013 1687 3082 qui
1735 3014 1784 3068 ei
1833 3013 2151 3069 fidelitatem

2212 2749 2492 2829 anhelare
2565 2750 2913 2817 temptaverit
2945 2789 2959 2812 ,

2236 1866 2354 1918 lloc
2399 1871 2578 1918 autem
2611 1863 2759 1932 quod
2809 1864 2956 1918 inter
3005 1876 3103 1918 eos
3147 1864 3328 1933 agitur
3374 1862 3676 1931 negotium,
3713 1870 3880 1918 tanta

2236 1951 2519 2021 dignitatis
2568 1959 2652 2006 est
2697 1954 2945 2020 tantique
2993 1951 3245 2019 periculi,
3288 1957 3346 2005 ut
3392 1952 3439 2004 si
3486 1964 3517 2004 a
3565 1950 3728 2005 nobis
3772 1951 3880 2006 ali-

2237 2054 2342 2107 qua
2390 2040 2555 2094 fuerit
2599 2040 2889 2095 occasione
2939 2040 3267 2108 neglectum,
3302 2052 3412 2093 non
3457 2038 3632 2092 solum
3675 2039 3790 2093 illis
3829 2047 3879 2093 et

2237 2128 2434 2190 nobis,
2495 2129 2591 2183 sed
2651 2128 2813 2183 etiam
2863 2127 3155 2182 universali
3214 2127 3464 2183 ecclesia
3521 2140 3775 2197 magnum
3828 2136 3879 2182 et

2237 2216 2582 2271 lamentabile
2639 2217 2815 2285 pariat
2863 2215 3271 2271 detrimentum.
3322 2222 3669 2283 Quapropter
3703 2216 3753 2269 si
3794 2214 3879 2270 al-

2235 2310 2447 2359 teruter
2493 2304 2883 2374 pradictorum
2942 2318 3128 2373 regum
3176 2304 3305 2359 huic
3357 2312 3562 2359 nostra
3609 2304 3880 2359 voluntati

2235 2406 2299 2447 ac
2346 2392 2732 2447 deliberationi
2783 2406 2976 2462 parere
3024 2399 3080 2447 et
3124 2392 3193 2447 ad
3240 2400 3420 2447 vestra
3439 2390 3503 2421 ⁸⁷⁵
3541 2392 3745 2446 monita
3794 2392 3881 2448 lo-

2236 2495 2356 2535 cum
2407 2481 2537 2536 dare
2584 2481 2887 2546 rennuerit,
2919 2494 3182 2549 suamque
3229 2481 3541 2551 superbiam
3579 2487 3745 2549 atque
3789 2496 3883 2537 cu-

2238 2569 2481 2639 piditatis
2545 2568 2693 2625 faces
2752 2575 2943 2624 contra
3011 2570 3275 2625 honorem
3334 2570 3429 2625 Dei
3482 2570 3883 2638 omnipotentis

2235 2660 2564 2724 accendens,
2613 2660 2681 2714 ad
2730 2660 3129 2715 desolationem
3173 2662 3344 2715 totius
3390 2660 3619 2715 Romani
3661 2660 3878 2728 imperii

3037 2750 3293 2803 omnibus
3366 2749 3544 2803 modis
3612 2750 3881 2819 omnique

2235 2838 2457 2908 ingenio
2503 2852 2677 2906 usque
2726 2837 2792 2891 ad
2841 2845 3091 2900 mortem,
3142 2837 3189 2892 si
3237 2844 3480 2906 oportet,
3529 2844 3718 2892 nostra
3762 2840 3881 2893 vice

2236 2928 2474 2982 resistite
2494 2925 2577 2992 ⁸⁷⁸,
2628 2928 2794 2981 immo
2842 2926 2989 2981 beati
3039 2924 3182 2981 Petri
3231 2927 3558 2982 auctoritate
3607 2928 3660 2981 ei
3705 2930 3881 2983 totius

2236 3017 2389 3085 regni
2438 3016 2809 3087 gubernacula
2865 3015 3317 3080 contradicendo,
3351 3023 3458 3070 tam
3506 3016 3658 3071 illum
3710 3032 3878 3086 quam

507 3106 806 3172 jurassent,
855 3117 886 3156 a
928 3102 1222 3170 juramenti
1275 3101 1436 3155 nodis
1480 3102 1781 3169 apostolica
1823 3094 2209 3157 auctoritateC
2232 3118 2423 3159 omnes
2467 3106 2571 3159 sibi
2619 3105 3029 3160 consentientes
3058 3119 3089 3158 a
3118 3106 3503 3160 communione
3533 3109 3800 3175 corporis
3826 3115 3877 3161 et

452 3228 459 3241 .
511 3192 838 3258 absolverat,
888 3199 943 3246 et
981 3190 1308 3245 electionem
1357 3192 1481 3245 novi
1531 3192 1677 3259 regis
1728 3204 2001 3246 consensu
2048 3206 2148 3247 suo

510 3283 943 3345 contirmaverat,
985 3292 1130 3333 nunc
1163 3292 1261 3348 per
1296 3277 1507 3333 litteras
1537 3280 1829 3342 mandavit,
1872 3288 1930 3333 ut
1968 3282 2150 3335 conci-

508 3371 582 3426 lio
623 3371 767 3425 facto
800 3383 896 3424 rex
943 3376 1174 3437 uterque
1213 3376 1546 3421 convocatus
1583 3369 1857 3432 audiatur,
1891 3376 1946 3423 et
1983 3383 2144 3438 quem

499 3461 714 3530 justitia
762 3471 991 3527 regnare
1043 3456 1372 3526 permiserit,
1407 3456 1580 3511 altero
1612 3456 1865 3525 deposito
1906 3465 2056 3512 tutus
2088 3458 2143 3513 in

505 3537 675 3618 regno
724 3548 1099 3603 contlrmetur.
1148 3546 1383 3611 Quarum
1432 3544 1760 3610 litterarum,
1814 3552 1873 3599 ut
1930 3545 2146 3614 planius

502 3637 653 3707 quod
697 3637 823 3693 dico
869 3638 1043 3706 possit
1074 3634 1326 3704 intelligi,
1362 3633 1555 3688 subtus
1585 3634 1891 3702 exemplum
1937 3648 2143 3703 ponere

502 3726 727 3791 curavi;
777 3739 901 3794 qua
950 3732 1220 3779 venerunt
1267 3736 1451 3777 mense
1506 3723 1803 3777 Februario
1860 3737 2004 3778 anno
2042 3724 2145 3779 Do-

505 3815 636 3869 mini
672 3814 806 3867 1079
825 3812 908 3868 ⁵⁸⁸.

582 3903 700 3957 105.
736 3921 764 3953 (ί
794 3902 1089 3971 Gregorius
1115 3901 1408 3969 episcopus
1426 3900 1489 3930 “9
1517 3915 1708 3957 servus
1735 3916 2016 3957 servorum
2048 3903 2143 3957 Dei

508 3993 702 4063 (Gneo.
748 3992 855 4055 V11,
906 3989 1128 4056 Registr.
1181 4004 1256 4051 1v,
1306 3989 1426 4059 23).
1478 3991 1775 4045 carissimis
1821 3991 1877 4045 in
1925 3992 2143 4047 Christo

502 4082 629 4138 liliis
676 4076 1075 4135 Bernhardo"0
1104 4078 1360 4142 diacono,
1394 4085 1449 4132 et
1492 4079 1890 4135 Bernhardo‘m
1934 4081 2138 4146 abbati,

500 4170 730 4227 salutem
761 4176 817 4222 et
845 4165 1200 4235 apostolicam
1232 4165 1693 4223 benedictionem.

574 4279 599 4308 ι
633 4256 982 4313 l-‘raternitati
1013 4262 1206 4309 vestra
1250 4263 1438 4310 notum
1479 4269 1599 4311 esse
1639 4270 1749 4311 non
1793 4258 2137 4328 ambigimus,

496 4347 626 4419 quia
677 4348 802 4402 ideo
850 4344 919 4399 ab
968 4342 1131 4407 Urbe,
1175 4343 1366 4399 confisi
1415 4342 1569 4398 dei"
1617 4344 1713 4400 Dei
1762 4346 2139 4402 misericordia

2230 3195 2512 3263 sanguinis
2556 3195 2771 3248 Domini
2821 3193 2995 3248 nostri
3041 3194 3171 3247 .lesu
3217 3193 3418 3248 Christi
3471 3200 3528 3248 et
3575 3208 3605 3248 a
3664 3196 3875 3251 limini-

2230 3282 2334 3337 bus
2361 3291 2565 3337 sancta
2597 3283 2845 3337 ecclesia
2885 3288 3156 3351 separate,
3190 3281 3326 3336 illud
3356 3296 3575 3351 semper
3605 3283 3877 3341 habentes

2227 3372 2285 3425 in
2315 3372 2598 3436 memoria,
2631 3373 2759 3439 quia
2787 3371 2969 3426 scelus
2998 3370 3327 3426 idololatria
3356 3372 3593 3426 incurrit
3617 3374 3713 3441 qui
3746 3387 3877 3444 apo-

2226 3460 2437 3515 stolica
2494 3460 2611 3515 sedi
2670 3460 2897 3515 obedire
2954 3460 3316 3528 contempnit,
3368 3466 3423 3515 et
3470 3460 3620 3529 quod
3679 3462 3875 3518 beatus

2225 3550 2538 3620 Gregorius,
2581 3550 2779 3604 doctor
2822 3556 3045 3603 sanctus
3092 3555 3147 3603 et
3194 3547 3550 3613 humillimus,
3601 3550 3868 3615 decrevit,

2227 3651 2385 3708 reges
2413 3653 2444 3692 a
2489 3639 2605 3692 suis
2643 3637 3002 3707 dignitatibus
3048 3638 3267 3701 cadere,
3309 3638 3355 3691 si
3402 3638 3697 3694 temerario
3743 3654 3869 3695 ausu

2227 3732 2624 3795 praesumerent
2671 3733 2864 3780 contra
2910 3725 3060 3781 sedis
3104 3726 3424 3794 apostolica
3464 3726 3622 3795 jussa
3660 3729 3865 3783 venire.

2224 3814 2392 3871 Alteri
2433 3828 2586 3878 vero,
2620 3815 2716 3883 qui
2764 3822 2968 3869 nostra
3011 3816 3247 3883 jussioni
3297 3813 3579 3869 humiliter
3626 3819 3869 3885 paruerit

2227 3910 2281 3959 et
2328 3904 2699 3959 obedientiam
2749 3903 3040 3958 universali
3090 3903 3271 3970 matri,
3320 3904 3466 3958 sicut
3509 3904 3676 3959 decet
3718 3907 3867 3961 chri-

2225 3994 2460 4048 stianum
2518 4007 2723 4062 regem,
2784 3993 3115 4057 exhibuerit,
3176 4001 3478 4048 convocato
3535 3994 3785 4051 concilio
3812 3995 3867 4024 ⁵⁷⁷

2225 4084 2467 4137 omnium
2544 4082 2871 4145 clericosum
2939 4092 2995 4136 et
3060 4081 3323 4137 laicorum
3389 4096 3532 4151 quos
3599 4083 3865 4140 advocare

2227 4171 2499 4240 poteritis,
2532 4171 2821 4226 consilium
2852 4178 2907 4226 et
2952 4171 3283 4239 adjutorium
3323 4171 3378 4226 in
3420 4171 3681 4228 omnibus
3734 4188 3869 4244 μηδ

2225 4260 2371 4323 bete,
2406 4266 2461 4313 et
2508 4259 2563 4313 iu
2605 4262 2751 4329 regia
2792 4259 3057 4330 dignitate
3094 4266 3198 4329 per
3235 4260 3620 4315 auctoritatem
3672 4262 3865 4318 beato-

2224 4363 2340 4403 rum
2388 4348 2762 4416 apostolorum
2815 4350 2960 4403 Petri
2992 4355 3047 4403 et
3099 4350 3247 4403 Pauli
3298 4356 3484 4404 nostra
3513 4350 3636 4405 vice
3676 4350 3870 4406 contir-

500 4416 556 4493 et
586 4437 863 4506 adjutorio
895 4435 1040 4488 beati
1087 4434 1255 4498 Petri,
1288 4434 1493 4504 egressi
1523 4448 1731 4500 sumus,
1766 4442 1826 4490 ut
1862 4437 1929 4491 ad
1961 4416 2206 4492 'l‘heu-D
2227 4446 2386 4499 mate,
2426 4436 2790 4505 omnibusque
2840 4437 3135 4507 episcopis,
3186 4438 3496 4502 abbatibus,
3547 4438 3776 4496 clericis
3808 4453 3867 4495 ac

504 4530 811 4583 tonicorum
860 4529 1064 4593 partes,
1116 4523 1476 4591 composituri
1526 4524 1672 4577 inter
1713 4538 1810 4579 eos
1856 4526 1921 4578 ad
1974 4526 2143 4583 hono-

507 4628 618 4670 rem
649 4612 744 4668 Dei
778 4620 833 4667 et
867 4610 1156 4666 utilitatem
1188 4616 1392 4663 sancta
1431 4610 1680 4665 ecclesia
1725 4626 1931 4679 pacem,
1968 4622 2142 4669 trans-

504 4706 727 4759 iremns.
785 4700 891 4756 Sed
947 4700 1077 4768 quia
1133 4697 1462 4763 defuerunt,
1530 4700 1623 4767 qui
1675 4713 1777 4755 nos
1841 4704 2141 4758 secundum

501 4793 649 4861 quod
689 4789 1017 4858 dispositum
1049 4794 1167 4842 erat
1196 4787 1591 4851 conducerent,
1626 4787 1875 4856 impediti
1904 4791 2139 4847 adventu

502 4883 647 4951 regis
690 4880 746 4933 in
794 4878 1023 4942 ltaliam,
1065 4877 1121 4930 in
1172 4874 1653 4944 Langobardiam,
1695 4880 1839 4932 inter
1890 4880 2142 4936 inimicos

498 4967 823 5024 Christiana
875 4965 1180 5034 religionis,
1212 4977 1323 5019 non
1360 4968 1481 5019 sine
1523 4977 1718 5035 magno
1768 4968 2015 5034 periculo
2060 4983 2141 5025 re-

498 5057 824 5122 mansimus,
886 5060 942 5109 et
998 5053 1206 5117 adhuc,
1275 5054 1419 5107 sicut
1475 5052 1937 5120 desideravimus,
1999 5058 2140 5113 ultra

2226 4526 2379 4580 laicis
2409 4527 2463 4580 in
2494 4533 2611 4581 toto
2643 4540 2812 4595 regno
2846 4527 3236 4590 habitantibus,
3270 4535 3330 4581 ut
3359 4527 3409 4581 ei
3442 4526 3706 4594 fideliter,
3730 4531 3869 4586 sicut

2226 4617 2339 4685 regi
2388 4621 2626 4683 oportet,
2678 4614 2960 4676 obediaut,
3011 4629 3077 4669 ex
3127 4623 3278 4683 parte
3326 4616 3733 4684 omnipotentis
3779 4620 3866 4673 Dei

2226 4703 2510 4773 pracipite
2529 4701 2613 4757 “3.
2652 4723 2676 4753 ι

2300 4792 2417 4845 106.
2463 4809 2491 4842 «
2538 4791 2834 4862 Gregorius
2882 4793 3176 4862 episcopus
3227 4792 3421 4862 (Gneo.
3476 4793 3586 4860 νη,
3641 4795 3866 4863 Regiatr.

2223 4896 2299 4947 1v,
2327 4879 2422 4949 21)
2456 4865 2975 4936 servus°servorum
3026 4882 3142 4947 Dei,
3184 4882 3404 4936 dilectis
3432 4880 3496 4911 ‘7’
3542 4883 3601 4937 in
3649 4884 3866 4939 Christo

2222 4969 2482 5025 fratribus
2529 4970 2989 5038 archiepiscopis,
3040 4969 3338 5039 episcopis,
3388 4969 3648 5035 ducibus,
3697 4973 3868 5028 comi-

2222 5059 2388 5125 tibus,
2420 5067 2476 5113 et
2507 5059 2774 5114 universis
2802 5059 3002 5114 Christi
3041 5058 3316 5124 ﬁdelibus,
3346 5059 3566 5115 clericis
3596 5068 3655 5116 et
3684 5060 3859 5127 laicis,

1853 5181 2077 5237 νΑΗιιΕ
2125 5184 2509 5240 LECTIONES.

567 5307 629 5381 Ψ
671 5306 923 5381 turingos
948 5304 1139 5381 sapias
1174 5304 1221 5381 1.
1297 5302 1367 5381 “ﬁ
1398 5304 1719 5381 nuxxvm.
1755 5306 1876 5381 edd.
1919 5309 2142 5381 Et‘vere
2165 5310 2395 5381 epistola
2415 5309 2531 5365 duae
2560 5325 2713 5381 capp.
2754 5309 2857 5381 105
2878 5316 2927 5381 et
2964 5308 3082 5363 106.
3114 5310 3268 5381 edita:
3304 5325 3441 5366 anno
3468 5309 3632 5381 1078.
3673 5313 3865 5369 Saxo-

495 5378 647 5436 nibus
682 5375 968 5433 innotuisse
1012 5375 1281 5431 videntur.
1323 5375 1433 5432 Sed
1461 5377 1640 5431 Bruno

496 5453 758 5509 Romana
788 5447 1039 5504 ecclesia
1069 5446 1125 5502 d.
1157 5446 1211 5502 2.
1288 5446 1346 5479 ‘7'
1388 5448 1448 5502 Β.
1483 5447 1529 5503 1.
1564 5446 1879 5506 Bernhardo
1909 5446 2228 5507 Massiliensi
2261 5452 2444 5508 abbati
2471 5451 2525 5505 2.
2576 5446 2847 5507 '"Vdeest
2878 5453 2923 5508 1.

504 5524 552 5580 1.
647 5520 713 5553 ⁸⁷⁸
750 5525 840 5576 aut
868 5527 1048 5575 vestra
1076 5522 1167 5573 aut
1196 5527 1383 5576 nostra
1417 5518 1464 5573 1.
1564 5518 1628 5550 ³⁷⁸
1667 5521 1861 5576 resiste
1898 5522 1946 5575 1.
2050 5522 2114 5553 "7
2153 5523 2388 5580 consilio
2424 5523 2470 5578 1.
2579 5523 2642 5555 ⁸⁷⁸
2680 5525 2811 5579 Data
2838 5526 2923 5580 Cal

504 5524 552 5581 1.
647 5520 713 5553 ⁸⁷⁸
750 5525 840 5576 aut
868 5527 1048 5575 vestra
1076 5522 1167 5573 aut
1196 5527 1383 5576 nostra
1417 5518 1464 5573 1.
1564 5518 1628 5550 ³⁷⁸
1667 5521 1861 5576 resiste
1898 5522 1946 5575 1.

1688 5377 1936 5450 epistolas
1982 5378 2079 5434 has
2128 5377 2462 5449 inferioribus
2509 5377 2771 5450 adjziitgit.
2847 5379 2911 5411 ⁸⁸⁸
2949 5381 3093 5436 deest
3132 5380 3180 5436 1.
3255 5380 3320 5412 ‘7'
3357 5382 3416 5437 B.
3461 5380 3510 5438 1.
3543 5383 3864 5440 Bernhardo

3002 5451 3067 5483 ⁸⁷³
3107 5452 3462 5523 longobardia
3499 5454 3545 5508 l.
3625 5453 3691 5485 ⁸⁷⁸
3722 5456 3865 5511 deest

2579 5523 2642 5555 "3
2680 5525 2811 5579 Data
2838 5524 3149 5594 Carpineta
3197 5528 3250 5579 2.
3304 5526 3419 5579 Kal.
3455 5527 3585 5582 Jun.
3618 5526 3739 5582 ind.
3784 5529 3861 5581 15.

494 5593 724 5670 Regiam
757 5596 822 5649 (ἱ.
865 5592 985 5648 VII.
1019 5589 1168 5645 addit
1201 5588 1278 5661 (a.
1318 5590 1498 5665 1077).
1576 5590 1640 5623 "7’
1676 5592 1734 5647 d.
1767 5592 1823 5647 in
1853 5608 1905 5647 c.
1938 5592 1975 5647 t‘.
2008 5593 2210 5652 desunt.
2246 5597 2371 5666 Reg.
2406 5597 2491 5663 IV,
2522 5593 2612 5649 24.
