4014 6176
440 244 546 300 563

1494 250 1831 305 BRUNONIS
1868 249 2135 305 CLERICI
2172 249 2766 304 MAGDEBURGENSIS

3709 248 3822 302 3364

436 375 537 442 Qui
594 381 776 431 autem
823 376 1030 433 residui
1070 385 1232 443 sunt,
1296 376 1365 431 de
1412 375 1520 430 vita
1568 374 1795 431 cottidie
1834 346 2440 442 solliciti,Asariorum
2484 374 2644 445 culpa
2693 376 2748 430 in
2796 375 2956 431 nobis
2984 374 3225 442 cuditur,
3255 375 3383 431 dum
3411 382 3616 431 nostra:
3646 375 3826 446 negli-

435 463 561 519 vitae
592 465 839 521 subsidia
871 480 1011 536 pene
1043 466 1223 522 omnia
1268 465 1587 520 amiserunt.
1628 464 1732 519 Sed
1774 479 1897 520 cum
1937 465 2086 519 nulla

438 567 539 610 nos
569 556 953 624 persecutione
986 562 1171 625 posset
1209 569 1495 625 superare,
1536 561 1827 625 superatus
1856 562 1939 611 est
1968 554 2083 622 ille,

437 650 497 699 ut
546 643 676 701 licet
724 645 917 701 nolens
965 660 1115 700 suam
1146 645 1299 699 vobis
1330 645 1677 713 praesentiam
1718 645 2003 701 exhiberet
2032 651 2087 699 et

441 734 491 790 ei
545 748 707 804 quem
766 735 1112 790 inhonoravit
1159 747 1281 788 cum
1334 747 1434 789 suo
1487 733 1761 789 dedecore
1819 735 2085 790 honorem

442 823 806 893 impenderet.
848 825 951 879 Pro
1000 837 1110 892 quo
1161 823 1348 879 labore
1396 823 1542 878 hunc
1581 823 1815 879 fructum
1866 826 2085 894 recepi-

445 927 582 980 mus,
626 914 773 982 quod
804 913 915 980 ille,
957 914 1052 983 qui
1091 927 1213 968 cum
1255 913 1503 983 periculo
1541 916 1841 970 animarum
1873 923 2087 971 nostra-

445 1017 562 1057 rum
591 1003 819 1073 vestigia
850 1003 1048 1072 pedum
1086 1010 1390 1059 vestrorum
1420 1004 1482 1033 ⁸⁰⁰
1511 1004 1741 1060 adorare
1772 1005 2087 1075 compulsus

442 1099 547 1157 est,
578 1092 784 1161 absque
832 1099 1022 1148 nostro
1071 1094 1303 1149 consilio
1351 1101 1406 1149 et
1443 1094 1562 1150 sine
1602 1095 1947 1151 correctione
1984 1096 2089 1151 ab-

442 1179 676 1247 solutus,
747 1180 814 1235 ad
883 1183 1195 1237 nocendum
1254 1183 1415 1238 nobis
1472 1183 1783 1239 libertatem
1852 1185 2082 1254 recepit.

439 1272 683 1339 Cumque
736 1270 830 1325 illa
890 1272 1251 1327 anathematis
1312 1272 1586 1329 absolutio
1643 1288 1742 1343 per
1799 1273 2086 1343 epistolam

440 1364 671 1413 vestram
714 1359 877 1414 nobis
915 1360 1308 1426 innotesceret,
1342 1361 1409 1416 de
1450 1362 1723 1417 sententia
1771 1363 1925 1433 regni
1963 1378 2087 1432 quae

442 1446 497 1501 in
539 1461 661 1502 eum
704 1448 974 1517 processit
1005 1448 1173 1503 nichil
1223 1456 1487 1505 mutatum
1527 1465 1647 1505 esse
1697 1451 2084 1521 intelleximus,

444 1536 542 1590 sed
592 1549 662 1590 ne
707 1550 853 1591 nunc
899 1537 1121 1606 quidem
1159 1537 1206 1592 si
1254 1540 1451 1593 mutari
1483 1541 1676 1608 possit,
1709 1540 2085 1611 intelligimus.

448 1623 733 1680 Absolutio
772 1626 915 1680 enim
962 1625 1053 1681 illa
1087 1628 1520 1696 juramentorum
1587 1630 1824 1699 qualiter
1887 1630 2089 1685 cassari

2168 466 2368 537 gentia:
2401 466 2740 533 attribuitur,
2772 464 2921 535 quod
2954 465 3187 522 idoneos
3217 472 3273 520 et
3310 463 3631 535 frequentes
3668 464 3822 535 lega-

2170 562 2256 610 tos
2286 554 2391 609 huc
2425 568 2534 611 non
2566 554 2850 610 mittimus.
2887 556 3029 611 Luce
3059 554 3204 610 enim
3236 554 3439 610 clarius
3469 560 3639 623 patet,
3670 553 3821 624 quod

2167 643 2248 700 illi
2278 644 2383 699 hoc
2414 644 2530 699 fieri
2576 644 2893 713 prohibent,
2928 644 3043 713 qui,
3086 657 3154 699 ne
3203 643 3586 713 prohiberent,
3614 643 3825 713 jureju-

2169 733 2341 789 rando
2362 733 2517 789 vobis
2546 733 2611 764 ⁵⁰⁵
2642 734 3031 803 promiserunt.
3056 735 3121 788 Et
3150 746 3296 789 nunc
3317 733 3385 789 de
3416 733 3655 789 violenta
3675 733 3823 787 sacri

2168 824 2385 879 itineris
2413 823 2808 879 interclusione
2840 830 2894 879 et
2941 823 3008 878 de
3050 822 3339 879 manifesto
3379 823 3599 879 illorum
3640 823 3826 892 perju-

2169 912 2252 968 rio
2285 911 2497 978 siletur,
2524 918 2577 967 et
2609 912 2770 967 nobis
2799 912 3119 981 imputatur,
3142 911 3293 981 quod
3324 912 3548 966 nuntios
3567 924 3680 965 non
3703 911 3825 965 mit-

2169 1002 2352 1056 timus.
2403 1001 2634 1068 Scimus,
2686 1000 2967 1055 carissime
3015 1000 3257 1067 domine,
3298 1006 3353 1055 et
3399 1014 3467 1055 ex
3503 998 3828 1054 considera-

2169 1091 2319 1146 tione
2378 1090 2600 1160 pietatis
2650 1096 2846 1145 vestra:
2904 1103 3225 1159 speramus,
3288 1089 3416 1159 quia
3472 1088 3593 1144 haec
3639 1088 3826 1143 omnia

2170 1181 2313 1236 bona
2342 1181 2649 1236 intentione
2680 1187 2735 1234 et
2762 1179 2945 1249 aliqua
2973 1178 3161 1235 subtili
3191 1178 3592 1235 deliberatione
3619 1178 3822 1248 agitis;

2170 1270 2266 1325 sed
2298 1284 2399 1326 nos
2428 1270 2680 1326 homines
2709 1270 2950 1339 imperiti
2981 1268 3251 1324 occultam
3282 1268 3430 1323 illam
3453 1267 3827 1337 dispensatio-

2172 1374 2293 1415 nem
2325 1368 2612 1429 penetmre
2644 1372 2751 1414 non
2792 1357 3147 1425 sufﬁcientes,
3180 1357 3327 1427 quod
3368 1356 3657 1412 manifeste
3686 1356 3827 1412 vidi-

2170 1464 2290 1505 mus
2319 1455 2374 1504 et
2411 1448 2736 1515 audivimus,
2780 1449 2848 1503 de
2896 1448 2989 1503 illa
3021 1448 3307 1517 utriusque
3340 1447 3509 1517 partis
3546 1444 3826 1501 conforta-

2170 1539 2321 1594 tione
2362 1544 2416 1593 et
2460 1552 2641 1593 rerum
2694 1543 2962 1592 certarum
2993 1536 3057 1567 ⁵⁰⁶
3096 1538 3306 1593 incerta
3342 1535 3607 1591 dilatione
3639 1541 3822 1590 ortum

2170 1642 2290 1684 esse
2330 1634 2385 1683 et
2413 1627 2640 1684 cottidie
2679 1626 2833 1692 oriri,
2863 1627 3020 1682 vobis
3049 1627 3406 1697 exponimus:
3440 1626 3562 1681 hazc
3585 1631 3721 1681 sunt
3739 1624 3822 1691 ⁸⁸⁷,

452 1713 646 1783 possit,
699 1713 851 1769 nullo
898 1715 1061 1771 modo
1113 1717 1398 1785 percipere
1441 1718 1701 1774 valemus.
1749 1719 1875 1774 Sine
1912 1702 2319 1775 sacra-Bbella
2362 1717 2623 1773 intestina
2668 1723 2721 1772 et
2770 1715 2892 1786 plus
2938 1730 3099 1785 quam
3147 1715 3347 1783 civilia,
3397 1713 3700 1771 homicidia
3748 1714 3827 1769 in-

454 1809 761 1859 mentorum
809 1811 987 1859 autem
1035 1805 1416 1861 observatione
1465 1808 1629 1877 regiae
1665 1808 1947 1878 dignitatis
1976 1807 2095 1863 ofﬁ-
2174 1807 2553 1875 numerabilia,
2603 1808 2956 1872 vastationes,
3011 1806 3287 1871 incendia,
3334 1804 3454 1860 sine
3509 1803 3824 1859 differentia

452 1893 597 1948 cium
637 1906 979 1962 nequaquam
1018 1894 1387 1950 administrari
1420 1904 1619 1965 potest.
1662 1899 1803 1968 Ergo
1834 1912 1955 1953 cum
1981 1899 2090 1967 jam

444 1981 585 2037 ultra
615 1982 743 2036 anni
783 1982 1073 2037 terminum
1104 1983 1222 2039 sine
1254 1992 1469 2040 rectore
1508 2001 1771 2052 essemus,
1804 1987 1861 2041 in
1910 1986 2088 2041 locum

445 2071 512 2126 de
564 2085 674 2140 quo
714 2072 1103 2140 praavaricatus
1155 2080 1239 2128 est
1289 2073 1403 2139 ille,
1455 2074 1596 2130 alius
1643 2076 1951 2147 principum
1992 2089 2090 2131 no-

440 2168 680 2216 strorum
711 2160 982 2216 electione
1013 2162 1343 2232 subrogatus
1374 2170 1476 2218 est.
1525 2165 1769 2234 Cumque
1813 2165 1881 2220 de
1911 2164 2088 2221 electo

438 2249 598 2305 nobis
628 2263 775 2319 rege,
811 2255 866 2304 et
908 2263 1017 2305 non
1057 2250 1125 2305 de
1174 2252 1417 2322 regibus,
1459 2268 1587 2323 spes
1617 2268 1810 2324 magna
1839 2255 1905 2309 ad
1947 2252 2091 2309 refo-

433 2337 730 2394 cillandum
761 2339 1049 2409 imperium
1081 2348 1481 2408 succresceret,
1523 2358 1654 2398 ecce
1695 2358 1761 2398 ex
1804 2344 2088 2413 insperato

432 2428 635 2484 litterae
662 2435 861 2484 vestrae
890 2429 1265 2496 advenientes,
1298 2431 1440 2486 duos
1472 2432 1527 2486 in
1569 2446 1678 2487 uno
1729 2447 1898 2503 regno
1930 2448 2086 2503 reges

433 2518 813 2587 pronuntiant,
847 2518 1063 2575 duobus
1091 2519 1419 2590 legationem
1459 2522 1767 2578 decernunt
1803 2522 1885 2575 ⁸⁰¹.
1918 2525 2086 2590 Quam

437 2606 575 2677 regii
607 2607 845 2662 nominis
875 2607 1241 2677 pluralitatem
1274 2617 1328 2665 et
1358 2610 1764 2680 quodammodo
1804 2613 1958 2683 regni
1997 2613 2085 2668 di-

437 2696 705 2752 visionem
734 2696 799 2727 ³⁰²
851 2696 1047 2753 divisio
1081 2713 1301 2770 quoque
1332 2700 1520 2771 populi
1552 2707 1607 2756 et
1635 2702 1817 2757 studia
1849 2703 2086 2771 partium

435 2785 732 2841 subsecuta
760 2794 927 2852 sunt;
961 2788 1166 2858 quippe
1198 2803 1319 2844 cum
1353 2790 1408 2845 in
1430 2790 1684 2860 epistolis
1714 2792 1911 2846 vestris
1939 2793 2087 2847 illius

436 2874 874 2943 praevaricatoris
915 2890 1202 2945 personam
1238 2893 1456 2948 semper
1487 2880 1737 2950 praeponi
1769 2886 2083 2947 cernerent,

2174 1897 2369 1952 domus
2420 1903 2475 1952 et
2530 1896 2801 1962 ecclesiaz,
2842 1894 3232 1966 oppressiones
3272 1907 3572 1965 pauperum
3602 1893 3826 1948 incom-

2173 1986 2464 2056 parabiles,
2499 2000 2679 2041 rerum
2718 1984 3213 2041 ecclesiasticarum
3251 1984 3591 2053 direptiones
3631 1982 3827 2053 quales

2172 2089 2466 2145 numquam
2515 2075 2819 2130 audivimus
2874 2081 2969 2130 aut
3022 2074 3295 2141 vidimus,
3352 2073 3532 2145 legum
3596 2087 3826 2143 quoque

2172 2165 2476 2220 divinarum
2524 2171 2580 2219 et
2626 2164 2953 2219 secularium
2994 2162 3242 2219 defectus
3288 2163 3407 2218 sine
3453 2176 3550 2232 spe
3599 2176 3829 2232 repara-

2172 2255 2373 2319 tionis;
2435 2260 2714 2324 postremo
2771 2253 2827 2308 in
2885 2252 3240 2309 dimicatione
3306 2251 3540 2308 duorum
3596 2265 3822 2323 regum,

2170 2357 2403 2414 quorum
2451 2351 2686 2412 uterque
2736 2342 2803 2397 ad
2852 2342 3138 2398 obtentum
3195 2341 3350 2412 regni
3397 2354 3551 2410 spem
3589 2354 3622 2395 a
3668 2341 3826 2396 vobis

2169 2432 2384 2503 accepit
2429 2432 2514 2499 “3,
2580 2438 2731 2487 tanta
2790 2431 3100 2502 profligatio
3158 2430 3443 2500 regalium,
3489 2435 3547 2485 ut
3586 2429 3825 2500 posthac

2169 2537 2327 2593 reges
2364 2528 2676 2578 nostrarum
2718 2523 2951 2592 partium
2993 2521 3201 2590 rapinis
3249 2520 3435 2590 potius
3472 2534 3642 2590 quam
3676 2534 3827 2591 rega-

2168 2611 2314 2667 libus
2342 2612 2690 2667 sustentandi
2712 2612 2842 2667 sint.
2877 2613 3006 2667 Haec
3032 2609 3382 2667 incommoda
3411 2616 3505 2665 aut
3535 2608 3696 2665 nulla
3720 2611 3826 2679 jam

2169 2707 2354 2756 essent
2389 2709 2484 2756 aut
2523 2701 2735 2755 minora
2784 2700 2976 2767 multo,
3036 2700 3083 2755 si
3141 2699 3196 2754 in
3254 2700 3477 2769 incepto
3517 2699 3731 2755 itinere
3760 2698 3820 2731 ³³⁸

2169 2804 2347 2861 neque
2386 2790 2453 2845 ad
2494 2790 2740 2846 dextram
2774 2804 2873 2845 nec
2910 2790 2978 2846 ad
3019 2789 3293 2845 sinistram
3334 2788 3609 2845 sententia
3643 2795 3823 2844 vestra

2168 2879 2499 2935 divertisset.
2548 2879 2788 2934 Arduum
2836 2879 2943 2934 iter
2994 2885 3221 2950 propter
3257 2877 3431 2933 zelum
3479 2876 3687 2933 domus
3726 2879 3827 2933 Do.

434 2970 488 3017 et
528 2963 595 3017 ab
648 2977 715 3018 eo
762 2964 906 3019 sicut
943 2978 975 3019 a
1027 2971 1251 3033 potente
1294 2966 1456 3037 exigi,
1510 2974 1781 3038 quatenus
1826 2969 2083 3025 ducatum
2108 2968 2303 3040 “mini
2332 2983 2621 3040 aggressus
2649 2969 2712 2999 ³¹⁰
2761 2969 2913 3033 estis,
2948 2968 3003 3023 in
3043 2983 3153 3039 quo
3184 2967 3443 3039 progredi
3482 2966 3823 3023 laboriosum

434 3051 593 3107 vobis
637 3051 694 3106 in
738 3051 838 3106 has
885 3059 1068 3121 partes
1114 3054 1182 3107 ad
1230 3053 1629 3111 discutiendam
1678 3071 1895 3113 causam
1943 3022 2271 3128 prae-aest,
2326 3059 2540 3128 regredi
2580 3064 2759 3113 autem
2808 3059 3179 3114 inhonestum.
3213 3057 3418 3123 Nolite,
3470 3056 3824 3113 sanctissime

437 3140 612 3196 heret.
664 3140 834 3210 Cujus
871 3140 1233 3197 discussionis
1279 3144 1458 3212 qualis
1503 3146 1700 3201 modus
1726 3147 1819 3214 sit,
1852 3156 1911 3203 ut
1938 3149 2086 3205 salva

435 3229 611 3301 gratia
640 3237 821 3286 vestra
865 3229 1131 3298 dicamus,
1164 3232 1412 3289 mirabile
1444 3241 1529 3290 est
1556 3236 1613 3293 in
1644 3236 1822 3292 oculis
1859 3241 2083 3306 nostris,

436 3318 653 3375 scilicet
691 3326 751 3374 ut
797 3320 844 3375 is
891 3320 985 3389 qui
1027 3321 1137 3390 jam
1180 3321 1417 3378 sinodali
1460 3324 1671 3393 judicio
1709 3326 1858 3382 nulla
1887 3328 2085 3384 condi-

438 3409 589 3465 tione
636 3408 964 3479 interposita
1013 3409 1299 3479 depositus
1346 3418 1449 3478 est,
1503 3412 1611 3469 alio
1642 3414 1706 3445 ⁸⁰³
1755 3415 1807 3471 in
1857 3417 2086 3473 eandem

438 3498 759 3568 dignitatem
806 3498 1109 3569 apostolica
1154 3501 1482 3557 auctoritate
1521 3502 1753 3572 ﬁrmato,
1786 3520 1932 3562 nunc
1970 3512 2089 3563 tan-

439 3588 564 3644 dem
592 3587 661 3643 ad
692 3587 959 3644 rationem
992 3594 1247 3659 ponatur,
1280 3597 1335 3646 et
1373 3592 1520 3662 quod
1552 3593 1763 3650 ﬁnitum
1793 3603 1876 3651 est
1905 3596 2087 3653 denuo

437 3676 754 3747 incipiatur,
805 3683 860 3733 et
906 3678 975 3734 de
1006 3692 1065 3733 re
1095 3678 1444 3736 indubitabili
1475 3680 1540 3713 ⁸⁸³⁸
1584 3684 1818 3753 quaestio
1864 3700 2087 3742 movea-

440 3772 550 3821 tur.
575 3766 692 3821 Hoc
730 3780 951 3835 quoque
992 3766 1359 3824 infirmitatem
1409 3780 1651 3829 nostram
1680 3776 2083 3852 movethquod,

441 3853 584 3908 sicut
629 3852 793 3910 nobis
839 3855 1204 3923 persuadetur
1234 3863 1294 3912 ut
1332 3858 1387 3913 in
1427 3860 1648 3930 incepto
1697 3862 1925 3919 ﬁrmiter
1954 3879 2086 3933 per-

440 3941 721 4007 duremus,
763 3940 844 3997 sic
874 3942 1036 3997 etiam
1066 3944 1359 4002 contraria
1409 3950 1548 4018 parti
1586 3951 1770 4007 verbis
1814 3960 1870 4009 et
1922 3953 2088 4009 rebus

440 4043 569 4099 spes
623 4029 890 4085 innuitur.
949 4032 1082 4087 Nam
1139 4032 1437 4092 familiares
1500 4040 1752 4108 prmdicti
1819 4044 2083 4110 Heinrici,

440 4119 536 4188 qui
565 4118 633 4173 ab
663 4119 811 4174 omni
842 4133 1012 4191 regno
1042 4121 1264 4179 infamia
1294 4131 1572 4195 notantur,
1599 4130 1803 4200 quique
1834 4131 1915 4187 illi
1944 4134 2088 4189 sicut

441 4207 557 4278 regi
603 4207 893 4264 serviendo
940 4209 1284 4269 sinodalibus
1330 4218 1624 4287 praeceptis
1677 4219 1962 4277 manifeste
2004 4223 2088 4278 in-

442 4296 768 4353 obedientes
796 4307 925 4354 sunt
956 4305 1012 4356 et
1050 4316 1156 4357 una
1195 4318 1318 4359 cum
1356 4320 1457 4362 suo
1505 4308 1684 4377 capite
1724 4324 1824 4379 per
1851 4310 2084 4382 legatum

440 4386 800 4456 apostolicum
823 4388 891 4443 ab
922 4388 1155 4446 ecclesia
1185 4401 1373 4448 sancta
1401 4399 1639 4465 separati
1671 4405 1817 4465 sunt,
1850 4400 1919 4455 ad
1948 4401 2089 4456 hanc

442 4474 630 4531 sedem
660 4478 964 4545 venientes,
998 4479 1233 4550 benigne
1271 4482 1667 4555 suscipiuntur,
1691 4495 1746 4542 et
1775 4501 1884 4545 non
1911 4489 2088 4545 solum

441 4563 698 4633 impuniti
729 4564 984 4633 redeunt,
1032 4568 1131 4622 sed
1169 4568 1397 4640 insuper
1431 4572 1608 4642 gloria
1647 4583 1703 4631 et
1740 4575 1950 4634 honore
1998 4592 2091 4634 co-

439 4661 730 4720 ronantur,
763 4661 817 4709 et
855 4655 923 4709 ad
972 4656 1211 4725 priorem
1260 4658 1689 4719 inobedientiam
1718 4667 2089 4735 superbiendo

440 4749 798 4811 revertentes,
839 4750 1043 4801 nostra:
1081 4747 1317 4803 miseria:
1356 4750 1638 4807 insultant.
1688 4755 1860 4811 Nobis
1904 4764 2085 4814 autem

439 4831 597 4902 quasi
642 4830 893 4888 ridiculis
937 4833 1005 4889 ad
1055 4835 1425 4907 insipientiam
1475 4848 1787 4911 reputatur,
1830 4845 1979 4915 quod
2017 4846 2085 4902 ab

437 4920 659 4978 illorum
705 4924 987 4980 consortio
1033 4926 1408 4995 abstinemus,
1468 4930 1561 4999 qui
1618 4932 1687 4987 ab
1734 4931 1855 5004 ipso
1904 4937 2083 5006 capite

440 5019 631 5066 nostro
674 5016 781 5067 tam
831 5013 1112 5070 caritative
1152 5016 1208 5070 in
1247 5019 1685 5076 communionem
1719 5023 2078 5093 recipiuntur.

442 5099 667 5155 Accedit
696 5107 751 5155 et
793 5100 899 5157 hoc
936 5101 1005 5157 ad
1053 5100 1329 5161 cumulum
1377 5108 1551 5163 nostri
1598 5108 1904 5179 infortunii,
1934 5114 2083 5184 quod

443 5196 646 5259 praeter
672 5188 765 5246 illa
811 5205 935 5262 quat
978 5205 1081 5249 nos
1119 5193 1223 5265 ipsi
1270 5194 1661 5269 delinquimus,
1694 5201 1853 5257 etiam
1886 5202 2083 5259 adver-

2170 3150 2348 3214 Pater,
2400 3148 2572 3205 nolite
2630 3150 2685 3203 in
2724 3149 2810 3203 via
2859 3149 3133 3215 deﬁcere,
3184 3153 3239 3203 ct
3287 3160 3355 3202 ne
3394 3146 3634 3203 ulterius
3674 3147 3824 3204 diffe-

2170 3238 2342 3294 rendo
2392 3245 2446 3293 et
2494 3239 2770 3309 utrimque
2809 3238 3053 3294 cavendo
3101 3244 3250 3294 tanta
3298 3237 3437 3292 mala
3475 3251 3743 3294 crescere
3772 3246 3822 3293 et

2170 3327 2522 3397 multiplicari
2553 3328 2767 3383 sinatis.
2799 3330 2854 3384 Si
2890 3343 3050 3399 grave
3082 3328 3239 3383 vobis
3263 3334 3345 3383 est
3375 3341 3477 3398 pro
3508 3327 3624 3383 illis
3658 3329 3824 3385 verba

2169 3416 2348 3473 facere
2411 3418 2504 3488 qui
2568 3432 2667 3488 pro
2714 3418 2871 3473 vobis
2927 3418 3091 3473 vitam
3149 3417 3205 3473 in
3262 3430 3460 3488 magno
3496 3414 3823 3473 discrimine

2170 3513 2491 3577 posuerunt,
2534 3507 2783 3564 ecclesia:
2831 3514 3011 3563 tamen
3059 3507 3257 3563 vestris
3311 3506 3664 3577 temporibus
3723 3507 3824 3565 mi-

2169 3595 2481 3651 serabiliter
2518 3595 2814 3652 destructa:
2854 3604 2910 3652 et
2937 3596 3184 3652 inaudita
3213 3595 3576 3666 oppressione
3610 3597 3673 3651 in
3707 3610 3823 3652 ser-

2168 3686 2394 3741 vitutem
2425 3685 2662 3741 redactae
2692 3686 3019 3742 succurrite.
3070 3687 3235 3756 Cujus
3263 3686 3469 3756 apertis
3496 3683 3819 3742 destructo-

2169 3775 2323 3830 ribus
2368 3775 2413 3829 si
2463 3782 2652 3844 aperta
2699 3774 2879 3847 fronte
2927 3776 2981 3831 in
3021 3774 3214 3832 faciem
3268 3776 3530 3832 resistere
3587 3783 3822 3847 propter

2169 3865 2430 3920 instantia
2479 3864 2722 3934 pericula
2770 3872 2988 3921 cautum
3038 3879 3149 3922 non
3196 3864 3434 3931 videtur,
3466 3865 3572 3921 hoc
3625 3866 3819 3922 saltem

2169 3963 2377 4023 cavete,
2412 3970 2479 4011 ne
2522 3956 2627 4012 hoc
2668 3956 2817 4027 quod
2852 3958 2963 4027 jam
3004 3956 3233 4025 fecistis,
3275 3957 3492 4012 irritum
3524 3956 3652 4012 ﬁeri
3694 3971 3817 4028 per-

2169 4044 2418 4101 mittatis.
2473 4046 2605 4100 Nam
2654 4046 2701 4100 si
2750 4046 2855 4101 hoc
2902 4046 3051 4117 quod
3084 4046 3140 4102 in
3170 4045 3367 4103 sinodo
3399 4048 3651 4102 Romana
3682 4045 3819 4102 difﬁ-

2169 4134 2341 4189 nitum
2385 4141 2440 4191 et
2491 4140 2616 4204 post
2652 4150 2683 4190 a
2727 4135 2787 4167 ³¹¹
2842 4135 3021 4207 legato
3061 4136 3209 4192 sedis
3246 4136 3568 4207 apostolica:
3608 4137 3818 4192 conﬁr-

2169 4228 2372 4277 matum
2410 4229 2531 4289 est,
2582 4222 2803 4279 silentio
2850 4225 3068 4295 contegi
3116 4231 3171 4280 et
3211 4239 3311 4295 pro
3357 4224 3566 4280 nichilo
3627 4224 3819 4280 haberi

2173 4317 2411 4381 oportet,
2445 4312 2577 4382 quid
2610 4313 2837 4383 posthac
2868 4314 3044 4370 nobis
3069 4313 3403 4370 credendum
3429 4313 3512 4369 vel
3554 4327 3662 4384 pro
3702 4319 3817 4369 rato

2173 4400 2484 4456 habendum
2539 4402 2648 4469 sit,
2718 4403 2941 4459 omnino
2998 4403 3329 4474 ignoramus.
3383 4404 3499 4459 Hoc
3536 4402 3817 4459 sanctitati

2172 4496 2367 4545 vestrae
2407 4504 2751 4562 nequaquam
2801 4500 3144 4563 arroganter,
3199 4492 3295 4548 sed
3345 4492 3400 4547 in
3449 4491 3817 4548 amaritudine

2171 4579 2366 4635 animae
2405 4587 2607 4636 nostra:
2648 4580 2820 4635 locuti
2860 4595 3067 4649 sumus,
3100 4583 3228 4652 quia
3267 4596 3377 4638 non
3416 4587 3500 4637 est
3538 4580 3707 4637 dolor
3746 4580 3819 4634 si-

2171 4668 2317 4724 milis
2345 4670 2487 4725 sicut
2525 4669 2687 4725 dolor
2715 4676 2923 4726 noster.
2956 4672 3089 4726 Cum
3128 4671 3275 4727 enim
3314 4686 3414 4743 per
3442 4670 3815 4727 obedientiam

2169 4759 2404 4828 pastoris
2450 4758 2705 4829 luporum
2752 4758 3002 4816 faucibus
3049 4760 3285 4831 expositi
3321 4762 3513 4827 simus,
3555 4759 3603 4815 si
3651 4757 3815 4814 etiam

2167 4848 2235 4903 ab
2267 4849 2388 4918 ipso
2436 4855 2654 4919 pastore
2702 4849 2863 4906 nobis
2910 4850 3211 4908 cavendum
3249 4858 3353 4918 est,
3384 4847 3816 4906 miserabiliores

2168 4952 2355 4994 sumus
2392 4939 2646 4995 omnibus
2675 4938 3010 4996 hominibus.
3063 4942 3206 4997 Deus
3251 4946 3432 4997 autem
3463 4938 3816 5009 omnipotens

2164 5026 2220 5081 in
2268 5026 2431 5081 talem
2480 5025 2654 5081 zelum
2701 5040 2798 5084 vos
2844 5034 3036 5084 contra
3082 5028 3338 5086 inimicos
3374 5028 3577 5086 Christi
3616 5028 3813 5096 erigat,

2166 5122 2438 5185 quatenus
2475 5114 2569 5170 illa
2598 5128 2761 5185 quam
2793 5116 2848 5172 in
2878 5116 3036 5173 vobis
3075 5119 3360 5188 posuimus
3395 5131 3526 5189 spes
3562 5132 3666 5176 nos
3704 5132 3813 5176 non

2166 5202 2485 5260 confundat.
2519 5222 2548 5255 »

1779 5346 2003 5403 VARUE
2068 5348 2353 5405 LECTION
2358 5349 2456 5404 ES.

513 5456 576 5487 ⁵⁰⁰
604 5464 918 5517 nostrorum
952 5461 1001 5517 l.
1115 5463 1173 5493 ⁸⁰¹
1224 5463 1447 5522 decerat
1495 5467 1542 5522 l.

436 5535 745 5588 ceterarum
782 5531 851 5587 l?
957 5533 1021 5566 ⁵⁰⁷
1046 5532 1157 5592 hoc
1186 5541 1269 5592 est
1297 5536 1351 5592 2.

1656 5467 1719 5499 ⁵⁰¹
1759 5468 1957 5529 divisio
1994 5470 2042 5526 l.

1466 5536 1531 5569 ⁵⁰⁸
1558 5539 1761 5611 accipit
1787 5541 1841 5598 2.

2153 5472 2217 5503 ⁸⁰³
2255 5472 2362 5529 alia
2400 5472 2446 5527 1.

1956 5543 2020 5575 ⁸⁰⁹
2045 5543 2283 5602 intinere
2314 5544 2336 5598 1

2540 5473 2604 5505 ⁸⁰⁸
2648 5472 2939 5533 indubitali
2976 5474 3021 5531 l.
3113 5475 3177 5508 '°'
3223 5476 3366 5533 deest
3401 5476 3449 5533 Ι.

2451 5544 2515 5578 ⁵⁸⁸
2543 5546 2785 5618 aggressi
2813 5546 2867 5604 2.
2984 5547 3043 5579 ⁸¹¹
3076 5553 3269 5620 postea
3313 5550 3360 5605 ι.

3541 5476 3609 5509 ⁸⁸⁸
3644 5478 3723 5531 ita
3750 5475 3809 5538 2.
