4014 6176
211 308 305 362 565

1506 309 1594 365 DE
1632 310 1844 366 BELLO
1881 310 2095 365 SAXON
2102 309 2228 365 1C0.

3449 306 3609 363 566.

277 431 383 487 109.
414 429 490 486 Ad
520 444 657 500 quas
703 429 914 487 litteras
960 446 1083 488 cum
1132 432 1340 489 nullum
1393 449 1493 504 pro
1531 435 1668 490 velle
1717 437 2011 495 squest.
2044 436 2108 490 Et
2143 440 2214 490 0!
2269 434 2475 490 utinam
2524 432 2592 487 de
2643 447 2741 488 sua
2794 431 3205 502 sociorumque
3242 436 3362 504 ejus
3405 435 3558 507 ﬂagi-

210 533 505 594 responsum
544 520 909 590 accepissent,
941 521 1038 577 has
1068 523 1118 578 ei
1149 522 1360 579 litteras
1407 525 1602 580 iterum
1654 526 1819 581 mise-

210 618 336 678 runt,
393 616 448 665 ut
504 610 631 679 quia
672 623 780 666 non
822 612 998 681 primo
1054 614 1207 682 quasi
1264 613 1400 684 galli
1454 621 1636 679 cantu,
1678 615 1821 669 sicut

206 700 478 758 secundum
519 701 753 754 Marcum
803 714 903 756 nec
933 703 1126 758 Petrus
1172 711 1255 759 est
1301 705 1589 772 excitatus,
1629 704 1820 760 saltem

205 805 309 849 cum
345 788 606 853 secundo,
639 788 794 859 quasi
827 790 1021 859 gallus,
1057 792 1293 862 p0pulus
1335 794 1586 849 ecclesia:
1633 808 1821 850 vocem

203 881 359 943 daret,
399 893 427 933 a
474 885 700 947 torpore
751 878 1111 935 dubitatiOnis
1149 882 1215 936 ad
1266 884 1629 939 constantiam
1676 883 1824 938 Petri

203 984 308 1026 cum
337 970 495 1024 Petro
525 968 819 1023 suscitatus
848 978 1166 1039 exsurgeret
1191 991 1202 1025 :

264 1056 371 1110 110.
429 1074 457 1107 ‹‹
507 1057 737 1112 Domino
794 1072 920 1112 vere
977 1060 1281 1128 apostolico
1336 1061 1619 1133 Gregorio,
1680 1062 1826 1118 beati

201 1146 327 1200 Petri
355 1145 544 1200 fideles
581 1152 637 1200 et
666 1146 771 1211 sui,
813 1145 1068 1202 devotum
1108 1162 1209 1217 pro
1237 1149 1446 1205 viribus
1474 1152 1819 1221 obsequium.

197 1235 337 1289 Novit
397 1234 661 1289 sanctitas
723 1242 903 1290 vestra
958 1243 1013 1291 et
1078 1237 1333 1293 omnibus
1396 1239 1823 1311 circumquaque

199 1330 365 1378 notum
397 1329 502 1389 est,
537 1338 697 1394 quam
731 1324 1030 1381 difficulter
1057 1325 1120 1357 ⁵⁸³
1151 1334 1465 1399 quantoque
1514 1331 1823 1399 bajulorum

197 1412 493 1468 discrimine
553 1413 854 1484 legationes
905 1416 973 1471 ad
1032 1431 1130 1472 vos
1195 1419 1633 1486 transmittimus,
1695 1421 1824 1491 quia

194 1502 286 1556 iter
336 1502 484 1571 quod
551 1504 805 1559 omnibus
872 1506 1214 1576 temporibus
1270 1509 1524 1564 omnibus
1581 1510 1820 1580 populis,

193 1588 442 1657 tribubus,
478 1599 535 1647 et
566 1592 769 1663 linguis
806 1601 1055 1663 apertum
1104 1594 1206 1651 fuit
1257 1604 1312 1652 et
1362 1599 1627 1666 pervium,
1678 1612 1824 1655 nunc

190 1677 443 1735 clauditur
482 1687 539 1736 et
587 1683 935 1752 prohibetur,
995 1691 1051 1740 et
1105 1685 1217 1741 illis
1274 1688 1505 1742 maxime
1558 1690 1652 1758 qui
1714 1703 1823 1745 non

1901 525 2042 580 tiosa
2070 524 2135 555 ⁸¹⁷
2164 523 2378 579 fallacia
2407 522 2588 578 adhuc
2608 522 2743 577 satis
2773 521 3007 577 edoctus
3035 519 3280 578 fuissetis
3304 529 3316 578 !
3350 524 3556 595 Nolite,

1902 614 2183 669 carissime
2259 614 2519 678 domine,
2589 610 2759 666 nolite
2825 610 3059 679 amplius
3117 611 3185 666 ad
3242 611 3556 669 irrisionem

1903 703 2078 757 sancti
2109 702 2173 733 διδ
2205 702 2444 757 nominis
2473 700 2639 756 vestri
2670 699 2985 770 huiusmodi
3017 700 3268 757 homines
3290 701 3553 768 mulcere,

1905 797 1961 845 et
2001 796 2125 861 post
2155 798 2261 846 tam
2293 790 2610 861 frequentes
2640 789 2887 860 repulsas
2917 795 3215 862 turpesque
3264 790 3555 861 deceptio-

1908 895 2005 936 nes
2035 881 2232 936 iterum
2273 888 2437 951 atque
2477 880 2674 935 iterum
2724 880 2980 936 ducatum
3029 881 3097 936 ab
3146 882 3227 937 eis
3276 895 3548 951 qumrere.

1907 971 2182 1026 Adventus
2210 978 2393 1026 vester
2420 969 2487 1025 ad
2520 984 2621 1025 nos
2653 976 2861 1025 tantum
2893 970 3054 1027 nobis
3102 975 3247 1027 esset
3276 970 3553 1027 desidera—

1906 1060 2051 1126 bilis,
2096 1067 2356 1130 quantum
2389 1065 2444 1115 et
2473 1060 2849 1122 necessarius;
2883 1060 2979 1116 sed
3012 1075 3139 1117 vere
3167 1062 3390 1129 scimus,
3422 1061 3551 1132 quia

1904 1154 2101 1219 sponte
2130 1149 2349 1205 illorum
2378 1149 2449 1227 ad
2478 1156 2713 1204 nostras
2743 1155 2926 1218 partes
2973 1164 3251 1221 nunquam
3296 1151 3547 1217 venietis,

1906 1240 2010 1295 nisi
2045 1240 2195 1309 prius
2232 1239 2368 1293 certi
2408 1239 2539 1304 sint,
2588 1252 2687 1293 vos
2725 1238 2943 1294 illorum
2996 1240 3138 1308 parti
3186 1239 3387 1306 favere,
3438 1255 3547 1298 non

1908 1344 2006 1398 pro
2032 1328 2245 1399 justitia
2274 1327 2371 1383 sed
2421 1340 2521 1397 pro
2570 1327 2848 1383 voluntate
2897 1328 3164 1397 ipsorum.
3204 1332 3552 1401 Quapropter

1906 1418 2077 1474 nolite
2111 1418 2165 1473 in
2198 1432 2387 1473 eorum
2427 1417 2533 1473 fide
2565 1431 2717 1486 spem
2770 1431 2994 1486 ponere,
3047 1433 3281 1488 quorum
3322 1420 3551 1490 perfidia

1905 1508 2112 1564 totiens
2141 1508 2407 1577 deceptus
2435 1506 2588 1562 estis.
2629 1507 2769 1561 Ecce
2800 1506 3016 1574 videtis,
3051 1509 3329 1577 quomodo
3362 1509 3550 1566 multi~

1907 1597 2106 1667 plicata
2153 1597 2265 1652 sint
2319 1596 2460 1651 mala
2515 1595 2573 1650 in
2632 1603 2797 1661 terra,
2840 1595 2980 1651 mala
3026 1611 3260 1666 quorum
3307 1611 3416 1654 non
3465 1603 3550 1655 est

1907 1701 2204 1752 numerus;
2247 1693 2303 1741 et
2332 1691 2630 1752 certamen,
2663 1684 2811 1754 quod
2841 1700 2872 1740 a
2902 1685 3057 1740 vobis
3104 1686 3300 1741 initum
3344 1692 3548 1742 vestra-

190 1767 446 1825 minimum
489 1784 589 1840 pro
636 1772 847 1829 honore
896 1774 1045 1830 illius
1090 1774 1493 1845 laboraverunt,
1535 1778 1603 1833 ad
1654 1773 1999 1849 cnjuquue
2027 1776 2274 1846 jussione
2298 1780 2613 1844 susceptum
2643 1780 2747 1839 est,
2774 1775 2884 1843 jam
2918 1788 3026 1829 non
3058 1788 3157 1844 per
3193 1788 3290 1831 vos
3311 1789 3412 1831 nec
3442 1790 3544 1846 per

188 1869 369 1926 corpus
432 1859 625 1916 eadem
690 1863 774 1918 via
840 1862 1011 1918 ducit.
1083 1866 1275 1921 Vestro
1312 1880 1443 1922 vero
1500 1866 1698 1923 honori
1757 1874 1811 1923 et

185 1951 368 2002 nostra:
396 1949 713 2006 necessitati
779 1960 1128 2023 congrueret,
1163 1960 1221 2009 ut
1274 1954 1422 2024 quod
1480 1970 1601 2012 cum
1660 1962 1809 2013 tanta

183 2033 486 2094 difﬁcultate
519 2046 915 2119 perpetramus,
945 2043 1153 2113 aliquid
1186 2045 1347 2100 nobis
1372 2045 1500 2100 inde
1531 2046 1803 2113 utilitatis,

180 2122 368 2193 aliquid
390 2128 446 2183 in
468 2128 531 2160 ⁵¹³
552 2130 905 2188 tribulatione
927 2133 1323 2190 consolationis
1345 2137 1681 2204 proveniret.
1698 2138 1805 2192 Sed

177 2214 424 2284 quicquid
467 2223 809 2289 quaestionis,
834 2223 1097 2293 quicquid
1121 2225 1481 2293 querimonia
1503 2226 1571 2281 ad
1594 2227 1803 2294 sedem,

169 2316 278 2371 quae
306 2320 533 2376 semper
563 2310 757 2378 judicii
789 2317 845 2365 et
869 2312 1099 2380 justitite
1140 2314 1395 2383 magistra
1443 2314 1565 2381 fuit,
1617 2316 1807 2387 dirigi—

162 2405 286 2458 mus,
323 2395 504 2450 nichil
535 2396 784 2453 diffinitte
815 2401 1191 2468 responsionis
1220 2404 1535 2472 recipimus,
1567 2404 1664 2459 sed
1696 2419 1801 2461 om-

153 2479 231 2535 nia
262 2481 318 2536 in
349 2482 606 2539 futurum
640 2485 849 2542 incerta
888 2489 1319 2558 suspenduntur.
1362 2493 1495 2545 Nam
1527 2493 1671 2548 inter
1700 2494 1805 2549 alia

148 2569 309 2625 multa
340 2571 480 2627 haec
509 2587 729 2644 quoque
767 2578 1043 2633 sanctitati
1082 2585 1279 2634 vestrae
1319 2593 1497 2649 nuper
1535 2580 1805 2637 indicavi-

154 2672 266 2714 mus
298 2700 314 2723 ,
390 2662 615 2730 qualem
689 2667 1016 2722 sententiam
1083 2668 1318 2723 domnus
1363 2668 1712 2725 Bernhardus
1749 2670 1804 2725 in

164 2749 472 2807 Heinricum
537 2755 649 2811 Deo
723 2756 787 2787 ⁸¹⁵
856 2757 1117 2813 odibilem
1191 2774 1431 2829 suosque
1508 2762 1807 2831 participes

168 2839 493 2927 protulerit,
552 2843 797 2915 quidque
857 2846 925 2902 de
981 2861 1107 2918 rege
1166 2846 1404 2927 Rodull’o
1456 2854 1636 2903 vestra
1686 2850 1805 2918 jus-

167 2926 308 2984 sione
345 2934 621 3000 statuerit,
672 2934 925 2990 fiduciam
966 2935 1251 3002 habentes,
1302 2926 1348 2991 si
1388 2937 1494 2992 hoc
1541 2937 1610 2992 ad
1653 2938 1801 2993 noti-

169 3016 280 3072 tiam
318 3027 551 3076 vestram
611 3024 944 3092 proveniret,
1004 3038 1221 3080 omnem
1278 3039 1494 3079 causam
1555 3032 1795 3082 nostram

1893 1871 2072 1920 vestra
2112 1864 2334 1919 decreta
2385 1863 2756 1933 componitur,
2818 1862 2914 1918 sed
2974 1863 3280 1934 gladiorum
3324 1864 3539 1934 judicio

1892 1954 2294 2010 terminandum
2354 1953 2777 2023 derelinquitur.
2820 1954 3109 2024 Rogamus
3168 1968 3299 2024 ergo
3343 1967 3441 2010 vos
3484 1960 3540 2010 et

1891 2044 2243 2100 obsecramus
2273 2043 2329 2098 in
2359 2043 2589 2099 Domino
2619 2049 2698 2108 ut,
2733 2042 2958 2098 remotis
3000 2044 3111 2112 jam
3149 2042 3539 2100 blandimentis

1891 2140 1945 2189 et
1993 2133 2371 2198 dilationibus,
2417 2132 2647 2202 justitite
2696 2131 2813 2187 zelo
2862 2145 2959 2187 vos
3001 2131 3337 2203 accingatis;
3387 2138 3442 2189 et
3488 2134 3534 2189 si

1892 2236 2001 2279 non
2061 2229 2288 2292 pr0pter
2337 2235 2461 2288 nos,
2502 2227 2683 2276 tamen
2732 2226 2960 2291 propter
3006 2221 3272 2277 honorem
3329 2228 3535 2279 sancta:

1889 2312 2038 2367 sedis
2070 2311 2353 2379 Ecclesiae,
2376 2311 2695 2366 confirmate
2717 2309 2865 2380 quod
2889 2316 3149 2380 operatus
3178 2316 3261 2366 est
3290 2311 3535 2381 ejusdem

1888 2402 2037 2458 sedis
2068 2402 2299 2473 legatus,
2334 2402 2407 2456 ita
2436 2406 2579 2456 utet
2627 2400 2744 2455 viva
2798 2414 2931 2455 voce
2982 2405 3037 2455 et
3083 2399 3284 2455 litteris
3331 2400 3535 2470 ubique

1889 2492 2223 2547 transmissis
2280 2490 2399 2546 sine
2458 2489 2810 2560 ambiguitate
2869 2488 3246 2555 denuntietis,
3288 2488 3420 2560 quid
3478 2489 3534 2545 in

1889 2581 1992 2636 hac
2031 2580 2278 2636 ecclesiae
2324 2580 2594 2635 divisione
2635 2578 2929 2635 tenendum
2978 2579 3070 2645 sit,
3111 2578 3241 2649 quid
3290 2592 3533 2649 sequen-

1889 2670 2039 2725 dum.
2108 2669 2263 2736 Quod
2330 2669 2373 2723 si
2438 2670 2548 2738 jam
2607 2668 2810 2724 dudum
2868 2667 3069 2724 factum
3122 2667 3334 2734 fuisset,
3396 2667 3534 2722 certi

1888 2773 2099 2825 sumus,
2133 2758 2261 2828 quia
2294 2772 2421 2826 pars
2452 2758 2639 2827 iniqua
2669 2758 2808 2813 adeo
2834 2759 2944 2827 jam
2987 2758 3131 2813 vires
3178 2755 3530 2827 perdidisset,

1889 2853 1948 2901 ut
1986 2861 2087 2902 nec
2118 2846 2274 2902 vobis
2304 2860 2406 2900 nec
2437 2846 2600 2901 nobis
2646 2845 2881 2915 amplius
2928 2859 3130 2901 nocere
3186 2844 3526 2915 praevaleret.

1885 2937 1963 2991 Ne
1994 2936 2216 3005 adjiciat
2255 2935 2397 2991 ultra
2436 2934 2701 2990 sanctitas
2746 2940 2925 2990 vestra
2973 2934 3041 2990 de
3080 2933 3247 2991 certis
3275 2934 3527 3005 ambigua

1888 3030 1942 3079 et
1972 3025 2245 3094 utrimque
2274 3024 2555 3095 vergentia
2579 3022 2643 3054 ⁵¹⁹
2671 3030 2934 3088 statuere,
2968 3037 3091 3093 qua:
3142 3037 3313 3093 usque
3360 3021 3523 3078 modo

172 3105 216 3159 in
244 3106 343 3163 hoc
373 3111 675 3179 procedere
733 3118 787 3167 et
843 3114 1176 3184 prosperari.
1234 3115 1339 3170 Sed
1393 3120 1520 3184 post
1575 3100 1981 3187 longaanos
2018 3114 2094 3169 ita
2133 3113 2316 3169 fovere
2364 3113 2479 3169 visa
2526 3118 2674 3179 sunt,
2724 3117 2997 3182 quatenus
3042 3112 3297 3169 inimicos
3342 3118 3522 3168 tamen

172 3198 588 3264 expectationem
656 3207 931 3268 nostram,
1001 3202 1220 3257 tandem
1286 3217 1507 3259 reverso
1576 3206 1793 3272 nuntio,

173 3283 316 3340 nichil
355 3287 505 3344 aliud
564 3290 727 3346 nobis
783 3291 1178 3347 consolationis
1235 3292 1466 3347 relatum
1525 3299 1627 3361 est,
1688 3293 1794 3349 nisi

170 3374 296 3440 quod
348 3377 645 3447 diceretis,
704 3380 791 3436 his
859 3396 981 3452 quae
1057 3381 1432 3437 mandavimus
1484 3397 1583 3439 vos
1634 3383 1794 3439 fidem

172 3472 263 3518 non
290 3464 568 3523 habuisse.
601 3470 667 3524 Et
697 3484 886 3539 quare,
922 3469 1203 3526 carissime
1255 3470 1498 3537 domine,
1528 3471 1797 3527 .incredi-

171 3547 261 3608 bile
286 3556 437 3612 vobis
487 3557 664 3613 visum
713 3567 816 3625 est,
867 3560 1015 3630 quod
1060 3558 1258 3615 fratres
1305 3560 1480 3615 nostri
1525 3566 1580 3615 et
1626 3560 1795 3629 empi-

170 3643 319 3711 scopi,
350 3646 569 3703 scilicet
606 3647 843 3703 domnus
872 3648 1391 3719 Wirtzeburgensis,
1439 3648 1793 3716 Pataviensis,

170 3735 214 3783 et
236 3731 320 3788 alii
360 3735 459 3791 viri
512 3736 762 3807 religiosi
801 3737 956 3794 vobis
1001 3737 1058 3793 in
1105 3736 1334 3792 veritate
1383 3738 1794 3806 nuntiaverunt,

170 3822 398 3892 quodque
428 3840 488 3881 se
524 3825 730 3882 vidisse
779 3831 835 3882 et
875 3825 1096 3881 audisse
1146 3826 1328 3881 testati
1378 3832 1548 3882 sunt?
1593 3828 1751 3882 Certe
1776 3870 1790 3893 ,

170 3907 381 3980 domine,
412 3928 530 3971 non
563 3914 619 3970 in
664 3915 847 3971 verbis
876 3914 1147 3971 mendacii
1194 3914 1519 3971 confidimus
1546 3914 1789 3983 liberari,

170 3999 249 4053 sed
276 4004 437 4074 magis
466 4004 752 4060 credimus
781 4004 910 4075 quia
938 4004 1140 4060 veritas
1170 4004 1425 4060 liberabit
1473 4018 1594 4060 nos.
1627 4006 1789 4074 Deus,

170 4085 246 4153 qui
273 4095 349 4144 est
375 4093 603 4158 veritas,
634 4092 731 4163 qui
760 4092 913 4148 solus
942 4091 1189 4149 laborem
1230 4099 1285 4149 et
1334 4093 1580 4149 dolorem
1614 4095 1792 4150 consi-

1877 3218 1987 3260 non
2019 3210 2427 3274 exasperarent.
2481 3203 2586 3259 Sed
2635 3209 2845 3259 certum
2903 3208 2987 3258 est
3042 3203 3190 3273 quod
3247 3201 3312 3234 ⁸³⁰
3369 3201 3521 3259 nullo

1878 3293 2041 3350 modo
2073 3294 2361 3349 ecclesiam
2411 3293 2567 3349 vobis
2623 3292 2967 3349 commissam
3027 3291 3094 3348 de
3149 3306 3246 3348 sua
3303 3290 3522 3347 miseria

1879 3383 2134 3454 poteritis
2162 3383 2421 3447 liberare,
2464 3383 2568 3437 nisi
2617 3382 2964 3437 inimicorum
3012 3374 3162 3435 illius
3206 3379 3523 3435 inimicitias

1877 3473 2057 3528 velitis
2085 3472 2324 3527 tolerare
2371 3471 2454 3526 ³³⁸.
2487 3473 2762 3540 Rogamus
2809 3469 2972 3524 etiam
3019 3482 3122 3522 nec
3171 3468 3228 3522 in
3265 3466 3372 3522 hoc
3419 3470 3526 3521 sta-

1877 3567 1995 3617 tuta
2061 3560 2325 3616 canonica
2390 3559 2628 3614 deficere
2697 3556 2998 3627 patiamini,
3066 3562 3337 3625 quatenus
3402 3567 3525 3609 cor-

1878 3664 2014 3721 pora
2076 3648 2140 3679 ⁵²¹
2210 3647 2829 3713 excommunicatorum,
2872 3644 2967 3715 qui
3024 3645 3079 3699 in
3140 3642 3522 3714 persequendo

1877 3738 2175 3794 Ecclesiam
2217 3736 2385 3792 occisi
2416 3744 2564 3802 sunt,
2599 3735 2654 3791 in
2684 3735 2841 3790 atriis
2891 3732 3248 3789 ecclesiarum
3300 3730 3522 3802 sepeliri

1878 3827 2207 3898 permittatis
2248 3825 2349 3891 ⁸²³;
2401 3825 2495 3881 ubi
2526 3831 2706 3881 autem
2746 3822 2961 3893 sepulta
3016 3826 3163 3887 sunt,
3204 3821 3282 3877 ibi
3340 3821 3521 3877 divina

1876 3917 2056 3975 officia
2086 3916 2353 3973 celebrari
2387 3914 2743 3985 prohibeatis.
2776 3913 2928 3969 Multi
2987 3927 3053 3968 ex
3084 3911 3165 3968 eis
3192 3913 3249 3968 in
3278 3914 3518 3983 Augusta

1874 4008 2093 4064 civitate
2132 4005 2333 4076 sepulti
2372 4010 2501 4061 sunt
2530 4003 2657 4075 (44).
2692 4003 2948 4073 Ejusdem
2987 4001 3097 4058 loci
3141 4001 3521 4073 congregatio-

1875 4098 2037 4153 nibus
2066 4096 2277 4151 litteras
2305 4101 2515 4150 vestras
2553 4108 2653 4164 per
2690 4093 3065 4149 discurrentes
3104 4092 3426 4162 peregrinos
3453 4089 3518 4122 ³³³

170 4172 318 4268 derat,
357 4193 463 4237 non
506 4180 756 4237 deseruit
783 4188 1070 4252 sperantes
1099 4182 1155 4237 in
1186 4196 1266 4249 se,
1298 4183 1395 4239 sed
1424 4184 1661 4239 visitavit
1690 4197 1791 4239 nos
1871 4186 2008 4242 satis
2036 4186 2253 4241 mittere
2294 4183 2544 4255 potestis.
2578 4186 2725 4238 Deus
2753 4189 2933 4237 autem
2967 4181 3318 4250 omnipotens
3344 4180 3401 4235 in
3431 4179 3517 4235 his

169 4269 211 4314 In
254 4268 627 4327 misericordia
666 4278 719 4326 et
758 4272 1224 4329 miserationibus.
1274 4274 1408 4329 Nam
1458 4287 1554 4329 rex
1601 4282 1792 4330 noster
1872 4282 1927 4331 et
1964 4275 2022 4329 in
2080 4272 2335 4329 omnibus
2372 4273 2449 4327 ita
2505 4284 2603 4327 vos
2659 4270 2880 4339 dirigat,
2942 4276 3003 4324 ut
3056 4268 3199 4324 sicut
3255 4267 3516 4323 Ecclesia:

170 4350 403 4414 Rodnlfns
436 4359 601 4417 fortis
653 4361 710 4416 in
764 4375 830 4416 eo
886 4361 981 4431 qui
1027 4362 1121 4417 dat
1167 4361 1396 4418 salutem
1445 4364 1686 4433 regibus,
1719 4363 1855 4433 de“
1871 4369 2076 4419 sanctm
2107 4376 2365 4432 prteesse,
2399 4362 2479 4416 sic
2510 4365 2565 4415 et
2594 4358 2857 4429 prodesse
2883 4356 3125 4411 valeatis.
3162 4376 3189 4406 »

170 4439 374 4503 inimicis
404 4450 622 4506 Domini
656 4454 910 4520 potenter
937 4451 1294 4521 triumphavit
1324 4451 1461 4522 (43),
1496 4454 1788 4509 lleinricus

1946 4452 2067 4505 111.
2098 4452 2335 4507 Tertiam
2374 4463 2594 4519 quoque
2626 4446 2948 4502 direxernnt
2994 4442 3307 4513 epistolam,
3354 4457 3517 4513 quam

169 4539 320 4591 autem
346 4539 511 4597 solito
551 4553 721 4605 more,
764 4555 887 4595 cum
934 4541 1049 4596 suis
1078 4540 1551 4611 complicibus”,
1585 4549 1788 4611 przeter
1863 4545 2149 4613 jusserunt
2205 4542 2261 4595 in
2317 4538 2515 4595 sinodo
2569 4539 2812 4593 Romana
2869 4532 3110 4599 recitari,
3179 4532 3225 4587 si
3283 4532 3518 4588 domnus

169 4631 249 4677 eos
292 4628 379 4696 qui
434 4630 491 4686 in
526 4629 711 4701 gladio
768 4629 1108 4695 ceciderunt,
1163 4631 1220 4685 in
1249 4629 1427 4701 fugam
1458 4645 1648 4686 versus
1679 4638 1781 4699 est,

1868 4630 2206 4702 apostolicus
2260 4629 2345 4685 vel
2394 4626 2719 4684 universalis
2772 4623 3032 4681 Ecclesiae
3086 4622 3398 4678 interventu
3446 4620 3514 4677 ad

169 4714 338 4810 comite
366 4718 460 4776 illo
491 4724 552 4775 et
582 4719 849 4790 participe
897 4721 1053 4789 cujus
1092 4719 1351 4775 malitiam
1398 4734 1495 4776 vos
1532 4721 1588 4775 in
1635 4720 1783 4776 bono
1867 4721 2149 4792 dignitatis
2193 4719 2515 4790 apostolica:
2572 4716 2812 4788 rigorem
2870 4719 2926 4771 et
2980 4712 3334 4769 stabilitatem
3395 4726 3517 4782 pos-

169 4806 356 4861 n‘ncere
392 4806 600 4866 frustra
645 4809 971 4880 temptastis,
1021 4810 1267 4879 Ruperto
1314 4809 1377 4840 ⁶¹⁶
1425 4810 1640 4866 scilicet
1686 4812 1783 4866 Ba-
1866 4812 1938 4868 sit
1965 4810 2028 4842 ⁵³⁸
2054 4810 2319 4866 excitari:

169 4886 539 4967 benbergense,
570 4899 890 4975 qui'horum
928 4900 1170 4957 omnium
1208 4905 1401 4957 auctor
1430 4905 1485 4955 et
1530 4900 1785 4957 incentor

1943 4899 2063 4953 112.
2099 4918 2127 4951 ((
2158 4898 2561 4970 Conquerimur
2598 4896 2761 4952 beato
2800 4896 2986 4960 Petro,
3027 4893 3256 4963 ejusque
3304 4890 3510 4947 vicario

1495 5067 1716 5123 VARIIE
1772 5067 2053 5123 LECTION
2058 5067 2138 5122 ES

223 5196 279 5275 "f
313 5203 613 5265 difficiliter
646 5208 693 5264 1.
770 5199 935 5263 ⁸¹³ἷῐο
973 5208 1020 5261 1.
1096 5202 1161 5238 ³³⁵
1198 5209 1257 5263 Β.
1291 5222 1363 5264 m.
1392 5222 1446 5263 n.
1480 5208 1586 5265 deo
1623 5207 1676 5273 1,Δ
1746 5206 1808 5239 ³¹³
1836 5205 2181 5275 simplicibus
2209 5205 2263 5259 2.
2339 5204 2403 5237 ⁸¹⁶
2442 5205 2508 5275 R.
2562 5200 2610 5258 1.
2664 5201 2908 5275 Roberto
2939 5200 2993 5275 2Σ

541 5278 606 5315 ⁸⁸⁸
635 5280 861 5352 ﬁgentia
905 5278 953 5332 1.
1026 5278 1092 5310 ⁸²⁰
1121 5278 1263 5335 deest
1296 5280 1342 5334 1.
1416 5279 1479 5312 ⁸¹¹
1511 5280 1770 5338 tollerare
1816 5280 1862 5336 l.

166 5263 217 5335 ῗ⁸³
241 5271 373 5332 deest
416 5263 463 5335 1.

170 5334 223 5368 "
248 5355 429 5413 posset
454 5334 511 5405 2.

3086 5196 3151 5229 ⁸¹⁷
3189 5194 3403 5266 flagicia
3457 5191 3504 5266 1.

1956 5265 2020 5309 ‘m
2068 5291 2225 5347 corp.
2282 5275 2329 5334 ι,
2423 5274 2488 5307 ³³³
2548 5287 2658 5331 non
2707 5288 2761 5344 p.
2813 5272 2869 5327 2.
2974 5268 3039 5302 ⁸⁵³
3096 5265 3408 5340 perigrinos
3459 5265 3507 5318 Ι·

1714 5450 1928 5507 NOTAE.

224 5583 335 5657 (43)
374 5591 436 5646 Α.
475 5591 629 5659 1078,
660 5593 717 5650 d.
748 5594 783 5647 7
810 5595 948 5665 Aug.
981 5592 1042 5647 V.
1076 5590 1358 5648 Bertholdi
1387 5595 1526 5648 Ann.

1999 5591 2120 5663 (44)
2156 5589 2235 5647 ut".
2271 5589 2418 5645 Ann.
2450 5589 2681 5658 August.
2712 5600 2764 5642 a.
2804 5582 2960 5639 1078.
