4014 6176
505 234 608 291 567
1562 241 1827 297 BRUNUN
1837 240 1894 294 IS
1928 237 2159 293 GLERIL

2242 235 2820 291 MAGDEBURGENSIS
3736 237 3819 292 568

507 361 710 419 domno
738 366 1047 434 apostolico
1067 367 1349 438 Gregorio,
1373 366 1629 435 omnique
1659 372 1862 420 sanctae
1883 358 2506 438 RomauaajAliminibus
2533 367 2738 415 sanctae
2777 360 3027 415 ecclesiae
3065 362 3347 429 separavit
3385 367 3487 415 tam
3527 359 3662 414 illum
3690 376 3815 429 quam

508 452 769 508 Ecclesiae
800 456 1060 517 concilio,
1101 470 1266 524 super
1295 455 1510 523 injuriis
1538 461 1593 510 et
1620 453 1916 520 violentiis,
1950 467 2086 521 quas
2117 467 2147 504 a
2232 461 2423 503 omnes
2450 448 2557 503 sibi
2588 450 3021 514 consentientes,
3082 455 3138 503 et
3175 450 3352 504 virum
3411 449 3569 503 alium
3621 450 3671 503 in
3707 452 3821 520 regia

511 541 716 599 domno
751 544 1008 599 lieinrico
1040 546 1181 613 passi
1221 558 1407 599 sumus
1437 551 1491 599 et
1518 545 1859 599 incessanter
1890 545 2145 612 patimur,
2231 537 2497 607 dignitate
2564 537 2905 593 conﬁrmavit
2968 538 3277 607 apostolica
3342 540 3670 593 auctoritate.
3720 540 3821 605 Qua

516 644 625 686 non
673 633 746 687 ob
802 633 959 687 aliam
1018 647 1252 699 causam,
1296 634 1399 687 nisi
1438 632 1585 702 quod
1653 632 1768 688 sedi
1828 632 2149 701 apostolicae
2231 635 2435 682 sanctae
2494 629 2751 682 Romanae
2814 627 3072 683 Ecclesia:
3131 628 3311 682 edicta
3371 629 3514 682 sicut
3563 627 3656 681 alia
3693 628 3823 681 multa

517 720 839 777 obedientcs
894 736 1098 777 sumus.
1159 723 1411 778 Pervenit
1456 731 1634 778 autem
1685 723 1752 776 ad
1803 736 1923 788 nos,
1976 723 2031 777 in
2086 720 2150 751 ⁵³⁸
2232 723 2652 783 contempnens,
2694 729 2919 785 regnum
2959 716 3064 770 sibi
3100 718 3211 785 jam
3251 715 3497 771 secundo
3526 715 3823 769 interdictum

517 817 703 864 sancta
732 810 929 865 sinodo
981 812 1219 865 Romana
1272 825 1447 880 nuper
1475 812 1657 866 habita
1703 811 1823 882 (45)
1860 811 2147 881 quaesitum
2234 804 2515 869 invadens,
2554 819 2724 873 usque
2773 805 2913 860 adeo
2961 805 3259 859 demolitus
3306 813 3392 858 est
3437 804 3749 872 dissipando,
3782 815 3824 857 ut

516 912 636 953 esse
666 906 720 953 et
749 899 987 953 dubitari
1032 914 1060 953 a
1110 900 1456 968 quibusdam,
1500 908 1679 955 utrum
1730 900 2027 969 prtedictus
2070 899 2153 953 vir

516 987 608 1042 ille
640 988 1190 1043 excommunieandus
1220 991 1312 1057 sit,
1345 1004 1412 1043 an
1462 1002 1594 1045 non.
1644 992 1990 1059 Quapropter
2030 1001 2148 1048 nos.

517 1076 716 1144 quibus
745 1089 833 1129 res
870 1076 975 1129 ista
1003 1078 1153 1146 gravi
1202 1078 1580 1147 experimento
1630 1078 1938 1135 evidentius
1986 1079 2150 1133 inno-

516 1164 646 1228 tuit,
714 1165 1039 1220 annuntiare
1107 1181 1206 1235 pro
1266 1173 1451 1223 nostra
1512 1169 1871 1224 mstimatione
1928 1169 2150 1239 dignum

512 1250 784 1318 duximus,
817 1255 1038 1322 quantis
1075 1256 1439 1312 existentibus
1467 1259 1648 1313 causis
1690 1259 1805 1327 ipse
1838 1273 1944 1315 non
1977 1258 2151 1313 solum

512 1338 1070 1397 excom‘municandus
1107 1345 1203 1400 sed
1235 1347 1420 1400 multis
1449 1348 1628 1402 modis
1652 1350 1759 1416 jam
1802 1362 1926 1402 vere
1974 1349 2045 1402 sit
2090 1346 2152 1377 ⁵²⁷

513 1432 1035 1488 excommunicatus.
1100 1435 1275 1489 Testis
1339 1443 1421 1491 est
1487 1437 1605 1492 haec
1670 1444 1855 1492 sancta
1915 1439 2152 1492 Romana

516 1519 782 1584 Ecclesia,
817 1534 915 1589 pro
955 1523 1174 1591 quantis
1228 1525 1533 1580 sceleribus
1586 1532 1641 1580 et
1692 1540 1850 1595 quam
1910 1525 2152 1580 inaudita

519 1609 948 1676 praesumptione
991 1612 1044 1664 in
1093 1612 1289 1667 sinodo
1346 1612 1589 1682 ejusdem
1649 1613 1897 1668 ecclesias
1935 1613 2154 1667 vinculo

2229 896 2339 962 jam
2371 908 2593 963 regnum
2625 894 2735 948 dici
2768 908 2875 948 non
2916 894 3114 957 valeat,
3157 894 3244 948 cui
3296 893 3446 947 nulla
3494 904 3623 961 pene
3665 892 3826 960 regalia

2234 990 2548 1051 supersunt.
2581 984 2711 1038 Cum
2743 990 2924 1038 autem
2955 983 3022 1036 ad
3065 982 3450 1037 conciliandos
3492 980 3591 1035 sibi
3629 980 3829 1036 fautores

2236 1072 2387 1142 regni
2446 1071 2732 1127 facultates
2788 1066 2892 1127 sibi
2955 1084 3063 1127 non
3141 1071 3495 1135 sufﬁcerent,
3551 1083 3740 1124 manum
3788 1072 3828 1124 iu

2235 1166 2422 1215 sancta
2452 1167 2764 1215 sanctorum
2798 1160 3123 1225 extendens,
3164 1159 3520 1215 ecclesiarum
3552 1160 3639 1213 Dei
3682 1158 3828 1227 publi-

2236 1264 2334 1304 cus
2362 1249 2581 1304 invasor
2610 1250 2836 1305 effectus
2866 1258 2969 1316 est,
3003 1263 3113 1305 non
3145 1263 3210 1305 eo
3242 1250 3402 1318 quasi
3436 1249 3614 1312 modo,
3636 1261 3732 1316 quo
3744 1249 3827 1317 jam

2236 1338 2304 1392 ab
2334 1339 2610 1407 aliquibus
2649 1340 2894 1409 tyrannis
2927 1345 3320 1408 praesumptum
3360 1352 3482 1392 esse
3511 1337 3829 1408 cognovimus.

2238 1428 2703 1497 Incomparabiles
2749 1429 2890 1483 enim
2941 1433 2995 1482 et
3033 1428 3152 1483 sine
3195 1428 3454 1496 exemplo
3486 1426 3832 1496 praevaricatio-

2239 1530 2336 1571 nes
2365 1517 2485 1571 ista;
2508 1522 2654 1571 sunt.
2691 1519 2819 1571 Nam
2854 1531 2962 1571 non
2996 1517 3262 1586 quuelibet
3290 1517 3499 1586 praedia
3529 1521 3617 1570 aut
3641 1514 3833 1570 modicas

2237 1606 2450 1674 aliquas
2477 1606 2766 1662 facultates
2796 1607 3173 1667 ecclesiarum.
3198 1607 3299 1661 sed
3325 1608 3666 1676 episcopatus
3690 1618 3832 1673 quam-

519 1695 881 1751 anathematis
909 1698 1161 1769 alligatus
1191 1708 1293 1766 est,
1327 1715 1436 1757 non
1471 1703 1621 1771 prius
1666 1709 1866 1767 tamen,
1917 1702 2061 1757 sicut
2089 1688 2217 1757 exB
2244 1696 2430 1765 plures
2457 1696 2729 1767 aut‘ugatis
2758 1697 3037 1765 episcopis
3066 1696 3170 1750 sibi
3204 1696 3514 1765 usurpavit,
3547 1702 3597 1749 et
3623 1692 3830 1763 quicquid

520 1783 696 1852 ipsius
752 1784 940 1840 domui
1005 1790 1295 1857 apostolici
1361 1790 1562 1845 litteris
1625 1791 1938 1857 didicimus,
1998 1804 2157 1860 quam

523 1871 699 1941 ipsum
742 1874 908 1928 multa
965 1876 1114 1930 sedis
1165 1878 1485 1947 apostolica:
1533 1880 1742 1935 monita
1787 1886 2158 1949 spernentem,

522 1974 743 2031 semper
772 1977 836 2017 ex
869 1967 1222 2033 correptione
1252 1967 1586 2023 deteriorem
1626 1982 1746 2023 esse
1778 1968 1842 1999 ⁸¹⁸
1875 1969 2160 2037 probatum

522 2057 625 2104 est.
660 2051 927 2106 Pensetur
955 2067 1085 2121 ergo
1112 2055 1180 2109 de
1211 2055 1326 2119 illo,
1360 2056 1454 2125 qui
1486 2063 1613 2112 ante
1645 2057 1939 2112 triennium
1972 2058 2163 2112 incor-

524 2138 1036 2209 rigibilisinventus
1075 2150 1176 2205 est,
1218 2145 1263 2197 si
1327 2143 1462 2198 infra
1523 2146 1818 2201 triennium
1877 2145 2023 2200 istud
2082 2147 2162 2201 sic

521 2236 806 2284 correctus
854 2231 1147 2299 resipuerit
1192 2231 1276 2297 ⁵³⁸,
1331 2240 1387 2286 ut
1437 2248 1583 2289 nunc
1630 2235 1699 2289 de
1740 2234 2067 2305 proferenda
2106 2235 2160 2290 in

517 2315 669 2370 illum
728 2318 1000 2372 sententia
1049 2320 1287 2375 dubitari
1328 2312 1600 2390 oporteat.
1652 2324 2166 2379 Exeomniunicatus

520 2418 652 2475 ergo
681 2404 745 2437 ⁸⁸⁰
783 2406 924 2462 sicut
950 2409 1059 2476 jam
1108 2410 1365 2475 diximus,
1407 2424 1567 2478 quam
1618 2410 1875 2466 diuturna
1927 2412 2165 2481 pertina-

521 2495 605 2549 cia
643 2494 907 2550 ultionem
941 2499 1299 2565 apostolicam
1331 2500 1664 2568 despexerit,
1699 2500 1941 2571 undique
1975 2509 2160 2557 notum

520 2589 625 2637 est.
655 2585 893 2639 Tandem
927 2586 1274 2653 necessitate,
1306 2602 1428 2657 qua:
1461 2602 1570 2643 non
1617 2588 1675 2618 ³³³
1727 2596 1807 2643 est
1862 2591 2160 2659 incognita,

523 2680 770 2739 coactus,
803 2674 1202 2730 absolutionem
1234 2690 1510 2745 quaerens,
1546 2678 1697 2745 prius
1729 2679 2021 2747 impetrare
2053 2692 2161 2736 non

524 2761 722 2829 potuit,
755 2776 916 2831 quam
950 2764 1311 2832 jurejurando
1352 2766 1631 2834 pollicitus
1669 2774 1772 2830 est,
1805 2781 1863 2821 se
1895 2768 1962 2821 de
1993 2769 2163 2823 omni-

526 2848 629 2904 bus
657 2850 763 2905 sibi
803 2850 1036 2920 objectis
1064 2850 1489 2919 satisfacturum,
1542 2862 1703 2922 prout
1743 2854 1979 2909 domnus
2025 2870 2164 2926 papa

520 2938 627 2993 sibi
659 2946 874 3008 tempus
899 2942 1281 2997 constitueret.
1329 2945 1438 2998 llac
1488 2944 1809 2999 conditione
1857 2945 2161 3010 absolutus,

519 3030 769 3083 recessit.
820 3031 950 3084 Cum
1000 3037 1177 3085 autem
1238 3031 1534 3100 placuisset
1583 3033 1786 3089 domno
1832 3034 2159 3103 apostolico,

520 3115 701 3170 missis
749 3116 943 3187 legatis
1000 3125 1055 3173 et
1109 3119 1310 3175 litteris
1365 3122 1548 3191 exegit
1585 3122 1653 3176 ab
1692 3136 1781 3188 eo,
1839 3130 1900 3178 ut
1954 3123 2161 3180 faceret

519 3204 668 3273 quod
738 3207 1099 3275 jurejurando
1175 3209 1446 3277 promisit.
1523 3212 1761 3277 Quarum
1853 3213 2157 3268 litterarum

520 3292 724 3348 latores
754 3309 875 3349 cum
907 3298 1301 3366 appropiarent
1329 3299 1398 3353 ad
1430 3314 1572 3365 eum,
1625 3315 1651 3354 a
1701 3302 1816 3358 suis
1853 3302 2162 3358 fautoribus

519 3385 685 3451 capti,
720 3384 942 3453 quidam
982 3386 1037 3440 in
1078 3387 1382 3442 custodiam
1424 3389 1575 3445 missi
1605 3398 1733 3444 sunt
1772 3392 1953 3461 quoad
1985 3405 2160 3461 usque

520 3474 751 3540 pecunia
791 3473 1213 3543 redimerentur,
1263 3477 1354 3532 alii
1405 3492 1535 3535 vero
1574 3480 1839 3535 excoriati
1889 3495 1953 3535 ac
1992 3480 2160 3535 deca-

520 3561 693 3632 pillati
760 3570 910 3619 sunt.
976 3566 1131 3633 Quod
1197 3581 1320 3623 cum
1386 3568 1451 3625 ad
1513 3577 1735 3626 nostros
1790 3571 2158 3627 renuntiatum

519 3650 731 3720 fuisset,
790 3653 986 3710 iterum
1048 3670 1146 3725 per
1201 3657 1367 3713 alium
1425 3661 1672 3714 nuntium
1725 3660 2051 3731 legationem
2109 3665 2164 3716 et

522 3740 734 3797 litteras
769 3744 1104 3812 apostolicas
1142 3748 1597 3815 transmiserunt;
1629 3764 1659 3804 a
1700 3764 1810 3819 quo
1840 3751 1958 3820 ipse
1997 3750 2163 3806 verba

522 3828 813 3898 legationis
876 3831 1127 3897 audiens,
1185 3834 1351 3889 nichil
1408 3838 1715 3905 respondit,
1784 3838 1994 3894 litteras
2032 3852 2163 3894 vero

523 3921 807 3983 porrectas
852 3918 1106 3987 accipere
1162 3925 1451 3979 recusavit.
1512 3926 1685 3995 Hujus
1738 3925 1801 3959 ⁸³²
1859 3927 1937 3982 rei
1996 3933 2166 3982 testes

522 4010 646 4058 sunt
681 4005 834 4060 multi
866 4006 1073 4072 idonei,
1107 4011 1383 4080 praecipue
1423 4020 1601 4069 autem
1650 4015 1799 4069 sedis
1844 4014 2163 4084 apostolicae

524 4091 734 4162 legatus
789 4094 1023 4150 domnus
1088 4099 1435 4156 Bernhardus
1472 4102 1787 4169 cardinalis,
1846 4105 1941 4172 qui
1998 4104 2070 4159 ob
2107 4103 2162 4159 id

523 4181 801 4248 negotium
834 4183 888 4238 in
928 4184 1051 4239 illas
1081 4193 1263 4255 partes
1306 4190 1659 4245 transmissus
1706 4196 1842 4246 erat.
1892 4191 1995 4258 Qui
2042 4205 2164 4247 cum

523 4268 851 4340 legationem
889 4287 1039 4329 suam
1072 4275 1127 4329 in
1157 4274 1370 4332 irritum
1414 4279 1715 4355 procedere
1760 4280 2158 4350 conspexisset,

2243 1784 2310 1839 ad
2349 1786 2567 1840 servitia
2607 1786 2690 1839 vel
2729 1787 3157 1841 sustentationes
3185 1785 3573 1855 episcoporum
3604 1782 3830 1852 pertinuit.

2244 1880 2418 1929 totum
2458 1875 2573 1929 suis
2627 1889 2962 1944 suorumque
3010 1874 3198 1930 usibus
3247 1873 3597 1943 mancipavit.
3636 1874 3724 1927 Pro
3754 1885 3832 1940 qua

2245 1976 2305 2017 re
2335 1962 2613 2032 episcOpis
2646 1962 3132 2031 proclamantibus,
3183 1962 3430 2019 domnus
3459 1975 3589 2031 papa
3616 1958 3832 2030 querimo-

2246 2052 2353 2105 niis
2392 2066 2580 2107 eorum
2630 2050 2991 2116 satisfaciens,
3047 2066 3147 2120 pro
3186 2067 3285 2107 sua
3320 2052 3524 2121 pietate
3561 2051 3610 2105 in
3660 2048 3831 2111 sinodo,

2245 2155 2369 2210 quae
2417 2140 2479 2192 l7
2516 2141 2635 2195 Kal.
2694 2142 2950 2196 Decemb.
2994 2142 3176 2196 habita
3241 2149 3350 2206 est,
3411 2137 3832 2196 excommunicavit

2248 2243 2464 2296 omnes,
2498 2231 2592 2299 qui
2633 2230 2774 2285 bona
2806 2243 2994 2284 eorum
3026 2231 3373 2285 invaserunt.
3406 2229 3557 2297 Quod
3593 2241 3691 2283 cum
3719 2238 3836 2294 prte-

2245 2319 2395 2375 dicto
2426 2319 2542 2375 viro
2574 2319 2852 2388 cognitum
2898 2318 3110 2385 fuisset,
3152 2333 3325 2387 quem
3368 2318 3600 2389 ejusdem
3645 2313 3836 2370 invasio-

2245 2409 2336 2463 nis
2363 2414 2643 2464 auctorem
2675 2414 2725 2463 et
2770 2409 3088 2477 participem
3141 2422 3261 2463 esse
3325 2407 3617 2464 certissime
3650 2407 3834 2461 constat.

2246 2511 2348 2553 nec
2381 2499 2497 2566 ipse
2530 2505 2757 2566 propter
2794 2498 2902 2552 hoc
2931 2497 2999 2552 ab
3033 2497 3325 2552 invasione
3358 2496 3600 2561 cessavit,
3637 2506 3723 2548 nec
3747 2504 3832 2553 eos,

2247 2587 2341 2655 qui
2376 2600 2481 2640 una
2513 2600 2633 2640 cum
2667 2586 2788 2655 ipso
2829 2586 3292 2641 excommunicati
3336 2592 3484 2653 sunt,
3529 2599 3555 2639 a
3603 2596 3687 2637 sua
3725 2592 3834 2634 com-

2247 2675 2508 2731 munione
2560 2675 2642 2729 vel
2684 2675 2749 2729 ad
2812 2676 3001 2730 horam
3058 2674 3282 2743 repulit.
3351 2674 3652 2730 Audivimus
3696 2674 3832 2725 autem

2246 2764 2396 2833 quod
2427 2765 2511 2819 sui
2542 2763 2863 2819 defensores
2892 2764 2978 2818 his
3017 2764 3390 2833 querimoniis
3415 2764 3547 2819 tales
3582 2757 3831 2816 excusatio-

2248 2866 2347 2908 nes
2376 2853 2679 2908 obtendant
2724 2852 2811 2919 ⁸³³,
2853 2852 2999 2921 quod
3051 2853 3167 2921 ipse
3215 2852 3289 2907 de
3344 2852 3503 2908 bonis
3541 2847 3830 2906 ecclesiarum

2249 2942 2387 2997 nulli
2423 2940 2632 3009 aliquid
2666 2942 3006 3010 praestiterit,
3039 2955 3218 3010 neque
3256 2942 3336 2995 de
3386 2954 3541 2996 manu
3578 2939 3681 3007 ejus
3715 2948 3831 2989 accr-

2187 3016 2230 3076 α
2255 3032 2416 3100 perit,
2448 3030 2529 3086 vel
2562 3031 2761 3099 aliquis
2797 3030 2918 3098 ipso
2970 3030 3198 3098 jubente
3258 3029 3542 3085 invaserit.
3594 3024 3725 3094 Quod
3757 3035 3831 3076 nec

2246 3132 2346 3175 nos
2375 3119 2452 3174 illi
2484 3119 2813 3188 objicimus;
2847 3118 2942 3173 sed
2978 3118 3030 3172 in
3062 3118 3168 3172 hoc
3201 3116 3359 3173 illum
3381 3129 3696 3180 accusamus,
3714 3110 3824 3181 quod

2244 3215 2299 3263 et
2355 3209 2661 3277 approbare
2729 3206 3054 3275 paratissimi
3104 3220 3319 3271 sumus,
3377 3207 3575 3276 quippe
3611 3200 3734 3272 quod
3764 3197 3825 3253 sui

2242 3313 2340 3353 sua
2370 3297 2730 3368 permissione
2771 3296 2912 3349 bona
2934 3356 2939 3360 θ
2962 3295 3344 3351 ecclesiastica
3394 3296 3703 3357 invaserunt,
3736 3288 3828 3358 qui-

2244 3389 2347 3443 bus
2375 3389 2493 3456 ipse
2522 3385 2842 3456 rogantibus
2880 3385 2985 3440 hoc
3016 3386 3316 3451 concessit,
3369 3385 3611 3441 dividens
3650 3378 3828 3449 singulis

2246 3483 2409 3547 prout
2437 3476 2645 3541 voluit;
2679 3481 2734 3529 et
2763 3475 2864 3529 hac
2896 3474 3148 3529 mercede
3180 3474 3446 3530 conducti
3485 3479 3622 3538 sunt,
3667 3477 3715 3525 ut
3744 3468 3825 3523 iui-

2245 3567 2440 3636 quitati
2482 3565 2548 3596 ⁵³⁵
2602 3578 2715 3620 suae
2772 3563 2917 3617 vires
2972 3550 3465 3619 amministrarent.
3523 3565 3824 3630 Quaecumque

2245 3663 2424 3711 autem
2455 3655 2523 3709 de
2554 3652 3335 3725 facultatibusepiscoporum
3388 3654 3441 3708 in
3492 3651 3576 3707 illa
3621 3645 3825 3705 distribu-

2246 3746 2395 3800 tione
2441 3744 2708 3799 militibus
2736 3756 2847 3798 non
2888 3756 3152 3798 concessa
3190 3742 3602 3812 superfuerunt,
3639 3739 3712 3794 bis
3742 3736 3825 3803 ipse

2246 3840 2520 3903 tamquam
2586 3832 2827 3902 propriis
2883 3832 3090 3898 utitur,
3159 3838 3214 3886 et
3269 3836 3383 3887 tam
3442 3828 3701 3887 manifeste
3746 3822 3829 3880 suis

2247 3925 2438 3979 usibus
2467 3922 2803 3988 deserviunt,
2845 3921 2957 3976 acsi
2989 3920 3328 3976 hereditario
3364 3924 3487 3992 jure
3535 3919 3632 3974 sibi
3675 3926 3826 3986 prove-

2249 4012 2479 4067 nissent.
2512 4012 2569 4065 In
2603 4024 2707 4079 qua
2740 4009 3091 4064 accusatione
3130 4009 3175 4063 si
3205 4007 3464 4065 falsitatis
3493 4005 3826 4065 convincimur,

2248 4116 2369 4168 nos,
2403 4101 2497 4170 qui
2528 4106 2880 4155 accusatores
2909 4112 3116 4164 sumus,
3162 4101 3405 4154 accusati
3457 4109 3656 4168 poenam
3687 4089 3828 4147 subire

2249 4191 2422 4261 parati
2453 4203 2661 4245 sumus.
2694 4188 2912 4245 Judicet
2942 4202 3073 4259 ergo
3121 4193 3311 4243 sancta
3361 4188 3521 4243 sedes
3563 4179 3828 4255 apostolica.

2250 4282 2599 4351 inquirantur
2635 4285 2949 4335 sanctorum
2988 4279 3204 4332 Patrum
3255 4277 3509 4342 concilia,
3550 4276 3834 4338 interrogen-

524 4361 770 4429 quamvis
816 4370 1024 4418 certum
1071 4363 1283 4433 fuisset,
1328 4368 1650 4436 praedictum
1696 4369 1869 4424 virum
1927 4382 2027 4438 pro
2067 4361 2340 4425 ad—“tur
2376 4371 2743 4424 Romanorum
2781 4366 3099 4436 pontificum
3147 4366 3392 4433 decreta,
3443 4370 3614 4421 utrum
3658 4361 3724 4423 hi,
3763 4367 3834 4425 qlll

519 4450 714 4517 juncto
781 4450 1171 4509 inobedientim
1238 4457 1481 4525 perjtirio
1550 4457 1751 4526 prioris
1805 4458 2167 4514 anathematis
2214 4460 2354 4531 ,ista
2384 4458 2592 4514 faciunt
2619 4458 2702 4512 vel
2735 4457 3089 4512 consentiunt
3139 4453 3492 4519 facientibus,
3539 4466 3631 4522 pro
3664 4457 3833 4531 excomj

524 4538 744 4595 vinculo
775 4540 1119 4606 innodatum,
1159 4543 1228 4598 de
1269 4558 1379 4612 quo
1404 4546 1515 4614 jam
1547 4545 1613 4601 ad
1645 4552 1862 4616 tempus
1892 4546 2166 4604 conditio-
2216 4530 2538 4604 ’municatis
2568 4553 2624 4602 et
2653 4546 2934 4616 sacrilegis
2986 4544 3223 4599 habendi
3278 4545 3391 4599 sint
3447 4543 3528 4609 ⁵³³,
3583 4545 3637 4629 et
3688 4537 3726 4592 si
3772 4530 3832 4629 vf“

526 4627 725 4684 naliter
753 4629 1037 4686 absolutus
1066 4630 1186 4698 fuit,
1220 4640 1399 4690 tamen
1439 4634 1585 4704 quod
1626 4635 1729 4691 sibi
1762 4636 1830 4690 ab
1859 4637 2161 4705 apostolica
2250 4637 2385 4706 ipsis
2441 4635 2523 4690 vel
2572 4634 2814 4704 ipsorum
2872 4632 3179 4689 fautoribus
3234 4628 3720 4723 communicandum
3764 4627 3833 4723 sib

523 4717 656 4773 sede
713 4718 1016 4788 injunctum
1057 4729 1140 4776 est
1196 4723 1645 4793 superimposuit.
1695 4725 1948 4780 Jussione
2001 4726 2170 4796 igitur
2250 4725 2349 4792 Qui
2382 4739 2503 4781 cum
2534 4736 2662 4778 vere
2691 4723 2887 4790 sciant,
2919 4735 3043 4776 vera
3075 4734 3196 4776 esse
3226 4735 3351 4790 qua:
3390 4721 3458 4775 de
3498 4733 3561 4774 eo
3589 4717 3831 4785 loquimur.

524 4807 831 4875 apostolica
863 4809 1016 4880 regni
1037 4811 1409 4880 gubernacula
1430 4812 1612 4869 denuo
1638 4812 1686 4868 ei
1710 4813 2165 4882 contradicendo,
2251 4814 2490 4870 scienter
2519 4810 2923 4867 communicant
2952 4812 3071 4879 ejus
3100 4809 3362 4877 operibus
3392 4806 3649 4897 malignis,
3683 4807 3729 4897 et
3754 4797 3834 4897 Illic

524 4908 555 4949 a
586 4909 821 4966 corpore
852 4906 907 4953 et
936 4898 1200 4970 sanguine
1229 4900 1443 4957 Domini
1472 4901 1644 4958 nostri
1671 4903 1799 4957 Iesu
1830 4901 2029 4958 Christi
2063 4909 2166 4958 eta
2250 4903 2318 4959 ad
2357 4904 2464 4959 hoc
2492 4901 2679 4958 venire
2708 4900 2909 4965 solent,
2952 4904 3012 4954 ut
3042 4898 3328 4968 injustitia:
3360 4898 3590 4953 latebras
3615 4889 3835 4949 defensio-

1876 5058 2097 5113 VARIIE
2155 5057 2539 5114 LECTIONES.

606 5200 670 5232 "°
708 5201 853 5257 deest
848 5200 936 5278 Α.
1015 5202 1077 5233 ⁵³⁷
1108 5202 1250 5258 deest
1296 5200 1343 5255 l.
1419 5202 1484 5233 ⁸³⁸
1511 5200 1712 5258 factum
1740 5201 1792 5257 2.
1871 5201 1935 5233 ⁸²⁹
1967 5203 2240 5273 respuerit
2275 5203 2322 5256 l.
2400 5201 2464 5233 ⁵³⁰
2502 5216 2555 5258 e.
2588 5214 2750 5278 quam
2801 5199 3115 5255 diuturnam
3164 5213 3207 5254 s.
3262 5198 3301 5256 i.
3344 5199 3396 5254 d.
3434 5209 3588 5268 quam
3629 5192 3839 5248 diuturna

547 5296 599 5352 p.
643 5283 689 5339 1.
768 5274 1016 5353 ιιιῑῑελ.
1092 5282 1155 5314 ⁸³¹
1193 5284 1363 5353 Cujus
1389 5282 1444 5339 2.
1522 5282 1588 5314 ⁸³³
1618 5283 1884 5340 obtendat
1920 5282 1965 5336 1.
2043 5282 2107 5314 ⁵³³
2137 5284 2428 5353 iniquitate
2473 5280 2520 5337 1.
2597 5280 2660 5313 ⁸³⁸
2690 5274 2741 5337 st
2773 5281 2818 5335 l.

2110 5406 2322 5461 NOTAE.

616 5495 738 5568 (45)
768 5497 950 5553 Mense
980 5495 1279 5553 Februario
1309 5493 1473 5566 hujus
1512 5496 1662 5559 anni.
