4014 6176
249 301 344 357 569

1557 309 1643 363 DE
1682 310 1895 366 BELLO
1931 311 2277 366 SAXUNICO.

3467 329 3475 337 -
3491 299 3599 360 570

253 427 329 483 nis
351 426 668 492 obtendant.
718 433 774 485 et
829 434 1106 487 tantorum
1163 432 1431 488 scelerum
1492 434 1708 503 patroni
1748 434 1940 495 exi-A
2036 437 2153 493 113.
2203 438 2353 495 Tunc
2408 435 2477 491 ab
2532 433 2650 503 ipsa
2700 431 2899 487 sinodo
2962 429 3085 500 (46)
3142 431 3196 484 in
3232 429 3598 486 Tlieutonicas

248 524 399 572 stant.
440 517 683 586 Cumque
740 518 796 573 in
849 521 1087 576 concilio
1140 520 1305 591 hujus
1359 532 1564 578 sancta:
1603 523 1872 590 ecclesiae,

244 619 357 676 qua:
410 619 628 676 semper
683 608 752 662 ab
809 611 1295 666 excommunicatis
1340 612 1617 667 abstinere
1663 612 1872 678 docuit,

243 710 297 751 se
326 696 475 764 quasi
525 704 776 752 Oratores
823 699 1104 767 exhibent,
1137 701 1210 755 ita
1251 701 1523 770 patienter
1554 701 1870 767 audiuntur,

241 785 372 839 sicut
400 791 454 839 et
486 787 681 850 nostri,
706 787 858 842 nullo
886 788 1203 844 discrimine
1226 791 1372 845 inter
1395 790 1558 845 laesos
1587 798 1641 845 et
1669 791 1875 846 laeden-

242 881 316 927 tes
361 873 565 928 habito.
600 876 664 928 lli
725 877 886 931 etiam
937 891 1113 946 nuper
1142 878 1198 932 in
1252 880 1514 934 comitatu
1545 879 1753 935 domini
1787 879 1871 933 sui

242 961 289 1013 in
318 974 409 1013 eos
456 962 894 1029 insurrexerunt,
926 966 1020 1034 qui
1053 969 1346 1036 praeceptis
1383 968 1704 1036 apostolicis
1733 969 1870 1023 obe-

238 1050 402 1109 diunt,
458 1060 517 1104 ut
564 1053 629 1106 ad
675 1054 1101 1110 inobedientiam
1134 1058 1619 1126 constringerent;
1661 1057 1873 1113 scilicet

238 1140 288 1194 in
338 1142 585 1208 partibus
643 1144 875 1211 Sneviae,
935 1145 1029 1199 ubi
1085 1146 1358 1201 incendiis
1423 1147 1778 1203 ecclesiarum
1819 1156 1871 1202 et

237 1227 476 1283 altarium
508 1228 572 1260 ⁵³⁸
619 1231 1090 1289 destructionibus
1137 1235 1422 1303 sacrilegia
1452 1235 1871 1291 innumerabilia

235 1319 516 1375 commissa
571 1327 718 1400 sunt.
774 1325 831 1377 In
891 1337 998 1391 qua
1050 1338 1109 1378 re
1155 1325 1281 1380 illos
1319 1339 1421 1381 nec
1458 1324 1521 1355 ⁵³⁷
1552 1340 1872 1381 accusamus

235 1418 327 1461 nec
356 1421 716 1476 excusamus;
760 1411 893 1467 illud
933 1419 1115 1468 autem
1171 1428 1297 1469 vere
1349 1414 1679 1470 affirmamus
1721 1415 1867 1484 quod

233 1495 411 1563 rapina
441 1496 535 1552 illa
564 1498 616 1552 in
649 1500 903 1555 ecclesiis
924 1508 979 1556 et
1009 1515 1193 1556 earnm
1225 1504 1382 1558 atriis
1411 1502 1574 1569 facta,
1596 1517 1869 1559 consensu

232 1590 282 1637 et
319 1585 683 1654 permissione
742 1595 849 1644 tam
899 1590 1166 1660 principis
1219 1606 1380 1660 quam
1430 1594 1673 1648 omnium
1731 1606 1869 1661 pene

232 1673 489 1741 majorum
521 1676 615 1745 qui
645 1676 875 1733 aderant
904 1685 1217 1748 perpetrata
1248 1686 1351 1743 est,
1385 1695 1446 1736 ea
1481 1682 1700 1751 quidem
1733 1681 1870 1736 deli-

1961 534 2143 595 partes
2161 526 2462 595 subjectam
2492 523 2638 579 misit
2659 520 2943 590 epistolam
2971 539 2982 574 :
3011 519 3357 588 «Gregorius
3393 517 3457 549 ⁸³⁸
3482 532 3595 573 ser-

1957 629 2056 671 vus
2083 629 2362 671 servorum
2407 614 2500 668 Dei
2555 611 2746 682 (Cane.
2802 610 2909 674 νυ,
2966 608 3160 677 Regist.
3194 621 3271 672 vr,
3309 604 3387 675 l),
3423 596 3597 661 omni-

1957 704 2060 759 bus
2089 704 2307 760 clericis
2335 709 2391 759 et
2416 700 2570 757 laicis
2600 701 2651 754 in
2685 712 2855 767 regno
2885 696 3226 752 Tlieutonico
3256 692 3590 757 constitutis,

1956 793 2049 862 qui
2089 789 2671 849 excominunicationis
2702 787 2921 842 vinculo
2970 799 3080 841 non
3141 788 3418 849 tenentur,
3449 780 3595 836 salu~

1956 890 2063 936 tem
2103 890 2159 937 et
2212 879 2566 950 apostolicam
2615 875 3075 932 benedictionem.
3124 874 3255 940 Quae
3301 878 3357 926 et
3394 874 3594 939 quanta

1955 972 2116 1026 nobis
2171 986 2301 1026 cura
2349 968 2515 1024 fuerit
2570 974 2625 1022 et
2663 974 2766 1030 est,
2801 971 2859 1019 ut
2898 963 3210 1034 pestilentia
3239 961 3424 1017 clades
3452 957 3515 989 ⁵³⁸
3541 965 3595 1012 et

1954 1059 2223 1116 desolatio
2271 1074 2301 1113 a
2358 1070 2527 1127 regno
2558 1062 2738 1111 vestro
2770 1052 3067 1119 auferatur,
3109 1065 3212 1121 pax
3240 1050 3298 1080 ⁵³¹
3332 1056 3387 1104 et
3416 1048 3596 1103 hone-

1953 1158 2066 1205 stas
2095 1157 2151 1204 et
2179 1147 2399 1203 solitum
2430 1146 2600 1201 decus
2641 1145 2797 1199 vobis
2836 1143 3117 1206 reddatur,
3151 1141 3207 1195 in
3244 1137 3439 1194 sinodo
3472 1150 3594 1206 quae

1954 1239 2060 1295 hoc
2098 1252 2243 1294 anno
2300 1237 2356 1291 in
2414 1235 2832 1304 quadragesima
2900 1233 3087 1287 Romae
3155 1229 3429 1284 celebrata
3494 1224 3595 1280 fuit

1953 1328 2365 1383 declaravimns.
2426 1322 2643 1378 Judicio
2701 1321 2845 1377 enim
2909 1319 3083 1374 sancti
3131 1317 3368 1386 Spiritus
3396 1315 3596 1370 decre—

1953 1418 2127 1473 vimus
2156 1422 2211 1471 et
2267 1413 2649 1484 praecepimus,
2690 1418 2750 1465 ut
2803 1410 2859 1464 in
2916 1422 3086 1478 regno
3142 1411 3324 1462 vestro
3353 1404 3591 1461 omnium

1954 1510 2256 1563 conventus
2284 1504 2669 1573 episcoporum
2700 1506 2754 1555 et
2784 1498 3047 1553 laicorum
3077 1509 3268 1550 eorum
3290 1495 3384 1564 qui
3404 1494 3593 1548 timent

1956 1598 2121 1651 Deum
2150 1603 2207 1651 et
2236 1595 2380 1649 inter
2407 1606 2505 1648 vos
2536 1604 2723 1660 pacem
2764 1586 3082 1643 desiderant
3111 1584 3286 1649 fieret,
3318 1592 3374 1638 et
3411 1594 3593 1637 coram

1957 1684 2161 1741 nostris
2230 1682 2423 1753 legatis
2487 1681 2901 1741 decerneretur,
2969 1674 3015 1729 si
3064 1673 3151 1729 cui
3199 1671 3283 1737 5",
3338 1669 3596 1725 lleinrico

231 1759 528 1831 beratione,
588 1766 736 1834 quod
794 1768 1120 1838 sacrilegum
1171 1770 1321 1824 illum
1371 1771 1669 1826 exercitum
1708 1771 2214 1829 aliteeridelicet
2242 1772 2306 1802 “3
2350 1770 2433 1825 vel
2490 1766 2749 1833 Rodulfo,
2784 1765 2879 1835 qui
2928 1763 2997 1819 de
3037 1760 3191 1831 regni
3222 1756 3623 1830 gubernaculo

228 1852 516 1906 sustentari
547 1867 657 1909 non
720 1868 880 1923 posse
920 1864 1272 1914 censuerunt.
1315 1861 1431 1914 Hoc
1469 1873 1689 1929 quoque
1722 1860 1869 1915 novit

227 1945 405 1994 sancta
465 1942 709 1998 Romana
762 1945 1025 2010 Ecclesia,
1070 1947 1216 2015 quod
1269 1946 1531 2016 praefatus
1581 1948 1870 2003 Hcinricus

226 2025 422 2083 domno
452 2033 765 2099 apostolico
814 2034 1177 2103 jurejurando
1215 2034 1522 2099 afﬁrmavit,
1555 2037 1702 2105 quod
1737 2036 1864 2091 nul-

225 2114 326 2170 lum
367 2119 586 2185 amodo,
620 2122 713 2190 qui
767 2122 834 2176 ad
897 2123 1081 2178 limina
1111 2126 1489 2194 apostolorum
1531 2127 1600 2181 de
1632 2126 1865 2195 quibus-

223 2217 453 2275 cumque
484 2212 748 2264 terrarum
804 2210 941 2266 locis
996 2212 1310 2279 tenderent,
1361 2215 1445 2269 vel
1495 2216 1614 2283 ipse
1646 2215 1728 2270 vel
1759 2213 1865 2268 ali-

210 2293 337 2362 quis
395 2308 587 2351 eorum
646 2311 786 2365 quos
835 2301 1216 2369 constringere
1274 2308 1461 2369 posset
1520 2302 1861 2371 prohiberet.

209 2383 463 2448 Qualiter
490 2392 669 2439 autem
704 2388 940 2454 juratam
974 2388 1118 2443 illam
1154 2392 1575 2458 promissionem
1607 2394 1849 2447 observa-

147 2507 151 2511 .
202 2473 361 2536 verit,
422 2473 595 2527 nobis
633 2476 942 2530 tacentibus
1000 2477 1115 2545 ipsa
1163 2488 1345 2533 rerum
1393 2479 1597 2534 indicia
1645 2478 1869 2535 manife-

192 2564 365 2613 stant.
396 2561 437 2614 E
459 2573 554 2629 rgo
586 2569 789 2630 praeter
817 2562 964 2617 illam
1008 2578 1131 2632 quae
1162 2573 1217 2620 et
1246 2566 1313 2620 ab
1344 2568 1585 2636 antiquis
1614 2569 1866 2624 Patribus

195 2654 251 2702 et
292 2660 324 2700 a
352 2653 547 2702 vestra
594 2650 885 2705 sanctitate
932 2652 986 2706 in
1044 2652 1358 2721 hujusmodi
1418 2656 1866 2722 praevaricatores

207 2735 556 2806 promulgata
616 2743 701 2791 est
754 2741 1081 2795 sententiam
1125 2740 1209 2807 ⁸³⁸,
1259 2741 1709 2813 archiepiscopus
1755 2746 1864 2800 Mo-

209 2822 475 2893 gontinus
531 2825 797 2894 majorum
854 2827 1101 2897 exempla
1158 2836 1400 2896 secutus,
1452 2831 1727 2901 adjunctis
1756 2833 1859 2887 sibi

212 2912 490 2981 episcopis
548 2926 775 2969 numero
829 2923 1060 2984 septem,
1100 2918 1350 2985 .quibusf
1388 2919 1576 2975 eadem
1644 2920 1860 2989 injuriae

214 3001 348 3055 ratio
409 2999 533 3065 fuit,
595 3015 694 3070 pro
744 3001 1065 3060 defensione
1112 3006 1363 3061 ecclesiae
1410 3008 1516 3062 sibi
1553 3010 1858 3064 commissae

1953 1864 2096 1917 inter
2124 1876 2183 1918 se
2215 1862 2520 1925 decertant,
2570 1857 2803 1926 amplius
2843 1852 3058 1924 justitia
3094 1849 3320 1915 faveret,
3360 1860 3594 1916 parsque

1951 1950 2016 1982 ³⁸*
2038 1952 2298 2021 injustior
2347 1950 2558 2005 ratione
2586 1947 2798 2003 devicta
2829 1951 2883 1999 et
2913 1941 3058 1997 beati
3088 1939 3234 1996 Petri
3264 1936 3591 1993 auctoritate

1951 2040 2270 2105 constricta,
2322 2037 2537 2093 facilius
2589 2035 2813 2091 cederet
2843 2039 2899 2087 et
2926 2030 2994 2085 ab
3033 2026 3260 2083 interitu
3289 2024 3589 2080 animarum

1952 2138 2006 2184 et
2072 2142 2389 2198 corporum,
2458 2129 2570 2181 Deo
2638 2123 2992 2193 propitiante,
3063 2122 3326 2181 cessaret,
3389 2112 3592 2183 justior

1949 2232 2080 2273 vero
2113 2232 2239 2287 pars
2275 2216 2510 2285 amplius
2541 2215 2610 2269 de
2651 2214 2759 2267 Deo
2790 2207 3114 2273 confideret,
3147 2210 3202 2260 et
3230 2202 3418 2271 adjuta
3446 2201 3592 2256 beati

1951 2308 2097 2362 Petri
2128 2304 2457 2361 auctoritate
2485 2302 2549 2333 ⁸³⁵
2588 2310 2643 2357 et
2681 2299 2923 2355 omnium
2949 2294 3218 2366 justitiam
3248 2289 3593 2360 diligentiqu

1950 2410 2244 2460 consensu,
2297 2394 2366 2450 de
2423 2392 2651 2447 victoria
2706 2388 2931 2444 omnino
2985 2385 3234 2453 speraret
3263 2387 3318 2435 et
3348 2384 3594 2433 neutram

1947 2484 2012 2515 ⁵⁵⁸
2040 2492 2268 2540 mortem
2312 2482 2550 2538 timeret.
2611 2479 2716 2535 Sed
2766 2477 2894 2547 quia
2940 2471 3190 2543 pervertit
3218 2467 3287 2524 ad
3319 2480 3421 2521 nos
3449 2464 3594 2534 quod

1949 2574 2157 2628 inimici
2188 2573 2283 2631 Dei
2314 2580 2369 2627 et
2420 2571 2515 2626 filii
2566 2566 2773 2624 diaboli
2821 2563 3044 2634 quidam
3083 2557 3230 2629 apud
3275 2570 3373 2611 vos
3404 2559 3596 2610 contra

1947 2661 2301 2716 interdictum
2333 2659 2653 2729 apostolica:
2702 2654 2852 2711 sedis
2905 2650 3230 2722 praedictum
3264 2647 3593 2725 conventum

1950 2757 2249 2819 procurent
2276 2748 2337 2779 ⁵³⁷
2388 2749 2442 2803 in
2491 2747 2707 2801 irritum
2737 2744 2960 2804 ducere,
2993 2745 3048 2794 et
3096 2750 3205 2793 non
3238 2731 3452 2804 justitia
3495 2730 3590 2785 sed

1946 2839 2204 2908 superbia
2234 2852 2298 2893 ac
2348 2836 2519 2891 totius
2550 2837 2701 2905 regni
2733 2829 3076 2886 desolatione
3106 2840 3233 2880 suas
3260 2820 3591 2890 cupiditates

1943 2928 2205 2982 anhelent
2225 2926 2452 2995 implere
2476 2932 2529 2979 et
2550 2922 2913 2979 Christianam
2954 2914 3276 2986 religionem
3299 2910 3586 2965 destruere

1944 3029 2229 3071 monemus
2267 3028 2363 3069 vos
2400 3021 2455 3069 et
2484 3028 2549 3068 ex
2608 3018 2761 3081 parte
2819 3006 2963 3063 beati
3017 3002 3162 3060 Petri
3212 2998 3580 3071 praecipimus,

216 3089 536 3157 praedictum
567 3092 763 3156 virum,
819 3092 912 3160 qui
948 3092 1343 3161 parrochianus
1371 3094 1519 3150 illius
1549 3103 1653 3159 est,
1687 3082 1917 3151 tradi-Ca
1942 3109 2000 3159 ut
2030 3105 2231 3159 talibus
2279 3103 2487 3158 nullum
2535 3100 2794 3156 auxilium
2834 3095 2899 3128 ³³⁸
2931 3092 3225 3165 μνωὴθειιὶε
3256 3101 3434 3157 neque
3474 3085 3582 3140 illis

214 3176 289 3232 dit
317 3178 573 3234 Sathauaa
612 3179 667 3233 in
697 3179 978 3235 interitum
1035 3183 1217 3236 carnis
1273 3197 1394 3237 cum
1445 3186 1714 3241 universis
1742 3187 1858 3241 suis

215 3267 595 3337 complicibus.
646 3270 779 3324 ltem
810 3269 1046 3325 domnus
1075 3271 1369 3340 episcopus
1409 3274 1855 3345 Wirtzeburgen-

214 3354 284 3409 sis
321 3364 598 3426 praesente
629 3365 684 3412 et
712 3366 1046 3428 cooperante
1097 3360 1246 3416 sedis
1300 3363 1619 3430 apostolica:
1674 3364 1855 3433 legato

215 3442 409 3501 domno
469 3447 790 3503 Bernhardo
849 3462 1040 3504 omnes
1085 3449 1212 3505 illos
1240 3451 1730 3519 anathematizavit,
1760 3455 1852 3522 qui

214 3539 329 3589 actu
384 3535 467 3590 vel
513 3535 747 3592 consilio
779 3537 831 3591 in
887 3537 991 3592 hoc
1023 3537 1327 3608 culpabiles
1354 3539 1674 3604 extiterunt,
1706 3539 1855 3609 quod

214 3621 298 3677 ille
326 3638 352 3678 a
383 3638 482 3679 sua
525 3625 658 3679 sede
719 3625 1028 3694 prohibitus
1084 3634 1187 3681 est.
1251 3628 1419 3696 Cujus
1466 3628 1858 3696 prohibitionis

214 3719 395 3769 auctor
425 3727 543 3770 non
593 3714 836 3769 incertus
865 3721 985 3777 est;
1020 3716 1113 3785 qui
1145 3716 1307 3770 etiam
1347 3717 1402 3771 in
1434 3717 1678 3785 ejusdem
1709 3715 1858 3771 sedis

214 3800 441 3867 civitate,
515 3803 572 3856 in
632 3816 737 3871 qua
787 3816 924 3872 pene
965 3816 1125 3859 nemo
1191 3817 1299 3859 non
1355 3805 1859 3860 excommunicatus

214 3895 308 3952 est,
338 3890 787 3961 frequentissime
839 3901 1106 3948 moratur.
1164 3894 1305 3948 Ecce
1361 3894 1568 3948 audivit
1595 3894 1859 3949 sanctitas

214 3985 401 4047 vestra,
433 3994 605 4050 quam
638 3982 822 4036 multis
853 3982 1029 4037 modis
1058 3982 1140 4036 vir
1169 3982 1260 4037 ille
1291 3996 1413 4037 cum
1453 3983 1568 4038 suis
1598 3982 1858 4051 dampna-

213 4072 293 4123 tus
318 4071 389 4125 sit
417 4079 474 4126 et
504 4084 637 4125 vere
696 4071 1095 4140 dampnandus.
1149 4073 1419 4141 Rogamus
1452 4086 1583 4142 ergo
1622 4086 1718 4127 vos
1758 4086 1858 4141 per

213 4168 396 4214 nomen
448 4159 667 4215 Domini
700 4162 875 4216 nostri
911 4162 1038 4215 Jesu
1076 4161 1301 4224 Christi,
1334 4167 1389 4216 et
1418 4175 1517 4230 per
1546 4175 1669 4216 eum
1700 4165 1857 4230 cujus

213 4245 370 4303 vicem
420 4249 611 4320 agitis,
672 4257 731 4303 ut
760 4250 804 4304 si
831 4249 939 4318 jam
982 4248 1213 4319 prolatis
1240 4250 1295 4304 in
1326 4251 1547 4305 eosdem
1606 4251 1857 4306 homines

1940 3192 2376 3249 communicetis.
2427 3193 2484 3246 ln
2532 3188 2795 3259 praIdicta
2842 3185 2985 3241 enim
3016 3182 3214 3237 sinodo
3248 3179 3362 3247 jam
3391 3188 3583 3233 omnes

1938 3280 2613 3338 mexcommunicalionis
2662 3284 2718 3333 et
2753 3274 3115 3332 anathematis
3168 3274 3297 3324 sunt
3361 3264 3581 3320 vinculo

1939 3372 2208 3439 innodati,
2268 3378 2323 3424 et
2380 3379 2438 3424 ut
2482 3367 2682 3423 nullam
2730 3364 3012 3419 victoriam
3064 3358 3276 3427 possint
3305 3354 3578 3416 obtinere,

1941 3462 2083 3516 beati
2141 3459 2205 3490 ³³⁰
2253 3460 2401 3513 Petri
2442 3460 2714 3525 potestate
2769 3458 2898 3506 sunt
2944 3445 3211 3515 obligati;
3268 3448 3327 3495 ut
3388 3440 3578 3494 saltem

1940 3549 2118 3603 coacti
2174 3544 2603 3605 confundantur,
2636 3547 2691 3595 et
2720 3554 2750 3592 a
2790 3542 2964 3592 morte
3011 3534 3315 3588 animarum
3361 3539 3579 3582 suarum

1940 3643 1996 3691 et
2026 3636 2369 3690 desolatione
2430 3629 2667 3700 propriae
2714 3625 2773 3657 5'“
2836 3624 3027 3693 patria:
3086 3622 3433 3674 revocentur.
3476 3615 3583 3668 Vos

1939 3729 2142 3787 autem,
2201 3720 2398 3775 fratres
2454 3715 2744 3779 carissimi,
2812 3712 2881 3767 de
2937 3723 3023 3765 me
3079 3707 3142 3738 ⁸⁵³
3200 3702 3350 3759 nullo
3416 3700 3581 3757 modo

1940 3812 2226 3874 dubitetis,
2257 3808 2405 3878 quod
2459 3807 2674 3875 injustas
2732 3801 2875 3872 parti
2922 3799 3164 3854 scienter
3201 3792 3384 3862 aliquo
3416 3789 3581 3846 modo

1940 3900 2158 3957 faveam.
2218 3899 2386 3969 Magis
2438 3896 2584 3952 enim
2658 3906 2759 3963 pro
2830 3895 3009 3945 vestra
3080 3885 3255 3941 salute
3321 3879 3580 3937 desidero

1942 3996 2168 4044 mortem
2198 3988 2406 4053 subire,
2455 3992 2616 4055 quam
2670 3982 2840 4037 totius
2888 3975 3075 4033 mundi
3103 3972 3332 4046 gloriam
3369 3969 3437 4025 ad
3467 3982 3584 4025 ves-

1942 4087 2082 4133 trum
2115 4077 2395 4133 interitum
2449 4075 2714 4143 arripere.
2747 4069 2899 4138 Quod
2950 4068 2996 4122 si
3026 4065 3195 4135 aliqui
3246 4061 3314 4117 de
3343 4059 3580 4115 falsitate

1938 4168 2153 4235 confisi,
2188 4167 2386 4221 litteris
2432 4163 2515 4219 vel
2564 4160 2748 4217 verbis
2803 4158 2963 4214 aliter
3000 4155 3156 4211 vobis
3192 4147 3576 4210 indicaverint,

1941 4256 2091 4311 nullo
2122 4255 2285 4311 modo
2317 4255 2397 4309 eis
2425 4252 2490 4284 ⁸⁸³
2536 4247 2919 4320 acquiescatis.
2952 4246 3119 4299 Deum
3149 4240 3294 4296 enim
3328 4238 3581 4292 timemus

213 4337 489 4393 sententiis
523 4336 733 4405 aliquid
792 4338 1164 4405 superaddere
1220 4342 1587 4395 necessarium
1618 4354 1726 4395 non
1761 4350 1997 4412 pu-“et
2045 4356 2145 4412 pro
2189 4342 2308 4410 ejus
2353 4340 2418 4371 ⁸⁵³³
2464 4352 2649 4395 amore
2698 4333 2925 4390 cottidie
2977 4328 3289 4398 affligimur,
3348 4330 3424 4412 et,
3453 4321 3577 4376 ideo

214 4424 350 4489 tatis,
373 4426 480 4482 hoc
518 4402 700 4480 tamen
730 4402 1038 4482 firmissime
1072 4426 1433 4495 prohibeatis,
1467 4441 1534 4482 ne
1564 4428 1649 4483 vel
1677 4428 1733 4483 in
1755 4402 2250 4500 hachuperbiam
2309 4437 2364 4484 et
2414 4427 2816 4484 oblectamenta
2871 4416 3043 4473 seculi
3111 4409 3574 4500 parvipendimus,

214 4521 388 4570 sancta
417 4515 558 4571 sede
588 4514 671 4570 vel
720 4516 924 4571 alicubi
972 4518 1039 4570 ad
1090 4516 1527 4571 communionem
1577 4518 1855 4587 recipian-

216 4605 314 4669 tur,
354 4605 678 4675 priusquam
717 4604 970 4660 ecclesiis
1018 4618 1155 4674 quas
1202 4605 1465 4661 laeserunt
1493 4606 1851 4669 satisfaciant,

217 4703 276 4745 ne
302 4707 432 4763 grex
461 4693 627 4750 vobis
655 4695 980 4750 commissus
1035 4694 1270 4764 amplius
1299 4695 1368 4750 ab
1397 4695 1479 4750 eis
1519 4696 1856 4751 contamine-

217 4784 315 4847 tnr,
346 4791 400 4838 et
430 4798 501 4840 ne
561 4784 855 4853 pessimum
897 4784 1033 4839 illud
1064 4783 1389 4840 fermentum
1424 4792 1591 4840 totam
1624 4799 1852 4840 massam

216 4880 546 4944 corrumpat.
589 4892 616 4923 ι

1939 4497 2067 4589 quia
2099 4520 2210 4574 cito
2240 4517 2385 4587 apud
2418 4531 2539 4572 eum
2571 4508 2847 4570 consolari
2872 4504 3251 4561 indubitanter
3279 4497 3573 4554 credimus.

1936 4609 2295 4677 Omnipotens
2341 4612 2397 4661 et
2452 4603 2770 4660 misericors
2827 4599 2988 4661 Deus,
3047 4592 3141 4661 qui
3200 4589 3342 4677 ultra
3400 4598 3574 4677 spem,

1942 4696 2082 4752 ultra
2098 4672 2365 4750 meritum
2422 4693 2713 4747 miseretur
2760 4695 2816 4744 et
2843 4683 3161 4740 consolatur
3190 4691 3291 4734 nos
3318 4676 3375 4731 in
3406 4672 3578 4729 tribu-

1936 4785 2141 4840 latione
2201 4790 2406 4848 nostra,
2469 4782 2680 4851 aperiat
2735 4790 2833 4832 cor
2879 4779 3115 4829 vestrum
3173 4769 3229 4824 in
3278 4766 3407 4835 lege
3454 4775 3573 4825 sua,

1936 4882 1992 4930 et
2017 4873 2081 4905 ³⁸⁸
2109 4873 2165 4928 in
2198 4871 2493 4943 praeceptis
2536 4868 2651 4925 suis
2699 4865 2986 4923 confirmet
3012 4873 3129 4926 vos,
3163 4863 3221 4913 ut
3249 4853 3577 4911 auctoritate

1571 4991 1789 5045 νΑΡιιίΕ
1847 4990 2228 5047 LECTIONES.

280 5100 342 5132 "‘
369 5101 696 5160 altariorum
735 5102 780 5157 l.
856 5102 919 5134 ³³⁷
950 5102 1023 5159 ita
1054 5104 1105 5159 2.
1144 5117 1197 5158 n.
1249 5103 1288 5159 i.
1346 5101 1391 5159 1.

218 5167 275 5201 “‘
314 5178 370 5230 et
413 5173 605 5231 clades
653 5177 714 5231 R.
790 5173 853 5205 ⁵⁸³
902 5182 957 5231 et
1005 5189 1109 5245 pax
1154 5174 1211 5228 li.
1251 5176 1313 5229 Β.

1468 5102 1535 5177 Ψ
1580 5104 1722 5161 deest
1760 5106 1805 5161 l.
1836 5104 1892 5177 d2.
1943 5105 2201 5177 supplerit
2255 5101 2504 5177 gckhcrt.
2538 5171 2549 5177 _
2582 5097 2783 5177 “‘°__Cr.
2834 5093 3129 5177 episcopus
3157 5103 3204 5177 ξ.
3244 5083 3575 5177 {389.3111}-

1392 5173 1456 5207 “’
1503 5156 1890 5232 dces-thin“
1937 5156 2194 5233 aézéﬂi.‘
2255 5156 2426 5227 mMf.
2472 5168 2779 5241 Injustitior
2815 5156 2959 5223 enim
2998 5156 3126 5235 pars
3165 5156 3335 5241 r.‘R.’
3383 5156 3579 5241 “pr-

218 5228 402 5325 εεειεηρ
424 5228 755 5325 ritca.
791 5228 1306 5325 unanimam;
1353 5248 1440 5325 ιι..
1482 5228 2075 5325 somniantis:
2118 5228 2182 5278 ίιέ
2210 5228 2550 5325 asinariae
2572 5244 2639 5325 πρ
2712 5228 3574 5325 “ita-$.13"?-cariﬁci-.233;

215 5310 273 5343 ⁸⁸⁸
296 5322 415 5397 pot.
436 5300 507 5373 Β.
538 5319 600 5397 Ρζ
630 5300 761 5374 sunt
790 5300 998 5389 alligati
1033 5300 1097 5372 R.
1140 5364 1143 5365 ν
1173 5300 1321 5373 “Id.
1354 5300 1548 5388 patriae
1576 5300 1782 5377 {est};
1796 5300 2337 5377 Ὶίίψθδῖάεεειξῐῗ
2364 5314 2430 5347 ⁸⁸³
2457 5314 2569 5371 illis
2597 5315 2659 5369 R.
2734 5310 2798 5342 ⁸⁸³
2819 5310 2961 5365 deest
2996 5307 3044 5361 l.
3118 5302 3182 5337 ⁵⁸⁸
3211 5307 3267 5358 et
3291 5300 3578 5358 confirmet

1796 5463 2012 5518 NOTzE.

282 5573 401 5645 (46)
427 5576 491 5632 In
522 5577 758 5649 aegesta
788 5575 1037 5650 Gregorii
1065 5574 1266 5633 littera:
1294 5574 1415 5632 istae
1446 5575 1587 5633 datae
1618 5576 1878 5635 dicuntur
1904 5579 2103 5649 Capuae
2136 5575 2255 5633 Kal.
2285 5575 2410 5630 Jun.
2446 5570 2561 5629 ind.
2604 5570 2650 5626 l.
2685 5567 2903 5642 (1078.)

215 5396 261 5439 v.
294 5391 348 5443 in
388 5401 444 5457 p.
474 5403 523 5444 s.
559 5391 622 5445 Β.
