4014 6176
406 269 505 326 571

1457 272 1791 327 BRUNONIS
1829 268 2093 326 CLERlCl
2134 265 2728 323 MAGDEBURGENSIS

3676 261 3780 318 572

350 360 357 369 ο
406 397 551 453 beati
583 396 729 452 Petri
758 411 790 454 a
820 398 1035 454 cunctis
1056 399 1295 469 peccatis
1315 395 1599 453 absolutos
1618 408 1716 451 vos
1733 394 1802 450 ad
1826 393 2049 450 cmleste
2070 398 2119 455 Α
2136 391 2363 457 fecistis,
2397 389 2647 446 eﬁ‘ectum
2679 389 2931 445 habitura
2980 393 3082 456 est,
3134 389 3515 446 indubitanter
3542 394 3775 455 constat,

408 501 635 557 regnum
662 487 929 556 perducat
960 494 1299 558 regnaturos.
1337 507 1362 537 ι

485 574 602 630 114.
636 577 839 631 Contra
873 591 1032 647 quam
1064 582 1339 632 nostrates
1376 575 1538 639 hanc,
1562 588 1721 644 quam
1762 571 2049 642 supposui,

409 664 677 720 miserunt
715 666 999 734 epistolam
1034 684 1046 719 :
1085 686 1111 714 α
1142 664 1466 734 Accepimus
1512 663 1717 718 dudum
1747 660 2052 717 sanctitatis

406 760 603 809 vestrae
652 753 862 808 litteras
909 752 1014 808 hoc
1044 753 1410 819 continentes,
1451 751 1600 823 quod
1640 765 1738 805 vos
1767 750 1821 805 in
1852 749 2049 805 sinodo

407 842 649 896 Romana
698 842 1036 908 decrevistis,
1106 848 1377 911 quatenus
1432 841 1488 896 in
1549 840 1752 895 nostris
1806 838 2052 909 partibus

407 936 708 985 conventus
765 931 1004 986 omnium
1062 931 1447 1000 episcoporum
1497 937 1552 985 et
1590 929 1851 985 laicorum
1883 930 2047 982 Deum

409 1018 715 1074 timentium
765 1019 940 1086 ﬁeret,
990 1019 1059 1075 ad
1091 1020 1495 1075 discutiendum
1527 1019 1653 1086 hoc,
1688 1019 1775 1073 cui
1808 1018 2046 1080 illorum,

405 1108 500 1177 qui
559 1108 627 1163 de
679 1109 833 1178 regni
890 1109 1266 1179 gubernaculo
1319 1114 1553 1176 certant,
1607 1108 1820 1177 justitia
1881 1106 2051 1175 magis

403 1194 596 1250 faveat.
654 1197 715 1251 In
782 1212 889 1266 qua
965 1212 1024 1254 re
1081 1198 1188 1254 hoc
1265 1197 1497 1267 primum
1565 1198 1842 1261 miramur,
1902 1192 2049 1264 quod

404 1283 699 1352 prudentia
762 1286 977 1353 statuit,
1054 1286 1203 1356 quod
1262 1287 1413 1342 nullo
1492 1287 1654 1342 modo
1713 1298 1875 1355 posse
1933 1281 2050 1338 ﬁeri

402 1379 638 1429 constat.
697 1375 959 1431 Novimus
997 1375 1142 1431 enim
1202 1376 1309 1431 hoc
1367 1376 1647 1431 memoriae
1703 1381 1901 1430 vestrm
1940 1385 2049 1427 non

403 1461 695 1529 excidisse,
730 1464 878 1534 quod
940 1471 1046 1519 tam
1111 1464 1349 1520 assiduis
1390 1463 1751 1533 querimoniis
1798 1461 2053 1531 frequen-

403 1556 573 1607 tatum
641 1558 726 1606 est
793 1552 939 1622 apud
993 1566 1109 1619 vos,
1169 1553 1373 1623 quippe
1440 1553 1588 1622 quod
1656 1565 1795 1622 pene
1860 1562 2053 1605 omnes

403 1638 659 1708 episcopi
710 1641 806 1709 qui
852 1641 972 1697 sedi
1023 1641 1343 1712 apostolicae
1373 1642 1659 1707 obediunt,
1694 1642 1763 1696 de
1792 1641 1907 1695 suis
1936 1638 2052 1708 epi-

2134 482 2262 552 quia
2287 482 2390 537 iste
2422 495 2516 536 rex
2539 495 2659 535 esse
2690 493 2799 536 non
2832 486 3033 550 potest.
3056 479 3343 548 Quomodo
3374 480 3519 536 enim
3552 494 3777 550 regnare

2136 576 2336 641 potest,
2371 570 2459 626 cui
2490 569 2674 625 nullus
2693 568 2891 626 amodo
2913 567 3229 625 ﬁdelitatem
3253 583 3320 625 ex
3340 569 3530 625 debito
3560 576 3780 624 servat?

2132 659 2414 727 Quomodo
2464 673 2656 730 regere
2706 658 2966 729 populum
3029 665 3231 728 potest,
3298 659 3393 729 qui
3450 658 3507 713 in
3554 657 3779 729 agendis

2134 750 2313 804 causis
2342 748 2608 820 legalibus
2656 749 2927 804 neminem
2958 748 3025 803 ad
3057 746 3366 803 faciendum
3401 749 3607 817 justum
3634 746 3781 818 judi-

2133 840 2277 893 cium
2350 842 2817 893 sacramentorum
2866 837 3204 908 obligatione
3261 837 3643 908 constringere
3691 850 3783 906 po-

2133 933 2283 983 test?
2310 928 2364 982 Si
2388 934 2588 992 autem,
2613 926 2761 996 quod
2784 927 2954 983 absit!
2980 928 3287 998 apostolica
3318 927 3409 982 illa
3439 926 3781 998 indulgentia

2134 1031 2233 1087 pro
2255 1025 2375 1072 rato
2405 1016 2655 1071 habenda
2682 1030 2791 1072 non
2823 1023 2925 1082 est,
2960 1016 3093 1087 quid
3115 1017 3221 1071 erit
3249 1016 3318 1072 de
3341 1016 3449 1071 illis
3479 1017 3781 1086 episcopis,

2134 1112 2189 1161 et
2223 1105 2365 1171 aliis,
2398 1106 2492 1175 qui
2523 1120 2621 1175 spe
2651 1104 2715 1136 ³⁵⁸
2756 1105 3037 1175 praedictae
3067 1105 3432 1160 absolutionis
3472 1107 3782 1175 jnramenta

2134 1194 2392 1250 [lcinrico
2432 1194 2700 1264 praedicto
2750 1193 2892 1250 facta
2939 1193 3321 1265 infregerunt?
3368 1196 3562 1249 Nonne
3604 1194 3782 1248 mani-

2133 1283 2269 1340 feste
2338 1284 2565 1353 perjurii
2637 1284 3074 1340 convincuntur?
3138 1284 3193 1339 Si
3259 1284 3405 1339 enim
3470 1283 3564 1339 ille
3635 1284 3784 1353 juste

2134 1388 2363 1445 regnare
2414 1379 2616 1442 potest,
2668 1373 2759 1428 isti
2807 1375 3006 1443 injuste
3061 1372 3313 1430 fecerunt
3360 1374 3455 1444 qui
3495 1374 3782 1443 promissa:

2132 1463 2237 1518 sibi
2269 1462 2548 1517 ﬁdelitatis
2575 1463 2766 1532 jugum
2813 1477 2843 1516 a
2891 1477 2949 1518 se
2983 1463 3354 1533 projecerunt.
3386 1462 3581 1517 Adhuc
3610 1461 3780 1517 aliud.

2132 1552 2271 1619 Quid
2314 1552 2383 1607 de
2431 1551 2542 1606 illis
2587 1552 2944 1607 sacramentis
2991 1551 3097 1607 erit
3144 1566 3269 1621 quae
3313 1558 3502 1622 postea
3532 1551 3654 1621 regi
3683 1551 3786 1606 Ro-

2134 1638 2287 1697 dulfo
2340 1639 2481 1696 facta
2539 1647 2688 1707 sunt,
2747 1655 2906 1710 ClljllS
2970 1640 3167 1697 ditioni
3218 1647 3398 1696 vestra
3453 1639 3782 1696 auctoritate

401 1727 719 1796 scopatibus
770 1729 1004 1798 expulsi,
1053 1744 1083 1784 a
1138 1728 1274 1786 facie
1324 1732 1767 1801 persequentium
1812 1728 2411 1801 tugiunt.Bsubjugati
2455 1736 2686 1785 sumus?
2736 1731 2876 1786 Ecce
2924 1731 3102 1800 qualis
3158 1744 3340 1786 rerum
3389 1729 3778 1799 perturbatio!

404 1823 459 1873 et
487 1816 740 1885 latitant;
774 1825 830 1873 et
877 1819 1156 1889 quomodo
1206 1820 1262 1875 hi
1304 1835 1427 1875 cum
1458 1821 1571 1876 suis
1603 1819 2053 1891 persecutoribus

403 1906 697 1963 convenire
752 1914 809 1963 et
859 1907 1111 1965 conferre
1170 1910 1238 1965 de
1292 1909 1379 1965 his
1426 1911 1607 1965 causis
1657 1914 1906 1979 possunt,
1950 1922 2050 1979 pro

402 1995 605 2066 quibus
631 1996 801 2067 aliqui
860 1996 1080 2053 illorum
1130 1999 1299 2054 occisi
1338 2006 1487 2066 sunt,
1529 1998 1751 2068 quidam
1782 1997 1838 2052 in
1870 1997 2049 2067 capti-

398 2085 620 2140 vitatem
677 2086 922 2152 abducti,
984 2087 1182 2156 reliqui
1229 2101 1358 2143 vero
1418 2088 1674 2143 omnibus
1722 2086 1889 2142 rebus
1935 2086 2051 2141 suis

400 2174 731 2243 exspoliati?
765 2175 971 2231 Deinde
1002 2190 1224 2246 quoque
1254 2176 1359 2231 hoc
1390 2175 1697 2231 mirandum
1737 2189 2049 2241 censemus,

397 2262 546 2331 quod
595 2261 744 2318 illius
809 2263 1051 2319 hominis
1109 2278 1327 2319 causam
1386 2279 1509 2320 cum
1565 2264 1677 2320 illis
1731 2263 2050 2319 hominibus

396 2349 674 2406 discutere
708 2351 987 2421 jubemur,
1048 2367 1188 2423 quos
1245 2362 1510 2423 utrosque
1573 2352 1785 2424 legatus
1842 2361 2048 2408 sanctae

399 2439 660 2495 Romanae
692 2440 953 2497 Ecclesiae
1000 2450 1178 2497 vestra
1203 2442 1453 2510 jussione
1480 2457 1511 2497 a
1541 2441 1824 2497 liminibus
1871 2441 2050 2497 eccle-

396 2528 494 2585 siaa
523 2539 729 2585 sanctae
766 2532 1058 2601 separavit.
1120 2532 1175 2587 Si
1233 2540 1413 2588 autem
1444 2532 1615 2587 nichil
1652 2531 1845 2587 horum
1877 2531 2049 2587 obsti-

396 2618 573 2685 tisset,
606 2619 738 2689 quid
770 2627 957 2676 nostra
985 2621 1049 2652 ⁵⁵⁸
1078 2622 1326 2688 interest,
1372 2629 1430 2677 ut
1461 2623 1572 2691 jam
1603 2621 1808 2677 dudum
1840 2620 2045 2677 ﬁnitam

396 2707 579 2764 sinodi
626 2709 887 2765 Romana:
933 2712 1260 2767 sententiam
1320 2717 1702 2777 retractemus,
1758 2717 1814 2765 et
1863 2710 2046 2766 denuo

395 2796 464 2851 ad
503 2797 772 2854 rationem
805 2807 1112 2869 ponamus?
1149 2801 1289 2869 Quid
1316 2800 1385 2857 ad
1417 2815 1539 2867 nos,
1571 2807 1632 2855 ut
1664 2800 2044 2865 discutiamus,

395 2885 443 2941 si
497 2885 577 2941 illi
626 2888 841 2956 justitia
879 2888 1056 2945 faveat
1119 2891 1187 2946 ad
1253 2890 1616 2947 obtinendum
1674 2903 1923 2960 regnum,
1956 2889 2045 2945 cui

395 2987 494 3030 vos
539 2976 693 3046 regni
739 2978 1110 3047 gubernacula
1167 2981 1276 3049 jam
1325 2987 1450 3035 ante
1498 2979 1794 3034 triennium
1842 2978 2044 3035 sinodo

391 3045 675 3131 judicante
732 3045 1138 3123 interdixistis?
1168 3045 1395 3124 'Nonne
1452 3069 1624 3139 magis
1678 3070 1926 3137 oportuit
1982 3045 2105 3123 utc

390 3150 659 3221 judicium
688 3152 825 3209 illud
856 3155 1129 3213 discussio
1168 3157 1529 3227 praecederet,
1562 3171 1724 3227 quam
1746 3172 1890 3214 nunc
1920 3163 2040 3213 tau-

395 3238 520 3295 dem
548 3241 958 3313 subsequatur?
1003 3246 1263 3302 Novimus
1314 3245 1732 3316 intelligentiam
1781 3254 2036 3314 vestram,

393 3328 525 3399 quia
576 3344 853 3402 nunquam
901 3334 970 3391 de
1016 3350 1075 3392 re
1120 3336 1428 3392 indiscussa
1457 3335 1686 3391 sinodus
1713 3336 1870 3392 vobis
1898 3351 2040 3407 pra:-

391 3417 609 3475 sidente
681 3422 969 3491 judicavit.
1038 3427 1168 3494 Qua:
1226 3439 1357 3496 ergo
1417 3425 1717 3481 necessitas
1779 3426 2038 3482 secunda

392 3506 796 3567 discussionis?
859 3514 914 3569 Si
989 3521 1171 3571 autem
1255 3514 1556 3585 praedictus
1629 3514 1722 3571 ille
1795 3516 2039 3571 nondum

392 3595 674 3655 discussus
711 3608 815 3669 est,
846 3603 945 3659 sed
975 3604 1118 3660 sicut
1173 3618 1270 3660 vos
1300 3604 1485 3660 dicitis
1532 3604 1713 3660 adhuc
1743 3604 2040 3662 discutien-

394 3684 516 3753 dus,
561 3702 685 3757 quae
717 3689 857 3746 ratio
909 3690 1031 3758 fuit,
1089 3700 1150 3748 ut
1204 3693 1413 3749 homini
1472 3694 1781 3750 indiscussa
1839 3695 2059 3771 regalis.

2134 1820 2434 1875 Attendant
2472 1825 2527 1875 et
2573 1819 2795 1875 videant
2833 1834 3027 1876 omnes
3073 1820 3169 1890 qui
3218 1833 3411 1875 sanum
3453 1819 3702 1888 sapiunt,
3733 1819 3777 1873 si

2132 1907 2332 1963 factum
2380 1913 2463 1964 est
2519 1908 2919 1978 hujuscemodi,
2969 1910 3017 1963 si
3068 1909 3253 1965 audita
3300 1915 3384 1963 est
3427 1920 3689 1976 umquam
3726 1907 3780 1961 in

2133 1996 2378 2052 Ecclesia
2434 1996 2686 2052 conlusio
2751 1996 2948 2053 similis
2996 1997 3124 2053 huic
3180 1996 3512 2053 confusioni.
3565 1995 3778 2060 Videte,

2131 2085 2412 2140 carissime
2441 2085 2684 2153 domine,
2744 2087 2873 2156 quia
2921 2093 3068 2142 terra
3124 2092 3395 2142 commota
3428 2091 3511 2141 est
3558 2089 3616 2139 et
3654 2096 3782 2140 con-

2133 2175 2368 2231 turbata.
2428 2175 2483 2231 Si
2539 2176 2704 2231 vultis
2751 2191 2944 2232 sanare
3002 2176 3368 2232 contritiones
3415 2176 3557 2246 ejus,
3609 2174 3666 2229 iu
3714 2187 3778 2229 eo

2131 2264 2280 2333 quod
2314 2264 2562 2334 cmpistis
2590 2266 2819 2320 ﬁrmiter
2849 2266 3148 2335 persistite,
3173 2272 3227 2321 et
3259 2264 3408 2335 quod
3442 2258 3785 2325 :editicastis,‘

2130 2365 2241 2408 non
2273 2352 2561 2409 destruite.
2586 2354 2639 2409 Si
2675 2354 2818 2409 enim
2843 2354 2899 2409 in
2920 2353 2984 2385 ⁵⁵⁸
3004 2355 3227 2423 incepto
3257 2354 3456 2409 itinere
3476 2360 3777 2408 retrorsum

2131 2441 2314 2497 redire
2354 2448 2409 2497 et
2438 2443 2509 2498 ob
2539 2442 2916 2499 difﬁcultatem
2943 2443 3267 2499 diverticula
3298 2456 3550 2513 quaerere
3589 2440 3774 2505 vultis,

2131 2544 2242 2587 non
2300 2530 2477 2587 solum
2533 2531 2814 2587 vulnerata
2864 2546 2974 2589 non
3032 2532 3260 2597 sanatis,
3317 2532 3414 2588 sed
3471 2545 3597 2601 quae
3651 2536 3775 2585 sa'na

2128 2626 2257 2675 sunt
2286 2620 2604 2675 vulneratis.
2648 2622 2780 2675 Nam
2810 2620 2855 2676 si
2905 2635 2967 2676 ea
2998 2620 3395 2677 dissimulando
3435 2633 3561 2689 quae
3602 2626 3774 2673 vestra

2129 2711 2323 2766 statuit
2370 2712 2690 2778 auctoritas,
2733 2725 2836 2768 nos
2887 2713 2942 2767 in
3004 2711 3181 2768 media
3221 2715 3572 2781 tempestate,
3614 2722 3773 2779 quam

2128 2813 2229 2869 pro
2259 2799 2416 2855 vobis
2450 2800 2803 2867 incurrimus,
2847 2800 3256 2871 derelinquitis,
3299 2800 3457 2855 testis
3485 2805 3572 2854 est
3610 2812 3775 2867 super

2131 2901 2233 2943 nos
2263 2889 2463 2943 cmlum
2494 2896 2548 2944 et
2578 2896 2745 2956 terra,
2775 2889 2903 2960 quia
2933 2888 2998 2920 ⁵⁸⁸
3027 2890 3229 2961 injuste
3260 2889 3461 2959 perditi
3488 2901 3702 2943 sumus.
3744 2905 3771 2935 ιι

2205 2975 2321 3031 115.
2390 2978 2523 3032 Item
2588 2986 2712 3047 post
2795 2978 3019 3049 aliquod
3095 2979 3361 3049 temporis
3429 2974 3773 3032 intervallum

2129 3073 2404 3122 nostrates
2431 3067 2571 3122 hanc
2597 3067 2889 3137 epistolam
2910 3068 3113 3124 domno
3134 3067 3440 3139 apostolico
3472 3066 3770 3121 miserunt:

2131 3158 2319 3211 «Non
2377 3157 2513 3213 latet
2585 3158 2931 3214 sanctitatem
2988 3167 3245 3225 vestram,
3331 3164 3566 3228 quantas
3622 3155 3774 3211 vobis

2129 3245 2441 3302 obediendo
2482 3248 2896 3316 persecutiones
2929 3248 3074 3318 passi
3104 3262 3311 3314 sumus,
3332 3246 3614 3318 quomodo
3634 3244 3780 3301 aesti-

2130 3336 2258 3391 mati
2309 3350 2497 3391 sumus
2534 3336 2678 3391 sicut
2741 3350 2871 3393 oves
2912 3338 3227 3403 occisionis,
3279 3335 3559 3406 quomodo
3586 3332 3778 3390 traditi

2129 3439 2316 3481 sumus
2353 3426 2410 3480 in
2458 3423 2694 3481 fabulam
2744 3432 2801 3482 et
2837 3426 2894 3482 in
2925 3426 3338 3497 improperium.
3380 3425 3433 3481 Si
3473 3437 3608 3494 ergo
3647 3422 3777 3478 talia

2132 3528 2232 3587 pro
2260 3514 2416 3570 vobis
2461 3514 2806 3583 sustinendo,
2858 3515 3027 3571 nichil
3075 3530 3106 3572 a
3153 3515 3308 3571 vobis
3352 3515 3545 3586 gratiae
3575 3512 3777 3569 merui-

2131 3619 2271 3672 mus,
2295 3619 2396 3660 nec
2417 3604 2569 3675 digni
2595 3619 2784 3661 sumus
2809 3620 3039 3676 quorum
3072 3605 3385 3661 liberationi
3405 3604 3650 3659 studium
3681 3601 3777 3657 im-

2131 3694 2403 3764 pendatur
2418 3714 2430 3749 :
2446 3709 2615 3764 quare
2635 3694 2825 3751 saltem
2834 3696 3066 3765 justitia,
3082 3710 3207 3766 qua:
3228 3710 3328 3751 nec
3350 3694 3591 3750 inimicis
3608 3693 3778 3748 dene-

394 3773 634 3845 dignitas
660 3791 728 3832 ex
759 3778 1024 3850 dignitate
1071 3782 1373 3850 apostolica
1403 3782 1523 3837 sine
1562 3782 1673 3838 ullo
1703 3784 2041 3839 conditionis
2128 3784 2305 3854 ganda
2325 3790 2428 3850 est,
2454 3785 2615 3839 nobis
2634 3784 2969 3856 denegatur?
3006 3786 3061 3841 Si
3091 3800 3223 3857 ergo
3249 3788 3455 3856 justum
3480 3790 3586 3852 est,
3625 3782 3774 3853 quod

393 3860 769 3920 additamenta
816 3867 1282 3924 interdiceretur?
1319 3870 1375 3924 Si
1434 3870 1678 3926 nondum
1734 3871 2035 3941 discussus,
2123 3873 2330 3943 justum
2361 3888 2481 3929 esse
2506 3873 2690 3929 multis
2718 3874 2777 3906 ⁸⁶¹
2808 3876 3006 3932 vestris
3025 3875 3432 3931 hortationibus
3455 3873 3775 3938 didicimus,

394 3948 493 4004 sed
539 3950 719 4007 adhuc
747 3953 1148 4023 discutiendus,
1180 3971 1349 4026 quare
1380 3959 1495 4029 regi
1524 3959 1682 4015 alteri
1713 3959 1941 4017 obedire
1972 3975 2040 4017 ex
2129 3961 2345 4017 scilicet
2383 3969 2443 4017 ut
2488 3961 2568 4017 illi
2598 3963 2887 4019 sentcntiae
2943 3972 3139 4020 vestra:
3196 3979 3319 4034 quae
3366 3964 3422 4019 in
3454 3962 3773 4019 Heinricum

395 4045 575 4093 vestra
631 4043 959 4099 auctoritate
1019 4045 1160 4113 jussi
1215 4060 1421 4113 sumus,
1470 4048 1787 4119 priusquam
1826 4055 2038 4105 certum
2130 4051 2402 4120 processit
2431 4051 2772 4119 obediamus,
2805 4052 2885 4108 illi
2932 4053 3025 4123 qui
3057 4068 3086 4108 e
3126 4053 3404 4109 contrario
3435 4051 3616 4108 eidem
3655 4064 3778 4106 sen-

395 4123 608 4194 fuisset,
640 4128 806 4186 istum
864 4146 974 4188 non
1015 4147 1177 4203 posse
1226 4143 1497 4205 regnare?
1547 4138 1721 4207 Hujus
1759 4138 1839 4194 rei
1870 4145 2039 4194 testes
2128 4140 2315 4196 tentia:
2344 4147 2540 4196 vestra:
2594 4142 2830 4211 superbe
2884 4150 3193 4214 repugnant
3237 4142 3321 4209 ‘6’,
3371 4156 3543 4213 quare
3572 4153 3775 4197 secun-

392 4222 521 4273 sunt
551 4219 697 4289 apud
746 4234 848 4277 nos
894 4221 1095 4282 littera:
1141 4230 1359 4291 vestrae,
1413 4226 1618 4295 quippe
1648 4227 1797 4296 quod
1827 4226 2039 4299 legatus
2127 4228 2256 4285 dum
2308 4230 2579 4299 justitiam
2628 4244 2737 4287 non
2788 4232 3287 4303 constringuntur?
3332 4245 3505 4302 quare
3536 4244 3640 4301 pro
3670 4229 3773 4284 hac

393 4306 543 4363 sedis
584 4311 906 4380 apostolica:
955 4319 1133 4369 vestra
1170 4315 1419 4384 jussione
1447 4315 1712 4372 anteriori
1742 4316 1822 4372 illi
1853 4317 2102 4393 denuo“
2127 4318 2504 4375 inobedientia
2542 4320 2748 4376 nullam
2797 4322 3119 4392 apostolicae
3165 4323 3450 4393 gravitatis
3478 4334 3769 4377 censuram

392 4397 547 4469 regni
576 4399 948 4469 gubernacula
1008 4402 1395 4461 interdicendo
1425 4419 1456 4459 a
1510 4404 1794 4460 liminibus
1829 4373 2411 4466 sanctteDsentiunt?
2458 4424 2628 4480 quare
2684 4411 2795 4465 illis
2832 4373 3203 4478 rconceditur),
3245 4411 3394 4482 quod
3454 4419 3564 4466 tam
3633 4410 3771 4480 ipsis

390 4487 643 4545 ecclesia:
672 4491 946 4559 separavit
991 4499 1100 4547 tam
1142 4493 1296 4548 illum
1341 4508 1503 4564 quam
1543 4508 1734 4550 omnes
1761 4494 1867 4551 sibi
1897 4510 2035 4551 cou-
2118 4514 2279 4570 quam
2302 4500 2464 4556 nobis
2492 4500 2851 4557 interdictum
2881 4509 3004 4557 est?
3033 4502 3428 4572 autquomodo
3467 4500 3579 4556 illis
3610 4499 3765 4563 licet.

387 4578 733 4647 sentientes;
766 4580 999 4637 alterum
1049 4596 1200 4650 vero,
1233 4584 1328 4653 qui
1358 4584 1415 4639 in
1448 4584 1629 4640 locum
1667 4584 1817 4640 illius
1842 4585 2037 4641 subro-
2119 4589 2268 4659 quod
2307 4589 2469 4645 nobis
2500 4589 2753 4645 illicitum
2784 4589 2988 4647 factum
3020 4598 3141 4647 est?
3163 4593 3301 4647 Ecce
3333 4590 3439 4662 ipsi
3471 4591 3593 4645 sine
3614 4589 3766 4646 omni

386 4674 547 4736 gatus
602 4675 687 4723 est
734 4677 922 4726 nostra
971 4670 1265 4738 electione,
1336 4674 1393 4728 in
1454 4674 1659 4744 regiam
1715 4673 2036 4744 dignitatem
2119 4677 2556 4734 contradictione
2614 4686 2814 4745 vestra,
2857 4679 2939 4734 illi
2987 4680 3056 4736 ad
3097 4680 3382 4737 obtentum
3416 4679 3573 4750 regni
3603 4678 3767 4734 auxi-

386 4756 693 4827 apostolica
748 4760 1078 4816 auctoritate
1130 4761 1493 4828 confirmavit,
1560 4762 1926 4833 omnibusque
1972 4762 2037 4794 ³⁵³⁸
2118 4766 2253 4822 lium
2312 4767 2585 4837 praebent,
2645 4770 2735 4824 cui
2795 4781 2893 4824 vos
2950 4768 3103 4839 regni
3162 4768 3537 4840 gubernacula
3594 4769 3767 4824 inter-

386 4844 446 4902 in
496 4860 668 4917 regno
724 4848 1067 4907 Theutonico
1126 4851 1580 4919 consistentibus,
1623 4857 1683 4907 ut
1739 4852 1844 4907 sibi
1903 4853 2036 4909 obe-
2117 4855 2372 4923 dixistis;
2418 4856 2499 4913 illi
2543 4857 2687 4913 sicut
2733 4857 2850 4929 regi
2899 4859 3167 4926 serviunt,
3219 4872 3382 4928 quem
3439 4872 3537 4914 vos
3587 4872 3764 4928 usque

389 4934 562 5004 diant,
599 4949 666 4992 ex
695 4945 848 5007 parte
879 4940 1277 5010 omnipotentis
1313 4941 1411 4997 Dei
1444 4941 1729 5011 praecepit.
1758 4942 2034 5013 Numquid
2118 4944 2257 5000 adeo
2296 4958 2327 5000 a
2376 4945 2526 5017 regia
2570 4945 2838 5017 dignitate
2876 4946 3235 5016 deposuistis,
3265 4953 3325 5002 ut
3354 4960 3546 5003 omnes
3575 4961 3607 5002 a
3637 4948 3764 5003 viu-

390 5024 510 5082 haac
539 5025 723 5083 omnia
751 5026 1085 5086 destruenda
1100 5037 1229 5087 sunt
1257 5037 1314 5086 et
1335 5044 1435 5101 pro
1457 5030 1665 5087 nichilo
1688 5032 2035 5101 reputanda?
2117 5033 2242 5089 culo
2266 5034 2587 5104 juramenti,
2646 5034 2794 5105 quod
2849 5035 2901 5090 ei
2924 5034 3177 5091 fecerunt
3203 5035 3288 5092 vel
3318 5033 3543 5102 facient,
3576 5036 3761 5092 absol-

392 5115 461 5170 Ut
495 5121 678 5174 autem
724 5117 795 5173 de
842 5117 1072 5189 reliquis
1128 5119 1385 5176 omnibus
1438 5124 1735 5188 taceamus,
1788 5128 1939 5177 certe
1985 5121 2032 5177 si
2114 5123 2455 5190 veretis;illi
2486 5123 2868 5195 participando
2897 5125 3325 5194 communicant,
3357 5139 3519 5197 quem
3550 5125 3766 5199 legatus

390 5202 507 5261 sola
533 5204 630 5262 illa
675 5206 951 5265 absolutio
999 5216 1488 5277 sacramentorum,
1536 5222 1699 5281 quam
1728 5209 1785 5266 in
1815 5211 2029 5281 synodo
2114 5218 2320 5270 sanctae
2349 5214 2608 5270 Romana:
2656 5212 2918 5271 Ecclesiae
2947 5215 3132 5272 denuo
3163 5215 3269 5272 sibi
3298 5215 3456 5288 regni
3484 5215 3764 5287 gubernao

1772 5354 1996 5410 VARLE
2032 5355 2362 5412 LECTIONE

388 5470 734 5616 ῃὲἄθῗξη
753 5473 807 5531 2.
921 5475 985 5509 ⁸⁸⁷
1013 5490 1123 5549 que
1150 5476 1313 5534 deest.
1350 5477 1398 5534 l.
1510 5477 1575 5510 ⁸⁸⁸
1601 5478 1681 5534 ita
1724 5477 1779 5535 2.
1823 5486 2047 5551 propter

2133 5525 2134 5531 η
2248 5478 2312 5511 ⁸⁸⁵
2341 5479 2410 5536 ab
2438 5478 2494 5536 2.
2606 5480 2671 5512 ⁸⁴⁰
2700 5482 2849 5553 quod
2880 5481 2934 5536 2.
3047 5482 3106 5514 ’σί
3138 5483 3303 5541 vultis
3336 5482 3383 5538 1.
3497 5482 3562 5515 ⁸⁸⁸
3591 5496 3762 5554 repu-
