4014 6176
228 313 325 369 573
1497 329 1582 383 DE
1621 330 1833 385 BELLO
1869 330 2213 387 SAXONICO.
3464 340 3569 395 574

227 438 335 496 cula
379 439 807 499 contradicendo
834 443 901 476 ⁸⁸³
936 460 967 501 a
1014 446 1294 507 liminibus
1339 458 1543 509 sanctae
1593 454 1845 512 ecclesite
1865 459 1958 516 Aa
1990 455 2372 525 prceliantibus
2410 457 2592 515 lentus
2628 459 2868 527 sederet,
2910 466 3164 518 eventum
3202 464 3333 521 belli
3368 467 3570 524 dubius

225 527 516 627 separavit;
566 529 751 627 illiad
775 536 1189 604 oppressionem
1240 550 1483 598 nostram
1524 558 1646 600 cum
1696 546 1845 602 omni
1929 553 2245 615 expectans,
2279 552 2338 602 ut
2385 548 2472 603 cui
2523 548 2663 618 parti
2699 549 2930 605 victoria
2972 550 3217 619 cederet,
3250 554 3302 609 ei
3339 569 3571 627 congra-

224 616 391 673 studio
412 617 572 714 vires
607 620 1009 714 administrant.
1049 628 1318 699 Quicquid
1355 633 1497 688 enim
1528 634 1655 690 mali
1695 635 1843 705 pati-
1928 633 2155 691 tulando
2202 638 2388 692 socius
2432 616 2742 693 accederet.
2794 638 2964 710 Igitur
3012 616 3287 697 exercitus
3336 616 3569 714 uterque

223 719 348 803 mur,
371 705 604 803 abillis
643 709 879 803 patimur
907 727 1046 783 quos
1073 729 1170 771 vos
1219 719 1513 787 prohibere
1544 728 1599 778 et
1628 722 1845 779 debetis
1927 733 2301 781 convenerunt
2355 726 2409 781 in
2458 726 2582 783 loco
2631 729 2726 797 qui
2775 705 3143 787 Flathecheim
3174 731 3238 762 "°
3269 730 3370 803 (47)
3409 705 3570 788 voca-

220 800 269 888 et
295 795 539 888 potestis.
570 797 777 888 Quibus
804 799 933 856 dum
964 803 1111 859 nulla
1139 820 1169 860 a
1208 808 1364 864 vobis
1400 812 1727 868 auctoritate
1758 828 1847 869 re-
1928 820 2035 879 tur,
2068 821 2123 869 et
2155 815 2235 870 sic
2266 795 2665 883 consederunt,
2693 825 2753 872 ut
2783 817 2927 873 inter
2955 833 3050 875 eos
3090 821 3257 888 rivus,
3284 795 3395 877 non
3426 821 3569 878 latus

217 884 431 978 sistitur,
466 885 595 978 sine
617 886 786 943 dubio
815 891 883 945 ad
925 892 1358 953 internecionem
1408 908 1648 957 nostram
1689 902 1842 959 frena
1926 902 2147 971 quidem
2186 904 2283 959 sed
2331 903 2656 975 profundus,
2689 905 3003 963 haberetur.
3056 884 3252 978 Itaque
3294 916 3571 966 nostrates

218 971 471 1065 laxantur.
520 974 692 1065 Igitur
718 986 897 1033 vestra
935 979 1029 1036 illa
1074 980 1278 1040 famosa
1326 990 1681 1057 strennuitas,
1716 1007 1839 1063 quae
1925 991 1993 1045 ad
2041 971 2443 1049 defendendum
2498 971 2673 1064 partis
2714 1010 2829 1051 suae
2869 995 3001 1051 litus
3049 971 3311 1065 ordinati,
3345 998 3471 1055 illos
3498 998 3565 1054 ad

209 1061 350 1129 juxta
394 1063 704 1159 apostolum
748 1080 966 1159 semper
1000 1070 1057 1126 in
1106 1082 1362 1145 promptu
1409 1077 1600 1135 habuit
1647 1061 1838 1137 ulcisci
1923 1094 1982 1136 se
2020 1087 2280 1138 venturos
2329 1083 2385 1137 in
2433 1061 2631 1138 declivi
2680 1085 2885 1140 montis
2930 1092 3244 1155 expectant,
3296 1061 3357 1144 ut
3393 1089 3569 1159 ipsius

214 1162 422 1247 omnem.
463 1151 913 1247 inobedientiam,
944 1173 1113 1229 quare
1144 1163 1302 1220 istam
1352 1180 1463 1222 non
1512 1169 1841 1229 ulciscitur?
1923 1173 2299 1241 oportunitate
2339 1171 2447 1227 loci
2495 1172 2921 1239 descendentes,
2955 1151 3144 1231 hostes
3181 1151 3568 1247 supinos-faci-

210 1238 568 1337 Quare-istam
608 1241 1026 1337 dissimulat,et
1063 1249 1225 1307 talem
1255 1255 1476 1323 quidem
1507 1258 1841 1315 inobedien-
1920 1238 2028 1315 ltus
2056 1267 2355 1316 retrorsum
2387 1260 2689 1330 impellant.
2724 1262 2789 1316 Et
2817 1238 3003 1318 Ottoni
3036 1264 3183 1332 duci,
3217 1238 3327 1336 quo
3358 1269 3567 1337 primus

209 1326 326 1382 tiam
364 1327 431 1383 de
472 1343 580 1400 qua
619 1331 757 1387 mala
802 1334 1047 1392 inaudita
1066 1337 1132 1370 ⁵⁸⁸
1180 1342 1452 1411 oriuntur,
1504 1346 1644 1401 mala
1693 1362 1836 1417 quo-
1920 1362 2156 1420 pugnam
2205 1326 2481 1416 conserat,
2513 1350 2805 1419 imperant.
2843 1353 2985 1423 Ergo
3017 1352 3145 1409 dum
3194 1326 3276 1411 sic
3324 1326 3563 1413 ordinati

209 1429 456 1514 rumpon
488 1425 572 1475 est
618 1430 919 1514 numerus?
964 1427 1019 1482 Si
1058 1431 1279 1498 quando
1328 1434 1543 1492 miserae
1574 1449 1677 1492 nos
1705 1451 1837 1493 oves
1919 1444 2213 1505 nostrates,
2264 1438 2551 1493 adversum
2600 1452 2658 1493 se
2705 1449 2967 1496 venturos
3014 1442 3203 1499 hostes
3249 1447 3561 1514 attendunt,

206 1505 477 1606 inaliquo
519 1510 1195 1606 excessimusgconfestim
1241 1521 1361 1577 sine
1390 1536 1561 1592 mora,
1593 1526 1713 1582 sine
1743 1526 1833 1582 di-
1916 1527 2018 1593 illi,
2078 1527 2222 1583 sicut
2275 1541 2493 1597 semper
2544 1527 2818 1606 solebant,
2878 1530 3180 1588 calliditate
3239 1505 3557 1606 pugnaturi,

205 1592 396 1686 latione
424 1596 485 1651 in
526 1610 627 1654 nos
671 1603 991 1670 apostolicae
1037 1609 1374 1666 austeritatis
1419 1613 1658 1670 vindicta
1707 1630 1835 1686 pro-
1916 1592 2138 1673 nostros
2189 1592 2469 1686 improvisi
2525 1599 2981 1683 circumveniunt,
3032 1627 3087 1676 et
3134 1592 3263 1677 dum
3312 1592 3348 1679 Ξ
3380 1592 3560 1681 fronte

202 1685 373 1780 cessit.
406 1687 565 1743 Nunc
593 1695 773 1780 autem
806 1706 927 1747 cum
958 1695 1026 1750 ad
1057 1695 1218 1766 lupos
1255 1708 1573 1769 perventum
1604 1685 1719 1771 est,
1740 1708 1833 1775 qui
1918 1706 2103 1762 venire
2142 1685 2423 1776 putantur,
2475 1706 2659 1762 subito
2709 1713 2833 1776 post
2879 1714 3090 1779 tergum
3138 1711 3562 1780 respicientibus

201 1775 395 1843 apertis
439 1778 718 1834 morsibus
756 1781 813 1836 in
861 1798 1079 1856 gregem
1120 1789 1461 1847 Dominicum
1508 1793 2113 1863 desaeviunt,Badesse
2141 1775 2415 1851 videntur.
2469 1797 2619 1851 Tunc
2665 1775 2760 1851 rex
2807 1775 3075 1853 Rodulfus
3120 1775 3363 1856 velocem
3412 1801 3560 1857 misit

201 1863 371 1955 omnia
405 1879 543 1955 cum
600 1869 864 1938 patientia
914 1880 969 1928 et
1014 1874 1427 1947 longanimitate
1483 1882 1828 1949 diﬂ'eruntur,
1912 1886 2098 1940 Ottoni
2147 1884 2275 1940 duci
2326 1886 2598 1953 nuntium,
2632 1900 2732 1955 per
2778 1887 2945 1941 Deum
2994 1887 3298 1955 obtestans,
3332 1896 3391 1945 ut
3419 1891 3559 1946 anti-

200 1951 371 2049 omnia
400 1953 458 2009 in
506 1957 703 2025 spiritu
742 1959 984 2017 lenitatis
1031 1965 1353 2023 tolerantur.
1396 1971 1670 2041 Rogamus
1699 1989 1829 2045 ergo
1912 1989 2035 2044 quae
2084 1988 2292 2030 memor
2337 1951 2587 2041 virtutis,
2626 1951 2771 2031 sicut
2818 1976 3152 2046 dispositum
3199 1951 3397 2045 fuerat,
3439 1980 3557 2049 ipse

198 2040 364 2138 vos”
403 2058 504 2113 per
551 2059 749 2138 nomen
796 2050 1010 2107 Domini
1057 2055 1205 2123 Jesu,
1248 2064 1306 2113 ut
1353 2059 1465 2116 sive
1494 2040 1610 2117 vos
1652 2040 1831 2121 terror
1913 2040 2117 2119 bellum
2168 2064 2377 2133 primus
2426 2040 2672 2133 incipere
2717 2078 2828 2120 non
2876 2064 3129 2138 refugiat.
3161 2068 3258 2123 Cui
3292 2069 3402 2124 dux
3431 2040 3557 2125 Otto

197 2128 289 2185 viri
328 2136 667 2221 peccatoris,
699 2140 858 2209 cujus
900 2140 1075 2211 gloria
1120 2151 1336 2203 stercus
1381 2156 1436 2204 et
1473 2152 1674 2207 vermis
1722 2161 1827 2221 est,

193 2220 501 2279 exorbitare
548 2223 696 2293 fecit,
729 2229 843 2284 sive
889 2228 1235 2290 familiarium
1288 2251 1646 2306 personarum
1696 2220 1832 2299 mol-

182 2307 271 2364 lita
300 2314 597 2380 persuasio
627 2315 896 2383 delinivit,
930 2327 989 2375 ut
1018 2322 1258 2379 redeatis
1285 2328 1352 2382 ad
1384 2342 1499 2395 cor,
1534 2338 1593 2385 ut
1622 2345 1831 2390 memor

173 2397 289 2454 sitis
337 2401 659 2459 honestatis
705 2412 760 2460 et
806 2407 1019 2463 timoris
1066 2411 1301 2480 Domini,
1342 2422 1397 2470 et
1434 2417 1479 2472 si
1520 2433 1629 2474 non
1668 2423 1831 2480 nobis

166 2496 400 2559 preptcr
464 2502 568 2545 nos
623 2494 866 2560 parcitis,
916 2496 1106 2553 saltem
1153 2507 1348 2559 vestra:
1402 2505 1735 2569 innocentia:
1772 2515 1830 2571 in

161 2578 299 2632 tanti
349 2579 656 2648 sanguinis
701 2580 966 2640 effusione
1021 2587 1375 2655 provideatis.
1434 2595 1568 2650 Nam
1615 2598 1661 2654 si
1705 2602 1829 2659 illos

164 2664 406 2754 amplius
437 2666 508 2721 in
558 2681 659 2724 nos
704 2675 941 2741 grassari
991 2677 1328 2747 permittitis,
1365 2695 1505 2751 quos
1534 2687 1829 2754 prohibere

180 2752 396 2848 debetis
443 2761 505 2848 et
552 2759 805 2848 potestis,
855 2763 1155 2820 timendum
1205 2775 1308 2835 est,
1343 2783 1411 2826 ne
1450 2752 1632 2831 coram
1678 2781 1828 2848 justo

181 2841 371 2898 iudice
422 2843 492 2900 de
541 2847 856 2916 perditione
900 2859 1086 2909 nostra
1136 2860 1544 2919 excusationem
1576 2841 1695 2922 non'
1734 2869 1831 2925 ha-

187 2929 374 2987 beatis.
410 2955 436 2983 π

254 3019 374 3075 116.
408 3024 500 3079 Sic
532 3032 679 3082 totus
708 3041 885 3084 annus
912 3030 1004 3087 ille
1036 3036 1398 3105 consumitur,
1423 3045 1481 3093 ut
1510 3039 1623 3097 fere
1654 3042 1823 3100 nichil

1910 2152 2218 2222 respondit,
2252 2152 2297 2207 si
2328 2152 2455 2219 sibi,
2487 2152 2631 2208 sicut
2679 2155 3032 2224 putabantur,
3065 2157 3243 2226 primo
3282 2157 3560 2213 venissent

1908 2239 1995 2308 δτι,
2024 2255 2082 2296 se
2109 2240 2423 2296 nullatenus
2466 2254 2657 2297 eorum
2687 2243 3001 2298 violentiam
3039 2242 3376 2313 formidare;
3410 2259 3557 2302 nunc

1910 2342 2041 2384 vero
2072 2343 2131 2384 se
2163 2342 2272 2386 non
2305 2344 2467 2399 posse
2492 2345 2607 2386 sua:
2638 2331 2873 2402 legionis
2912 2331 3161 2388 ordinem
3194 2338 3556 2398 convertere;

1911 2424 1965 2473 et
2013 2420 2243 2489 rogavit,
2279 2426 2339 2475 ut
2386 2419 2465 2474 illi
2516 2420 2718 2490 quibus
2769 2421 2948 2490 primo
2985 2420 3285 2487 venissent,
3320 2435 3417 2477 eos
3445 2428 3560 2477 tota

1908 2507 2110 2564 virtute
2158 2510 2527 2579 susciperent,
2563 2509 2891 2580 promittens
2918 2524 2977 2565 se
3008 2524 3130 2565 cum
3173 2510 3406 2580 primum
3437 2524 3558 2580 pos-

1911 2603 2015 2663 set,
2048 2597 2211 2653 eisin
2243 2599 2502 2655 auxilium
2534 2605 2842 2655 venturum.
2894 2600 3141 2671 Denique
3189 2599 3361 2656 multo
3399 2600 3560 2655 aliter

1912 2686 2177 2756 incipitur
2224 2702 2384 2757 quam
2443 2688 2769 2758 dispositum
2819 2688 3032 2745 fuisset.
3092 2691 3225 2744 Nam
3273 2688 3555 2745 novissimi

1914 2775 2052 2830 ﬁunt
2083 2776 2264 2845 primi,
2298 2783 2351 2832 et
2382 2777 2543 2847 primi
2575 2778 2875 2833 novissimi.
2904 2779 3121 2833 Acriter
3154 2778 3338 2849 itaque
3368 2779 3561 2833 utrim-

1911 2878 2018 2933 que
2050 2871 2343 2934 pugnatur,
2375 2865 2472 2920 sed
2504 2872 2779 2920 momento
2808 2865 2959 2921 brevi
2991 2865 3196 2921 finitur.
3228 2867 3362 2921 Nam
3391 2867 3558 2922 Saxo-

1912 2965 2008 3007 nes
2046 2952 2309 3008 citissime
2361 2955 2634 3019 conversi,
2688 2954 2962 3022 hostibus,
2997 2956 3092 3025 qui
3140 2954 3246 3010 sibi
3293 2963 3557 3011 venerant

1910 3054 1941 3095 a
1989 3048 2164 3111 tergo,
2214 3041 2397 3097 vultus
2452 3041 2748 3098 horribiles
2805 3043 3122 3109 ostendunt,
3174 3051 3228 3099 et
3276 3058 3383 3101 non
3427 3052 3553 3101 ante

191 3113 539 3205 memorabile
570 3115 727 3205 fieret
755 3117 811 3174 in
856 3121 1059 3177 nostris
1088 3124 1356 3193 partibus,
1381 3128 1486 3184 nisi
1517 3131 1664 3200 quod
1694 3124 1886 3203 apo-C
1911 3130 2222 3199 quiescunt,
2273 3145 2435 3201 quam
2493 3144 2590 3186 eos
2619 3132 2675 3187 in
2731 3129 2910 3202 fugam
2966 3144 3176 3199 versos,
3237 3132 3342 3188 sibi
3401 3130 3553 3205 terga

189 3198 359 3257 stolici
390 3201 559 3275 legati
586 3203 906 3277 frequenter
930 3209 995 3265 ad
1028 3216 1287 3283 utrasque
1320 3224 1504 3285 partes
1533 3198 1821 3289 venerunt,

189 3295 238 3378 et
273 3304 418 3348 nunc
470 3295 652 3362 nobis,
687 3309 832 3354 nunc
888 3299 1140 3358 hostibus
1196 3307 1403 3361 nostris
1457 3311 1820 3378 apostolicum

186 3374 411 3436 favorem
465 3385 871 3456 promittentes,
903 3390 971 3445 ab
1003 3393 1248 3464 utrisque
1301 3374 1609 3466 pecuniam,
1643 3416 1822 3470 quan-

188 3472 284 3523 tam
314 3477 576 3540 poterant
624 3489 775 3533 more
823 3479 1069 3537 Romano
1119 3485 1470 3554 conquirere,
1502 3503 1687 3545 secum
1717 3491 1823 3547 de-

189 3556 439 3617 tulerunt.

255 3647 367 3707 117.
409 3653 472 3708 In
526 3657 779 3724 sequenti
818 3671 948 3713 vero
979 3672 1145 3727 anno,
1178 3661 1274 3731 qui
1318 3668 1436 3719 erat
1464 3664 1531 3720 ab
1559 3667 1825 3723 Incarna—

187 3734 323 3795 tione
369 3743 594 3799 Domini
644 3744 797 3812 1080,
831 3761 1017 3804 mense
1065 3751 1343 3818 Januario,
1380 3754 1667 3812 Heinricus
1712 3758 1823 3814 ite-

188 3836 291 3915 rum
340 3839 683 3904 congregato
731 3848 840 3891 non
897 3851 1073 3906 parva:
1131 3839 1500 3897 multitudinis
1551 3847 1821 3915 exercitu,

185 3914 458 3977 Saxoniam
491 3923 714 3979 volebat
745 3924 1021 3994 invadere,
1054 3936 1316 3998 reputans
1343 3933 1606 4002 Saxones,
1633 3940 1821 4005 utpote

186 4007 409 4092 quietem
440 4011 578 4069 dum
609 4027 714 4083 pax
742 4022 861 4070 erat
888 4024 1153 4085 amantes,
1186 4032 1297 4075 non
1326 4019 1643 4092 frequentes
1671 4026 1822 4082 exire

186 4091 365 4154 hiemis
394 4106 672 4172 tempore.
724 4105 967 4160 Saxones
995 4120 1124 4163 vero
1165 4107 1349 4163 multis
1388 4091 1500 4179 jam
1539 4111 1821 4170 laboribus

186 4188 453 4275 exercitati
486 4197 549 4247 et
579 4206 678 4262 per
708 4195 903 4250 multas
933 4195 1343 4267 inquietudines
1374 4214 1405 4255 a
1434 4215 1627 4259 somno
1657 4206 1823 4275 quie—

188 4272 249 4329 tis
274 4279 669 4353 expergefacti,
705 4289 817 4338 tota
837 4282 901 4314 ⁵⁸⁸
941 4285 1141 4342 virtute
1188 4288 1480 4345 studebant
1514 4292 1564 4346 ei
1604 4272 1817 4351 obviam

184 4366 353 4423 venire
400 4377 457 4425 et
508 4370 632 4439 ejus
674 4371 935 4442 impetum
973 4375 1041 4429 ab
1087 4376 1368 4433 invasione
1414 4380 1656 4449 regionis
1702 4397 1816 4439 sua:

1906 3226 2211 3276 monstrare
2253 3220 2612 3291 compellunt.
2671 3220 2918 3276 Victores
2963 3222 3149 3292 itaque
3199 3225 3441 3279 Saxones
3470 3238 3553 3279 re-

1905 3309 2071 3377 versi,
2121 3309 2339 3377 multas,
2372 3310 2517 3365 sicut
2563 3309 2816 3375 decebat,
2850 3309 3042 3366 laudes
3081 3309 3394 3367 referebant
3440 3325 3554 3368 om-

1905 3398 2054 3452 nium
2101 3397 2373 3454 bonorum
2422 3398 2692 3468 largitori.
2726 3400 2805 3452 Ex
2835 3398 3041 3453 nostris
3077 3405 3258 3452 autem
3292 3399 3465 3467 jacuit
3494 3399 3549 3455 in

1905 3485 2000 3541 illo
2059 3486 2257 3555 prmlio
2315 3485 2673 3556 Meginfridus
2711 3484 2773 3515 ⁵⁷¹
2841 3483 3358 3555 Magedaburgensis
3415 3500 3552 3554 prae-

1903 3571 2101 3639 fectus,
2152 3588 2217 3629 ex
2234 3573 2299 3604 ³⁷³
2348 3573 2458 3628 illis
2507 3587 2634 3628 vero
2682 3570 3082 3627 Folcmarus‘”
3129 3578 3183 3626 et
3214 3571 3277 3603 ³⁷⁵
3323 3574 3553 3644 Pragen-

1904 3664 1981 3718 sis
2025 3662 2340 3733 praefectus,
2373 3669 2428 3718 et
2458 3676 2582 3717 cum
2613 3661 2695 3715 eis
2741 3660 3089 3715 Boemiorum
3128 3666 3549 3731 ceterorumque

1905 3764 2016 3806 non
2064 3765 2262 3820 parvus
2314 3763 2596 3805 numerus.
2651 3748 2967 3804 Heinricum
3015 3753 3220 3815 autem,
3272 3749 3365 3819 qui
3424 3764 3550 3806 mox

1905 3841 2129 3911 incepto
2171 3839 2367 3911 prmlio
2415 3838 2557 3910 fugae
2605 3852 2663 3894 se
2717 3838 3137 3904 commendavit,
3198 3838 3551 3912 Lothowigus

1906 3945 2005 4000 per
2032 3929 2220 3985 silvam
2246 3928 2457 3985 semitis
2486 3927 2785 3984 latentibus
2812 3926 3060 3983 abduxit.
3102 3928 3390 3985 Exercitus
3418 3943 3547 3986 vero
3582 3924 3585 3927 ’

1905 4022 2024 4090 ejus
2058 4032 2169 4076 non
2226 4019 2388 4090 longe
2446 4025 2573 4089 post
2619 4016 2688 4072 ad
2740 4016 2986 4087 ejusdem
3032 4015 3174 4088 fuga
3228 4018 3547 4089 prasidium

1904 4114 2150 4172 coactus,
2175 4110 2331 4179 juxta
2360 4107 2637 4178 quoddam
2667 4106 2949 4163 castellum
2971 4107 3120 4178 quod
3150 4106 3356 4164 dicitur
3373 4110 3549 4165 Wart—

1904 4198 2125 4270 bergm
2156 4198 2277 4270 (48)
2321 4197 2577 4269 fatigatus
2624 4197 2897 4265 consedit,
2940 4205 2995 4252 et
3040 4197 3139 4264 ibi,
3182 4197 3361 4254 donec
3408 4198 3549 4255 cibis

1902 4297 1955 4346 et
1996 4289 2186 4360 requie
2237 4293 2621 4345 recrearentur
2650 4301 2907 4356 corpora,
2941 4287 3270 4361 repausavit.
3321 4288 3546 4342 Nostra-

1904 4386 1986 4434 tes
2015 4392 2168 4446 vero,
2201 4379 2295 4449 qui
2343 4377 2626 4445 castellum
2666 4376 2947 4440 tenebant,
2981 4375 3188 4443 impetu
3234 4374 3419 4429 subito
3449 4388 3557 4429 eos-

187 4456 458 4524 repellere.
516 4461 624 4516 Sed
656 4460 749 4518 ille
788 4463 949 4518 solita
980 4464 1278 4523 calliditate
1310 4469 1553 4525 Saxones
1584 4471 1653 4526 ab
1681 4453 2171 4535 invi-Dinsiliunt,
2205 4474 2259 4523 et
2302 4467 2383 4523 eis
2420 4465 2640 4537 fugatis,
2687 4463 2870 4520 omnia
2914 4475 3053 4532 pene
3098 4475 3223 4531 quae
3269 4461 3545 4518 habebant

186 4556 291 4600 cem
334 4550 510 4606 multa
562 4552 934 4621 promittendo
980 4553 1259 4622 diviserat,
1292 4562 1352 4611 ut
1398 4571 1508 4613 non
1548 4558 1643 4615 diu
1689 4568 1816 4617 ante

186 4628 315 4691 diem
359 4639 553 4710 prmlii
600 4640 855 4697 Widekin
884 4641 968 4711 ⁵⁸⁷,
1015 4643 1299 4714 Wiprecht
1327 4643 1411 4711 ³⁸⁸,
1463 4652 1518 4701 et
1563 4647 1819 4705 Theode-

184 4720 318 4780 rlcus
359 4728 682 4787 Geronism
726 4730 890 4799 illius,
940 4745 1064 4788 cum
1112 4732 1298 4790 multis
1338 4733 1461 4790 aliis
1508 4749 1538 4790 a
1584 4736 1817 4793 Saxoni-

186 4808 276 4869 bus
327 4818 394 4874 ad
453 4819 651 4876 hostes
706 4822 1023 4889 transirent,
1083 4829 1139 4879 et
1192 4823 1519 4881 Ekkibertus
1574 4827 1817 4884 marchio

186 4917 295 4963 cum
321 4922 422 4965 sua
463 4910 688 4982 legione
736 4918 946 4968 neutra:
994 4913 1133 4983 parti
1180 4914 1474 4981 accedens,
1506 4928 1617 4971 non
1655 4916 1817 4989 longe

1900 4557 2190 4626 diripiunt,
2223 4568 2416 4625 equos,
2447 4568 2618 4621 arma,
2649 4567 2774 4609 vasa
2801 4565 2966 4607 aurea
2992 4556 3048 4606 et
3075 4556 3352 4621 argentea,
3388 4551 3546 4621 piper

1901 4653 1951 4703 et
1985 4646 2091 4702 alia
2140 4646 2436 4717 pigmenta,
2467 4644 2631 4716 pallia
2659 4650 2715 4700 et
2753 4643 2994 4715 pretiosa
3034 4640 3375 4697 vestimenta.
3416 4642 3546 4696 Erat

1901 4736 2045 4793 enim
2092 4736 2150 4791 in
2195 4735 2384 4791 eadem
2437 4735 2701 4791 societate
2752 4730 3061 4803 patriarcha
3090 4736 3146 4786 et
3175 4728 3268 4785 alii
3307 4729 3541 4800 partium

1901 4826 2115 4881 illarum
2173 4825 2474 4897 principes,
2524 4825 2620 4895 qui
2670 4835 2856 4879 secum
2911 4819 3131 4876 divitias
3186 4824 3541 4889 portaverant

1900 4918 2170 4988 ingentes.
2219 4917 2442 4972 Factum
2491 4919 2575 4970 est
2625 4918 2807 4969 autem
2865 4911 2972 4967 hoc
3018 4910 3239 4965 tertium
3289 4908 3542 4979 proelium

1532 5068 1752 5125 VARIE
1798 5069 2183 5126 LECTIONES.

245 5183 307 5267 f‘f
340 5187 735 5267 interdicendo
764 5190 818 5246 2.
888 5190 958 5267 ξοδ
994 5190 1206 5267 infinita
1236 5192 1290 5247 2.
1332 5192 1431 5267 At“
1454 5193 1612 5267 deest
1646 5195 1693 5251 l.
1726 5266 1733 5267 ί
1770 5192 1835 5267 '9‘
1873 5208 1994 5267 cum
2047 5209 2177 5267 rege
2222 5208 2326 5267 suo
2355 5189 2601 5267 Bodulfo
2634 5189 2833 5267 tot_:_1_2.
2876 5186 2974 5267 .“7
3013 5185 3281 5267 widekint
3322 5181 3398 5239 Ib.
3420 5181 3541 5267 yi-

185 5251 327 5332 Qikin
353 5259 410 5332 2.
490 5259 557 5292 ⁸⁸⁸
594 5263 858 5332 wipertus
884 5262 939 5319 2.
1014 5261 1079 5294 “’

185 5323 241 5358 ’τ’
274 5331 351 5387 ita
385 5331 444 5389 2.
495 5323 821 5392 meinfi'idus
869 5335 915 5389 l.

186 5394 243 5429 ⁵⁷⁸
276 5404 555 5462 wartberh
585 5404 640 5461 2.

1017 5333 1082 5367 ⁸⁷³
1119 5333 1175 5391 et
1205 5350 1272 5393 ex
1304 5336 1352 5392 1.

1115 5279 1169 5334 Β·
1201 5265 1418 5322 comitis
1446 5264 1503 5321 2.
1578 5266 1641 5298 ⁵⁷⁰
1679 5266 2020 5324 Flathechim
2056 5261 2137 5323 Ιδῖ
2176 5263 2524 5322 Fladecheim
2570 5262 2627 5317 2.
2695 5261 2764 5334 _'"

1454 5336 1519 5369 ⁸⁷⁵
1556 5337 1817 5396 falmarus
1861 5338 1908 5394 l.
1958 5338 2270 5395 volcmarus
2313 5334 2387 5392 1".
2447 5351 2494 5392 ο.
2536 5332 2727 5391 Dresd.

2806 5259 3039 5331 primum
3086 5256 3440 5331 obvenissent
3484 5254 3540 5331 2_.

2832 5330 2898 5363 ⁸⁷⁸
2935 5330 3098 5388 etiam
3147 5326 3221 5385 1b.
3263 5344 3310 5385 υ.
3347 5325 3538 5385 Dresd.

1758 5509 1973 5566 ΝΟΤᾸΕ.

247 5624 346 5698 (47)
380 5628 688 5688 Flarcbeim
720 5643 893 5703 prope
919 5629 1295 5689 Muhlhausen.

1993 5630 2116 5706 (48)
2151 5631 2465 5703 Wartburg.
