  <div class='ocr_page' id='page_1' title='image "/cluster/home/n/w/nwhite01/storage/ocr_20150623/147/hvd.32044073505281/293.png"; bbox 0 0 4014 6176; ppageno 0'>
   <div class='ocr_carea' id='block_1_1' title="bbox 408 247 515 302">
    <p class='ocr_par' dir='ltr' id='par_1_1' title="bbox 408 247 515 302">
     <span class='ocr_line' id='line_1_1' title="bbox 408 247 515 302; baseline 0 -1"><span class='ocrx_word' id='word_1_1' title='bbox 408 247 515 302; x_wconf 78' lang='grc'><strong>575</strong></span> 
     </span>
    </p>
   </div>
   <div class='ocr_carea' id='block_1_2' title="bbox 1468 254 2739 312">
    <p class='ocr_par' dir='ltr' id='par_1_2' title="bbox 1468 254 2739 312">
     <span class='ocr_line' id='line_1_2' title="bbox 1468 254 2739 312; baseline -0.002 -2"><span class='ocrx_word' id='word_1_2' title='bbox 1468 256 1802 312; x_wconf 74' lang='lat' dir='ltr'><strong>BRUNONIS</strong></span> <span class='ocrx_word' id='word_1_3' title='bbox 1837 256 2103 312; x_wconf 78' lang='lat' dir='ltr'><strong>CLEBJCI</strong></span> <span class='ocrx_word' id='word_1_4' title='bbox 2144 254 2739 311; x_wconf 78' lang='lat' dir='ltr'><strong>MAGDEBURGENSIS</strong></span> 
     </span>
    </p>
   </div>
   <div class='ocr_carea' id='block_1_3' title="bbox 3669 250 3771 303">
    <p class='ocr_par' dir='ltr' id='par_1_3' title="bbox 3669 250 3771 303">
     <span class='ocr_line' id='line_1_3' title="bbox 3669 250 3771 303; baseline 0 0"><span class='ocrx_word' id='word_1_5' title='bbox 3669 250 3771 303; x_wconf 79' lang='grc'><strong>576</strong></span> 
     </span>
    </p>
   </div>
   <div class='ocr_carea' id='block_1_4' title="bbox 408 372 3776 448">
    <p class='ocr_par' dir='ltr' id='par_1_4' title="bbox 408 372 3776 448">
     <span class='ocr_line' id='line_1_4' title="bbox 408 372 3776 448; baseline 0.001 -21"><span class='ocrx_word' id='word_1_6' title='bbox 408 384 554 430; x_wconf 89' lang='lat' dir='ltr'><strong>anno</strong></span> <span class='ocrx_word' id='word_1_7' title='bbox 612 372 828 430; x_wconf 83' lang='lat' dir='ltr'><strong>Domini</strong></span> <span class='ocrx_word' id='word_1_8' title='bbox 892 372 1047 442; x_wconf 88' lang='lat'><strong>1080,</strong></span> <span class='ocrx_word' id='word_1_9' title='bbox 1096 375 1131 429; x_wconf 89' lang='lat'><strong>6</strong></span> <span class='ocrx_word' id='word_1_10' title='bbox 1188 377 1415 433; x_wconf 77' lang='lat' dir='ltr'><strong>Kalend.</strong></span> <span class='ocrx_word' id='word_1_11' title='bbox 1476 379 1760 448; x_wconf 88' lang='lat' dir='ltr'><strong>Februar.,</strong></span> <span class='ocrx_word' id='word_1_12' title='bbox 1815 378 1949 435; x_wconf 89' lang='lat' dir='ltr'><strong>l‘eria</strong></span> <span class='ocrx_word' id='word_1_13' title='bbox 1996 378 2453 439; x_wconf 81' lang='lat' dir='ltr'><strong>2.Aobservent.</strong></span> <span class='ocrx_word' id='word_1_14' title='bbox 2493 378 2833 447; x_wconf 83' lang='lat' dir='ltr'><strong>Quicumque</strong></span> <span class='ocrx_word' id='word_1_15' title='bbox 2862 384 3043 431; x_wconf 91' lang='lat' dir='ltr'><strong>autem</strong></span> <span class='ocrx_word' id='word_1_16' title='bbox 3075 376 3194 432; x_wconf 67' lang='lat' dir='ltr'><strong>haec</strong></span> <span class='ocrx_word' id='word_1_17' title='bbox 3223 382 3413 432; x_wconf 89' lang='lat' dir='ltr'><strong>nostra</strong></span> <span class='ocrx_word' id='word_1_18' title='bbox 3440 380 3642 431; x_wconf 89' lang='lat' dir='ltr'><strong>statuta</strong></span> <span class='ocrx_word' id='word_1_19' title='bbox 3670 375 3776 430; x_wconf 83' lang='lat' dir='ltr'><strong>ulla</strong></span> 
     </span>
    </p>
   </div>
   <div class='ocr_carea' id='block_1_5' title="bbox 490 459 2055 537">
    <p class='ocr_par' dir='ltr' id='par_1_5' title="bbox 490 459 2055 537">
     <span class='ocr_line' id='line_1_5' title="bbox 490 459 2055 537; baseline 0.006 -23"><span class='ocrx_word' id='word_1_20' title='bbox 490 459 589 514; x_wconf 91' lang='lat'><strong>118</strong></span> <span class='ocrx_word' id='word_1_21' title='bbox 607 460 691 516; x_wconf 83' lang='grc'><strong>⁸⁷⁷.</strong></span> <span class='ocrx_word' id='word_1_22' title='bbox 715 463 841 532; x_wconf 88' lang='lat' dir='ltr'><strong>Ipso</strong></span> <span class='ocrx_word' id='word_1_23' title='bbox 862 463 972 534; x_wconf 83' lang='lat'><strong>(49)</strong></span> <span class='ocrx_word' id='word_1_24' title='bbox 1001 479 1144 521; x_wconf 88' lang='lat' dir='ltr'><strong>anno</strong></span> <span class='ocrx_word' id='word_1_25' title='bbox 1167 465 1402 522; x_wconf 89' lang='lat' dir='ltr'><strong>domnus</strong></span> <span class='ocrx_word' id='word_1_26' title='bbox 1429 467 1767 537; x_wconf 75' lang='lat' dir='ltr'><strong>apostolicus</strong></span> <span class='ocrx_word' id='word_1_27' title='bbox 1796 468 1853 523; x_wconf 88' lang='lat' dir='ltr'><strong>in</strong></span> <span class='ocrx_word' id='word_1_28' title='bbox 1877 468 2055 524; x_wconf 88' lang='lat' dir='ltr'><strong>Theu-</strong></span> 
     </span>
    </p>
   </div>
   <div class='ocr_carea' id='block_1_6' title="bbox 2141 464 3773 538">
    <p class='ocr_par' dir='ltr' id='par_1_6' title="bbox 2141 464 3773 538">
     <span class='ocr_line' id='line_1_6' title="bbox 2141 464 3773 538; baseline -0.004 -13"><span class='ocrx_word' id='word_1_29' title='bbox 2141 469 2567 538; x_wconf 66' lang='lat' dir='ltr'><strong>praasumptione</strong></span> <span class='ocrx_word' id='word_1_30' title='bbox 2605 466 2810 523; x_wconf 90' lang='lat' dir='ltr'><strong>violare</strong></span> <span class='ocrx_word' id='word_1_31' title='bbox 2854 465 3223 535; x_wconf 90' lang='lat' dir='ltr'><strong>temptaverit,</strong></span> <span class='ocrx_word' id='word_1_32' title='bbox 3254 464 3619 521; x_wconf 88' lang='lat' dir='ltr'><strong>anathematis</strong></span> <span class='ocrx_word' id='word_1_33' title='bbox 3656 478 3773 519; x_wconf 89' lang='lat' dir='ltr'><strong>eum</strong></span> 
     </span>
    </p>
   </div>
   <div class='ocr_carea' id='block_1_7' title="bbox 414 551 3775 628">
    <p class='ocr_par' dir='ltr' id='par_1_7' title="bbox 414 551 3775 628">
     <span class='ocr_line' id='line_1_7' title="bbox 414 551 3775 628; baseline 0.001 -22"><span class='ocrx_word' id='word_1_34' title='bbox 414 551 629 608; x_wconf 87' lang='lat' dir='ltr'><strong>tonicas</strong></span> <span class='ocrx_word' id='word_1_35' title='bbox 676 558 862 622; x_wconf 88' lang='lat' dir='ltr'><strong>partes</strong></span> <span class='ocrx_word' id='word_1_36' title='bbox 890 567 921 608; x_wconf 90' lang='lat' dir='ltr'><strong>a</strong></span> <span class='ocrx_word' id='word_1_37' title='bbox 949 555 1148 611; x_wconf 89' lang='lat' dir='ltr'><strong>siuodo</strong></span> <span class='ocrx_word' id='word_1_38' title='bbox 1184 556 1291 626; x_wconf 88' lang='grc'><strong>(50)</strong></span> <span class='ocrx_word' id='word_1_39' title='bbox 1323 557 1623 623; x_wconf 88' lang='lat' dir='ltr'><strong>subjectam</strong></span> <span class='ocrx_word' id='word_1_40' title='bbox 1664 558 1812 614; x_wconf 90' lang='lat' dir='ltr'><strong>misit</strong></span> <span class='ocrx_word' id='word_1_41' title='bbox 1842 561 2053 628; x_wconf 88' lang='lat' dir='ltr'><strong>episto-</strong></span> <span class='ocrx_word' id='word_1_42' title='bbox 2136 557 2355 613; x_wconf 91' lang='lat' dir='ltr'><strong>vinculo</strong></span> <span class='ocrx_word' id='word_1_43' title='bbox 2385 556 2636 627; x_wconf 88' lang='lat' dir='ltr'><strong>ligamus,</strong></span> <span class='ocrx_word' id='word_1_44' title='bbox 2660 562 2715 610; x_wconf 90' lang='lat' dir='ltr'><strong>et</strong></span> <span class='ocrx_word' id='word_1_45' title='bbox 2736 568 2845 611; x_wconf 92' lang='lat' dir='ltr'><strong>non</strong></span> <span class='ocrx_word' id='word_1_46' title='bbox 2876 553 3053 610; x_wconf 90' lang='lat' dir='ltr'><strong>solum</strong></span> <span class='ocrx_word' id='word_1_47' title='bbox 3078 555 3131 609; x_wconf 89' lang='lat' dir='ltr'><strong>in</strong></span> <span class='ocrx_word' id='word_1_48' title='bbox 3153 553 3375 624; x_wconf 81' lang='lat' dir='ltr'><strong>spiritu,</strong></span> <span class='ocrx_word' id='word_1_49' title='bbox 3398 567 3588 609; x_wconf 88' lang='lat' dir='ltr'><strong>verum</strong></span> <span class='ocrx_word' id='word_1_50' title='bbox 3618 554 3775 608; x_wconf 89' lang='lat' dir='ltr'><strong>etiam</strong></span> 
     </span>
    </p>
   </div>
   <div class='ocr_carea' id='block_1_8' title="bbox 414 640 2053 715">
    <p class='ocr_par' dir='ltr' id='par_1_8' title="bbox 414 640 2053 715">
     <span class='ocr_line' id='line_1_8' title="bbox 414 640 2053 715; baseline 0.005 -19"><span class='ocrx_word' id='word_1_51' title='bbox 414 640 521 696; x_wconf 90' lang='lat' dir='ltr'><strong>lam</strong></span> <span class='ocrx_word' id='word_1_52' title='bbox 550 640 615 672; x_wconf 80' lang='grc'><strong>⁵⁷⁸</strong></span> <span class='ocrx_word' id='word_1_53' title='bbox 647 661 659 697; x_wconf 88' lang='lat'>:</span> <span class='ocrx_word' id='word_1_54' title='bbox 696 660 724 693; x_wconf 86' lang='lat'><strong>«</strong></span> <span class='ocrx_word' id='word_1_55' title='bbox 753 642 1049 713; x_wconf 86' lang='lat' dir='ltr'><strong>Gregorius</strong></span> <span class='ocrx_word' id='word_1_56' title='bbox 1096 645 1390 715; x_wconf 86' lang='lat' dir='ltr'><strong>episcOpus</strong></span> <span class='ocrx_word' id='word_1_57' title='bbox 1417 645 1481 676; x_wconf 71' lang='grc'><strong>⁸⁷³</strong></span> <span class='ocrx_word' id='word_1_58' title='bbox 1537 661 1727 703; x_wconf 88' lang='lat' dir='ltr'><strong>servus</strong></span> <span class='ocrx_word' id='word_1_59' title='bbox 1775 662 2053 704; x_wconf 90' lang='lat' dir='ltr'><strong>servorum</strong></span> 
     </span>
    </p>
   </div>
   <div class='ocr_carea' id='block_1_9' title="bbox 416 732 2058 807">
    <p class='ocr_par' dir='ltr' id='par_1_9' title="bbox 416 732 2058 807">
     <span class='ocr_line' id='line_1_9' title="bbox 416 732 2058 807; baseline 0.004 -20"><span class='ocrx_word' id='word_1_60' title='bbox 416 732 532 798; x_wconf 89' lang='lat' dir='ltr'><strong>Dei,</strong></span> <span class='ocrx_word' id='word_1_61' title='bbox 566 732 823 788; x_wconf 91' lang='lat' dir='ltr'><strong>omnibus</strong></span> <span class='ocrx_word' id='word_1_62' title='bbox 874 732 1308 804; x_wconf 83' lang='lat' dir='ltr'><strong>archiepiscopis</strong></span> <span class='ocrx_word' id='word_1_63' title='bbox 1354 743 1409 792; x_wconf 91' lang='lat' dir='ltr'><strong>et</strong></span> <span class='ocrx_word' id='word_1_64' title='bbox 1456 738 1735 807; x_wconf 89' lang='lat' dir='ltr'><strong>episcopis</strong></span> <span class='ocrx_word' id='word_1_65' title='bbox 1782 739 1836 792; x_wconf 91' lang='lat' dir='ltr'><strong>in</strong></span> <span class='ocrx_word' id='word_1_66' title='bbox 1882 739 2058 793; x_wconf 84' lang='lat' dir='ltr'><strong>Theu-</strong></span> 
     </span>
    </p>
   </div>
   <div class='ocr_carea' id='block_1_10' title="bbox 418 820 2056 894">
    <p class='ocr_par' dir='ltr' id='par_1_10' title="bbox 418 820 2056 894">
     <span class='ocr_line' id='line_1_10' title="bbox 418 820 2056 894; baseline 0.005 -19"><span class='ocrx_word' id='word_1_67' title='bbox 418 820 605 876; x_wconf 91' lang='lat' dir='ltr'><strong>tonico</strong></span> <span class='ocrx_word' id='word_1_68' title='bbox 644 827 809 891; x_wconf 90' lang='lat' dir='ltr'><strong>atque</strong></span> <span class='ocrx_word' id='word_1_69' title='bbox 856 822 912 877; x_wconf 91' lang='lat' dir='ltr'><strong>in</strong></span> <span class='ocrx_word' id='word_1_70' title='bbox 960 822 1230 879; x_wconf 87' lang='lat' dir='ltr'><strong>Saxonico</strong></span> <span class='ocrx_word' id='word_1_71' title='bbox 1270 838 1439 894; x_wconf 88' lang='lat' dir='ltr'><strong>regno</strong></span> <span class='ocrx_word' id='word_1_72' title='bbox 1478 827 1952 882; x_wconf 88' lang='lat' dir='ltr'><strong>commanentibus</strong></span> <span class='ocrx_word' id='word_1_73' title='bbox 1971 827 2056 892; x_wconf 65' lang='lat'><strong>“3°,</strong></span> 
     </span>
    </p>
   </div>
   <div class='ocr_carea' id='block_1_11' title="bbox 418 908 2056 986">
    <p class='ocr_par' dir='ltr' id='par_1_11' title="bbox 418 908 2056 986">
     <span class='ocr_line' id='line_1_11' title="bbox 418 908 2056 986; baseline 0.004 -22"><span class='ocrx_word' id='word_1_74' title='bbox 418 908 781 979; x_wconf 87' lang='lat' dir='ltr'><strong>omnibusque</strong></span> <span class='ocrx_word' id='word_1_75' title='bbox 822 912 1182 981; x_wconf 78' lang='lat' dir='ltr'><strong>principibus,</strong></span> <span class='ocrx_word' id='word_1_76' title='bbox 1224 914 1440 970; x_wconf 91' lang='lat' dir='ltr'><strong>cunctis</strong></span> <span class='ocrx_word' id='word_1_77' title='bbox 1477 916 1639 971; x_wconf 91' lang='lat' dir='ltr'><strong>etiam</strong></span> <span class='ocrx_word' id='word_1_78' title='bbox 1678 917 1977 986; x_wconf 89' lang='lat' dir='ltr'><strong>majoribus</strong></span> <span class='ocrx_word' id='word_1_79' title='bbox 1995 914 2056 947; x_wconf 74' lang='grc'><strong>⁸⁸⁵</strong></span> 
     </span>
    </p>
   </div>
   <div class='ocr_carea' id='block_1_12' title="bbox 418 999 2062 1071">
    <p class='ocr_par' dir='ltr' id='par_1_12' title="bbox 418 999 2062 1071">
     <span class='ocr_line' id='line_1_12' title="bbox 418 999 2062 1071; baseline 0.005 -18"><span class='ocrx_word' id='word_1_80' title='bbox 418 1003 583 1068; x_wconf 89' lang='lat' dir='ltr'><strong>atque</strong></span> <span class='ocrx_word' id='word_1_81' title='bbox 638 999 963 1066; x_wconf 86' lang='lat' dir='ltr'><strong>minoribus,</strong></span> <span class='ocrx_word' id='word_1_82' title='bbox 1017 1002 1111 1071; x_wconf 90' lang='lat' dir='ltr'><strong>qui</strong></span> <span class='ocrx_word' id='word_1_83' title='bbox 1150 1016 1261 1057; x_wconf 89' lang='lat' dir='ltr'><strong>non</strong></span> <span class='ocrx_word' id='word_1_84' title='bbox 1316 1011 1446 1059; x_wconf 92' lang='lat' dir='ltr'><strong>sunt</strong></span> <span class='ocrx_word' id='word_1_85' title='bbox 1501 1006 1955 1061; x_wconf 83' lang='lat' dir='ltr'><strong>excommunicati</strong></span> <span class='ocrx_word' id='word_1_86' title='bbox 2006 1012 2062 1061; x_wconf 88' lang='lat' dir='ltr'><strong>et</strong></span> 
     </span>
    </p>
   </div>
   <div class='ocr_carea' id='block_1_13' title="bbox 418 1085 2061 1163">
    <p class='ocr_par' dir='ltr' id='par_1_13' title="bbox 418 1085 2061 1163">
     <span class='ocr_line' id='line_1_13' title="bbox 418 1085 2061 1163; baseline 0.004 -21"><span class='ocrx_word' id='word_1_87' title='bbox 418 1085 666 1143; x_wconf 71' lang='lat' dir='ltr'><strong>obtedire</strong></span> <span class='ocrx_word' id='word_1_88' title='bbox 714 1088 1007 1156; x_wconf 86' lang='lat' dir='ltr'><strong>voluerint,</strong></span> <span class='ocrx_word' id='word_1_89' title='bbox 1050 1090 1280 1147; x_wconf 82' lang='lat' dir='ltr'><strong>salutem</strong></span> <span class='ocrx_word' id='word_1_90' title='bbox 1329 1100 1384 1147; x_wconf 90' lang='lat' dir='ltr'><strong>et</strong></span> <span class='ocrx_word' id='word_1_91' title='bbox 1428 1094 1786 1163; x_wconf 83' lang='lat' dir='ltr'><strong>apostolicam</strong></span> <span class='ocrx_word' id='word_1_92' title='bbox 1836 1094 2061 1151; x_wconf 87' lang='lat' dir='ltr'><strong>benedi—</strong></span> 
     </span>
    </p>
   </div>
   <div class='ocr_carea' id='block_1_14' title="bbox 418 1174 2061 1252">
    <p class='ocr_par' dir='ltr' id='par_1_14' title="bbox 418 1174 2061 1252">
     <span class='ocr_line' id='line_1_14' title="bbox 418 1174 2061 1252; baseline 0.005 -23"><span class='ocrx_word' id='word_1_93' title='bbox 418 1174 678 1231; x_wconf 88' lang='lat' dir='ltr'><strong>ctionem.</strong></span> <span class='ocrx_word' id='word_1_94' title='bbox 709 1178 975 1244; x_wconf 87' lang='lat' dir='ltr'><strong>Quoniam</strong></span> <span class='ocrx_word' id='word_1_95' title='bbox 1005 1193 1070 1234; x_wconf 85' lang='lat' dir='ltr'><strong>ex</strong></span> <span class='ocrx_word' id='word_1_96' title='bbox 1102 1179 1197 1235; x_wconf 93' lang='lat' dir='ltr'><strong>lite</strong></span> <span class='ocrx_word' id='word_1_97' title='bbox 1227 1187 1283 1236; x_wconf 89' lang='lat' dir='ltr'><strong>et</strong></span> <span class='ocrx_word' id='word_1_98' title='bbox 1312 1180 1675 1247; x_wconf 85' lang='lat' dir='ltr'><strong>dissensione,</strong></span> <span class='ocrx_word' id='word_1_99' title='bbox 1700 1197 1825 1252; x_wconf 70' lang='lat' dir='ltr'><strong>qua:</strong></span> <span class='ocrx_word' id='word_1_100' title='bbox 1857 1182 2061 1238; x_wconf 87' lang='lat' dir='ltr'><strong>tamdiu</strong></span> 
     </span>
    </p>
   </div>
   <div class='ocr_carea' id='block_1_15' title="bbox 416 1262 2061 1341">
    <p class='ocr_par' dir='ltr' id='par_1_15' title="bbox 416 1262 2061 1341">
     <span class='ocr_line' id='line_1_15' title="bbox 416 1262 2061 1341; baseline 0.006 -24"><span class='ocrx_word' id='word_1_101' title='bbox 416 1262 563 1318; x_wconf 90' lang='lat' dir='ltr'><strong>inter</strong></span> <span class='ocrx_word' id='word_1_102' title='bbox 592 1278 688 1320; x_wconf 93' lang='lat' dir='ltr'><strong>vos</strong></span> <span class='ocrx_word' id='word_1_103' title='bbox 734 1274 837 1332; x_wconf 85' lang='lat' dir='ltr'><strong>est,</strong></span> <span class='ocrx_word' id='word_1_104' title='bbox 871 1268 1163 1324; x_wconf 86' lang='lat' dir='ltr'><strong>maximum</strong></span> <span class='ocrx_word' id='word_1_105' title='bbox 1212 1270 1267 1324; x_wconf 87' lang='lat' dir='ltr'><strong>in</strong></span> <span class='ocrx_word' id='word_1_106' title='bbox 1319 1276 1507 1325; x_wconf 89' lang='lat' dir='ltr'><strong>sancta</strong></span> <span class='ocrx_word' id='word_1_107' title='bbox 1548 1271 1789 1327; x_wconf 85' lang='lat' dir='ltr'><strong>Ecclesia</strong></span> <span class='ocrx_word' id='word_1_108' title='bbox 1839 1274 2061 1341; x_wconf 90' lang='lat' dir='ltr'><strong>pericu-</strong></span> 
     </span>
    </p>
   </div>
   <div class='ocr_carea' id='block_1_16' title="bbox 417 1351 2061 1427">
    <p class='ocr_par' dir='ltr' id='par_1_16' title="bbox 417 1351 2061 1427">
     <span class='ocr_line' id='line_1_16' title="bbox 417 1351 2061 1427; baseline 0.004 -20"><span class='ocrx_word' id='word_1_109' title='bbox 417 1351 551 1420; x_wconf 89' lang='lat' dir='ltr'><strong>lum,</strong></span> <span class='ocrx_word' id='word_1_110' title='bbox 584 1355 876 1411; x_wconf 84' lang='lat' dir='ltr'><strong>maximum</strong></span> <span class='ocrx_word' id='word_1_111' title='bbox 922 1356 1165 1427; x_wconf 89' lang='lat' dir='ltr'><strong>undique</strong></span> <span class='ocrx_word' id='word_1_112' title='bbox 1196 1358 1340 1414; x_wconf 91' lang='lat' dir='ltr'><strong>inter</strong></span> <span class='ocrx_word' id='word_1_113' title='bbox 1370 1372 1467 1415; x_wconf 91' lang='lat' dir='ltr'><strong>vos</strong></span> <span class='ocrx_word' id='word_1_114' title='bbox 1502 1359 1893 1416; x_wconf 90' lang='lat' dir='ltr'><strong>detrimentum</strong></span> <span class='ocrx_word' id='word_1_115' title='bbox 1944 1360 2061 1415; x_wconf 85' lang='lat' dir='ltr'><strong>ﬁeri</strong></span> 
     </span>
    </p>
   </div>
   <div class='ocr_carea' id='block_1_17' title="bbox 418 1441 2060 1515">
    <p class='ocr_par' dir='ltr' id='par_1_17' title="bbox 418 1441 2060 1515">
     <span class='ocr_line' id='line_1_17' title="bbox 418 1441 2060 1515; baseline 0.005 -19"><span class='ocrx_word' id='word_1_116' title='bbox 418 1441 648 1498; x_wconf 88' lang='lat' dir='ltr'><strong>cottidie</strong></span> <span class='ocrx_word' id='word_1_117' title='bbox 686 1445 1089 1514; x_wconf 80' lang='lat' dir='ltr'><strong>cognoscimus,</strong></span> <span class='ocrx_word' id='word_1_118' title='bbox 1122 1446 1332 1503; x_wconf 90' lang='lat' dir='ltr'><strong>idcirco</strong></span> <span class='ocrx_word' id='word_1_119' title='bbox 1362 1448 1534 1504; x_wconf 88' lang='lat' dir='ltr'><strong>visum</strong></span> <span class='ocrx_word' id='word_1_120' title='bbox 1565 1456 1649 1505; x_wconf 89' lang='lat' dir='ltr'><strong>est</strong></span> <span class='ocrx_word' id='word_1_121' title='bbox 1677 1450 1857 1515; x_wconf 89' lang='lat' dir='ltr'><strong>nobis,</strong></span> <span class='ocrx_word' id='word_1_122' title='bbox 1889 1451 2060 1505; x_wconf 91' lang='lat' dir='ltr'><strong>visum</strong></span> 
     </span>
    </p>
   </div>
   <div class='ocr_carea' id='block_1_18' title="bbox 419 1530 2060 1609">
    <p class='ocr_par' dir='ltr' id='par_1_18' title="bbox 419 1530 2060 1609">
     <span class='ocr_line' id='line_1_18' title="bbox 419 1530 2060 1609; baseline 0.004 -25"><span class='ocrx_word' id='word_1_123' title='bbox 419 1535 503 1585; x_wconf 91' lang='lat' dir='ltr'><strong>est</strong></span> <span class='ocrx_word' id='word_1_124' title='bbox 555 1539 609 1586; x_wconf 90' lang='lat' dir='ltr'><strong>et</strong></span> <span class='ocrx_word' id='word_1_125' title='bbox 674 1530 938 1588; x_wconf 86' lang='lat' dir='ltr'><strong>fratribus</strong></span> <span class='ocrx_word' id='word_1_126' title='bbox 999 1535 1204 1590; x_wconf 81' lang='lat' dir='ltr'><strong>nostris</strong></span> <span class='ocrx_word' id='word_1_127' title='bbox 1267 1535 1322 1589; x_wconf 94' lang='lat' dir='ltr'><strong>in</strong></span> <span class='ocrx_word' id='word_1_128' title='bbox 1389 1536 1626 1593; x_wconf 91' lang='lat' dir='ltr'><strong>concilio</strong></span> <span class='ocrx_word' id='word_1_129' title='bbox 1695 1537 2060 1609; x_wconf 82' lang='lat' dir='ltr'><strong>congregatis,</strong></span> 
     </span>
    </p>
   </div>
   <div class='ocr_carea' id='block_1_19' title="bbox 419 1620 2064 1695">
    <p class='ocr_par' dir='ltr' id='par_1_19' title="bbox 419 1620 2064 1695">
     <span class='ocr_line' id='line_1_19' title="bbox 419 1620 2064 1695; baseline 0.005 -22"><span class='ocrx_word' id='word_1_130' title='bbox 419 1632 630 1675; x_wconf 89' lang='lat' dir='ltr'><strong>summo</strong></span> <span class='ocrx_word' id='word_1_131' title='bbox 689 1620 966 1678; x_wconf 89' lang='lat' dir='ltr'><strong>desiderio</strong></span> <span class='ocrx_word' id='word_1_132' title='bbox 1024 1629 1279 1689; x_wconf 65' lang='lat' dir='ltr'><strong>aestuare,</strong></span> <span class='ocrx_word' id='word_1_133' title='bbox 1337 1639 1543 1679; x_wconf 90' lang='lat' dir='ltr'><strong>summa</strong></span> <span class='ocrx_word' id='word_1_134' title='bbox 1606 1640 1711 1695; x_wconf 87' lang='lat' dir='ltr'><strong>ope</strong></span> <span class='ocrx_word' id='word_1_135' title='bbox 1779 1626 2064 1681; x_wconf 90' lang='lat' dir='ltr'><strong>elaborare</strong></span> 
     </span>
    </p>
   </div>
   <div class='ocr_carea' id='block_1_20' title="bbox 2139 641 3778 715">
    <p class='ocr_par' dir='ltr' id='par_1_20' title="bbox 2139 641 3778 715">
     <span class='ocr_line' id='line_1_20' title="bbox 2139 641 3778 715; baseline -0.003 -13"><span class='ocrx_word' id='word_1_136' title='bbox 2139 655 2195 703; x_wconf 90' lang='lat' dir='ltr'><strong>et</strong></span> <span class='ocrx_word' id='word_1_137' title='bbox 2214 646 2279 676; x_wconf 78' lang='grc'><strong>⁵⁹⁰</strong></span> <span class='ocrx_word' id='word_1_138' title='bbox 2316 646 2371 701; x_wconf 91' lang='lat' dir='ltr'><strong>in</strong></span> <span class='ocrx_word' id='word_1_139' title='bbox 2415 658 2649 715; x_wconf 89' lang='lat' dir='ltr'><strong>corpore</strong></span> <span class='ocrx_word' id='word_1_140' title='bbox 2680 650 2735 699; x_wconf 89' lang='lat' dir='ltr'><strong>et</strong></span> <span class='ocrx_word' id='word_1_141' title='bbox 2773 645 2829 699; x_wconf 91' lang='lat' dir='ltr'><strong>in</strong></span> <span class='ocrx_word' id='word_1_142' title='bbox 2869 643 3016 699; x_wconf 87' lang='lat' dir='ltr'><strong>omni</strong></span> <span class='ocrx_word' id='word_1_143' title='bbox 3058 642 3423 711; x_wconf 88' lang='lat' dir='ltr'><strong>prosperitate</strong></span> <span class='ocrx_word' id='word_1_144' title='bbox 3463 643 3627 711; x_wconf 84' lang='lat' dir='ltr'><strong>hujus</strong></span> <span class='ocrx_word' id='word_1_145' title='bbox 3654 641 3778 697; x_wconf 60' lang='lat' dir='ltr'><strong>vitae</strong></span> 
     </span>
    </p>
   </div>
   <div class='ocr_carea' id='block_1_21' title="bbox 2140 730 3783 805">
    <p class='ocr_par' dir='ltr' id='par_1_21' title="bbox 2140 730 3783 805">
     <span class='ocr_line' id='line_1_21' title="bbox 2140 730 3783 805; baseline -0.004 -15"><span class='ocrx_word' id='word_1_146' title='bbox 2140 735 2443 805; x_wconf 89' lang='lat' dir='ltr'><strong>apostolica</strong></span> <span class='ocrx_word' id='word_1_147' title='bbox 2456 734 2785 790; x_wconf 88' lang='lat' dir='ltr'><strong>auctoritate</strong></span> <span class='ocrx_word' id='word_1_148' title='bbox 2812 732 3222 797; x_wconf 90' lang='lat' dir='ltr'><strong>innodamus,et</strong></span> <span class='ocrx_word' id='word_1_149' title='bbox 3238 730 3520 787; x_wconf 87' lang='lat' dir='ltr'><strong>victoriam</strong></span> <span class='ocrx_word' id='word_1_150' title='bbox 3542 731 3600 785; x_wconf 89' lang='lat' dir='ltr'><strong>in</strong></span> <span class='ocrx_word' id='word_1_151' title='bbox 3622 731 3783 785; x_wconf 82' lang='lat' dir='ltr'><strong>armis</strong></span> 
     </span>
    </p>
   </div>
   <div class='ocr_carea' id='block_1_22' title="bbox 2140 819 3780 891">
    <p class='ocr_par' dir='ltr' id='par_1_22' title="bbox 2140 819 3780 891">
     <span class='ocr_line' id='line_1_22' title="bbox 2140 819 3780 891; baseline -0.004 -11"><span class='ocrx_word' id='word_1_152' title='bbox 2140 823 2455 889; x_wconf 80' lang='lat' dir='ltr'><strong>auferimus,</strong></span> <span class='ocrx_word' id='word_1_153' title='bbox 2482 831 2540 879; x_wconf 91' lang='lat' dir='ltr'><strong>ut</strong></span> <span class='ocrx_word' id='word_1_154' title='bbox 2566 823 2647 878; x_wconf 90' lang='lat' dir='ltr'><strong>sic</strong></span> <span class='ocrx_word' id='word_1_155' title='bbox 2676 822 2868 877; x_wconf 87' lang='lat' dir='ltr'><strong>saltem</strong></span> <span class='ocrx_word' id='word_1_156' title='bbox 2899 820 3307 878; x_wconf 87' lang='lat' dir='ltr'><strong>confundantur</strong></span> <span class='ocrx_word' id='word_1_157' title='bbox 3337 828 3393 876; x_wconf 91' lang='lat' dir='ltr'><strong>et</strong></span> <span class='ocrx_word' id='word_1_158' title='bbox 3421 819 3629 891; x_wconf 91' lang='lat' dir='ltr'><strong>duplici</strong></span> <span class='ocrx_word' id='word_1_159' title='bbox 3653 832 3780 875; x_wconf 87' lang='lat' dir='ltr'><strong>con-</strong></span> 
     </span>
    </p>
   </div>
   <div class='ocr_carea' id='block_1_23' title="bbox 2144 914 3627 970">
    <p class='ocr_par' dir='ltr' id='par_1_23' title="bbox 2144 914 3627 970">
     <span class='ocr_line' id='line_1_23' title="bbox 2144 914 3627 970; baseline -0.01 -1"><span class='ocrx_word' id='word_1_160' title='bbox 2144 914 2367 970; x_wconf 92' lang='lat' dir='ltr'><strong>tritione</strong></span> <span class='ocrx_word' id='word_1_161' title='bbox 2405 918 2780 969; x_wconf 89' lang='lat' dir='ltr'><strong>conterantur.</strong></span> <span class='ocrx_word' id='word_1_162' title='bbox 2816 930 2844 962; x_wconf 86' lang='lat'>»</span> <span class='ocrx_word' id='word_1_163' title='bbox 3622 918 3627 927; x_wconf 57' lang='grc' dir='ltr'><strong>ί</strong></span> 
     </span>
    </p>
   </div>
   <div class='ocr_carea' id='block_1_24' title="bbox 2220 996 3783 1069">
    <p class='ocr_par' dir='ltr' id='par_1_24' title="bbox 2220 996 3783 1069">
     <span class='ocr_line' id='line_1_24' title="bbox 2220 996 3783 1069; baseline -0.003 -14"><span class='ocrx_word' id='word_1_164' title='bbox 2220 1002 2337 1057; x_wconf 91' lang='lat'><strong>119.</strong></span> <span class='ocrx_word' id='word_1_165' title='bbox 2380 1004 2512 1057; x_wconf 89' lang='lat' dir='ltr'><strong>ltem</strong></span> <span class='ocrx_word' id='word_1_166' title='bbox 2552 1000 2786 1055; x_wconf 90' lang='lat' dir='ltr'><strong>domnus</strong></span> <span class='ocrx_word' id='word_1_167' title='bbox 2843 1013 2979 1069; x_wconf 90' lang='lat' dir='ltr'><strong>papa</strong></span> <span class='ocrx_word' id='word_1_168' title='bbox 3041 999 3155 1069; x_wconf 87' lang='lat' dir='ltr'><strong>regi</strong></span> <span class='ocrx_word' id='word_1_169' title='bbox 3187 996 3423 1054; x_wconf 79' lang='lat' dir='ltr'><strong>Rodulfo</strong></span> <span class='ocrx_word' id='word_1_170' title='bbox 3457 1018 3470 1051; x_wconf 88' lang='lat'><strong>:</strong></span> <span class='ocrx_word' id='word_1_171' title='bbox 3505 1018 3533 1046; x_wconf 86' lang='lat'><strong>«</strong></span> <span class='ocrx_word' id='word_1_172' title='bbox 3575 999 3783 1067; x_wconf 81' lang='lat' dir='ltr'><strong>Grego-</strong></span> 
     </span>
    </p>
   </div>
   <div class='ocr_carea' id='block_1_25' title="bbox 2146 1084 3785 1161">
    <p class='ocr_par' dir='ltr' id='par_1_25' title="bbox 2146 1084 3785 1161">
     <span class='ocr_line' id='line_1_25' title="bbox 2146 1084 3785 1161; baseline -0.005 -15"><span class='ocrx_word' id='word_1_173' title='bbox 2146 1092 2258 1147; x_wconf 89' lang='lat' dir='ltr'><strong>rius</strong></span> <span class='ocrx_word' id='word_1_174' title='bbox 2305 1091 2599 1161; x_wconf 91' lang='lat' dir='ltr'><strong>episcopus</strong></span> <span class='ocrx_word' id='word_1_175' title='bbox 2645 1104 2835 1144; x_wconf 90' lang='lat' dir='ltr'><strong>servus</strong></span> <span class='ocrx_word' id='word_1_176' title='bbox 2885 1102 3167 1143; x_wconf 89' lang='lat' dir='ltr'><strong>servorum</strong></span> <span class='ocrx_word' id='word_1_177' title='bbox 3213 1088 3327 1151; x_wconf 90' lang='lat' dir='ltr'><strong>Dei,</strong></span> <span class='ocrx_word' id='word_1_178' title='bbox 3378 1084 3622 1142; x_wconf 84' lang='lat' dir='ltr'><strong>Rodulfo</strong></span> <span class='ocrx_word' id='word_1_179' title='bbox 3673 1084 3785 1154; x_wconf 83' lang='lat' dir='ltr'><strong>regi</strong></span> 
     </span>
    </p>
   </div>
   <div class='ocr_carea' id='block_1_26' title="bbox 2144 1172 3789 1246">
    <p class='ocr_par' dir='ltr' id='par_1_26' title="bbox 2144 1172 3789 1246">
     <span class='ocr_line' id='line_1_26' title="bbox 2144 1172 3789 1246; baseline -0.005 -10"><span class='ocrx_word' id='word_1_180' title='bbox 2144 1188 2199 1236; x_wconf 90' lang='lat' dir='ltr'><strong>et</strong></span> <span class='ocrx_word' id='word_1_181' title='bbox 2227 1181 2482 1237; x_wconf 89' lang='lat' dir='ltr'><strong>omnibus</strong></span> <span class='ocrx_word' id='word_1_182' title='bbox 2506 1193 2690 1235; x_wconf 89' lang='lat' dir='ltr'><strong>secum</strong></span> <span class='ocrx_word' id='word_1_183' title='bbox 2721 1178 3082 1234; x_wconf 87' lang='lat' dir='ltr'><strong>Christianam</strong></span> <span class='ocrx_word' id='word_1_184' title='bbox 3123 1177 3445 1246; x_wconf 83' lang='lat' dir='ltr'><strong>religionem</strong></span> <span class='ocrx_word' id='word_1_185' title='bbox 3477 1172 3789 1230; x_wconf 86' lang='lat' dir='ltr'><strong>defenden-</strong></span> 
     </span>
    </p>
   </div>
   <div class='ocr_carea' id='block_1_27' title="bbox 2144 1262 3787 1337">
    <p class='ocr_par' dir='ltr' id='par_1_27' title="bbox 2144 1262 3787 1337">
     <span class='ocr_line' id='line_1_27' title="bbox 2144 1262 3787 1337; baseline -0.005 -12"><span class='ocrx_word' id='word_1_186' title='bbox 2144 1270 2293 1325; x_wconf 90' lang='lat' dir='ltr'><strong>tibus</strong></span> <span class='ocrx_word' id='word_1_187' title='bbox 2342 1269 2574 1325; x_wconf 90' lang='lat' dir='ltr'><strong>salutem</strong></span> <span class='ocrx_word' id='word_1_188' title='bbox 2614 1275 2669 1323; x_wconf 92' lang='lat' dir='ltr'><strong>et</strong></span> <span class='ocrx_word' id='word_1_189' title='bbox 2714 1267 3072 1337; x_wconf 88' lang='lat' dir='ltr'><strong>apostolicam</strong></span> <span class='ocrx_word' id='word_1_190' title='bbox 3121 1263 3591 1320; x_wconf 88' lang='lat' dir='ltr'><strong>benedictionem.</strong></span> <span class='ocrx_word' id='word_1_191' title='bbox 3633 1262 3787 1328; x_wconf 78' lang='lat' dir='ltr'><strong>Quod</strong></span> 
     </span>
    </p>
   </div>
   <div class='ocr_carea' id='block_1_28' title="bbox 2144 1352 3787 1429">
    <p class='ocr_par' dir='ltr' id='par_1_28' title="bbox 2144 1352 3787 1429">
     <span class='ocr_line' id='line_1_28' title="bbox 2144 1352 3787 1429; baseline -0.004 -16"><span class='ocrx_word' id='word_1_192' title='bbox 2144 1372 2372 1429; x_wconf 83' lang='lat' dir='ltr'><strong>regnum</strong></span> <span class='ocrx_word' id='word_1_193' title='bbox 2405 1357 2890 1422; x_wconf 90' lang='lat' dir='ltr'><strong>Theutonicorum,</strong></span> <span class='ocrx_word' id='word_1_194' title='bbox 2915 1355 3181 1411; x_wconf 87' lang='lat' dir='ltr'><strong>hactenus</strong></span> <span class='ocrx_word' id='word_1_195' title='bbox 3210 1354 3355 1408; x_wconf 88' lang='lat' dir='ltr'><strong>inter</strong></span> <span class='ocrx_word' id='word_1_196' title='bbox 3383 1354 3569 1407; x_wconf 90' lang='lat' dir='ltr'><strong>omnia</strong></span> <span class='ocrx_word' id='word_1_197' title='bbox 3599 1352 3787 1407; x_wconf 86' lang='lat' dir='ltr'><strong>mundi</strong></span> 
     </span>
    </p>
   </div>
   <div class='ocr_carea' id='block_1_29' title="bbox 2145 1441 3791 1519">
    <p class='ocr_par' dir='ltr' id='par_1_29' title="bbox 2145 1441 3791 1519">
     <span class='ocr_line' id='line_1_29' title="bbox 2145 1441 3791 1519; baseline -0.004 -16"><span class='ocrx_word' id='word_1_198' title='bbox 2145 1462 2312 1519; x_wconf 90' lang='lat' dir='ltr'><strong>regna</strong></span> <span class='ocrx_word' id='word_1_199' title='bbox 2350 1447 2771 1510; x_wconf 88' lang='lat' dir='ltr'><strong>nobilissimum,</strong></span> <span class='ocrx_word' id='word_1_200' title='bbox 2808 1446 2917 1515; x_wconf 92' lang='lat' dir='ltr'><strong>jam</strong></span> <span class='ocrx_word' id='word_1_201' title='bbox 2947 1443 3107 1500; x_wconf 86' lang='lat' dir='ltr'><strong>video</strong></span> <span class='ocrx_word' id='word_1_202' title='bbox 3149 1442 3422 1498; x_wconf 88' lang='lat' dir='ltr'><strong>incendiis</strong></span> <span class='ocrx_word' id='word_1_203' title='bbox 3459 1441 3714 1497; x_wconf 72' lang='lat' dir='ltr'><strong>caedibus</strong></span> <span class='ocrx_word' id='word_1_204' title='bbox 3741 1449 3791 1496; x_wconf 90' lang='lat' dir='ltr'><strong>et</strong></span> 
     </span>
    </p>
   </div>
   <div class='ocr_carea' id='block_1_30' title="bbox 2145 1530 3789 1607">
    <p class='ocr_par' dir='ltr' id='par_1_30' title="bbox 2145 1530 3789 1607">
     <span class='ocr_line' id='line_1_30' title="bbox 2145 1530 3789 1607; baseline -0.004 -15"><span class='ocrx_word' id='word_1_205' title='bbox 2145 1536 2355 1607; x_wconf 90' lang='lat' dir='ltr'><strong>rapinis</strong></span> <span class='ocrx_word' id='word_1_206' title='bbox 2408 1536 2680 1591; x_wconf 87' lang='lat' dir='ltr'><strong>devastari</strong></span> <span class='ocrx_word' id='word_1_207' title='bbox 2738 1532 3001 1590; x_wconf 91' lang='lat' dir='ltr'><strong>confundi</strong></span> <span class='ocrx_word' id='word_1_208' title='bbox 3039 1531 3099 1563; x_wconf 77' lang='grc'><strong>⁸⁹¹</strong></span> <span class='ocrx_word' id='word_1_209' title='bbox 3168 1539 3224 1587; x_wconf 90' lang='lat' dir='ltr'><strong>et</strong></span> <span class='ocrx_word' id='word_1_210' title='bbox 3278 1530 3576 1598; x_wconf 87' lang='lat' dir='ltr'><strong>annullari,</strong></span> <span class='ocrx_word' id='word_1_211' title='bbox 3628 1544 3789 1599; x_wconf 87' lang='lat' dir='ltr'><strong>quam</strong></span> 
     </span>
    </p>
   </div>
   <div class='ocr_carea' id='block_1_31' title="bbox 2148 1620 3793 1695">
    <p class='ocr_par' dir='ltr' id='par_1_31' title="bbox 2148 1620 3793 1695">
     <span class='ocr_line' id='line_1_31' title="bbox 2148 1620 3793 1695; baseline -0.004 -14"><span class='ocrx_word' id='word_1_212' title='bbox 2148 1639 2374 1695; x_wconf 89' lang='lat' dir='ltr'><strong>magnus</strong></span> <span class='ocrx_word' id='word_1_213' title='bbox 2410 1624 2608 1680; x_wconf 85' lang='lat' dir='ltr'><strong>exinde</strong></span> <span class='ocrx_word' id='word_1_214' title='bbox 2638 1623 2793 1680; x_wconf 91' lang='lat' dir='ltr'><strong>cordi</strong></span> <span class='ocrx_word' id='word_1_215' title='bbox 2833 1636 2955 1679; x_wconf 91' lang='lat' dir='ltr'><strong>meo</strong></span> <span class='ocrx_word' id='word_1_216' title='bbox 2983 1622 3146 1678; x_wconf 90' lang='lat' dir='ltr'><strong>dolor</strong></span> <span class='ocrx_word' id='word_1_217' title='bbox 3176 1620 3430 1682; x_wconf 89' lang='lat' dir='ltr'><strong>insideat,</strong></span> <span class='ocrx_word' id='word_1_218' title='bbox 3465 1633 3631 1688; x_wconf 90' lang='lat' dir='ltr'><strong>quam</strong></span> <span class='ocrx_word' id='word_1_219' title='bbox 3663 1632 3793 1675; x_wconf 88' lang='lat' dir='ltr'><strong>con-</strong></span> 
     </span>
    </p>
   </div>
   <div class='ocr_carea' id='block_1_32' title="bbox 422 1703 3795 1786">
    <p class='ocr_par' dir='ltr' id='par_1_32' title="bbox 422 1703 3795 1786">
     <span class='ocr_line' id='line_1_32' title="bbox 422 1703 3795 1786; baseline 0.001 -25"><span class='ocrx_word' id='word_1_220' title='bbox 422 1721 522 1776; x_wconf 91' lang='lat' dir='ltr'><strong>pro</strong></span> <span class='ocrx_word' id='word_1_221' title='bbox 562 1708 789 1776; x_wconf 89' lang='lat' dir='ltr'><strong>viribus,</strong></span> <span class='ocrx_word' id='word_1_222' title='bbox 840 1718 1111 1780; x_wconf 80' lang='lat' dir='ltr'><strong>quatenus</strong></span> <span class='ocrx_word' id='word_1_223' title='bbox 1155 1711 1340 1769; x_wconf 92' lang='lat' dir='ltr'><strong>idonei</strong></span> <span class='ocrx_word' id='word_1_224' title='bbox 1390 1716 1590 1782; x_wconf 88' lang='lat' dir='ltr'><strong>nuntii,</strong></span> <span class='ocrx_word' id='word_1_225' title='bbox 1641 1725 1748 1771; x_wconf 89' lang='lat' dir='ltr'><strong>tam</strong></span> <span class='ocrx_word' id='word_1_226' title='bbox 1796 1703 2336 1786; x_wconf 82' lang='lat' dir='ltr'><strong>religioneBtinuus</strong></span> <span class='ocrx_word' id='word_1_227' title='bbox 2366 1716 2422 1769; x_wconf 89' lang='lat' dir='ltr'><strong>in</strong></span> <span class='ocrx_word' id='word_1_228' title='bbox 2453 1713 2755 1768; x_wconf 84' lang='lat' dir='ltr'><strong>visceribus</strong></span> <span class='ocrx_word' id='word_1_229' title='bbox 2792 1713 2929 1767; x_wconf 88' lang='lat' dir='ltr'><strong>meis</strong></span> <span class='ocrx_word' id='word_1_230' title='bbox 2975 1724 3059 1765; x_wconf 92' lang='lat' dir='ltr'><strong>me</strong></span> <span class='ocrx_word' id='word_1_231' title='bbox 3107 1710 3343 1780; x_wconf 80' lang='lat' dir='ltr'><strong>gemitus</strong></span> <span class='ocrx_word' id='word_1_232' title='bbox 3380 1708 3604 1774; x_wconf 86' lang='lat' dir='ltr'><strong>afﬁciat,</strong></span> <span class='ocrx_word' id='word_1_233' title='bbox 3639 1710 3795 1764; x_wconf 85' lang='lat' dir='ltr'><strong>testis</strong></span> 
     </span>
    </p>
   </div>
   <div class='ocr_carea' id='block_1_33' title="bbox 421 1797 2066 1872">
    <p class='ocr_par' dir='ltr' id='par_1_33' title="bbox 421 1797 2066 1872">
     <span class='ocr_line' id='line_1_33' title="bbox 421 1797 2066 1872; baseline 0.005 -23"><span class='ocrx_word' id='word_1_234' title='bbox 421 1809 582 1864; x_wconf 90' lang='lat' dir='ltr'><strong>quam</strong></span> <span class='ocrx_word' id='word_1_235' title='bbox 635 1797 868 1853; x_wconf 86' lang='lat' dir='ltr'><strong>scicntia</strong></span> <span class='ocrx_word' id='word_1_236' title='bbox 922 1800 1214 1868; x_wconf 90' lang='lat' dir='ltr'><strong>pollentes,</strong></span> <span class='ocrx_word' id='word_1_237' title='bbox 1258 1816 1287 1858; x_wconf 92' lang='lat' dir='ltr'><strong>e</strong></span> <span class='ocrx_word' id='word_1_238' title='bbox 1326 1802 1498 1859; x_wconf 88' lang='lat' dir='ltr'><strong>latere</strong></span> <span class='ocrx_word' id='word_1_239' title='bbox 1546 1804 1869 1872; x_wconf 73' lang='lat' dir='ltr'><strong>apostolicae</strong></span> <span class='ocrx_word' id='word_1_240' title='bbox 1916 1804 2066 1860; x_wconf 87' lang='lat' dir='ltr'><strong>sedis</strong></span> 
     </span>
    </p>
   </div>
   <div class='ocr_carea' id='block_1_34' title="bbox 420 1882 2068 1962">
    <p class='ocr_par' dir='ltr' id='par_1_34' title="bbox 420 1882 2068 1962">
     <span class='ocr_line' id='line_1_34' title="bbox 420 1882 2068 1962; baseline 0.006 -24"><span class='ocrx_word' id='word_1_241' title='bbox 420 1882 488 1939; x_wconf 90' lang='lat' dir='ltr'><strong>ad</strong></span> <span class='ocrx_word' id='word_1_242' title='bbox 520 1891 706 1953; x_wconf 89' lang='lat' dir='ltr'><strong>partes</strong></span> <span class='ocrx_word' id='word_1_243' title='bbox 730 1895 940 1943; x_wconf 85' lang='lat' dir='ltr'><strong>vestras</strong></span> <span class='ocrx_word' id='word_1_244' title='bbox 977 1889 1347 1957; x_wconf 89' lang='lat' dir='ltr'><strong>mitterentur,</strong></span> <span class='ocrx_word' id='word_1_245' title='bbox 1381 1892 1476 1961; x_wconf 91' lang='lat' dir='ltr'><strong>qui</strong></span> <span class='ocrx_word' id='word_1_246' title='bbox 1516 1892 1805 1962; x_wconf 83' lang='lat' dir='ltr'><strong>religiosos</strong></span> <span class='ocrx_word' id='word_1_247' title='bbox 1843 1893 2068 1962; x_wconf 85' lang='lat' dir='ltr'><strong>episco-</strong></span> 
     </span>
    </p>
   </div>
   <div class='ocr_carea' id='block_1_35' title="bbox 400 1973 2067 2061">
    <p class='ocr_par' dir='ltr' id='par_1_35' title="bbox 400 1973 2067 2061">
     <span class='ocr_line' id='line_1_35' title="bbox 400 1973 2067 2061; baseline 0.005 -34"><span class='ocrx_word' id='word_1_248' title='bbox 400 1986 544 2061; x_wconf 65' lang='lat' dir='ltr'><strong>pos,</strong></span> <span class='ocrx_word' id='word_1_249' title='bbox 577 1973 749 2030; x_wconf 90' lang='lat' dir='ltr'><strong>laicos</strong></span> <span class='ocrx_word' id='word_1_250' title='bbox 778 1977 943 2032; x_wconf 91' lang='lat' dir='ltr'><strong>etiam</strong></span> <span class='ocrx_word' id='word_1_251' title='bbox 983 1979 1134 2047; x_wconf 92' lang='lat' dir='ltr'><strong>pacis</strong></span> <span class='ocrx_word' id='word_1_252' title='bbox 1162 1985 1218 2035; x_wconf 88' lang='lat' dir='ltr'><strong>et</strong></span> <span class='ocrx_word' id='word_1_253' title='bbox 1239 1980 1481 2049; x_wconf 66' lang='lat' dir='ltr'><strong>justicize</strong></span> <span class='ocrx_word' id='word_1_254' title='bbox 1521 1990 1813 2048; x_wconf 89' lang='lat' dir='ltr'><strong>amatores,</strong></span> <span class='ocrx_word' id='word_1_255' title='bbox 1846 1982 1901 2036; x_wconf 91' lang='lat' dir='ltr'><strong>in</strong></span> <span class='ocrx_word' id='word_1_256' title='bbox 1935 1995 2067 2050; x_wconf 89' lang='lat' dir='ltr'><strong>par-</strong></span> 
     </span>
    </p>
   </div>
   <div class='ocr_carea' id='block_1_36' title="bbox 419 2062 2067 2140">
    <p class='ocr_par' dir='ltr' id='par_1_36' title="bbox 419 2062 2067 2140">
     <span class='ocr_line' id='line_1_36' title="bbox 419 2062 2067 2140; baseline 0.006 -23"><span class='ocrx_word' id='word_1_257' title='bbox 419 2062 568 2118; x_wconf 89' lang='lat' dir='ltr'><strong>tibus</strong></span> <span class='ocrx_word' id='word_1_258' title='bbox 596 2066 793 2120; x_wconf 84' lang='lat' dir='ltr'><strong>vestris</strong></span> <span class='ocrx_word' id='word_1_259' title='bbox 817 2065 883 2097; x_wconf 76' lang='grc'><strong>⁵⁸²</strong></span> <span class='ocrx_word' id='word_1_260' title='bbox 923 2076 1344 2136; x_wconf 87' lang='lat' dir='ltr'><strong>commorantes,</strong></span> <span class='ocrx_word' id='word_1_261' title='bbox 1386 2070 1454 2125; x_wconf 91' lang='lat' dir='ltr'><strong>ad</strong></span> <span class='ocrx_word' id='word_1_262' title='bbox 1502 2070 1608 2126; x_wconf 88' lang='lat' dir='ltr'><strong>hoc</strong></span> <span class='ocrx_word' id='word_1_263' title='bbox 1656 2085 1797 2140; x_wconf 92' lang='lat' dir='ltr'><strong>opus</strong></span> <span class='ocrx_word' id='word_1_264' title='bbox 1833 2072 2067 2127; x_wconf 87' lang='lat' dir='ltr'><strong>idoneos</strong></span> 
     </span>
    </p>
   </div>
   <div class='ocr_carea' id='block_1_37' title="bbox 421 2156 2067 2229">
    <p class='ocr_par' dir='ltr' id='par_1_37' title="bbox 421 2156 2067 2229">
     <span class='ocr_line' id='line_1_37' title="bbox 421 2156 2067 2229; baseline 0.007 -24"><span class='ocrx_word' id='word_1_265' title='bbox 421 2161 821 2222; x_wconf 88' lang='lat' dir='ltr'><strong>congregarent</strong></span> <span class='ocrx_word' id='word_1_266' title='bbox 854 2175 866 2210; x_wconf 89' lang='lat'>:</span> <span class='ocrx_word' id='word_1_267' title='bbox 918 2156 1034 2225; x_wconf 91' lang='lat' dir='ltr'><strong>qui,</strong></span> <span class='ocrx_word' id='word_1_268' title='bbox 1065 2158 1279 2213; x_wconf 92' lang='lat' dir='ltr'><strong>Domini</strong></span> <span class='ocrx_word' id='word_1_269' title='bbox 1329 2159 1501 2229; x_wconf 87' lang='lat' dir='ltr'><strong>gratia</strong></span> <span class='ocrx_word' id='word_1_270' title='bbox 1553 2169 1855 2228; x_wconf 69' lang='lat' dir='ltr'><strong>praeeunte,</strong></span> <span class='ocrx_word' id='word_1_271' title='bbox 1891 2161 1980 2216; x_wconf 88' lang='lat' dir='ltr'><strong>die</strong></span> <span class='ocrx_word' id='word_1_272' title='bbox 2011 2168 2067 2215; x_wconf 89' lang='lat' dir='ltr'><strong>et</strong></span> 
     </span>
    </p>
   </div>
   <div class='ocr_carea' id='block_1_38' title="bbox 421 2239 2064 2318">
    <p class='ocr_par' dir='ltr' id='par_1_38' title="bbox 421 2239 2064 2318">
     <span class='ocr_line' id='line_1_38' title="bbox 421 2239 2064 2318; baseline 0.005 -22"><span class='ocrx_word' id='word_1_273' title='bbox 421 2239 548 2296; x_wconf 93' lang='lat' dir='ltr'><strong>loco</strong></span> <span class='ocrx_word' id='word_1_274' title='bbox 577 2241 646 2295; x_wconf 92' lang='lat' dir='ltr'><strong>ab</strong></span> <span class='ocrx_word' id='word_1_275' title='bbox 676 2241 785 2297; x_wconf 93' lang='lat' dir='ltr'><strong>illis</strong></span> <span class='ocrx_word' id='word_1_276' title='bbox 813 2250 1039 2310; x_wconf 90' lang='lat' dir='ltr'><strong>statuto,</strong></span> <span class='ocrx_word' id='word_1_277' title='bbox 1068 2253 1173 2301; x_wconf 92' lang='lat' dir='ltr'><strong>tam</strong></span> <span class='ocrx_word' id='word_1_278' title='bbox 1204 2247 1332 2316; x_wconf 91' lang='lat' dir='ltr'><strong>ipsi,</strong></span> <span class='ocrx_word' id='word_1_279' title='bbox 1360 2261 1522 2317; x_wconf 88' lang='lat' dir='ltr'><strong>quam</strong></span> <span class='ocrx_word' id='word_1_280' title='bbox 1553 2263 1693 2317; x_wconf 90' lang='lat' dir='ltr'><strong>quos</strong></span> <span class='ocrx_word' id='word_1_281' title='bbox 1721 2249 1857 2318; x_wconf 90' lang='lat' dir='ltr'><strong>ipsis</strong></span> <span class='ocrx_word' id='word_1_282' title='bbox 1884 2250 2064 2305; x_wconf 90' lang='lat' dir='ltr'><strong>adhuc</strong></span> 
     </span>
    </p>
   </div>
   <div class='ocr_carea' id='block_1_39' title="bbox 415 2329 2067 2407">
    <p class='ocr_par' dir='ltr' id='par_1_39' title="bbox 415 2329 2067 2407">
     <span class='ocr_line' id='line_1_39' title="bbox 415 2329 2067 2407; baseline 0.006 -24"><span class='ocrx_word' id='word_1_283' title='bbox 415 2329 653 2400; x_wconf 84' lang='lat' dir='ltr'><strong>jungere</strong></span> <span class='ocrx_word' id='word_1_284' title='bbox 690 2330 755 2362; x_wconf 78' lang='grc'><strong>⁵⁸³</strong></span> <span class='ocrx_word' id='word_1_285' title='bbox 810 2332 1095 2402; x_wconf 86' lang='lat' dir='ltr'><strong>debemus,</strong></span> <span class='ocrx_word' id='word_1_286' title='bbox 1154 2342 1249 2391; x_wconf 90' lang='lat' dir='ltr'><strong>aut</strong></span> <span class='ocrx_word' id='word_1_287' title='bbox 1310 2350 1497 2406; x_wconf 90' lang='lat' dir='ltr'><strong>pacem</strong></span> <span class='ocrx_word' id='word_1_288' title='bbox 1556 2345 1911 2407; x_wconf 86' lang='lat' dir='ltr'><strong>componant,</strong></span> <span class='ocrx_word' id='word_1_289' title='bbox 1971 2346 2067 2393; x_wconf 91' lang='lat' dir='ltr'><strong>aut</strong></span> 
     </span>
    </p>
   </div>
   <div class='ocr_carea' id='block_1_40' title="bbox 421 2419 2065 2495">
    <p class='ocr_par' dir='ltr' id='par_1_40' title="bbox 421 2419 2065 2495">
     <span class='ocr_line' id='line_1_40' title="bbox 421 2419 2065 2495; baseline 0.006 -23"><span class='ocrx_word' id='word_1_290' title='bbox 421 2419 649 2474; x_wconf 85' lang='lat' dir='ltr'><strong>veritate</strong></span> <span class='ocrx_word' id='word_1_291' title='bbox 698 2423 1058 2493; x_wconf 68' lang='lat' dir='ltr'><strong>praecognita,</strong></span> <span class='ocrx_word' id='word_1_292' title='bbox 1098 2439 1265 2494; x_wconf 90' lang='lat' dir='ltr'><strong>super</strong></span> <span class='ocrx_word' id='word_1_293' title='bbox 1293 2425 1421 2481; x_wconf 91' lang='lat' dir='ltr'><strong>illos</strong></span> <span class='ocrx_word' id='word_1_294' title='bbox 1466 2425 1561 2495; x_wconf 89' lang='lat' dir='ltr'><strong>qui</strong></span> <span class='ocrx_word' id='word_1_295' title='bbox 1608 2433 1738 2481; x_wconf 91' lang='lat' dir='ltr'><strong>sunt</strong></span> <span class='ocrx_word' id='word_1_296' title='bbox 1781 2428 1918 2482; x_wconf 90' lang='lat' dir='ltr'><strong>tanti</strong></span> <span class='ocrx_word' id='word_1_297' title='bbox 1950 2426 2065 2483; x_wconf 86' lang='lat' dir='ltr'><strong>dis-</strong></span> 
     </span>
    </p>
   </div>
   <div class='ocr_carea' id='block_1_41' title="bbox 422 2506 2065 2592">
    <p class='ocr_par' dir='ltr' id='par_1_41' title="bbox 422 2506 2065 2592">
     <span class='ocr_line' id='line_1_41' title="bbox 422 2506 2065 2592; baseline 0.007 -31"><span class='ocrx_word' id='word_1_298' title='bbox 422 2506 635 2562; x_wconf 61' lang='lat' dir='ltr'><strong>sidiim</strong></span> <span class='ocrx_word' id='word_1_299' title='bbox 680 2524 863 2577; x_wconf 88' lang='lat' dir='ltr'><strong>causa,</strong></span> <span class='ocrx_word' id='word_1_300' title='bbox 897 2514 1215 2570; x_wconf 87' lang='lat' dir='ltr'><strong>canonicam</strong></span> <span class='ocrx_word' id='word_1_301' title='bbox 1268 2528 1556 2592; x_wconf 76' lang='lat' dir='ltr'><strong>censuram</strong></span> <span class='ocrx_word' id='word_1_302' title='bbox 1604 2523 1914 2571; x_wconf 86' lang='lat' dir='ltr'><strong>exerceant.</strong></span> <span class='ocrx_word' id='word_1_303' title='bbox 1960 2518 2065 2573; x_wconf 87' lang='lat' dir='ltr'><strong>Ve-</strong></span> 
     </span>
    </p>
   </div>
   <div class='ocr_carea' id='block_1_42' title="bbox 424 2599 2061 2665">
    <p class='ocr_par' dir='ltr' id='par_1_42' title="bbox 424 2599 2061 2665">
     <span class='ocr_line' id='line_1_42' title="bbox 424 2599 2061 2665; baseline 0.007 -15"><span class='ocrx_word' id='word_1_304' title='bbox 424 2608 543 2650; x_wconf 91' lang='lat' dir='ltr'><strong>rum</strong></span> <span class='ocrx_word' id='word_1_305' title='bbox 573 2599 831 2665; x_wconf 91' lang='lat' dir='ltr'><strong>quoniam</strong></span> <span class='ocrx_word' id='word_1_306' title='bbox 880 2602 1178 2658; x_wconf 92' lang='lat' dir='ltr'><strong>nonnullos</strong></span> <span class='ocrx_word' id='word_1_307' title='bbox 1223 2603 1502 2660; x_wconf 90' lang='lat' dir='ltr'><strong>diabolico</strong></span> <span class='ocrx_word' id='word_1_308' title='bbox 1548 2604 1812 2661; x_wconf 90' lang='lat' dir='ltr'><strong>instinctu</strong></span> <span class='ocrx_word' id='word_1_309' title='bbox 1867 2603 2061 2661; x_wconf 87' lang='lat' dir='ltr'><strong>confe-</strong></span> 
     </span>
    </p>
   </div>
   <div class='ocr_carea' id='block_1_43' title="bbox 422 2684 2064 2765">
    <p class='ocr_par' dir='ltr' id='par_1_43' title="bbox 422 2684 2064 2765">
     <span class='ocr_line' id='line_1_43' title="bbox 422 2684 2064 2765; baseline 0.007 -26"><span class='ocrx_word' id='word_1_310' title='bbox 422 2691 545 2739; x_wconf 89' lang='lat' dir='ltr'><strong>ctos</strong></span> <span class='ocrx_word' id='word_1_311' title='bbox 572 2684 656 2752; x_wconf 78' lang='grc'><strong>⁵⁸⁵,</strong></span> <span class='ocrx_word' id='word_1_312' title='bbox 707 2687 1016 2758; x_wconf 89' lang='lat' dir='ltr'><strong>iniquitatis</strong></span> <span class='ocrx_word' id='word_1_313' title='bbox 1064 2706 1177 2747; x_wconf 78' lang='lat' dir='ltr'><strong>suae</strong></span> <span class='ocrx_word' id='word_1_314' title='bbox 1229 2691 1440 2748; x_wconf 89' lang='lat' dir='ltr'><strong>facibus</strong></span> <span class='ocrx_word' id='word_1_315' title='bbox 1484 2693 1710 2765; x_wconf 88' lang='lat' dir='ltr'><strong>ignitos,</strong></span> <span class='ocrx_word' id='word_1_316' title='bbox 1762 2695 2064 2764; x_wconf 87' lang='lat' dir='ltr'><strong>cupiditate</strong></span> 
     </span>
    </p>
   </div>
   <div class='ocr_carea' id='block_1_44' title="bbox 422 2772 2066 2853">
    <p class='ocr_par' dir='ltr' id='par_1_44' title="bbox 422 2772 2066 2853">
     <span class='ocr_line' id='line_1_44' title="bbox 422 2772 2066 2853; baseline 0.007 -25"><span class='ocrx_word' id='word_1_317' title='bbox 422 2772 701 2841; x_wconf 88' lang='lat' dir='ltr'><strong>inductos,</strong></span> <span class='ocrx_word' id='word_1_318' title='bbox 752 2777 1084 2836; x_wconf 91' lang='lat' dir='ltr'><strong>discordiam</strong></span> <span class='ocrx_word' id='word_1_319' title='bbox 1145 2782 1329 2851; x_wconf 90' lang='lat' dir='ltr'><strong>potius</strong></span> <span class='ocrx_word' id='word_1_320' title='bbox 1384 2796 1546 2852; x_wconf 91' lang='lat' dir='ltr'><strong>quam</strong></span> <span class='ocrx_word' id='word_1_321' title='bbox 1605 2797 1794 2853; x_wconf 89' lang='lat' dir='ltr'><strong>pacem</strong></span> <span class='ocrx_word' id='word_1_322' title='bbox 1853 2784 1969 2839; x_wconf 88' lang='lat' dir='ltr'><strong>ﬁeri</strong></span> <span class='ocrx_word' id='word_1_323' title='bbox 2010 2792 2066 2840; x_wconf 91' lang='lat' dir='ltr'><strong>et</strong></span> 
     </span>
    </p>
   </div>
   <div class='ocr_carea' id='block_1_45' title="bbox 422 2862 2066 2942">
    <p class='ocr_par' dir='ltr' id='par_1_45' title="bbox 422 2862 2066 2942">
     <span class='ocr_line' id='line_1_45' title="bbox 422 2862 2066 2942; baseline 0.007 -25"><span class='ocrx_word' id='word_1_324' title='bbox 422 2862 609 2919; x_wconf 90' lang='lat' dir='ltr'><strong>videre</strong></span> <span class='ocrx_word' id='word_1_325' title='bbox 649 2864 1032 2925; x_wconf 87' lang='lat' dir='ltr'><strong>desiderantes</strong></span> <span class='ocrx_word' id='word_1_326' title='bbox 1074 2868 1192 2927; x_wconf 91' lang='lat' dir='ltr'><strong>fore</strong></span> <span class='ocrx_word' id='word_1_327' title='bbox 1240 2884 1350 2927; x_wconf 89' lang='lat' dir='ltr'><strong>non</strong></span> <span class='ocrx_word' id='word_1_328' title='bbox 1400 2872 1734 2942; x_wconf 88' lang='lat' dir='ltr'><strong>ignoramus,</strong></span> <span class='ocrx_word' id='word_1_329' title='bbox 1776 2874 2066 2928; x_wconf 89' lang='lat' dir='ltr'><strong>statuimus</strong></span> 
     </span>
    </p>
   </div>
   <div class='ocr_carea' id='block_1_46' title="bbox 422 2950 2063 3030">
    <p class='ocr_par' dir='ltr' id='par_1_46' title="bbox 422 2950 2063 3030">
     <span class='ocr_line' id='line_1_46' title="bbox 422 2950 2063 3030; baseline 0.007 -25"><span class='ocrx_word' id='word_1_330' title='bbox 422 2950 478 3006; x_wconf 93' lang='lat' dir='ltr'><strong>in</strong></span> <span class='ocrx_word' id='word_1_331' title='bbox 510 2951 613 3007; x_wconf 90' lang='lat' dir='ltr'><strong>hac</strong></span> <span class='ocrx_word' id='word_1_332' title='bbox 640 2955 839 3011; x_wconf 89' lang='lat' dir='ltr'><strong>sinodo</strong></span> <span class='ocrx_word' id='word_1_333' title='bbox 867 2958 936 3013; x_wconf 90' lang='lat' dir='ltr'><strong>ad</strong></span> <span class='ocrx_word' id='word_1_334' title='bbox 967 2958 1195 3015; x_wconf 84' lang='lat' dir='ltr'><strong>eandem</strong></span> <span class='ocrx_word' id='word_1_335' title='bbox 1226 2958 1454 3016; x_wconf 86' lang='lat' dir='ltr'><strong>formam</strong></span> <span class='ocrx_word' id='word_1_336' title='bbox 1482 2961 1627 3017; x_wconf 91' lang='lat' dir='ltr'><strong>sicut</strong></span> <span class='ocrx_word' id='word_1_337' title='bbox 1655 2966 1712 3018; x_wconf 90' lang='lat' dir='ltr'><strong>et</strong></span> <span class='ocrx_word' id='word_1_338' title='bbox 1740 2961 1796 3016; x_wconf 92' lang='lat' dir='ltr'><strong>in</strong></span> <span class='ocrx_word' id='word_1_339' title='bbox 1829 2968 2063 3030; x_wconf 64' lang='lat' dir='ltr'><strong>prieter-</strong></span> 
     </span>
    </p>
   </div>
   <div class='ocr_carea' id='block_1_47' title="bbox 2149 1797 3793 1870">
    <p class='ocr_par' dir='ltr' id='par_1_47' title="bbox 2149 1797 3793 1870">
     <span class='ocr_line' id='line_1_47' title="bbox 2149 1797 3793 1870; baseline -0.004 -13"><span class='ocrx_word' id='word_1_340' title='bbox 2149 1811 2235 1858; x_wconf 90' lang='lat' dir='ltr'><strong>est</strong></span> <span class='ocrx_word' id='word_1_341' title='bbox 2261 1803 2354 1857; x_wconf 90' lang='lat' dir='ltr'><strong>ille</strong></span> <span class='ocrx_word' id='word_1_342' title='bbox 2384 1801 2557 1868; x_wconf 92' lang='lat' dir='ltr'><strong>solus,</strong></span> <span class='ocrx_word' id='word_1_343' title='bbox 2588 1802 2681 1870; x_wconf 90' lang='lat' dir='ltr'><strong>qui</strong></span> <span class='ocrx_word' id='word_1_344' title='bbox 2722 1800 2963 1857; x_wconf 92' lang='lat' dir='ltr'><strong>omnium</strong></span> <span class='ocrx_word' id='word_1_345' title='bbox 3003 1798 3285 1853; x_wconf 91' lang='lat' dir='ltr'><strong>hominum</strong></span> <span class='ocrx_word' id='word_1_346' title='bbox 3315 1797 3483 1853; x_wconf 91' lang='lat' dir='ltr'><strong>corda</strong></span> <span class='ocrx_word' id='word_1_347' title='bbox 3512 1802 3793 1852; x_wconf 87' lang='lat' dir='ltr'><strong>scrutatur</strong></span> 
     </span>
    </p>
   </div>
   <div class='ocr_carea' id='block_1_48' title="bbox 2149 1885 3795 1961">
    <p class='ocr_par' dir='ltr' id='par_1_48' title="bbox 2149 1885 3795 1961">
     <span class='ocr_line' id='line_1_48' title="bbox 2149 1885 3795 1961; baseline -0.004 -14"><span class='ocrx_word' id='word_1_348' title='bbox 2149 1900 2204 1947; x_wconf 90' lang='lat' dir='ltr'><strong>et</strong></span> <span class='ocrx_word' id='word_1_349' title='bbox 2256 1892 2472 1961; x_wconf 89' lang='lat' dir='ltr'><strong>probat.</strong></span> <span class='ocrx_word' id='word_1_350' title='bbox 2540 1889 2870 1945; x_wconf 88' lang='lat' dir='ltr'><strong>Deferuntur</strong></span> <span class='ocrx_word' id='word_1_351' title='bbox 2925 1887 3071 1942; x_wconf 90' lang='lat' dir='ltr'><strong>enim</strong></span> <span class='ocrx_word' id='word_1_352' title='bbox 3097 1885 3163 1918; x_wconf 78' lang='grc'><strong>⁸⁹²</strong></span> <span class='ocrx_word' id='word_1_353' title='bbox 3221 1885 3387 1940; x_wconf 88' lang='lat' dir='ltr'><strong>michi</strong></span> <span class='ocrx_word' id='word_1_354' title='bbox 3428 1886 3539 1955; x_wconf 89' lang='lat' dir='ltr'><strong>jam</strong></span> <span class='ocrx_word' id='word_1_355' title='bbox 3588 1885 3795 1955; x_wconf 61' lang='lat' dir='ltr'><strong>sapius</strong></span> 
     </span>
    </p>
   </div>
   <div class='ocr_carea' id='block_1_49' title="bbox 2151 1975 3790 2051">
    <p class='ocr_par' dir='ltr' id='par_1_49' title="bbox 2151 1975 3790 2051">
     <span class='ocr_line' id='line_1_49' title="bbox 2151 1975 3790 2051; baseline -0.005 -15"><span class='ocrx_word' id='word_1_356' title='bbox 2151 1981 2451 2051; x_wconf 81' lang='lat' dir='ltr'><strong>legationes</strong></span> <span class='ocrx_word' id='word_1_357' title='bbox 2511 1979 2752 2035; x_wconf 85' lang='lat' dir='ltr'><strong>Heiurici</strong></span> <span class='ocrx_word' id='word_1_358' title='bbox 2809 1990 2931 2033; x_wconf 88' lang='lat' dir='ltr'><strong>cum</strong></span> <span class='ocrx_word' id='word_1_359' title='bbox 2962 1976 3026 2007; x_wconf 70' lang='grc'><strong>⁸³³</strong></span> <span class='ocrx_word' id='word_1_360' title='bbox 3084 1990 3185 2045; x_wconf 83' lang='lat' dir='ltr'><strong>per</strong></span> <span class='ocrx_word' id='word_1_361' title='bbox 3231 1975 3488 2044; x_wconf 88' lang='lat' dir='ltr'><strong>proprios</strong></span> <span class='ocrx_word' id='word_1_362' title='bbox 3544 1975 3790 2036; x_wconf 81' lang='lat' dir='ltr'><strong>nuntios.</strong></span> 
     </span>
    </p>
   </div>
   <div class='ocr_carea' id='block_1_50' title="bbox 2149 2064 3793 2140">
    <p class='ocr_par' dir='ltr' id='par_1_50' title="bbox 2149 2064 3793 2140">
     <span class='ocr_line' id='line_1_50' title="bbox 2149 2064 3793 2140; baseline -0.004 -15"><span class='ocrx_word' id='word_1_363' title='bbox 2149 2077 2262 2125; x_wconf 91' lang='lat' dir='ltr'><strong>tum</strong></span> <span class='ocrx_word' id='word_1_364' title='bbox 2306 2084 2404 2140; x_wconf 91' lang='lat' dir='ltr'><strong>per</strong></span> <span class='ocrx_word' id='word_1_365' title='bbox 2432 2074 2695 2140; x_wconf 85' lang='lat' dir='ltr'><strong>cognatos</strong></span> <span class='ocrx_word' id='word_1_366' title='bbox 2732 2073 2789 2122; x_wconf 92' lang='lat' dir='ltr'><strong>et</strong></span> <span class='ocrx_word' id='word_1_367' title='bbox 2833 2065 3061 2122; x_wconf 90' lang='lat' dir='ltr'><strong>aliarum</strong></span> <span class='ocrx_word' id='word_1_368' title='bbox 3111 2071 3377 2120; x_wconf 88' lang='lat' dir='ltr'><strong>terrarum</strong></span> <span class='ocrx_word' id='word_1_369' title='bbox 3427 2064 3718 2133; x_wconf 88' lang='lat' dir='ltr'><strong>principes</strong></span> <span class='ocrx_word' id='word_1_370' title='bbox 3744 2072 3793 2119; x_wconf 82' lang='lat' dir='ltr'><strong>et</strong></span> 
     </span>
    </p>
   </div>
   <div class='ocr_carea' id='block_1_51' title="bbox 2148 2153 3790 2223">
    <p class='ocr_par' dir='ltr' id='par_1_51' title="bbox 2148 2153 3790 2223">
     <span class='ocr_line' id='line_1_51' title="bbox 2148 2153 3790 2223; baseline -0.004 -9"><span class='ocrx_word' id='word_1_371' title='bbox 2148 2159 2357 2223; x_wconf 84' lang='lat' dir='ltr'><strong>afﬁnes,</strong></span> <span class='ocrx_word' id='word_1_372' title='bbox 2417 2158 2581 2214; x_wconf 89' lang='lat' dir='ltr'><strong>modo</strong></span> <span class='ocrx_word' id='word_1_373' title='bbox 2647 2170 2862 2212; x_wconf 86' lang='lat' dir='ltr'><strong>omnem</strong></span> <span class='ocrx_word' id='word_1_374' title='bbox 2930 2153 3320 2210; x_wconf 64' lang='lat' dir='ltr'><strong>oboedientiam</strong></span> <span class='ocrx_word' id='word_1_375' title='bbox 3390 2153 3790 2222; x_wconf 87' lang='lat' dir='ltr'><strong>promittendo,</strong></span> 
     </span>
    </p>
   </div>
   <div class='ocr_carea' id='block_1_52' title="bbox 2150 2240 3793 2315">
    <p class='ocr_par' dir='ltr' id='par_1_52' title="bbox 2150 2240 3793 2315">
     <span class='ocr_line' id='line_1_52' title="bbox 2150 2240 3793 2315; baseline -0.005 -12"><span class='ocrx_word' id='word_1_376' title='bbox 2150 2247 2312 2303; x_wconf 92' lang='lat' dir='ltr'><strong>modo</strong></span> <span class='ocrx_word' id='word_1_377' title='bbox 2343 2260 2442 2315; x_wconf 90' lang='lat' dir='ltr'><strong>per</strong></span> <span class='ocrx_word' id='word_1_378' title='bbox 2470 2246 2617 2300; x_wconf 90' lang='lat' dir='ltr'><strong>varia</strong></span> <span class='ocrx_word' id='word_1_379' title='bbox 2657 2244 2872 2314; x_wconf 88' lang='lat' dir='ltr'><strong>ingenia</strong></span> <span class='ocrx_word' id='word_1_380' title='bbox 2903 2240 3274 2306; x_wconf 91' lang='lat' dir='ltr'><strong>sollicitando,</strong></span> <span class='ocrx_word' id='word_1_381' title='bbox 3308 2240 3363 2294; x_wconf 89' lang='lat' dir='ltr'><strong>id</strong></span> <span class='ocrx_word' id='word_1_382' title='bbox 3393 2254 3424 2293; x_wconf 92' lang='lat' dir='ltr'><strong>a</strong></span> <span class='ocrx_word' id='word_1_383' title='bbox 3463 2254 3550 2295; x_wconf 91' lang='lat' dir='ltr'><strong>me</strong></span> <span class='ocrx_word' id='word_1_384' title='bbox 3578 2254 3793 2294; x_wconf 90' lang='lat' dir='ltr'><strong>summo</strong></span> 
     </span>
    </p>
   </div>
   <div class='ocr_carea' id='block_1_53' title="bbox 2148 2328 3792 2403">
    <p class='ocr_par' dir='ltr' id='par_1_53' title="bbox 2148 2328 3792 2403">
     <span class='ocr_line' id='line_1_53' title="bbox 2148 2328 3792 2403; baseline -0.006 -10"><span class='ocrx_word' id='word_1_385' title='bbox 2148 2336 2433 2393; x_wconf 88' lang='lat' dir='ltr'><strong>conamine</strong></span> <span class='ocrx_word' id='word_1_386' title='bbox 2473 2334 2759 2403; x_wconf 86' lang='lat' dir='ltr'><strong>cupientes</strong></span> <span class='ocrx_word' id='word_1_387' title='bbox 2787 2330 3026 2395; x_wconf 89' lang='lat' dir='ltr'><strong>efﬁcere,</strong></span> <span class='ocrx_word' id='word_1_388' title='bbox 3059 2344 3170 2400; x_wconf 91' lang='lat' dir='ltr'><strong>quo</strong></span> <span class='ocrx_word' id='word_1_389' title='bbox 3203 2344 3288 2386; x_wconf 92' lang='lat' dir='ltr'><strong>me</strong></span> <span class='ocrx_word' id='word_1_390' title='bbox 3318 2328 3384 2384; x_wconf 92' lang='lat' dir='ltr'><strong>ad</strong></span> <span class='ocrx_word' id='word_1_391' title='bbox 3416 2336 3599 2385; x_wconf 88' lang='lat' dir='ltr'><strong>votum</strong></span> <span class='ocrx_word' id='word_1_392' title='bbox 3636 2344 3792 2385; x_wconf 88' lang='lat' dir='ltr'><strong>suum</strong></span> 
     </span>
    </p>
   </div>
   <div class='ocr_carea' id='block_1_54' title="bbox 2146 2412 3794 2496">
    <p class='ocr_par' dir='ltr' id='par_1_54' title="bbox 2146 2412 3794 2496">
     <span class='ocr_line' id='line_1_54' title="bbox 2146 2412 3794 2496; baseline -0.004 -14"><span class='ocrx_word' id='word_1_393' title='bbox 2146 2428 2262 2482; x_wconf 91' lang='lat' dir='ltr'><strong>suis</strong></span> <span class='ocrx_word' id='word_1_394' title='bbox 2285 2424 2349 2457; x_wconf 70' lang='grc'><strong>⁵³⁸</strong></span> <span class='ocrx_word' id='word_1_395' title='bbox 2398 2425 2646 2496; x_wconf 86' lang='lat' dir='ltr'><strong>partibus</strong></span> <span class='ocrx_word' id='word_1_396' title='bbox 2690 2422 2905 2478; x_wconf 89' lang='lat' dir='ltr'><strong>valeant</strong></span> <span class='ocrx_word' id='word_1_397' title='bbox 2948 2412 3233 2477; x_wconf 82' lang='lat' dir='ltr'><strong>inclinare.</strong></span> <span class='ocrx_word' id='word_1_398' title='bbox 3272 2422 3465 2475; x_wconf 78' lang='lat' dir='ltr'><strong>Verum</strong></span> <span class='ocrx_word' id='word_1_399' title='bbox 3494 2420 3627 2490; x_wconf 85' lang='lat' dir='ltr'><strong>quia</strong></span> <span class='ocrx_word' id='word_1_400' title='bbox 3672 2421 3794 2476; x_wconf 91' lang='lat' dir='ltr'><strong>hinc</strong></span> 
     </span>
    </p>
   </div>
   <div class='ocr_carea' id='block_1_55' title="bbox 2147 2508 3793 2582">
    <p class='ocr_par' dir='ltr' id='par_1_55' title="bbox 2147 2508 3793 2582">
     <span class='ocr_line' id='line_1_55' title="bbox 2147 2508 3793 2582; baseline -0.002 -12"><span class='ocrx_word' id='word_1_401' title='bbox 2147 2515 2275 2570; x_wconf 89' lang='lat' dir='ltr'><strong>inde</strong></span> <span class='ocrx_word' id='word_1_402' title='bbox 2322 2522 2378 2570; x_wconf 92' lang='lat' dir='ltr'><strong>et</strong></span> <span class='ocrx_word' id='word_1_403' title='bbox 2419 2516 2661 2569; x_wconf 85' lang='lat' dir='ltr'><strong>Romana</strong></span> <span class='ocrx_word' id='word_1_404' title='bbox 2705 2511 2941 2582; x_wconf 89' lang='lat' dir='ltr'><strong>gravitas</strong></span> <span class='ocrx_word' id='word_1_405' title='bbox 2983 2518 3038 2565; x_wconf 91' lang='lat' dir='ltr'><strong>et</strong></span> <span class='ocrx_word' id='word_1_406' title='bbox 3077 2508 3378 2579; x_wconf 90' lang='lat' dir='ltr'><strong>apostolica</strong></span> <span class='ocrx_word' id='word_1_407' title='bbox 3430 2510 3793 2566; x_wconf 85' lang='lat' dir='ltr'><strong>mansuetudo</strong></span> 
     </span>
    </p>
   </div>
   <div class='ocr_carea' id='block_1_56' title="bbox 2148 2596 3793 2673">
    <p class='ocr_par' dir='ltr' id='par_1_56' title="bbox 2148 2596 3793 2673">
     <span class='ocr_line' id='line_1_56' title="bbox 2148 2596 3793 2673; baseline -0.005 -13"><span class='ocrx_word' id='word_1_408' title='bbox 2148 2618 2233 2660; x_wconf 91' lang='lat' dir='ltr'><strong>me</strong></span> <span class='ocrx_word' id='word_1_409' title='bbox 2292 2618 2389 2673; x_wconf 92' lang='lat' dir='ltr'><strong>per</strong></span> <span class='ocrx_word' id='word_1_410' title='bbox 2439 2601 2672 2658; x_wconf 90' lang='lat' dir='ltr'><strong>mediam</strong></span> <span class='ocrx_word' id='word_1_411' title='bbox 2727 2600 2958 2669; x_wconf 71' lang='lat' dir='ltr'><strong>justitize</strong></span> <span class='ocrx_word' id='word_1_412' title='bbox 3015 2598 3152 2653; x_wconf 88' lang='lat' dir='ltr'><strong>viam</strong></span> <span class='ocrx_word' id='word_1_413' title='bbox 3182 2596 3248 2629; x_wconf 75' lang='grc'><strong>³⁸⁸</strong></span> <span class='ocrx_word' id='word_1_414' title='bbox 3304 2597 3563 2653; x_wconf 88' lang='lat' dir='ltr'><strong>incedere</strong></span> <span class='ocrx_word' id='word_1_415' title='bbox 3623 2599 3793 2669; x_wconf 84' lang='lat' dir='ltr'><strong>cogit,</strong></span> 
     </span>
    </p>
   </div>
   <div class='ocr_carea' id='block_1_57' title="bbox 2148 2686 3795 2760">
    <p class='ocr_par' dir='ltr' id='par_1_57' title="bbox 2148 2686 3795 2760">
     <span class='ocr_line' id='line_1_57' title="bbox 2148 2686 3795 2760; baseline -0.004 -11"><span class='ocrx_word' id='word_1_416' title='bbox 2148 2692 2403 2749; x_wconf 92' lang='lat' dir='ltr'><strong>omnibus</strong></span> <span class='ocrx_word' id='word_1_417' title='bbox 2448 2691 2651 2760; x_wconf 90' lang='lat' dir='ltr'><strong>quibus</strong></span> <span class='ocrx_word' id='word_1_418' title='bbox 2698 2701 2918 2760; x_wconf 90' lang='lat' dir='ltr'><strong>possum</strong></span> <span class='ocrx_word' id='word_1_419' title='bbox 2968 2686 3146 2743; x_wconf 92' lang='lat' dir='ltr'><strong>modis</strong></span> <span class='ocrx_word' id='word_1_420' title='bbox 3191 2686 3298 2742; x_wconf 87' lang='lat' dir='ltr'><strong>hoc</strong></span> <span class='ocrx_word' id='word_1_421' title='bbox 3336 2693 3557 2757; x_wconf 90' lang='lat' dir='ltr'><strong>oportet</strong></span> <span class='ocrx_word' id='word_1_422' title='bbox 3608 2687 3795 2743; x_wconf 83' lang='lat' dir='ltr'><strong>inten-</strong></span> 
     </span>
    </p>
   </div>
   <div class='ocr_carea' id='block_1_58' title="bbox 2148 2773 3795 2850">
    <p class='ocr_par' dir='ltr' id='par_1_58' title="bbox 2148 2773 3795 2850">
     <span class='ocr_line' id='line_1_58' title="bbox 2148 2773 3795 2850; baseline -0.005 -13"><span class='ocrx_word' id='word_1_423' title='bbox 2148 2782 2302 2847; x_wconf 86' lang='lat' dir='ltr'><strong>dere,</strong></span> <span class='ocrx_word' id='word_1_424' title='bbox 2341 2780 2620 2850; x_wconf 88' lang='lat' dir='ltr'><strong>quomodo</strong></span> <span class='ocrx_word' id='word_1_425' title='bbox 2665 2791 2843 2833; x_wconf 88' lang='lat' dir='ltr'><strong>veram</strong></span> <span class='ocrx_word' id='word_1_426' title='bbox 2875 2791 2903 2830; x_wconf 90' lang='lat' dir='ltr'><strong>a</strong></span> <span class='ocrx_word' id='word_1_427' title='bbox 2946 2775 3081 2831; x_wconf 90' lang='lat' dir='ltr'><strong>falsa</strong></span> <span class='ocrx_word' id='word_1_428' title='bbox 3112 2776 3402 2845; x_wconf 90' lang='lat' dir='ltr'><strong>justitiam,</strong></span> <span class='ocrx_word' id='word_1_429' title='bbox 3436 2773 3743 2844; x_wconf 72' lang='lat' dir='ltr'><strong>perfectam</strong></span> <span class='ocrx_word' id='word_1_430' title='bbox 3770 2789 3795 2829; x_wconf 86' lang='lat' dir='ltr'><strong>a</strong></span> 
     </span>
    </p>
   </div>
   <div class='ocr_carea' id='block_1_59' title="bbox 2147 2863 3793 2935">
    <p class='ocr_par' dir='ltr' id='par_1_59' title="bbox 2147 2863 3793 2935">
     <span class='ocr_line' id='line_1_59' title="bbox 2147 2863 3793 2935; baseline -0.005 -9"><span class='ocrx_word' id='word_1_431' title='bbox 2147 2870 2271 2926; x_wconf 84' lang='lat' dir='ltr'><strong>ﬁcta</strong></span> <span class='ocrx_word' id='word_1_432' title='bbox 2308 2868 2742 2932; x_wconf 75' lang='lat' dir='ltr'><strong>&#39;oboedientiam,</strong></span> <span class='ocrx_word' id='word_1_433' title='bbox 2796 2865 3009 2935; x_wconf 89' lang='lat' dir='ltr'><strong>judicio</strong></span> <span class='ocrx_word' id='word_1_434' title='bbox 3065 2865 3241 2920; x_wconf 88' lang='lat' dir='ltr'><strong>sancti</strong></span> <span class='ocrx_word' id='word_1_435' title='bbox 3298 2863 3534 2933; x_wconf 88' lang='lat' dir='ltr'><strong>Spiritus</strong></span> <span class='ocrx_word' id='word_1_436' title='bbox 3584 2864 3793 2919; x_wconf 77' lang='lat' dir='ltr'><strong>valeam</strong></span> 
     </span>
    </p>
   </div>
   <div class='ocr_carea' id='block_1_60' title="bbox 2154 2953 3796 3023">
    <p class='ocr_par' dir='ltr' id='par_1_60' title="bbox 2154 2953 3796 3023">
     <span class='ocr_line' id='line_1_60' title="bbox 2154 2953 3796 3023; baseline -0.004 -8"><span class='ocrx_word' id='word_1_437' title='bbox 2154 2959 2491 3023; x_wconf 88' lang='lat' dir='ltr'><strong>discernere,</strong></span> <span class='ocrx_word' id='word_1_438' title='bbox 2533 2963 2590 3012; x_wconf 91' lang='lat' dir='ltr'><strong>et</strong></span> <span class='ocrx_word' id='word_1_439' title='bbox 2635 2960 2753 3011; x_wconf 89' lang='lat' dir='ltr'><strong>rato</strong></span> <span class='ocrx_word' id='word_1_440' title='bbox 2792 2954 2986 3010; x_wconf 90' lang='lat' dir='ltr'><strong>ordine</strong></span> <span class='ocrx_word' id='word_1_441' title='bbox 3034 2953 3101 3007; x_wconf 93' lang='lat' dir='ltr'><strong>ad</strong></span> <span class='ocrx_word' id='word_1_442' title='bbox 3150 2953 3311 3007; x_wconf 88' lang='lat' dir='ltr'><strong>tinem</strong></span> <span class='ocrx_word' id='word_1_443' title='bbox 3358 2966 3533 3021; x_wconf 91' lang='lat' dir='ltr'><strong>usque</strong></span> <span class='ocrx_word' id='word_1_444' title='bbox 3582 2953 3796 3021; x_wconf 88' lang='lat' dir='ltr'><strong>perdu-</strong></span> 
     </span>
    </p>
   </div>
   <div class='ocr_carea' id='block_1_61' title="bbox 424 3030 3796 3120">
    <p class='ocr_par' dir='ltr' id='par_1_61' title="bbox 424 3030 3796 3120">
     <span class='ocr_line' id='line_1_61' title="bbox 424 3030 3796 3120; baseline 0.001 -26"><span class='ocrx_word' id='word_1_445' title='bbox 424 3038 521 3105; x_wconf 89' lang='lat' dir='ltr'><strong>ita,</strong></span> <span class='ocrx_word' id='word_1_446' title='bbox 559 3047 619 3096; x_wconf 93' lang='lat' dir='ltr'><strong>ut</strong></span> <span class='ocrx_word' id='word_1_447' title='bbox 651 3042 798 3098; x_wconf 87' lang='lat' dir='ltr'><strong>nulla</strong></span> <span class='ocrx_word' id='word_1_448' title='bbox 830 3059 1082 3114; x_wconf 85' lang='lat' dir='ltr'><strong>umquam</strong></span> <span class='ocrx_word' id='word_1_449' title='bbox 1130 3062 1365 3116; x_wconf 89' lang='lat' dir='ltr'><strong>persona</strong></span> <span class='ocrx_word' id='word_1_450' title='bbox 1411 3049 1646 3120; x_wconf 88' lang='lat' dir='ltr'><strong>alicujus</strong></span> <span class='ocrx_word' id='word_1_451' title='bbox 1684 3050 1945 3120; x_wconf 73' lang='lat' dir='ltr'><strong>potentia:</strong></span> <span class='ocrx_word' id='word_1_452' title='bbox 1978 3050 2063 3107; x_wconf 86' lang='lat' dir='ltr'><strong>vel</strong></span> <span class='ocrx_word' id='word_1_453' title='bbox 2088 3030 2298 3105; x_wconf 74' lang='lat' dir='ltr'><strong>ucere.</strong></span> <span class='ocrx_word' id='word_1_454' title='bbox 2324 3050 2454 3102; x_wconf 68' lang='lat' dir='ltr'><strong>Haec</strong></span> <span class='ocrx_word' id='word_1_455' title='bbox 2483 3060 2610 3102; x_wconf 92' lang='lat' dir='ltr'><strong>vero</strong></span> <span class='ocrx_word' id='word_1_456' title='bbox 2631 3043 2697 3075; x_wconf 72' lang='grc'><strong>⁸⁸⁸</strong></span> <span class='ocrx_word' id='word_1_457' title='bbox 2727 3052 2782 3099; x_wconf 87' lang='lat' dir='ltr'><strong>et</strong></span> <span class='ocrx_word' id='word_1_458' title='bbox 2812 3044 2937 3110; x_wconf 90' lang='lat' dir='ltr'><strong>alia,</strong></span> <span class='ocrx_word' id='word_1_459' title='bbox 2958 3043 3005 3098; x_wconf 93' lang='lat' dir='ltr'><strong>si</strong></span> <span class='ocrx_word' id='word_1_460' title='bbox 3038 3042 3278 3112; x_wconf 88' lang='lat' dir='ltr'><strong>propitio</strong></span> <span class='ocrx_word' id='word_1_461' title='bbox 3310 3043 3419 3097; x_wconf 90' lang='lat' dir='ltr'><strong>Deo</strong></span> <span class='ocrx_word' id='word_1_462' title='bbox 3448 3041 3517 3097; x_wconf 89' lang='lat' dir='ltr'><strong>ad</strong></span> <span class='ocrx_word' id='word_1_463' title='bbox 3548 3056 3654 3097; x_wconf 82' lang='lat' dir='ltr'><strong>vos</strong></span> <span class='ocrx_word' id='word_1_464' title='bbox 3683 3044 3796 3098; x_wconf 86' lang='lat' dir='ltr'><strong>sani</strong></span> 
     </span>
    </p>
   </div>
   <div class='ocr_carea' id='block_1_62' title="bbox 427 3123 2070 3209">
    <p class='ocr_par' dir='ltr' id='par_1_62' title="bbox 427 3123 2070 3209">
     <span class='ocr_line' id='line_1_62' title="bbox 427 3123 2070 3209; baseline 0.007 -28"><span class='ocrx_word' id='word_1_465' title='bbox 427 3123 712 3197; x_wconf 85' lang='lat' dir='ltr'><strong>dignitatis</strong></span> <span class='ocrx_word' id='word_1_466' title='bbox 734 3128 821 3197; x_wconf 75' lang='grc'><strong>⁸⁸⁸,</strong></span> <span class='ocrx_word' id='word_1_467' title='bbox 870 3133 984 3188; x_wconf 86' lang='lat' dir='ltr'><strong>sive</strong></span> <span class='ocrx_word' id='word_1_468' title='bbox 1026 3148 1218 3204; x_wconf 88' lang='lat' dir='ltr'><strong>magna</strong></span> <span class='ocrx_word' id='word_1_469' title='bbox 1264 3136 1377 3192; x_wconf 90' lang='lat' dir='ltr'><strong>sive</strong></span> <span class='ocrx_word' id='word_1_470' title='bbox 1428 3152 1608 3206; x_wconf 89' lang='lat' dir='ltr'><strong>parva,</strong></span> <span class='ocrx_word' id='word_1_471' title='bbox 1650 3140 1763 3194; x_wconf 90' lang='lat' dir='ltr'><strong>sive</strong></span> <span class='ocrx_word' id='word_1_472' title='bbox 1813 3139 2070 3209; x_wconf 90' lang='lat' dir='ltr'><strong>princeps</strong></span> 
     </span>
    </p>
   </div>
   <div class='ocr_carea' id='block_1_63' title="bbox 426 3215 2068 3296">
    <p class='ocr_par' dir='ltr' id='par_1_63' title="bbox 426 3215 2068 3296">
     <span class='ocr_line' id='line_1_63' title="bbox 426 3215 2068 3296; baseline 0.008 -26"><span class='ocrx_word' id='word_1_473' title='bbox 426 3215 541 3271; x_wconf 91' lang='lat' dir='ltr'><strong>sive</strong></span> <span class='ocrx_word' id='word_1_474' title='bbox 598 3218 900 3288; x_wconf 85' lang='lat' dir='ltr'><strong>subjectus,</strong></span> <span class='ocrx_word' id='word_1_475' title='bbox 959 3222 1144 3292; x_wconf 89' lang='lat' dir='ltr'><strong>aliqua</strong></span> <span class='ocrx_word' id='word_1_476' title='bbox 1204 3226 1631 3296; x_wconf 69' lang='lat' dir='ltr'><strong>praesumptione</strong></span> <span class='ocrx_word' id='word_1_477' title='bbox 1691 3234 1985 3296; x_wconf 65' lang='lat' dir='ltr'><strong>praesumat</strong></span> <span class='ocrx_word' id='word_1_478' title='bbox 2005 3226 2068 3258; x_wconf 78' lang='grc'><strong>⁸⁸⁷</strong></span> 
     </span>
    </p>
   </div>
   <div class='ocr_carea' id='block_1_64' title="bbox 426 3304 2071 3386">
    <p class='ocr_par' dir='ltr' id='par_1_64' title="bbox 426 3304 2071 3386">
     <span class='ocr_line' id='line_1_64' title="bbox 426 3304 2071 3386; baseline 0.009 -27"><span class='ocrx_word' id='word_1_479' title='bbox 426 3304 626 3376; x_wconf 88' lang='lat' dir='ltr'><strong>legatis</strong></span> <span class='ocrx_word' id='word_1_480' title='bbox 673 3309 879 3364; x_wconf 87' lang='lat' dir='ltr'><strong>nostris</strong></span> <span class='ocrx_word' id='word_1_481' title='bbox 920 3310 1213 3375; x_wconf 89' lang='lat' dir='ltr'><strong>obsistere,</strong></span> <span class='ocrx_word' id='word_1_482' title='bbox 1247 3322 1302 3368; x_wconf 87' lang='lat' dir='ltr'><strong>et</strong></span> <span class='ocrx_word' id='word_1_483' title='bbox 1332 3323 1623 3384; x_wconf 87' lang='lat' dir='ltr'><strong>postquam</strong></span> <span class='ocrx_word' id='word_1_484' title='bbox 1652 3316 1722 3371; x_wconf 88' lang='lat' dir='ltr'><strong>ad</strong></span> <span class='ocrx_word' id='word_1_485' title='bbox 1754 3329 1850 3372; x_wconf 90' lang='lat' dir='ltr'><strong>vos</strong></span> <span class='ocrx_word' id='word_1_486' title='bbox 1880 3330 2071 3386; x_wconf 89' lang='lat' dir='ltr'><strong>perve-</strong></span> 
     </span>
    </p>
   </div>
   <div class='ocr_carea' id='block_1_65' title="bbox 430 3394 2071 3474">
    <p class='ocr_par' dir='ltr' id='par_1_65' title="bbox 430 3394 2071 3474">
     <span class='ocr_line' id='line_1_65' title="bbox 430 3394 2071 3474; baseline 0.007 -25"><span class='ocrx_word' id='word_1_487' title='bbox 430 3394 632 3463; x_wconf 90' lang='lat' dir='ltr'><strong>nerint,</strong></span> <span class='ocrx_word' id='word_1_488' title='bbox 666 3396 734 3452; x_wconf 89' lang='lat' dir='ltr'><strong>de</strong></span> <span class='ocrx_word' id='word_1_489' title='bbox 765 3401 1149 3469; x_wconf 88' lang='lat' dir='ltr'><strong>componenda</strong></span> <span class='ocrx_word' id='word_1_490' title='bbox 1195 3416 1329 3471; x_wconf 89' lang='lat' dir='ltr'><strong>pace</strong></span> <span class='ocrx_word' id='word_1_491' title='bbox 1367 3404 1682 3471; x_wconf 87' lang='lat' dir='ltr'><strong>contraire;</strong></span> <span class='ocrx_word' id='word_1_492' title='bbox 1739 3419 1839 3462; x_wconf 90' lang='lat' dir='ltr'><strong>nec</strong></span> <span class='ocrx_word' id='word_1_493' title='bbox 1879 3411 2071 3474; x_wconf 87' lang='lat' dir='ltr'><strong>postea</strong></span> 
     </span>
    </p>
   </div>
   <div class='ocr_carea' id='block_1_66' title="bbox 427 3486 2071 3551">
    <p class='ocr_par' dir='ltr' id='par_1_66' title="bbox 427 3486 2071 3551">
     <span class='ocr_line' id='line_1_66' title="bbox 427 3486 2071 3551; baseline 0.007 -13"><span class='ocrx_word' id='word_1_494' title='bbox 427 3494 619 3540; x_wconf 88' lang='lat' dir='ltr'><strong>contra</strong></span> <span class='ocrx_word' id='word_1_495' title='bbox 666 3486 1020 3544; x_wconf 89' lang='lat' dir='ltr'><strong>interdictum</strong></span> <span class='ocrx_word' id='word_1_496' title='bbox 1070 3489 1288 3546; x_wconf 91' lang='lat' dir='ltr'><strong>illorum</strong></span> <span class='ocrx_word' id='word_1_497' title='bbox 1337 3492 1478 3547; x_wconf 88' lang='lat' dir='ltr'><strong>alter</strong></span> <span class='ocrx_word' id='word_1_498' title='bbox 1506 3492 1560 3547; x_wconf 92' lang='lat' dir='ltr'><strong>in</strong></span> <span class='ocrx_word' id='word_1_499' title='bbox 1593 3494 1823 3549; x_wconf 86' lang='lat' dir='ltr'><strong>alterum</strong></span> <span class='ocrx_word' id='word_1_500' title='bbox 1872 3494 2071 3551; x_wconf 89' lang='lat' dir='ltr'><strong>audeat</strong></span> 
     </span>
    </p>
   </div>
   <div class='ocr_carea' id='block_1_67' title="bbox 428 3572 2073 3649">
    <p class='ocr_par' dir='ltr' id='par_1_67' title="bbox 428 3572 2073 3649">
     <span class='ocr_line' id='line_1_67' title="bbox 428 3572 2073 3649; baseline 0.007 -21"><span class='ocrx_word' id='word_1_501' title='bbox 428 3572 713 3644; x_wconf 90' lang='lat' dir='ltr'><strong>insurgere</strong></span> <span class='ocrx_word' id='word_1_502' title='bbox 731 3574 817 3643; x_wconf 81' lang='grc'><strong>⁸⁸⁸,</strong></span> <span class='ocrx_word' id='word_1_503' title='bbox 849 3577 948 3633; x_wconf 88' lang='lat' dir='ltr'><strong>sed</strong></span> <span class='ocrx_word' id='word_1_504' title='bbox 990 3593 1162 3649; x_wconf 90' lang='lat' dir='ltr'><strong>usque</strong></span> <span class='ocrx_word' id='word_1_505' title='bbox 1199 3580 1268 3636; x_wconf 91' lang='lat' dir='ltr'><strong>ad</strong></span> <span class='ocrx_word' id='word_1_506' title='bbox 1300 3580 1448 3637; x_wconf 91' lang='lat' dir='ltr'><strong>diem</strong></span> <span class='ocrx_word' id='word_1_507' title='bbox 1484 3583 1553 3637; x_wconf 89' lang='lat' dir='ltr'><strong>ab</strong></span> <span class='ocrx_word' id='word_1_508' title='bbox 1584 3582 1695 3637; x_wconf 91' lang='lat' dir='ltr'><strong>illis</strong></span> <span class='ocrx_word' id='word_1_509' title='bbox 1730 3588 1987 3639; x_wconf 89' lang='lat' dir='ltr'><strong>statutam</strong></span> <span class='ocrx_word' id='word_1_510' title='bbox 2009 3584 2073 3616; x_wconf 72' lang='grc'><strong>⁸⁸³</strong></span> 
     </span>
    </p>
   </div>
   <div class='ocr_carea' id='block_1_68' title="bbox 428 3661 2073 3734">
    <p class='ocr_par' dir='ltr' id='par_1_68' title="bbox 428 3661 2073 3734">
     <span class='ocr_line' id='line_1_68' title="bbox 428 3661 2073 3734; baseline 0.007 -16"><span class='ocrx_word' id='word_1_511' title='bbox 428 3661 634 3719; x_wconf 87' lang='lat' dir='ltr'><strong>ﬁrmam</strong></span> <span class='ocrx_word' id='word_1_512' title='bbox 688 3678 875 3734; x_wconf 90' lang='lat' dir='ltr'><strong>pacem</strong></span> <span class='ocrx_word' id='word_1_513' title='bbox 923 3680 1115 3724; x_wconf 91' lang='lat' dir='ltr'><strong>omnes</strong></span> <span class='ocrx_word' id='word_1_514' title='bbox 1144 3669 1263 3727; x_wconf 89' lang='lat' dir='ltr'><strong>sine</strong></span> <span class='ocrx_word' id='word_1_515' title='bbox 1295 3669 1404 3725; x_wconf 89' lang='lat' dir='ltr'><strong>ulla</strong></span> <span class='ocrx_word' id='word_1_516' title='bbox 1451 3672 1746 3728; x_wconf 90' lang='lat' dir='ltr'><strong>occasione</strong></span> <span class='ocrx_word' id='word_1_517' title='bbox 1777 3678 1833 3728; x_wconf 91' lang='lat' dir='ltr'><strong>et</strong></span> <span class='ocrx_word' id='word_1_518' title='bbox 1881 3670 2073 3730; x_wconf 88' lang='lat' dir='ltr'><strong>fraude</strong></span> 
     </span>
    </p>
   </div>
   <div class='ocr_carea' id='block_1_69' title="bbox 2152 3130 3795 3208">
    <p class='ocr_par' dir='ltr' id='par_1_69' title="bbox 2152 3130 3795 3208">
     <span class='ocr_line' id='line_1_69' title="bbox 2152 3130 3795 3208; baseline -0.006 -15"><span class='ocrx_word' id='word_1_519' title='bbox 2152 3137 2478 3208; x_wconf 90' lang='lat' dir='ltr'><strong>perveniunt</strong></span> <span class='ocrx_word' id='word_1_520' title='bbox 2525 3135 2689 3205; x_wconf 87' lang='lat' dir='ltr'><strong>legati</strong></span> <span class='ocrx_word' id='word_1_521' title='bbox 2722 3133 2850 3199; x_wconf 90' lang='lat' dir='ltr'><strong>mei,</strong></span> <span class='ocrx_word' id='word_1_522' title='bbox 2882 3132 3080 3188; x_wconf 89' lang='lat' dir='ltr'><strong>melius</strong></span> <span class='ocrx_word' id='word_1_523' title='bbox 3109 3145 3269 3201; x_wconf 90' lang='lat' dir='ltr'><strong>quam</strong></span> <span class='ocrx_word' id='word_1_524' title='bbox 3319 3131 3403 3186; x_wconf 68' lang='lat' dir='ltr'><strong>hae</strong></span> <span class='ocrx_word' id='word_1_525' title='bbox 3443 3130 3652 3186; x_wconf 69' lang='lat' dir='ltr'><strong>littera:</strong></span> <span class='ocrx_word' id='word_1_526' title='bbox 3685 3132 3795 3186; x_wconf 80' lang='lat' dir='ltr'><strong>viva</strong></span> 
     </span>
    </p>
   </div>
   <div class='ocr_carea' id='block_1_70' title="bbox 2151 3218 3387 3290">
    <p class='ocr_par' dir='ltr' id='par_1_70' title="bbox 2151 3218 3387 3290">
     <span class='ocr_line' id='line_1_70' title="bbox 2151 3218 3387 3290; baseline -0.009 -9"><span class='ocrx_word' id='word_1_527' title='bbox 2151 3240 2285 3282; x_wconf 90' lang='lat' dir='ltr'><strong>voce</strong></span> <span class='ocrx_word' id='word_1_528' title='bbox 2318 3224 2759 3281; x_wconf 86' lang='lat' dir='ltr'><strong>testiﬁcabuntur</strong></span> <span class='ocrx_word' id='word_1_529' title='bbox 2786 3228 2843 3277; x_wconf 92' lang='lat' dir='ltr'><strong>et</strong></span> <span class='ocrx_word' id='word_1_530' title='bbox 2872 3222 3154 3277; x_wconf 90' lang='lat' dir='ltr'><strong>docebunt</strong></span> <span class='ocrx_word' id='word_1_531' title='bbox 3186 3218 3333 3290; x_wconf 78' lang='lat'><strong>(51).</strong></span> <span class='ocrx_word' id='word_1_532' title='bbox 3360 3239 3387 3268; x_wconf 74' lang='grc' dir='ltr'><strong>ι</strong></span> 
     </span>
    </p>
   </div>
   <div class='ocr_carea' id='block_1_71' title="bbox 2230 3307 3799 3380">
    <p class='ocr_par' dir='ltr' id='par_1_71' title="bbox 2230 3307 3799 3380">
     <span class='ocr_line' id='line_1_71' title="bbox 2230 3307 3799 3380; baseline -0.002 -13"><span class='ocrx_word' id='word_1_533' title='bbox 2230 3312 2350 3370; x_wconf 81' lang='lat'><strong>120.</strong></span> <span class='ocrx_word' id='word_1_534' title='bbox 2394 3315 2548 3368; x_wconf 77' lang='lat' dir='ltr'><strong>.ltem</strong></span> <span class='ocrx_word' id='word_1_535' title='bbox 2615 3310 2852 3367; x_wconf 90' lang='lat' dir='ltr'><strong>domnus</strong></span> <span class='ocrx_word' id='word_1_536' title='bbox 2915 3309 3255 3380; x_wconf 89' lang='lat' dir='ltr'><strong>apostolicus</strong></span> <span class='ocrx_word' id='word_1_537' title='bbox 3317 3308 3434 3378; x_wconf 89' lang='lat' dir='ltr'><strong>regi</strong></span> <span class='ocrx_word' id='word_1_538' title='bbox 3500 3307 3799 3364; x_wconf 76' lang='lat' dir='ltr'><strong>Rodulfo:</strong></span> 
     </span>
    </p>
   </div>
   <div class='ocr_carea' id='block_1_72' title="bbox 2156 3398 3805 3474">
    <p class='ocr_par' dir='ltr' id='par_1_72' title="bbox 2156 3398 3805 3474">
     <span class='ocr_line' id='line_1_72' title="bbox 2156 3398 3805 3474; baseline -0.002 -17"><span class='ocrx_word' id='word_1_539' title='bbox 2156 3424 2185 3457; x_wconf 79' lang='grc' dir='ltr'><strong>(ι</strong></span> <span class='ocrx_word' id='word_1_540' title='bbox 2216 3402 2512 3474; x_wconf 84' lang='lat' dir='ltr'><strong>Gregorius</strong></span> <span class='ocrx_word' id='word_1_541' title='bbox 2549 3401 2845 3471; x_wconf 82' lang='lat' dir='ltr'><strong>episcopus</strong></span> <span class='ocrx_word' id='word_1_542' title='bbox 2881 3414 3072 3455; x_wconf 90' lang='lat' dir='ltr'><strong>servus</strong></span> <span class='ocrx_word' id='word_1_543' title='bbox 3100 3411 3382 3455; x_wconf 90' lang='lat' dir='ltr'><strong>servorum</strong></span> <span class='ocrx_word' id='word_1_544' title='bbox 3414 3398 3529 3462; x_wconf 90' lang='lat' dir='ltr'><strong>Dei,</strong></span> <span class='ocrx_word' id='word_1_545' title='bbox 3564 3398 3805 3454; x_wconf 81' lang='lat' dir='ltr'><strong>Rodulfo</strong></span> 
     </span>
    </p>
   </div>
   <div class='ocr_carea' id='block_1_73' title="bbox 2155 3489 3804 3563">
    <p class='ocr_par' dir='ltr' id='par_1_73' title="bbox 2155 3489 3804 3563">
     <span class='ocr_line' id='line_1_73' title="bbox 2155 3489 3804 3563; baseline -0.005 -14"><span class='ocrx_word' id='word_1_546' title='bbox 2155 3493 2270 3563; x_wconf 84' lang='lat' dir='ltr'><strong>regi</strong></span> <span class='ocrx_word' id='word_1_547' title='bbox 2313 3491 2678 3559; x_wconf 88' lang='lat' dir='ltr'><strong>omnibusque</strong></span> <span class='ocrx_word' id='word_1_548' title='bbox 2708 3503 2895 3545; x_wconf 89' lang='lat' dir='ltr'><strong>secum</strong></span> <span class='ocrx_word' id='word_1_549' title='bbox 2926 3489 2981 3544; x_wconf 92' lang='lat' dir='ltr'><strong>in</strong></span> <span class='ocrx_word' id='word_1_550' title='bbox 3031 3502 3202 3558; x_wconf 82' lang='lat' dir='ltr'><strong>regno</strong></span> <span class='ocrx_word' id='word_1_551' title='bbox 3250 3490 3523 3543; x_wconf 87' lang='lat' dir='ltr'><strong>Saxonum</strong></span> <span class='ocrx_word' id='word_1_552' title='bbox 3557 3501 3804 3543; x_wconf 87' lang='lat' dir='ltr'><strong>comma-</strong></span> 
     </span>
    </p>
   </div>
   <div class='ocr_carea' id='block_1_74' title="bbox 2157 3576 3802 3648">
    <p class='ocr_par' dir='ltr' id='par_1_74' title="bbox 2157 3576 3802 3648">
     <span class='ocr_line' id='line_1_74' title="bbox 2157 3576 3802 3648; baseline -0.005 -11"><span class='ocrx_word' id='word_1_553' title='bbox 2157 3581 2434 3645; x_wconf 83' lang='lat' dir='ltr'><strong>nentibus,</strong></span> <span class='ocrx_word' id='word_1_554' title='bbox 2469 3587 2577 3635; x_wconf 90' lang='lat' dir='ltr'><strong>tam</strong></span> <span class='ocrx_word' id='word_1_555' title='bbox 2617 3578 2896 3648; x_wconf 89' lang='lat' dir='ltr'><strong>episcopis</strong></span> <span class='ocrx_word' id='word_1_556' title='bbox 2924 3592 3087 3646; x_wconf 91' lang='lat' dir='ltr'><strong>quam</strong></span> <span class='ocrx_word' id='word_1_557' title='bbox 3125 3576 3360 3633; x_wconf 90' lang='lat' dir='ltr'><strong>ducibus</strong></span> <span class='ocrx_word' id='word_1_558' title='bbox 3389 3582 3446 3631; x_wconf 93' lang='lat' dir='ltr'><strong>et</strong></span> <span class='ocrx_word' id='word_1_559' title='bbox 3482 3576 3802 3633; x_wconf 88' lang='lat' dir='ltr'><strong>comitibus.</strong></span> 
     </span>
    </p>
   </div>
   <div class='ocr_carea' id='block_1_75' title="bbox 2157 3665 3805 3738">
    <p class='ocr_par' dir='ltr' id='par_1_75' title="bbox 2157 3665 3805 3738">
     <span class='ocr_line' id='line_1_75' title="bbox 2157 3665 3805 3738; baseline -0.003 -12"><span class='ocrx_word' id='word_1_560' title='bbox 2157 3683 2399 3726; x_wconf 89' lang='lat' dir='ltr'><strong>necnon</strong></span> <span class='ocrx_word' id='word_1_561' title='bbox 2448 3668 2748 3738; x_wconf 89' lang='lat' dir='ltr'><strong>majoribus</strong></span> <span class='ocrx_word' id='word_1_562' title='bbox 2779 3672 2835 3722; x_wconf 84' lang='lat' dir='ltr'><strong>et</strong></span> <span class='ocrx_word' id='word_1_563' title='bbox 2884 3665 3209 3731; x_wconf 92' lang='lat' dir='ltr'><strong>minoribus,</strong></span> <span class='ocrx_word' id='word_1_564' title='bbox 3243 3671 3595 3736; x_wconf 89' lang='lat' dir='ltr'><strong>peccatorum</strong></span> <span class='ocrx_word' id='word_1_565' title='bbox 3638 3666 3805 3721; x_wconf 90' lang='lat' dir='ltr'><strong>abso-</strong></span> 
     </span>
    </p>
   </div>
   <div class='ocr_carea' id='block_1_76' title="bbox 1785 3843 2444 3902">
    <p class='ocr_par' dir='ltr' id='par_1_76' title="bbox 1785 3843 2444 3902">
     <span class='ocr_line' id='line_1_76' title="bbox 1785 3843 2444 3902; baseline -0.006 -2"><span class='ocrx_word' id='word_1_566' title='bbox 1785 3846 2004 3902; x_wconf 77' lang='lat' dir='ltr'><strong>VARLE</strong></span> <span class='ocrx_word' id='word_1_567' title='bbox 2057 3844 2339 3901; x_wconf 87' lang='lat' dir='ltr'><strong>LECTION</strong></span> <span class='ocrx_word' id='word_1_568' title='bbox 2347 3843 2444 3898; x_wconf 89' lang='lat' dir='ltr'><strong>ES.</strong></span> 
     </span>
    </p>
   </div>
   <div class='ocr_carea' id='block_1_77' title="bbox 500 3956 3800 4085">
    <p class='ocr_par' dir='ltr' id='par_1_77' title="bbox 500 3972 3800 4085">
     <span class='ocr_line' id='line_1_77' title="bbox 500 3972 3800 4085; baseline 0 0"><span class='ocrx_word' id='word_1_569' title='bbox 500 3982 564 4085; x_wconf 70' lang='lat'><strong>13&#39;</strong></span> <span class='ocrx_word' id='word_1_570' title='bbox 594 3985 1251 4085; x_wconf 57' lang='grc' dir='ltr'><strong>ξξέεξηίιξίιηέθεέἐηέςες</strong></span> <span class='ocrx_word' id='word_1_571' title='bbox 1277 3993 1571 4085; x_wconf 54' lang='lat' dir='ltr'><strong>Gregorius</strong></span> <span class='ocrx_word' id='word_1_572' title='bbox 1602 3993 1762 4085; x_wconf 62' lang='grc' dir='ltr'><strong>μιίιιέ</strong></span> <span class='ocrx_word' id='word_1_573' title='bbox 1794 3994 2246 4085; x_wconf 46' lang='lat' dir='ltr'><strong>“adgrdiar.</strong></span> <span class='ocrx_word' id='word_1_574' title='bbox 2285 3990 2355 4085; x_wconf 62' lang='lat' dir='ltr'><strong>&quot;ﬁ</strong></span> <span class='ocrx_word' id='word_1_575' title='bbox 2387 3986 2765 4085; x_wconf 64' lang='grc' dir='ltr'><strong>ζιίσοσοιίαέέξππι</strong></span> <span class='ocrx_word' id='word_1_576' title='bbox 2797 4000 2940 4056; x_wconf 71' lang='grc' dir='ltr'><strong>ιείιυε</strong></span> <span class='ocrx_word' id='word_1_577' title='bbox 2969 3989 3130 4085; x_wconf 47' lang='lat' dir='ltr'><strong>“me:</strong></span> <span class='ocrx_word' id='word_1_578' title='bbox 3153 3982 3375 4085; x_wconf 68' lang='grc' dir='ltr'><strong>αίίεηξαηι</strong></span> <span class='ocrx_word' id='word_1_579' title='bbox 3399 3996 3517 4085; x_wconf 60' lang='lat' dir='ltr'><strong>at“</strong></span> <span class='ocrx_word' id='word_1_580' title='bbox 3543 3972 3800 4085; x_wconf 58' lang='lat' dir='ltr'><strong>tW?&quot;-</strong></span> 
     </span>
    </p>
   </div>
   <div class='ocr_carea' id='block_1_78' title="bbox 429 4057 2008 4129">
    <p class='ocr_par' dir='ltr' id='par_1_78' title="bbox 429 4057 2008 4129">
     <span class='ocr_line' id='line_1_78' title="bbox 429 4057 2008 4129; baseline 0.006 -21"><span class='ocrx_word' id='word_1_581' title='bbox 429 4067 542 4129; x_wconf 75' lang='lat' dir='ltr'><strong>cum</strong></span> <span class='ocrx_word' id='word_1_582' title='bbox 591 4057 893 4129; x_wconf 67' lang='lat' dir='ltr'><strong>qpographo</strong></span> <span class='ocrx_word' id='word_1_583' title='bbox 939 4074 1059 4115; x_wconf 71' lang='lat' dir='ltr'><strong>saw.</strong></span> <span class='ocrx_word' id='word_1_584' title='bbox 1094 4064 1156 4117; x_wconf 84' lang='grc' dir='ltr'><em>Χ</em></span> <span class='ocrx_word' id='word_1_585' title='bbox 1156 4064 1186 4116; x_wconf 92' lang='grc' dir='ltr'><em>Ι</em></span> <span class='ocrx_word' id='word_1_586' title='bbox 1218 4063 1272 4117; x_wconf 84' lang='lat' dir='ltr'><strong>in</strong></span> <span class='ocrx_word' id='word_1_587' title='bbox 1309 4057 1426 4119; x_wconf 65' lang='lat' dir='ltr'><strong>cod.</strong></span> <span class='ocrx_word' id='word_1_588' title='bbox 1464 4066 1661 4120; x_wconf 83' lang='lat' dir='ltr'><strong>Trevir.</strong></span> <span class='ocrx_word' id='word_1_589' title='bbox 1704 4057 2008 4121; x_wconf 61' lang='lat' dir='ltr'><strong>Nro.&#39;102.</strong></span> 
     </span>
    </p>
   </div>
   <div class='ocr_carea' id='block_1_79' title="bbox 429 4194 1854 4270">
    <p class='ocr_par' dir='ltr' id='par_1_79' title="bbox 429 4194 1854 4270">
     <span class='ocr_line' id='line_1_79' title="bbox 429 4194 1854 4270; baseline 0.002 -13"><span class='ocrx_word' id='word_1_590' title='bbox 429 4194 494 4270; x_wconf 65' lang='grc' dir='ltr'><strong>ξῗῗ</strong></span> <span class='ocrx_word' id='word_1_591' title='bbox 531 4212 818 4270; x_wconf 81' lang='lat' dir='ltr'><strong>resurgere</strong></span> <span class='ocrx_word' id='word_1_592' title='bbox 854 4202 901 4258; x_wconf 93' lang='lat' dir='ltr'><strong>l.</strong></span> <span class='ocrx_word' id='word_1_593' title='bbox 978 4201 1043 4235; x_wconf 78' lang='grc'><strong>⁸⁸³</strong></span> <span class='ocrx_word' id='word_1_594' title='bbox 1078 4194 1425 4263; x_wconf 69' lang='lat' dir='ltr'><strong>statutum&#39;l.</strong></span> <span class='ocrx_word' id='word_1_595' title='bbox 1453 4194 1566 4239; x_wconf 61' lang='grc' dir='ltr'>ν⁵⁰⁰</span> <span class='ocrx_word' id='word_1_596' title='bbox 1604 4197 1854 4263; x_wconf 75' lang='lat' dir='ltr'><strong>deest</strong></span> 
     </span>
    </p>
   </div>
   <div class='ocr_carea' id='block_1_80' title="bbox 428 4265 1103 4331">
    <p class='ocr_par' dir='ltr' id='par_1_80' title="bbox 428 4265 1103 4331">
     <span class='ocr_line' id='line_1_80' title="bbox 428 4265 1103 4331; baseline 0.006 -4"><span class='ocrx_word' id='word_1_597' title='bbox 428 4265 493 4298; x_wconf 73' lang='lat'><strong>&quot;&quot;</strong></span> <span class='ocrx_word' id='word_1_598' title='bbox 530 4269 623 4326; x_wconf 70' lang='lat' dir='ltr'><strong>ina</strong></span> <span class='ocrx_word' id='word_1_599' title='bbox 658 4265 717 4328; x_wconf 69' lang='grc' dir='ltr'><strong>ΙΪ</strong></span> <span class='ocrx_word' id='word_1_600' title='bbox 781 4271 845 4304; x_wconf 69' lang='grc'><strong>⁸⁸⁸</strong></span> <span class='ocrx_word' id='word_1_601' title='bbox 881 4273 1023 4331; x_wconf 81' lang='lat' dir='ltr'><strong>deest</strong></span> <span class='ocrx_word' id='word_1_602' title='bbox 1048 4274 1103 4331; x_wconf 85' lang='lat'><strong>2.</strong></span> 
     </span>
    </p>
   </div>
   <div class='ocr_carea' id='block_1_81' title="bbox 430 4059 3330 4207">
    <p class='ocr_par' dir='ltr' id='par_1_81' title="bbox 430 4059 3330 4207">
     <span class='ocr_line' id='line_1_81' title="bbox 430 4059 3300 4147; baseline -0.001 -35"><span class='ocrx_word' id='word_1_603' title='bbox 430 4067 542 4136; x_wconf 60' lang='lat' dir='ltr'><strong>cun}</strong></span> <span class='ocrx_word' id='word_1_604' title='bbox 591 4059 893 4129; x_wconf 83' lang='lat' dir='ltr'><strong>apographo</strong></span> <span class='ocrx_word' id='word_1_605' title='bbox 939 4074 1059 4142; x_wconf 60' lang='lat' dir='ltr'><strong>sieo.</strong></span> <span class='ocrx_word' id='word_1_606' title='bbox 1094 4064 1186 4117; x_wconf 84' lang='grc' dir='ltr'><em>ΧΙ</em></span> <span class='ocrx_word' id='word_1_607' title='bbox 1218 4063 1272 4117; x_wconf 84' lang='lat' dir='ltr'><strong>in</strong></span> <span class='ocrx_word' id='word_1_608' title='bbox 1309 4059 1426 4147; x_wconf 74' lang='lat' dir='ltr'><strong>cod.</strong></span> <span class='ocrx_word' id='word_1_609' title='bbox 1464 4066 1661 4120; x_wconf 83' lang='lat' dir='ltr'><strong>Trevir.</strong></span> <span class='ocrx_word' id='word_1_610' title='bbox 1704 4059 2008 4121; x_wconf 74' lang='lat' dir='ltr'><strong>Nro.&#39;102.</strong></span> <span class='ocrx_word' id='word_1_611' title='bbox 2111 4062 2175 4096; x_wconf 74' lang='grc'><strong>⁵⁷⁸</strong></span> <span class='ocrx_word' id='word_1_612' title='bbox 2213 4064 2355 4119; x_wconf 83' lang='lat' dir='ltr'><strong>deest</strong></span> <span class='ocrx_word' id='word_1_613' title='bbox 2391 4061 2438 4116; x_wconf 94' lang='lat'><strong>1.</strong></span> <span class='ocrx_word' id='word_1_614' title='bbox 2470 4059 2523 4115; x_wconf 88' lang='lat'><strong>2.</strong></span> <span class='ocrx_word' id='word_1_615' title='bbox 2628 4059 2699 4141; x_wconf 36' lang='lat'><strong>&quot;.8&quot;.</strong></span> <span class='ocrx_word' id='word_1_616' title='bbox 2730 4059 3199 4114; x_wconf 90' lang='lat' dir='ltr'><strong>commorantibus</strong></span> <span class='ocrx_word' id='word_1_617' title='bbox 3241 4059 3300 4111; x_wconf 91' lang='lat' dir='ltr'><strong>T.</strong></span> 
     </span>
     <span class='ocr_line' id='line_1_82' title="bbox 430 4125 3330 4207; baseline -0 -27"><span class='ocrx_word' id='word_1_618' title='bbox 430 4138 557 4207; x_wconf 48' lang='grc' dir='ltr'><strong>ἔξω.</strong></span> <span class='ocrx_word' id='word_1_619' title='bbox 596 4125 644 4181; x_wconf 91' lang='lat' dir='ltr'><strong>l.</strong></span> <span class='ocrx_word' id='word_1_620' title='bbox 718 4127 783 4160; x_wconf 77' lang='grc'><strong>⁸⁸³</strong></span> <span class='ocrx_word' id='word_1_621' title='bbox 822 4133 1106 4207; x_wconf 50' lang='lat' dir='ltr'><strong>nostris}.</strong></span> <span class='ocrx_word' id='word_1_622' title='bbox 1181 4133 1247 4165; x_wconf 76' lang='grc'><strong>⁸⁸³</strong></span> <span class='ocrx_word' id='word_1_623' title='bbox 1283 4134 1583 4207; x_wconf 85' lang='lat' dir='ltr'><strong>adjungere</strong></span> <span class='ocrx_word' id='word_1_624' title='bbox 1612 4136 1795 4207; x_wconf 88' lang='lat' dir='ltr'><strong>adhuc</strong></span> <span class='ocrx_word' id='word_1_625' title='bbox 1821 4137 1874 4207; x_wconf 86' lang='lat'><strong>2_.</strong></span> <span class='ocrx_word' id='word_1_626' title='bbox 1949 4135 2015 4168; x_wconf 65' lang='grc'><strong>⁵⁸⁸</strong></span> <span class='ocrx_word' id='word_1_627' title='bbox 2042 4135 2263 4191; x_wconf 90' lang='lat' dir='ltr'><strong>discidii</strong></span> <span class='ocrx_word' id='word_1_628' title='bbox 2286 4134 2344 4207; x_wconf 79' lang='lat'><strong>2.</strong></span> <span class='ocrx_word' id='word_1_629' title='bbox 2422 4131 2487 4207; x_wconf 54' lang='lat' dir='ltr'><strong>{ff</strong></span> <span class='ocrx_word' id='word_1_630' title='bbox 2525 4146 2574 4207; x_wconf 88' lang='lat' dir='ltr'><strong>c_.</strong></span> <span class='ocrx_word' id='word_1_631' title='bbox 2607 4144 2724 4207; x_wconf 63' lang='lat' dir='ltr'><strong>sli.</strong></span> <span class='ocrx_word' id='word_1_632' title='bbox 2765 4128 2811 4186; x_wconf 92' lang='lat'><strong>1.</strong></span> <span class='ocrx_word' id='word_1_633' title='bbox 2850 4127 2953 4207; x_wconf 48' lang='lat' dir='ltr'><strong>Mf“</strong></span> <span class='ocrx_word' id='word_1_634' title='bbox 2990 4128 3073 4207; x_wconf 80' lang='lat' dir='ltr'><strong>vel</strong></span> <span class='ocrx_word' id='word_1_635' title='bbox 3105 4127 3248 4207; x_wconf 56' lang='lat' dir='ltr'><strong>deest</strong></span> <span class='ocrx_word' id='word_1_636' title='bbox 3284 4127 3330 4180; x_wconf 90' lang='lat'><strong>1.</strong></span> 
     </span>
    </p>
   </div>
   <div class='ocr_carea' id='block_1_82' title="bbox 1924 4203 2331 4263">
    <p class='ocr_par' dir='ltr' id='par_1_82' title="bbox 1924 4203 2331 4263">
     <span class='ocr_line' id='line_1_83' title="bbox 1924 4203 2331 4263; baseline -0.007 -1"><span class='ocrx_word' id='word_1_637' title='bbox 1924 4207 1984 4238; x_wconf 79' lang='grc'><strong>⁸⁹¹</strong></span> <span class='ocrx_word' id='word_1_638' title='bbox 2026 4207 2083 4262; x_wconf 87' lang='lat' dir='ltr'><strong>d.</strong></span> <span class='ocrx_word' id='word_1_639' title='bbox 2115 4214 2171 4263; x_wconf 89' lang='lat' dir='ltr'><strong>et</strong></span> <span class='ocrx_word' id='word_1_640' title='bbox 2200 4220 2249 4263; x_wconf 91' lang='lat' dir='ltr'><strong>c.</strong></span> <span class='ocrx_word' id='word_1_641' title='bbox 2277 4203 2331 4260; x_wconf 81' lang='lat'><strong>2.</strong></span> 
     </span>
    </p>
   </div>
   <div class='ocr_carea' id='block_1_83' title="bbox 3448 4054 3799 4122">
    <p class='ocr_par' dir='ltr' id='par_1_83' title="bbox 3448 4054 3799 4122">
     <span class='ocr_line' id='line_1_84' title="bbox 3448 4054 3799 4122; baseline -0.006 -14"><span class='ocrx_word' id='word_1_642' title='bbox 3448 4054 3460 4084; x_wconf 86' lang='grc'>¹</span> <span class='ocrx_word' id='word_1_643' title='bbox 3504 4054 3642 4108; x_wconf 91' lang='lat' dir='ltr'><strong>miu.</strong></span> <span class='ocrx_word' id='word_1_644' title='bbox 3688 4060 3799 4122; x_wconf 89' lang='lat' dir='ltr'><strong>atq.</strong></span> 
     </span>
    </p>
   </div>
   <div class='ocr_carea' id='block_1_84' title="bbox 3407 4124 3798 4180">
    <p class='ocr_par' dir='ltr' id='par_1_84' title="bbox 3407 4124 3798 4180">
     <span class='ocr_line' id='line_1_85' title="bbox 3407 4124 3798 4180; baseline -0.013 0"><span class='ocrx_word' id='word_1_645' title='bbox 3407 4124 3473 4156; x_wconf 78' lang='grc'><strong>⁵⁸⁷</strong></span> <span class='ocrx_word' id='word_1_646' title='bbox 3511 4125 3722 4180; x_wconf 86' lang='lat' dir='ltr'><strong>audeat</strong></span> <span class='ocrx_word' id='word_1_647' title='bbox 3748 4125 3798 4176; x_wconf 90' lang='lat'><strong>2.</strong></span> 
     </span>
    </p>
   </div>
   <div class='ocr_carea' id='block_1_85' title="bbox 2849 4195 3797 4269">
    <p class='ocr_par' dir='ltr' id='par_1_85' title="bbox 2849 4195 3797 4269">
     <span class='ocr_line' id='line_1_86' title="bbox 2849 4195 3797 4269; baseline -0.006 -15"><span class='ocrx_word' id='word_1_648' title='bbox 2849 4199 2912 4231; x_wconf 81' lang='grc'><strong>³⁹⁸</strong></span> <span class='ocrx_word' id='word_1_649' title='bbox 2954 4199 3018 4269; x_wconf 84' lang='lat' dir='ltr'><strong>w)</strong></span> <span class='ocrx_word' id='word_1_650' title='bbox 3052 4209 3166 4254; x_wconf 91' lang='lat' dir='ltr'><strong>tum</strong></span> <span class='ocrx_word' id='word_1_651' title='bbox 3194 4197 3249 4251; x_wconf 88' lang='lat'><strong>2.</strong></span> <span class='ocrx_word' id='word_1_652' title='bbox 3334 4195 3398 4228; x_wconf 69' lang='grc'><strong>⁸³³</strong></span> <span class='ocrx_word' id='word_1_653' title='bbox 3435 4210 3535 4252; x_wconf 93' lang='lat' dir='ltr'><strong>sue</strong></span> <span class='ocrx_word' id='word_1_654' title='bbox 3567 4198 3718 4266; x_wconf 88' lang='lat' dir='ltr'><strong>parti</strong></span> <span class='ocrx_word' id='word_1_655' title='bbox 3748 4195 3797 4249; x_wconf 86' lang='lat'><strong>2.</strong></span> 
     </span>
    </p>
   </div>
   <div class='ocr_carea' id='block_1_86' title="bbox 2628 4056 3300 4114">
    <p class='ocr_par' dir='ltr' id='par_1_86' title="bbox 2628 4056 3300 4114">
     <span class='ocr_line' id='line_1_87' title="bbox 2628 4056 3300 4114; baseline -0.006 0"><span class='ocrx_word' id='word_1_656' title='bbox 2628 4057 2692 4089; x_wconf 81' lang='grc'><strong>³⁸⁰</strong></span> <span class='ocrx_word' id='word_1_657' title='bbox 2730 4056 3199 4114; x_wconf 89' lang='lat' dir='ltr'><strong>commorantibus</strong></span> <span class='ocrx_word' id='word_1_658' title='bbox 3241 4057 3300 4111; x_wconf 89' lang='lat' dir='ltr'><strong>T.</strong></span> 
     </span>
    </p>
   </div>
   <div class='ocr_carea' id='block_1_87' title="bbox 2426 4200 2755 4258">
    <p class='ocr_par' dir='ltr' id='par_1_87' title="bbox 2426 4200 2755 4258">
     <span class='ocr_line' id='line_1_88' title="bbox 2426 4200 2755 4258; baseline -0.015 0"><span class='ocrx_word' id='word_1_659' title='bbox 2426 4202 2491 4234; x_wconf 79' lang='grc'><strong>⁵⁹²</strong></span> <span class='ocrx_word' id='word_1_660' title='bbox 2528 4202 2671 4258; x_wconf 75' lang='lat' dir='ltr'><strong>deest</strong></span> <span class='ocrx_word' id='word_1_661' title='bbox 2708 4200 2755 4254; x_wconf 91' lang='lat' dir='ltr'><strong>l.</strong></span> 
     </span>
    </p>
   </div>
   <div class='ocr_carea' id='block_1_88' title="bbox 1999 4386 2217 4442">
    <p class='ocr_par' dir='ltr' id='par_1_88' title="bbox 1999 4386 2217 4442">
     <span class='ocr_line' id='line_1_89' title="bbox 1999 4386 2217 4442; baseline 0.005 -1"><span class='ocrx_word' id='word_1_662' title='bbox 1999 4386 2217 4442; x_wconf 63' lang='lat' dir='ltr'><strong>NOTAE.</strong></span> 
     </span>
    </p>
   </div>
   <div class='ocr_carea' id='block_1_89' title="bbox 505 4519 3797 4600">
    <p class='ocr_par' dir='ltr' id='par_1_89' title="bbox 505 4519 3797 4600">
     <span class='ocr_line' id='line_1_90' title="bbox 505 4519 3797 4600; baseline -0.002 -21"><span class='ocrx_word' id='word_1_663' title='bbox 505 4520 626 4593; x_wconf 88' lang='grc'><strong>(49)</strong></span> <span class='ocrx_word' id='word_1_664' title='bbox 649 4524 1087 4600; x_wconf 42' lang='lat' dir='ltr'><strong>-Epistolaaistze</strong></span> <span class='ocrx_word' id='word_1_665' title='bbox 1118 4542 1262 4600; x_wconf 82' lang='lat' dir='ltr'><strong>anno</strong></span> <span class='ocrx_word' id='word_1_666' title='bbox 1306 4526 1439 4582; x_wconf 88' lang='lat'><strong>1079</strong></span> <span class='ocrx_word' id='word_1_667' title='bbox 1477 4528 1702 4600; x_wconf 66' lang='lat' dir='ltr'><strong>scripta:</strong></span> <span class='ocrx_word' id='word_1_668' title='bbox 1729 4544 1849 4586; x_wconf 88' lang='lat' dir='ltr'><strong>esse</strong></span> <span class='ocrx_word' id='word_1_669' title='bbox 1880 4529 2068 4585; x_wconf 89' lang='lat' dir='ltr'><strong>viden-</strong></span> <span class='ocrx_word' id='word_1_670' title='bbox 2087 4534 2135 4591; x_wconf 92' lang='lat' dir='ltr'><strong>D</strong></span> <span class='ocrx_word' id='word_1_671' title='bbox 2155 4531 2465 4600; x_wconf 85' lang='lat' dir='ltr'><strong>procurate.</strong></span> <span class='ocrx_word' id='word_1_672' title='bbox 2494 4521 2650 4600; x_wconf 82' lang='lat' dir='ltr'><strong>Quod</strong></span> <span class='ocrx_word' id='word_1_673' title='bbox 2680 4523 2726 4579; x_wconf 90' lang='lat' dir='ltr'><strong>si</strong></span> <span class='ocrx_word' id='word_1_674' title='bbox 2759 4521 2894 4578; x_wconf 91' lang='lat' dir='ltr'><strong>meis</strong></span> <span class='ocrx_word' id='word_1_675' title='bbox 2922 4520 3086 4577; x_wconf 89' lang='lat' dir='ltr'><strong>vultis</strong></span> <span class='ocrx_word' id='word_1_676' title='bbox 3123 4519 3797 4600; x_wconf 5' lang='lat' dir='ltr'><strong>adquiesceregconsiliis,</strong></span> 
     </span>
    </p>
   </div>
   <div class='ocr_carea' id='block_1_90' title="bbox 429 4592 2070 4676">
    <p class='ocr_par' dir='ltr' id='par_1_90' title="bbox 429 4592 2070 4676">
     <span class='ocr_line' id='line_1_91' title="bbox 429 4592 2070 4676; baseline 0.005 -29"><span class='ocrx_word' id='word_1_677' title='bbox 429 4597 558 4676; x_wconf 76' lang='lat' dir='ltr'><strong>tur;</strong></span> <span class='ocrx_word' id='word_1_678' title='bbox 602 4592 681 4676; x_wconf 69' lang='lat' dir='ltr'><strong>cf.</strong></span> <span class='ocrx_word' id='word_1_679' title='bbox 732 4596 1306 4676; x_wconf 39' lang='lat' dir='ltr'><strong>Bertholdiugnnales</strong></span> <span class='ocrx_word' id='word_1_680' title='bbox 1356 4614 1521 4676; x_wconf 89' lang='lat' dir='ltr'><strong>supra</strong></span> <span class='ocrx_word' id='word_1_681' title='bbox 1581 4592 1635 4676; x_wconf 62' lang='lat' dir='ltr'><strong>ﬁ,</strong></span> <span class='ocrx_word' id='word_1_682' title='bbox 1684 4599 1808 4655; x_wconf 90' lang='lat'><strong>318.</strong></span> <span class='ocrx_word' id='word_1_683' title='bbox 1871 4601 2070 4676; x_wconf 72' lang='lat' dir='ltr'><strong>Paulus</strong></span> 
     </span>
    </p>
   </div>
   <div class='ocr_carea' id='block_1_91' title="bbox 428 4666 2072 4792">
    <p class='ocr_par' dir='ltr' id='par_1_91' title="bbox 428 4666 2072 4792">
     <span class='ocr_line' id='line_1_92' title="bbox 428 4666 2072 4792; baseline 0.003 -72"><span class='ocrx_word' id='word_1_684' title='bbox 428 4666 813 4792; x_wconf 52' lang='lat' dir='ltr'><strong>aegagingernr.</strong></span> <span class='ocrx_word' id='word_1_685' title='bbox 848 4682 970 4738; x_wconf 87' lang='lat' dir='ltr'><strong>cap.</strong></span> <span class='ocrx_word' id='word_1_686' title='bbox 1012 4669 1109 4723; x_wconf 85' lang='lat'><strong>105</strong></span> <span class='ocrx_word' id='word_1_687' title='bbox 1140 4670 1379 4740; x_wconf 90' lang='lat' dir='ltr'><strong>priorem</strong></span> <span class='ocrx_word' id='word_1_688' title='bbox 1426 4666 1714 4742; x_wconf 80' lang='lat' dir='ltr'><strong>epistolam</strong></span> <span class='ocrx_word' id='word_1_689' title='bbox 1756 4686 1901 4729; x_wconf 85' lang='lat' dir='ltr'><strong>anno</strong></span> <span class='ocrx_word' id='word_1_690' title='bbox 1940 4673 2072 4727; x_wconf 91' lang='lat'><strong>1079</strong></span> 
     </span>
    </p>
   </div>
   <div class='ocr_carea' id='block_1_92' title="bbox 520 4750 690 4792">
    <p class='ocr_par' dir='ltr' id='par_1_92' title="bbox 520 4750 690 4792">
     <span class='ocr_line' id='line_1_93' title="bbox 520 4750 690 4792; baseline 0.006 -3"><span class='ocrx_word' id='word_1_691' title='bbox 520 4750 690 4792; x_wconf 67' lang='grc' dir='ltr'><strong>ιαηειῑ.</strong></span> 
     </span>
    </p>
   </div>
   <div class='ocr_carea' id='block_1_93' title="bbox 502 4751 1687 4950">
    <p class='ocr_par' dir='ltr' id='par_1_93' title="bbox 502 4751 1687 4950">
     <span class='ocr_line' id='line_1_94' title="bbox 502 4751 1687 4950; baseline 0.006 -88"><span class='ocrx_word' id='word_1_692' title='bbox 502 4751 840 4950; x_wconf 57' lang='grc' dir='ltr'><strong>ἓξδξῑῖὶυμιδ</strong></span> <span class='ocrx_word' id='word_1_693' title='bbox 868 4818 989 4866; x_wconf 86' lang='lat' dir='ltr'><strong>acta</strong></span> <span class='ocrx_word' id='word_1_694' title='bbox 1018 4825 1067 4866; x_wconf 94' lang='lat' dir='ltr'><strong>v.</strong></span> <span class='ocrx_word' id='word_1_695' title='bbox 1100 4826 1266 4882; x_wconf 88' lang='lat' dir='ltr'><strong>supra</strong></span> <span class='ocrx_word' id='word_1_696' title='bbox 1297 4827 1399 4885; x_wconf 85' lang='lat' dir='ltr'><strong>pag</strong></span> <span class='ocrx_word' id='word_1_697' title='bbox 1428 4813 1535 4869; x_wconf 88' lang='lat'><strong>316</strong></span> <span class='ocrx_word' id='word_1_698' title='bbox 1562 4830 1687 4885; x_wconf 89' lang='lat' dir='ltr'><strong>sqq.</strong></span> 
     </span>
     <span class='ocr_line' id='line_1_95' title="bbox 529 4878 1683 4942; baseline 0.005 -7"><span class='ocrx_word' id='word_1_699' title='bbox 529 4878 591 4930; x_wconf 82' lang='grc'><strong>51</strong></span> <span class='ocrx_word' id='word_1_700' title='bbox 670 4880 855 4937; x_wconf 85' lang='lat' dir='ltr'><strong>Codex</strong></span> <span class='ocrx_word' id='word_1_701' title='bbox 899 4882 1239 4939; x_wconf 89' lang='lat' dir='ltr'><strong>Trevirensis</strong></span> <span class='ocrx_word' id='word_1_702' title='bbox 1276 4884 1393 4940; x_wconf 69' lang='lat' dir='ltr'><strong>haec</strong></span> <span class='ocrx_word' id='word_1_703' title='bbox 1431 4885 1619 4942; x_wconf 89' lang='lat' dir='ltr'><strong>addit:</strong></span> <span class='ocrx_word' id='word_1_704' title='bbox 1655 4908 1683 4936; x_wconf 83' lang='lat'><strong>«</strong></span> 
     </span>
    </p>
   </div>
   <div class='ocr_carea' id='block_1_94' title="bbox 529 4878 2067 4956">
    <p class='ocr_par' dir='ltr' id='par_1_94' title="bbox 529 4878 2067 4956">
     <span class='ocr_line' id='line_1_96' title="bbox 529 4878 2067 4956; baseline 0.008 -26"><span class='ocrx_word' id='word_1_705' title='bbox 529 4878 626 4950; x_wconf 83' lang='grc'><strong>51)</strong></span> <span class='ocrx_word' id='word_1_706' title='bbox 665 4878 855 4956; x_wconf 85' lang='lat' dir='ltr'><strong>_Codex</strong></span> <span class='ocrx_word' id='word_1_707' title='bbox 899 4878 1239 4956; x_wconf 80' lang='lat' dir='ltr'><strong>Trevirensis</strong></span> <span class='ocrx_word' id='word_1_708' title='bbox 1276 4878 1395 4940; x_wconf 71' lang='lat' dir='ltr'><strong>liteé</strong></span> <span class='ocrx_word' id='word_1_709' title='bbox 1431 4885 1584 4941; x_wconf 88' lang='lat' dir='ltr'><strong>addit</strong></span> <span class='ocrx_word' id='word_1_710' title='bbox 1608 4878 1625 4942; x_wconf 78' lang='grc' dir='ltr'>Ξ</span> <span class='ocrx_word' id='word_1_711' title='bbox 1648 4878 1683 4936; x_wconf 71' lang='grc' dir='ltr'><strong>ἱ(</strong></span> <span class='ocrx_word' id='word_1_712' title='bbox 1713 4885 1906 4943; x_wconf 78' lang='grc' dir='ltr'><strong>Αυᾱίνί</strong></span> <span class='ocrx_word' id='word_1_713' title='bbox 1939 4884 2067 4956; x_wconf 87' lang='lat' dir='ltr'><strong>qui-</strong></span> 
     </span>
    </p>
   </div>
   <div class='ocr_carea' id='block_1_95' title="bbox 430 4947 2066 5033">
    <p class='ocr_par' dir='ltr' id='par_1_95' title="bbox 430 4947 2066 5033">
     <span class='ocr_line' id='line_1_97' title="bbox 430 4947 2066 5033; baseline 0.007 -30"><span class='ocrx_word' id='word_1_714' title='bbox 430 4947 553 5032; x_wconf 85' lang='lat' dir='ltr'><strong>dem</strong></span> <span class='ocrx_word' id='word_1_715' title='bbox 663 4950 842 5021; x_wconf 84' lang='lat' dir='ltr'><strong>legato</strong></span> <span class='ocrx_word' id='word_1_716' title='bbox 882 4955 1101 5033; x_wconf 19' lang='lat' dir='ltr'><strong>meoAB.</strong></span> <span class='ocrx_word' id='word_1_717' title='bbox 1133 4956 1479 5033; x_wconf 81' lang='lat' dir='ltr'><strong>metropolim</strong></span> <span class='ocrx_word' id='word_1_718' title='bbox 1516 4947 2066 5029; x_wconf 76' lang='lat' dir='ltr'><strong>Magedaburgensem</strong></span> 
     </span>
    </p>
   </div>
   <div class='ocr_carea' id='block_1_96' title="bbox 422 5020 2067 5106">
    <p class='ocr_par' dir='ltr' id='par_1_96' title="bbox 422 5020 2067 5106">
     <span class='ocr_line' id='line_1_98' title="bbox 422 5020 2067 5106; baseline 0.005 -30"><span class='ocrx_word' id='word_1_719' title='bbox 422 5020 534 5106; x_wconf 72' lang='lat' dir='ltr'><strong>jam</strong></span> <span class='ocrx_word' id='word_1_720' title='bbox 565 5020 660 5078; x_wconf 92' lang='lat' dir='ltr'><strong>diu</strong></span> <span class='ocrx_word' id='word_1_721' title='bbox 700 5020 1231 5106; x_wconf 28' lang='lat' dir='ltr'><strong>esseyiduatamhet</strong></span> <span class='ocrx_word' id='word_1_722' title='bbox 1278 5020 1464 5106; x_wconf 83' lang='lat' dir='ltr'><strong>adhuc</strong></span> <span class='ocrx_word' id='word_1_723' title='bbox 1506 5020 1776 5106; x_wconf 65' lang='lat' dir='ltr'><strong>perversa</strong></span> <span class='ocrx_word' id='word_1_724' title='bbox 1813 5020 2067 5106; x_wconf 70' lang='lat' dir='ltr'><strong>quorun-</strong></span> 
     </span>
    </p>
   </div>
   <div class='ocr_carea' id='block_1_97' title="bbox 430 5090 2070 5178">
    <p class='ocr_par' dir='ltr' id='par_1_97' title="bbox 430 5090 2070 5178">
     <span class='ocr_line' id='line_1_99' title="bbox 430 5090 2070 5178; baseline 0.005 -30"><span class='ocrx_word' id='word_1_725' title='bbox 430 5090 555 5178; x_wconf 69' lang='lat' dir='ltr'><strong>dam</strong></span> <span class='ocrx_word' id='word_1_726' title='bbox 603 5094 980 5178; x_wconf 63' lang='lat' dir='ltr'><strong>contentione,</strong></span> <span class='ocrx_word' id='word_1_727' title='bbox 1028 5109 1098 5153; x_wconf 87' lang='lat' dir='ltr'><strong>ne</strong></span> <span class='ocrx_word' id='word_1_728' title='bbox 1132 5090 1468 5178; x_wconf 77' lang='lat' dir='ltr'><strong>desponsari</strong></span> <span class='ocrx_word' id='word_1_729' title='bbox 1507 5090 1710 5170; x_wconf 68' lang='lat' dir='ltr'><strong>&#39;possit,</strong></span> <span class='ocrx_word' id='word_1_730' title='bbox 1751 5090 1919 5178; x_wconf 65' lang='lat' dir='ltr'><strong>fuisse</strong></span> <span class='ocrx_word' id='word_1_731' title='bbox 1958 5105 2070 5178; x_wconf 77' lang='lat' dir='ltr'><strong>tur—</strong></span> 
     </span>
    </p>
   </div>
   <div class='ocr_carea' id='block_1_98' title="bbox 430 5161 2066 5248">
    <p class='ocr_par' dir='ltr' id='par_1_98' title="bbox 430 5161 2066 5248">
     <span class='ocr_line' id='line_1_100' title="bbox 430 5161 2066 5248; baseline 0.006 -29"><span class='ocrx_word' id='word_1_732' title='bbox 430 5161 639 5248; x_wconf 45' lang='lat' dir='ltr'><strong>batam.</strong></span> <span class='ocrx_word' id='word_1_733' title='bbox 666 5165 762 5248; x_wconf 84' lang='lat' dir='ltr'><strong>His</strong></span> <span class='ocrx_word' id='word_1_734' title='bbox 808 5166 998 5248; x_wconf 66' lang='lat' dir='ltr'><strong>modis</strong></span> <span class='ocrx_word' id='word_1_735' title='bbox 1032 5161 1288 5248; x_wconf 78' lang='lat' dir='ltr'><strong>omnibus</strong></span> <span class='ocrx_word' id='word_1_736' title='bbox 1317 5185 1384 5226; x_wconf 83' lang='lat' dir='ltr'><strong>ex</strong></span> <span class='ocrx_word' id='word_1_737' title='bbox 1431 5161 1710 5248; x_wconf 60' lang='lat' dir='ltr'><strong>précepto</strong></span> <span class='ocrx_word' id='word_1_738' title='bbox 1759 5171 1853 5227; x_wconf 92' lang='lat' dir='ltr'><strong>Dei</strong></span> <span class='ocrx_word' id='word_1_739' title='bbox 1885 5171 2066 5248; x_wconf 81' lang='lat' dir='ltr'><strong>omni-</strong></span> 
     </span>
    </p>
   </div>
   <div class='ocr_carea' id='block_1_99' title="bbox 430 5238 2063 5313">
    <p class='ocr_par' dir='ltr' id='par_1_99' title="bbox 430 5238 2063 5313">
     <span class='ocr_line' id='line_1_101' title="bbox 430 5238 2063 5313; baseline 0.004 -22"><span class='ocrx_word' id='word_1_740' title='bbox 430 5238 671 5313; x_wconf 77' lang='lat' dir='ltr'><strong>potentis</strong></span> <span class='ocrx_word' id='word_1_741' title='bbox 692 5242 746 5293; x_wconf 91' lang='lat' dir='ltr'><strong>et</strong></span> <span class='ocrx_word' id='word_1_742' title='bbox 762 5240 938 5313; x_wconf 77' lang='lat' dir='ltr'><strong>sancti</strong></span> <span class='ocrx_word' id='word_1_743' title='bbox 954 5238 1107 5313; x_wconf 59' lang='lat' dir='ltr'><strong>Petri</strong></span> <span class='ocrx_word' id='word_1_744' title='bbox 1134 5248 1189 5297; x_wconf 91' lang='lat' dir='ltr'><strong>et</strong></span> <span class='ocrx_word' id='word_1_745' title='bbox 1209 5255 1330 5296; x_wconf 91' lang='lat' dir='ltr'><strong>meo</strong></span> <span class='ocrx_word' id='word_1_746' title='bbox 1353 5238 1772 5313; x_wconf 47' lang='lat' dir='ltr'><strong>ue’przeva‘leaut</strong></span> <span class='ocrx_word' id='word_1_747' title='bbox 1805 5243 2063 5309; x_wconf 80' lang='lat' dir='ltr'><strong>resistite,</strong></span> 
     </span>
    </p>
   </div>
   <div class='ocr_carea' id='block_1_100' title="bbox 427 5306 2066 5387">
    <p class='ocr_par' dir='ltr' id='par_1_100' title="bbox 427 5306 2066 5387">
     <span class='ocr_line' id='line_1_102' title="bbox 427 5306 2066 5387; baseline 0.005 -26"><span class='ocrx_word' id='word_1_748' title='bbox 427 5312 502 5387; x_wconf 67' lang='lat' dir='ltr'><strong>et</strong></span> <span class='ocrx_word' id='word_1_749' title='bbox 534 5306 729 5387; x_wconf 74' lang='lat' dir='ltr'><strong>domus</strong></span> <span class='ocrx_word' id='word_1_750' title='bbox 784 5311 879 5366; x_wconf 92' lang='lat' dir='ltr'><strong>Dei</strong></span> <span class='ocrx_word' id='word_1_751' title='bbox 935 5310 1159 5382; x_wconf 89' lang='lat' dir='ltr'><strong>dignum</strong></span> <span class='ocrx_word' id='word_1_752' title='bbox 1215 5306 1649 5387; x_wconf 80' lang='lat' dir='ltr'><strong>dispensatorem</strong></span> <span class='ocrx_word' id='word_1_753' title='bbox 1706 5329 1813 5387; x_wconf 8' lang='lat' dir='ltr'><strong>per,</strong></span> <span class='ocrx_word' id='word_1_754' title='bbox 1867 5306 2066 5370; x_wconf 82' lang='lat' dir='ltr'><strong>ostium</strong></span> 
     </span>
    </p>
   </div>
   <div class='ocr_carea' id='block_1_101' title="bbox 430 5377 2064 5464">
    <p class='ocr_par' dir='ltr' id='par_1_101' title="bbox 430 5377 2064 5464">
     <span class='ocr_line' id='line_1_103' title="bbox 430 5377 2064 5464; baseline 0.006 -32"><span class='ocrx_word' id='word_1_755' title='bbox 430 5377 826 5464; x_wconf 27' lang='lat' dir='ltr'><strong>introduceret</strong></span> <span class='ocrx_word' id='word_1_756' title='bbox 852 5395 975 5438; x_wconf 90' lang='lat' dir='ltr'><strong>cum</strong></span> <span class='ocrx_word' id='word_1_757' title='bbox 997 5377 1320 5440; x_wconf 61' lang='lat' dir='ltr'><strong>&#39;communi&#39;</strong></span> <span class='ocrx_word' id='word_1_758' title='bbox 1364 5385 1604 5464; x_wconf 81' lang='lat' dir='ltr'><strong>omnium</strong></span> <span class='ocrx_word' id='word_1_759' title='bbox 1661 5377 2064 5456; x_wconf 78' lang='lat' dir='ltr'><strong>religiosorum,</strong></span> 
     </span>
    </p>
   </div>
   <div class='ocr_carea' id='block_1_102' title="bbox 429 5450 2066 5533">
    <p class='ocr_par' dir='ltr' id='par_1_102' title="bbox 429 5450 2066 5533">
     <span class='ocr_line' id='line_1_104' title="bbox 429 5450 2066 5533; baseline 0.007 -30"><span class='ocrx_word' id='word_1_760' title='bbox 429 5455 537 5533; x_wconf 77' lang='lat' dir='ltr'><strong>tam</strong></span> <span class='ocrx_word' id='word_1_761' title='bbox 584 5450 1148 5533; x_wconf 72' lang='lat' dir='ltr'><strong>archiepiscoporum</strong></span> <span class='ocrx_word' id='word_1_762' title='bbox 1173 5469 1335 5526; x_wconf 90' lang='lat' dir='ltr'><strong>quam</strong></span> <span class='ocrx_word' id='word_1_763' title='bbox 1383 5450 1793 5527; x_wconf 64' lang='lat' dir='ltr'><strong>episcoporum,</strong></span> <span class='ocrx_word' id='word_1_764' title='bbox 1822 5471 1925 5533; x_wconf 83' lang='lat' dir='ltr'><strong>nec</strong></span> <span class='ocrx_word' id='word_1_765' title='bbox 1944 5450 2066 5533; x_wconf 81' lang='lat' dir='ltr'><strong>non</strong></span> 
     </span>
    </p>
   </div>
   <div class='ocr_carea' id='block_1_103' title="bbox 429 5520 2067 5596">
    <p class='ocr_par' dir='ltr' id='par_1_103' title="bbox 429 5520 2067 5596">
     <span class='ocr_line' id='line_1_105' title="bbox 429 5520 2067 5596; baseline 0.007 -20"><span class='ocrx_word' id='word_1_766' title='bbox 429 5520 591 5577; x_wconf 90' lang='lat' dir='ltr'><strong>etiam</strong></span> <span class='ocrx_word' id='word_1_767' title='bbox 621 5520 948 5582; x_wconf 79' lang='lat' dir='ltr'><strong>clericorum</strong></span> <span class='ocrx_word' id='word_1_768' title='bbox 978 5530 1034 5582; x_wconf 91' lang='lat' dir='ltr'><strong>et</strong></span> <span class='ocrx_word' id='word_1_769' title='bbox 1078 5520 1365 5596; x_wconf 77' lang='lat' dir='ltr'><strong>laicorum,</strong></span> <span class='ocrx_word' id='word_1_770' title='bbox 1396 5520 1671 5586; x_wconf 77' lang='lat' dir='ltr'><strong>consensu</strong></span> <span class='ocrx_word' id='word_1_771' title='bbox 1701 5536 1755 5586; x_wconf 89' lang='lat' dir='ltr'><strong>et</strong></span> <span class='ocrx_word' id='word_1_772' title='bbox 1775 5520 2067 5587; x_wconf 74' lang='lat' dir='ltr'><strong>electione</strong></span> 
     </span>
    </p>
   </div>
   <div class='ocr_carea' id='block_1_104' title="bbox 2154 4591 3799 4663">
    <p class='ocr_par' dir='ltr' id='par_1_104' title="bbox 2154 4591 3799 4663">
     <span class='ocr_line' id='line_1_106' title="bbox 2154 4591 3799 4663; baseline -0.005 -8"><span class='ocrx_word' id='word_1_773' title='bbox 2154 4591 2318 4655; x_wconf 77' lang='lat' dir='ltr'><strong>audio</strong></span> <span class='ocrx_word' id='word_1_774' title='bbox 2349 4597 2495 4653; x_wconf 90' lang='lat' dir='ltr'><strong>enim</strong></span> <span class='ocrx_word' id='word_1_775' title='bbox 2521 4591 2688 4650; x_wconf 53' lang='lat' dir='ltr'><strong>&#39;intcr</strong></span> <span class='ocrx_word' id='word_1_776' title='bbox 2715 4607 2812 4649; x_wconf 93' lang='lat' dir='ltr'><strong>vos</strong></span> <span class='ocrx_word' id='word_1_777' title='bbox 2850 4607 2970 4649; x_wconf 90' lang='lat' dir='ltr'><strong>esse</strong></span> <span class='ocrx_word' id='word_1_778' title='bbox 3001 4591 3267 4663; x_wconf 89' lang='lat' dir='ltr'><strong>quosdam</strong></span> <span class='ocrx_word' id='word_1_779' title='bbox 3316 4591 3446 4648; x_wconf 89' lang='lat' dir='ltr'><strong>boni</strong></span> <span class='ocrx_word' id='word_1_780' title='bbox 3495 4591 3799 4647; x_wconf 88' lang='lat' dir='ltr'><strong>testimonii</strong></span> 
     </span>
    </p>
   </div>
   <div class='ocr_carea' id='block_1_105' title="bbox 2154 4662 3797 4736">
    <p class='ocr_par' dir='ltr' id='par_1_105' title="bbox 2154 4662 3797 4736">
     <span class='ocr_line' id='line_1_107' title="bbox 2154 4662 3797 4736; baseline -0.004 -12"><span class='ocrx_word' id='word_1_781' title='bbox 2154 4673 2320 4736; x_wconf 91' lang='lat' dir='ltr'><strong>viros,</strong></span> <span class='ocrx_word' id='word_1_782' title='bbox 2352 4672 2413 4725; x_wconf 81' lang='grc' dir='ltr'><strong>Α.</strong></span> <span class='ocrx_word' id='word_1_783' title='bbox 2447 4667 2661 4723; x_wconf 90' lang='lat' dir='ltr'><strong>scilicet</strong></span> <span class='ocrx_word' id='word_1_784' title='bbox 2696 4662 3092 4736; x_wconf 86' lang='lat' dir='ltr'><strong>Goslariensem</strong></span> <span class='ocrx_word' id='word_1_785' title='bbox 3133 4664 3422 4736; x_wconf 88' lang='lat' dir='ltr'><strong>decanum,</strong></span> <span class='ocrx_word' id='word_1_786' title='bbox 3461 4665 3522 4718; x_wconf 70' lang='grc' dir='ltr'><strong>(ἱ.</strong></span> <span class='ocrx_word' id='word_1_787' title='bbox 3557 4662 3797 4719; x_wconf 89' lang='lat' dir='ltr'><strong>Bertaldi</strong></span> 
     </span>
    </p>
   </div>
   <div class='ocr_carea' id='block_1_106' title="bbox 2154 4735 3796 4807">
    <p class='ocr_par' dir='ltr' id='par_1_106' title="bbox 2154 4735 3796 4807">
     <span class='ocr_line' id='line_1_108' title="bbox 2154 4735 3796 4807; baseline -0.006 -9"><span class='ocrx_word' id='word_1_788' title='bbox 2154 4735 2314 4798; x_wconf 86' lang='lat' dir='ltr'><strong>ducis</strong></span> <span class='ocrx_word' id='word_1_789' title='bbox 2334 4740 2524 4803; x_wconf 88' lang='lat' dir='ltr'><strong>ﬁlium,</strong></span> <span class='ocrx_word' id='word_1_790' title='bbox 2548 4740 2613 4793; x_wconf 86' lang='grc' dir='ltr'><strong>Η.</strong></span> <span class='ocrx_word' id='word_1_791' title='bbox 2635 4735 2878 4807; x_wconf 90' lang='lat' dir='ltr'><strong>Sigifridi</strong></span> <span class='ocrx_word' id='word_1_792' title='bbox 2907 4736 3125 4792; x_wconf 90' lang='lat' dir='ltr'><strong>comitis</strong></span> <span class='ocrx_word' id='word_1_793' title='bbox 3148 4735 3339 4802; x_wconf 83' lang='lat' dir='ltr'><strong>ﬁlium,</strong></span> <span class='ocrx_word' id='word_1_794' title='bbox 3363 4747 3597 4807; x_wconf 90' lang='lat' dir='ltr'><strong>quorum</strong></span> <span class='ocrx_word' id='word_1_795' title='bbox 3632 4748 3796 4807; x_wconf 84' lang='lat' dir='ltr'><strong>unum</strong></span> 
     </span>
    </p>
   </div>
   <div class='ocr_carea' id='block_1_107' title="bbox 2153 4805 3797 4883">
    <p class='ocr_par' dir='ltr' id='par_1_107' title="bbox 2153 4805 3797 4883">
     <span class='ocr_line' id='line_1_109' title="bbox 2153 4805 3797 4883; baseline -0.007 -13"><span class='ocrx_word' id='word_1_796' title='bbox 2153 4828 2239 4869; x_wconf 89' lang='lat' dir='ltr'><strong>me</strong></span> <span class='ocrx_word' id='word_1_797' title='bbox 2287 4810 2643 4883; x_wconf 63' lang='lat' dir='ltr'><strong>praecipiente</strong></span> <span class='ocrx_word' id='word_1_798' title='bbox 2675 4805 2729 4864; x_wconf 76' lang='lat' dir='ltr'><strong>et</strong></span> <span class='ocrx_word' id='word_1_799' title='bbox 2766 4807 3172 4883; x_wconf 67' lang='lat' dir='ltr'><strong>consentiente</strong></span> <span class='ocrx_word' id='word_1_800' title='bbox 3195 4807 3403 4883; x_wconf 70' lang='lat' dir='ltr'><strong>eligite,</strong></span> <span class='ocrx_word' id='word_1_801' title='bbox 3436 4811 3491 4861; x_wconf 92' lang='lat' dir='ltr'><strong>et</strong></span> <span class='ocrx_word' id='word_1_802' title='bbox 3528 4805 3797 4883; x_wconf 78' lang='lat' dir='ltr'><strong>in_archi-</strong></span> 
     </span>
    </p>
   </div>
   <div class='ocr_carea' id='block_1_108' title="bbox 2153 4877 3796 4955">
    <p class='ocr_par' dir='ltr' id='par_1_108' title="bbox 2153 4877 3796 4955">
     <span class='ocr_line' id='line_1_110' title="bbox 2153 4877 3796 4955; baseline -0.005 -15"><span class='ocrx_word' id='word_1_803' title='bbox 2153 4877 2476 4955; x_wconf 76' lang='lat' dir='ltr'><strong>episcopum</strong></span> <span class='ocrx_word' id='word_1_804' title='bbox 2517 4879 2927 4955; x_wconf 72' lang='lat' dir='ltr'><strong>praznominatae</strong></span> <span class='ocrx_word' id='word_1_805' title='bbox 2962 4877 3224 4955; x_wconf 79' lang='lat' dir='ltr'><strong>ecclesiae</strong></span> <span class='ocrx_word' id='word_1_806' title='bbox 3270 4878 3544 4955; x_wconf 79' lang='lat' dir='ltr'><strong>ordinate.</strong></span> <span class='ocrx_word' id='word_1_807' title='bbox 3576 4877 3635 4955; x_wconf 79' lang='lat' dir='ltr'><strong>Si</strong></span> <span class='ocrx_word' id='word_1_808' title='bbox 3662 4890 3796 4955; x_wconf 76' lang='lat' dir='ltr'><strong>vero</strong></span> 
     </span>
    </p>
   </div>
   <div class='ocr_carea' id='block_1_109' title="bbox 2152 4948 3791 5022">
    <p class='ocr_par' dir='ltr' id='par_1_109' title="bbox 2152 4948 3791 5022">
     <span class='ocr_line' id='line_1_111' title="bbox 2152 4948 3791 5022; baseline -0.007 -10"><span class='ocrx_word' id='word_1_809' title='bbox 2152 4948 2208 5012; x_wconf 80' lang='lat' dir='ltr'><strong>in</strong></span> <span class='ocrx_word' id='word_1_810' title='bbox 2254 4948 2547 5010; x_wconf 60' lang='lat' dir='ltr'><strong>his&#39;tribus</strong></span> <span class='ocrx_word' id='word_1_811' title='bbox 2577 4951 2669 5022; x_wconf 90' lang='lat' dir='ltr'><strong>qui</strong></span> <span class='ocrx_word' id='word_1_812' title='bbox 2701 4950 2900 5021; x_wconf 89' lang='lat' dir='ltr'><strong>dignus</strong></span> <span class='ocrx_word' id='word_1_813' title='bbox 2928 4951 3000 5005; x_wconf 91' lang='lat' dir='ltr'><strong>sit</strong></span> <span class='ocrx_word' id='word_1_814' title='bbox 3046 4963 3155 5022; x_wconf 90' lang='lat' dir='ltr'><strong>non</strong></span> <span class='ocrx_word' id='word_1_815' title='bbox 3206 4948 3704 5022; x_wconf 19' lang='lat' dir='ltr'><strong>poterit‘inveniri,</strong></span> <span class='ocrx_word' id='word_1_816' title='bbox 3737 4950 3791 5003; x_wconf 90' lang='lat' dir='ltr'><strong>in</strong></span> 
     </span>
    </p>
   </div>
   <div class='ocr_carea' id='block_1_110' title="bbox 2151 5019 3796 5091">
    <p class='ocr_par' dir='ltr' id='par_1_110' title="bbox 2151 5019 3796 5091">
     <span class='ocr_line' id='line_1_112' title="bbox 2151 5019 3796 5091; baseline -0.006 -8"><span class='ocrx_word' id='word_1_817' title='bbox 2151 5027 2487 5083; x_wconf 90' lang='lat' dir='ltr'><strong>contritione</strong></span> <span class='ocrx_word' id='word_1_818' title='bbox 2517 5019 2704 5079; x_wconf 79' lang='lat' dir='ltr'><strong>cordis</strong></span> <span class='ocrx_word' id='word_1_819' title='bbox 2731 5019 2941 5077; x_wconf 74' lang='lat' dir='ltr'><strong>orando</strong></span> <span class='ocrx_word' id='word_1_820' title='bbox 2967 5028 3022 5077; x_wconf 91' lang='lat' dir='ltr'><strong>et</strong></span> <span class='ocrx_word' id='word_1_821' title='bbox 3044 5021 3345 5091; x_wconf 89' lang='lat' dir='ltr'><strong>jejunando</strong></span> <span class='ocrx_word' id='word_1_822' title='bbox 3371 5019 3437 5074; x_wconf 93' lang='lat' dir='ltr'><strong>ad</strong></span> <span class='ocrx_word' id='word_1_823' title='bbox 3470 5021 3638 5074; x_wconf 91' lang='lat' dir='ltr'><strong>Deum</strong></span> <span class='ocrx_word' id='word_1_824' title='bbox 3664 5032 3796 5074; x_wconf 86' lang='lat' dir='ltr'><strong>con-</strong></span> 
     </span>
    </p>
   </div>
   <div class='ocr_carea' id='block_1_111' title="bbox 2150 5091 3789 5175">
    <p class='ocr_par' dir='ltr' id='par_1_111' title="bbox 2150 5091 3789 5175">
     <span class='ocr_line' id='line_1_113' title="bbox 2150 5091 3789 5175; baseline -0.005 -21"><span class='ocrx_word' id='word_1_825' title='bbox 2150 5097 2446 5175; x_wconf 81' lang='lat' dir='ltr'><strong>vertimini,</strong></span> <span class='ocrx_word' id='word_1_826' title='bbox 2481 5102 2738 5175; x_wconf 80' lang='lat' dir='ltr'><strong>rogantes</strong></span> <span class='ocrx_word' id='word_1_827' title='bbox 2759 5098 2827 5175; x_wconf 26' lang='lat' dir='ltr'><strong>“ut</strong></span> <span class='ocrx_word' id='word_1_828' title='bbox 2855 5106 2954 5149; x_wconf 89' lang='lat' dir='ltr'><strong>sua</strong></span> <span class='ocrx_word' id='word_1_829' title='bbox 2997 5091 3272 5175; x_wconf 78' lang='lat' dir='ltr'><strong>revelante</strong></span> <span class='ocrx_word' id='word_1_830' title='bbox 3314 5091 3510 5175; x_wconf 79' lang='lat' dir='ltr'><strong>gratia,</strong></span> <span class='ocrx_word' id='word_1_831' title='bbox 3553 5103 3789 5175; x_wconf 60' lang='lat' dir='ltr'><strong>persona</strong></span> 
     </span>
    </p>
   </div>
   <div class='ocr_carea' id='block_1_112' title="bbox 2150 5160 3794 5240">
    <p class='ocr_par' dir='ltr' id='par_1_112' title="bbox 2150 5160 3794 5240">
     <span class='ocr_line' id='line_1_114' title="bbox 2150 5160 3794 5240; baseline -0.005 -14"><span class='ocrx_word' id='word_1_832' title='bbox 2150 5184 2274 5240; x_wconf 64' lang='lat' dir='ltr'><strong>quae</strong></span> <span class='ocrx_word' id='word_1_833' title='bbox 2312 5160 2441 5240; x_wconf 83' lang='lat' dir='ltr'><strong>huic</strong></span> <span class='ocrx_word' id='word_1_834' title='bbox 2468 5160 2691 5240; x_wconf 73' lang='lat' dir='ltr'><strong>negotio</strong></span> <span class='ocrx_word' id='word_1_835' title='bbox 2726 5165 2799 5220; x_wconf 90' lang='lat' dir='ltr'><strong>sit</strong></span> <span class='ocrx_word' id='word_1_836' title='bbox 2826 5165 3161 5240; x_wconf 82' lang='lat' dir='ltr'><strong>conveniens</strong></span> <span class='ocrx_word' id='word_1_837' title='bbox 3199 5160 3374 5240; x_wconf 79' lang='lat' dir='ltr'><strong>possit</strong></span> <span class='ocrx_word' id='word_1_838' title='bbox 3402 5160 3641 5240; x_wconf 78' lang='lat' dir='ltr'><strong>ostendi.</strong></span> <span class='ocrx_word' id='word_1_839' title='bbox 3671 5162 3794 5240; x_wconf 83' lang='lat' dir='ltr'><strong>_H_oc</strong></span> 
     </span>
    </p>
   </div>
   <div class='ocr_carea' id='block_1_113' title="bbox 2153 5233 3793 5317">
    <p class='ocr_par' dir='ltr' id='par_1_113' title="bbox 2153 5233 3793 5317">
     <span class='ocr_line' id='line_1_115' title="bbox 2153 5233 3793 5317; baseline -0.005 -22"><span class='ocrx_word' id='word_1_840' title='bbox 2153 5233 2567 5317; x_wconf 64' lang='lat' dir='ltr'><strong>proculdubio</strong></span> <span class='ocrx_word' id='word_1_841' title='bbox 2603 5237 2862 5317; x_wconf 74' lang='lat' dir='ltr'><strong>scientes,</strong></span> <span class='ocrx_word' id='word_1_842' title='bbox 2893 5237 3022 5317; x_wconf 68' lang='lat' dir='ltr'><strong>quia</strong></span> <span class='ocrx_word' id='word_1_843' title='bbox 3066 5233 3212 5317; x_wconf 81' lang='lat' dir='ltr'><strong>sicut</strong></span> <span class='ocrx_word' id='word_1_844' title='bbox 3257 5234 3408 5317; x_wconf 74' lang='lat' dir='ltr'><strong>illum</strong></span> <span class='ocrx_word' id='word_1_845' title='bbox 3450 5233 3546 5317; x_wconf 85' lang='lat' dir='ltr'><strong>qui</strong></span> <span class='ocrx_word' id='word_1_846' title='bbox 3581 5233 3793 5317; x_wconf 74' lang='lat' dir='ltr'><strong>ambitu</strong></span> 
     </span>
    </p>
   </div>
   <div class='ocr_carea' id='block_1_114' title="bbox 2149 5306 3789 5380">
    <p class='ocr_par' dir='ltr' id='par_1_114' title="bbox 2149 5306 3789 5380">
     <span class='ocr_line' id='line_1_116' title="bbox 2149 5306 3789 5380; baseline -0.006 -11"><span class='ocrx_word' id='word_1_847' title='bbox 2149 5306 2413 5369; x_wconf 82' lang='lat' dir='ltr'><strong>secularis</strong></span> <span class='ocrx_word' id='word_1_848' title='bbox 2451 5310 2736 5380; x_wconf 14' lang='lat' dir='ltr'><strong>potentiae,</strong></span> <span class='ocrx_word' id='word_1_849' title='bbox 2749 5307 3063 5380; x_wconf 84' lang='lat' dir='ltr'><strong>inordinate</strong></span> <span class='ocrx_word' id='word_1_850' title='bbox 3099 5307 3404 5373; x_wconf 87' lang='lat' dir='ltr'><strong>intraverit,</strong></span> <span class='ocrx_word' id='word_1_851' title='bbox 3437 5306 3655 5380; x_wconf 85' lang='lat' dir='ltr'><strong>vinculo</strong></span> <span class='ocrx_word' id='word_1_852' title='bbox 3685 5319 3789 5360; x_wconf 79' lang='lat' dir='ltr'><strong>ex-</strong></span> 
     </span>
    </p>
   </div>
   <div class='ocr_carea' id='block_1_115' title="bbox 2150 5376 3791 5449">
    <p class='ocr_par' dir='ltr' id='par_1_115' title="bbox 2150 5376 3791 5449">
     <span class='ocr_line' id='line_1_117' title="bbox 2150 5376 3791 5449; baseline -0.005 -10"><span class='ocrx_word' id='word_1_853' title='bbox 2150 5376 2661 5439; x_wconf 79' lang='lat' dir='ltr'><strong>communicationis</strong></span> <span class='ocrx_word' id='word_1_854' title='bbox 2691 5378 2948 5449; x_wconf 86' lang='lat' dir='ltr'><strong>alligabo,</strong></span> <span class='ocrx_word' id='word_1_855' title='bbox 2981 5380 3055 5434; x_wconf 87' lang='lat' dir='ltr'><strong>ita</strong></span> <span class='ocrx_word' id='word_1_856' title='bbox 3084 5391 3307 5449; x_wconf 87' lang='lat' dir='ltr'><strong>quoque</strong></span> <span class='ocrx_word' id='word_1_857' title='bbox 3335 5391 3457 5449; x_wconf 89' lang='lat' dir='ltr'><strong>eum</strong></span> <span class='ocrx_word' id='word_1_858' title='bbox 3488 5376 3581 5447; x_wconf 83' lang='lat' dir='ltr'><strong>qui</strong></span> <span class='ocrx_word' id='word_1_859' title='bbox 3621 5389 3791 5431; x_wconf 86' lang='lat' dir='ltr'><strong>cano—</strong></span> 
     </span>
    </p>
   </div>
   <div class='ocr_carea' id='block_1_116' title="bbox 2151 5448 3792 5520">
    <p class='ocr_par' dir='ltr' id='par_1_116' title="bbox 2151 5448 3792 5520">
     <span class='ocr_line' id='line_1_118' title="bbox 2151 5448 3792 5520; baseline -0.005 -9"><span class='ocrx_word' id='word_1_860' title='bbox 2151 5457 2273 5511; x_wconf 90' lang='lat' dir='ltr'><strong>nice</strong></span> <span class='ocrx_word' id='word_1_861' title='bbox 2301 5453 2661 5510; x_wconf 83' lang='lat' dir='ltr'><strong>intronizatus</strong></span> <span class='ocrx_word' id='word_1_862' title='bbox 2688 5448 2872 5516; x_wconf 84' lang='lat' dir='ltr'><strong>fuerit,</strong></span> <span class='ocrx_word' id='word_1_863' title='bbox 2905 5465 2934 5506; x_wconf 88' lang='lat' dir='ltr'><strong>a</strong></span> <span class='ocrx_word' id='word_1_864' title='bbox 2965 5448 3207 5520; x_wconf 87' lang='lat' dir='ltr'><strong>peccatis</strong></span> <span class='ocrx_word' id='word_1_865' title='bbox 3233 5448 3457 5505; x_wconf 88' lang='lat' dir='ltr'><strong>absolvo</strong></span> <span class='ocrx_word' id='word_1_866' title='bbox 3489 5455 3543 5505; x_wconf 89' lang='lat' dir='ltr'><strong>et</strong></span> <span class='ocrx_word' id='word_1_867' title='bbox 3568 5453 3792 5517; x_wconf 85' lang='lat' dir='ltr'><strong>aposto-</strong></span> 
     </span>
    </p>
   </div>
   <div class='ocr_carea' id='block_1_117' title="bbox 2149 5521 3061 5585">
    <p class='ocr_par' dir='ltr' id='par_1_117' title="bbox 2149 5521 3061 5585">
     <span class='ocr_line' id='line_1_119' title="bbox 2149 5521 3061 5585; baseline -0.013 0"><span class='ocrx_word' id='word_1_868' title='bbox 2149 5526 2255 5585; x_wconf 90' lang='lat' dir='ltr'><strong>lica</strong></span> <span class='ocrx_word' id='word_1_869' title='bbox 2283 5523 2669 5582; x_wconf 89' lang='lat' dir='ltr'><strong>benedictione</strong></span> <span class='ocrx_word' id='word_1_870' title='bbox 2698 5521 2991 5580; x_wconf 86' lang='lat' dir='ltr'><strong>benedico.</strong></span> <span class='ocrx_word' id='word_1_871' title='bbox 3033 5540 3061 5573; x_wconf 84' lang='lat'><strong>»</strong></span> 
     </span>
    </p>
   </div>
  </div>
