4044 6180
244 298 349 358 57³7

1539 305 1625 363 DE
1666 302 1878 363 BELLO
1916 302 2265 366 SAXONICO.

3515 314 3621 379 6-78

240 431 507 488 lutionem
536 439 593 488 et
622 432 987 503 apostolicam
1019 432 1484 489 benedictionem.
1519 435 1649 489 Cum
1686 435 1895 490 Veritas
1915 437 2095 495 Atum
2126 434 2461 509 intelligens,
2496 449 2689 509 magna
2719 440 2878 496 turba
2912 442 3154 512 peditum
3185 443 3343 502 simul
3383 454 3440 504 et
3467 450 3622 521 equi-

242 520 360 588 ipsa
391 520 562 587 dicat,
596 523 838 577 omnium
888 522 981 591 qui
1039 529 1268 592 propter
1318 523 1587 592 justitiam
1636 537 1892 593 persecu-

240 609 451 665 tionem
483 612 785 680 patiuutur,
819 625 1044 681 regnum
1076 626 1197 667 esse
1237 612 1521 678 ctelorum,
1556 618 1612 668 et
1659 616 1895 682 Aposto-

240 698 331 753 lus
378 699 580 755 clamet
626 700 921 766 neminem,
970 701 1075 755 nisi
1135 702 1229 770 qui
1278 700 1521 771 legitime
1579 701 1892 766 certaverit,

243 801 410 858 posse
458 789 713 844 coronari
758 809 770 844 :
813 789 1004 853 nolite,
1054 789 1151 845 filii
1183 791 1310 855 mei,
1353 791 1409 845 in
1467 790 1593 855 hoc,
1644 789 1739 859 qui
1798 803 1898 846 vos

235 878 353 945 jam
393 878 567 933 multo
597 885 844 947 tempore
875 878 1130 948 exagitat,
1159 878 1361 934 bellico
1392 878 1577 934 furore
1617 877 1853 935 deficere
1878 898 1893 943 ;

243 964 424 1021 nolite
466 980 566 1035 per
598 967 765 1021 ullius
782 966 847 996 ⁸³⁷
893 965 1133 1022 fallentis
1182 980 1436 1037 personae
1486 967 1770 1023 mendacia
1827 966 1896 1022 de

239 1062 442 1110 nostro
474 1055 620 1111 fideli
650 1055 928 1125 adjutorio
958 1055 1232 1121 dubitare,
1265 1057 1361 1111 sed
1414 1057 1586 1127 magis
1614 1055 1897 1126 magisque

238 1156 349 1213 pro
399 1144 601 1199 tuenda
649 1145 877 1200 veritate
926 1144 1322 1211 ecclesiastica,
1372 1159 1472 1214 pro
1549 1143 1898 1201 defendenda

238 1240 449 1287 vestrae
514 1233 823 1288 nobilitatis
850 1232 916 1264 ³9⁸
981 1233 1258 1300 libertate,
1329 1233 1505 1290 labori
1565 1235 1677 1303 jam
1734 1233 1899 1288 citius

238 1320 494 1376 finiendo
525 1321 845 1389 incumbite,
904 1329 960 1377 et
1007 1337 1075 1377 ex
1121 1322 1352 1379 adverso
1397 1321 1769 1387 ascendendo,
1803 1336 1900 1379 vos

236 1415 294 1463 et
349 1423 590 1479 corpora
650 1416 829 1466 vestra
858 1409 1042 1480 'quasi
1095 1424 1308 1467 murum
1368 1426 1468 1481 pro
1527 1413 1692 1468 domo
1733 1411 1899 1467 Israel

236 1510 536 1566 opponere
565 1500 813 1569 satagite.
845 1500 986 1567 Quid
1020 1501 1132 1569 jam
1162 1501 1217 1555 in
1249 1499 1462 1555 duabus
1489 1501 1673 1556 sinodi
1697 1507 1900 1556 nostrae

236 1587 707 1642 contentionibus
736 1589 803 1643 de
836 1602 964 1659 rege
995 1588 1231 1645 Rodulfo
1263 1589 1405 1644 etde
1437 1590 1697 1645 lleinrico
1721 1597 1899 1645 statu-

239 1682 387 1738 tum,
420 1674 665 1744 quidque
693 1675 771 1731 ibi
802 1676 872 1731 de
912 1690 1045 1745 pace
1093 1684 1149 1731 et
1196 1677 1495 1733 concordia
1546 1678 1697 1748 regni
1738 1677 1900 1732 etiam

1975 528 2088 578 tum
2107 523 2372 581 derelicta
2394 524 2545 580 illum
2569 534 2653 582 est
2671 528 2971 586 insecutus.
2995 532 3238 602 Cumque
3278 536 3388 604 jam
3420 537 3498 593 illi
3524 552 3622 595 no~

1974 618 2175 668 strates
2203 614 2734 684 appropinquarent,
2776 630 3009 688 eumque
3039 618 3375 693 Niuamburg
3401 623 3464 655 ‘°'
3498 626 3618 696 (54)

1976 701 2352 770 episcopatum
2383 703 2679 759 incendere
2729 706 2867 761 velle
2903 708 3171 774 viderent,
3188 724 3426 780 prepero
3456 728 3619 769 cursu

1978 802 2100 845 eum
2134 806 2231 859 per
2261 799 2516 846 montana
2558 795 2978 862 praevenientes,
3022 799 3212 853 urbem
3250 802 3319 856 ab
3358 801 3618 861 incendio

1978 876 2195 933 fortiter
2223 879 2608 936 defenderunt.
2639 888 2756 949 Quo
2789 884 2883 939 ille
2923 887 3165 956 cognito,
3209 889 3368 945 obvia
3418 899 3618 949 cuncto

1979 968 2311 1023 comburens
2374 976 2430 1023 et
2494 978 2750 1037 vastans,
2836 973 2902 1028 ad
2976 974 3194 1030 fluvium
3253 982 3345 1047 qui
3416 981 3621 1037 dicitur

1979 1055 2190 1111 Elstera
2296 1060 2618 1126 pervenit;
2717 1062 2875 1129 cujus
2956 1077 3147 1133 magna
3245 1066 3618 1135 profunditate

1978 1145 2131 1210 visa,
2209 1146 2405 1201 nolens
2459 1146 2536 1201 ibi
2597 1155 2775 1203 castra
2831 1150 3049 1206 locavit.
3108 1152 3212 1209 Hic
3278 1155 3618 1214 diversorum

1980 1233 2225 1288 diversas
2254 1234 2545 1303 opiniones
2575 1235 2740 1291 michi
2771 1238 3002 1308 contigit
3029 1253 3349 1309 agnoscere,
3391 1246 3487 1301 sed
3528 1251 3615 1303 cui

1980 1335 2165 1376 earum
2232 1322 2432 1377 veritas
2495 1323 2758 1391 accedat,
2818 1341 2927 1382 non
3003 1329 3159 1386 licuit
3223 1335 3386 1390 michi
3451 1338 3616 1393 scire.

1979 1409 2082 1465 Alii
2143 1424 2374 1480 namque
2423 1411 2719 1478 dicebant,
2780 1417 2907 1484 quia
2965 1416 3050 1472 bis
3104 1433 3133 1473 a
3185 1423 3380 1488 prtelio
3437 1425 3623 1481 disce-

1983 1498 2148 1554 debat
2230 1498 2406 1554 victus
2437 1541 2451 1564 ,
2538 1497 2780 1569 amplius
2862 1518 2983 1560 eum
3082 1506 3354 1565 fortunam
3440 1514 3619 1582 praelii

1984 1587 2130 1642 nolle
2196 1594 2484 1656 temptare,
2556 1590 2653 1645 sed
2731 1594 2935 1647 nostris
3009 1602 3125 1651 arte
3189 1612 3285 1652 sua
3351 1600 3618 1671 deceptis,

1985 1688 2230 1746 magnam
2282 1685 2490 1745 partem
2548 1679 2792 1749 regionis
2851 1682 2990 1737 veile
3047 1686 3390 1752 comburere,
3433 1690 3622 1760 sicque

239 1778 371 1817 cum
417 1764 745 1831 juramentis
790 1765 863 1820 sit
915 1764 1226 1832 difﬁnitum,
1273 1780 1370 1835 per
1428 1773 1643 1822 nostras
1692 1764 2104 1825 litterasBsiue
2136 1764 2353 1832 prtelio,
2387 1766 2540 1834 quasi
2572 1780 2694 1821 cum
2723 1767 2970 1825 victoriae
2999 1772 3191 1841 gloria.
3218 1788 3345 1829 suas
3366 1778 3418 1830 in
3443 1786 3626 1846 partes

241 1859 295 1905 et
384 1868 487 1921 per
540 1859 753 1927 vestros
817 1852 1046 1923 legatos,
1106 1855 1211 1910 nisi
1271 1854 1413 1911 forte
1480 1857 1627 1925 capti
1683 1854 1899 1921 siuti”,

239 1941 600 2009 apertissime
658 1942 891 2010 potestis
944 1957 1264 2014 agnoscere,
1324 1951 1380 1999 et
1431 1946 1477 2000 si
1534 1945 1666 2014 quid
1722 1945 1903 2001 adhuc

242 2028 682 2094 remanseram,
718 2043 817 2099 per
847 2031 1140 2101 episcopos
1187 2035 1481 2088 Metensem
1533 2041 1587 2088 et
1618 2034 1904 2088 Patavien-

237 2131 360 2171 sem
415 2124 473 2172 et
520 2117 771 2174 abbatem
821 2122 1146 2191 Augiensem
1185 2122 1243 2152 ⁶⁰¹
1280 2121 1412 2189 (52),
1471 2123 1566 2192 qui
1615 2122 1900 2178 nobiscum

239 2206 411 2260 linem
463 2206 547 2261 rei
594 2209 964 2276 pnestolando
1020 2218 1323 2274 morantur,
1374 2225 1497 2266 cum
1545 2210 1611 2266 ad
1652 2226 1748 2267 vos
1795 2211 1899 2281 ipsi

241 2297 630 2363 pervenerint,
686 2297 842 2367 quasi
890 2298 945 2353 in
987 2309 1244 2369 promptu
1274 2298 1490 2355 habetis
1526 2300 1737 2354 audire.
1801 2301 1902 2354 Po-

237 2392 458 2439 stremo
509 2384 614 2440 hoc
662 2400 759 2441 vos
797 2388 1050 2457 ignorare
1098 2388 1372 2454 nolumus,
1422 2388 1549 2457 quia
1606 2389 1755 2443 omni
1794 2402 1903 2457 qua

238 2482 479 2543 oportet
554 2475 830 2541 instantia,
892 2491 1013 2531 cum
1045 2476 1108 2508 ⁶⁰¹
1164 2476 1433 2533 orationis
1508 2483 1711 2532 nostra;
1772 2477 1903 2531 assi-

241 2562 490 2627 duitate,
522 2570 631 2617 tum
671 2562 837 2619 ofﬁcii
879 2565 1052 2620 nostri
1082 2566 1366 2636 gravitate,
1408 2573 1464 2620 et
1514 2565 1902 2634 prospiciendo

245 2654 551 2709 consulere
608 2660 664 2708 et
706 2654 1046 2710 consulendo
1096 2658 1413 2725 prospicere
1470 2663 1665 2710 vestrae
1716 2669 1905 2710 neces-

248 2743 411 2798 sitati
446 2755 556 2796 non
587 2742 920 2798 dubitamus.
965 2764 993 2795 »

325 2830 455 2884 121.
503 2831 705 2886 Eodem
754 2845 920 2897 anno,
954 2846 1142 2888 mense
1172 2833 1429 2889 videlicet
1459 2833 1705 2899 Octobri,
1737 2834 1906 2889 Hein-

245 2921 405 2975 ricus
455 2919 664 2974 militia:
690 2918 753 2950 ⁶⁰³
782 2920 1064 2976 laboribus
1111 2920 1486 2993 infatigabilis,
1520 2924 1717 2978 iterum
1767 2936 1906 2978 con-

244 3009 507 3079 gregavit
547 3010 867 3076 exercitum,
921 3018 979 3066 ut
1035 3011 1317 3066 invaderet
1372 3011 1622 3066 Saxonite
1654 3025 1903 3081 regnum.

1985 1853 2286 1918 declinare,
2317 1853 2416 1909 sed
2448 1854 2680 1910 inscium
2720 1856 2962 1912 ﬂuminis
2993 1860 3158 1929 hujus
3196 1864 3624 1931 profunditatem

1986 1942 2305 2011 incurrisse,
2336 1944 2529 2013 sicque
2575 1953 2847 2013 coactum,
2880 1948 3006 2017 quia
3046 1963 3155 2005 non
3197 1952 3354 2008 facile
3393 1956 3626 2012 transire

1987 2039 2221 2100 poterat,
2264 2031 2462 2101 prtelio
2509 2047 2569 2088 se
2617 2035 2976 2092 commisisse.
3027 2038 3129 2093 Alii
3178 2054 3307 2095 vero
3338 2044 3623 2111 putabant,

1984 2120 2132 2189 quod
2188 2135 2255 2176 ex
2301 2119 2364 2151 ⁶⁰⁸
2433 2121 2702 2176 industria
2777 2125 3161 2182 malivolentiae
3218 2130 3366 2184 hunc
3430 2146 3625 2204 pugnat

1984 2209 2240 2279 elegisset
2276 2209 2478 2276 locum,
2523 2211 2613 2265 ubi
2646 2213 2762 2266 suis
2808 2214 3009 2283 quibus
3056 2229 3165 2271 non
3199 2218 3337 2273 bene
3366 2221 3628 2278 credebat

1985 2304 2079 2352 aut
2135 2297 2356 2352 fortiter
2431 2305 2576 2352 esset
2644 2301 3015 2369 pugnandum,
3083 2313 3177 2359 aut
3239 2308 3415 2375 turpis
3486 2309 3628 2380 fuga:

1984 2387 2266 2454 praemium
2299 2386 2603 2455 periculum
2636 2388 2782 2443 ﬂuvii
2811 2390 3176 2448 subeundum.
3219 2394 3323 2449 Alii
3362 2409 3491 2452 vero
3513 2412 3629 2453 cre-

1983 2474 2208 2539 debant,
2230 2474 2378 2543 quod
2400 2475 2526 2531 ideo
2553 2479 2806 2547 regiones
2829 2478 2949 2534 illas
2984 2484 3357 2553 peteret,quia
3394 2485 3629 2543 Misnen-

1983 2563 2123 2618 sium
2172 2564 2255 2618 vel
2314 2564 2656 2620 Bocmiorum
2709 2580 2808 2635 pro
2860 2568 3062 2637 quibus
3107 2571 3319 2642 legatos
3382 2575 3625 2642 miserat,

1984 2651 2245 2706 auxilium
2294 2661 2581 2720 speraret;
2633 2655 2728 2724 qui
2783 2656 2830 2710 si
2871 2658 2998 2725 sibi,
3058 2659 3220 2725 sicut,
3283 2663 3629 2731 expectabat,

1986 2739 2217 2796 fuissent
2245 2740 2490 2806 adunati,
2524 2743 2653 2798 inde
2696 2759 2794 2813 per
2823 2747 3143 2817 Merseburg
3168 2757 3224 2804 et
3268 2751 3634 2825 Magedaburg

1988 2836 2044 2884 et
2118 2842 2218 2898 per
2281 2830 2587 2886 universam
2657 2841 2915 2901 potenter
2983 2839 3259 2895 transiens
3319 2842 3630 2910 Saxoniam,

1988 2927 2187 2973 cuncta
2256 2925 2442 2984 posset
2497 2918 2843 2989 depopulari,
2911 2937 3136 2993 suaeque
3193 2926 3248 2981 in
3307 2937 3632 2998 perpetuum

1988 3007 2261 3075 subjicere
2290 3005 2673 3064 dominationi.

245 3099 509 3152 Saxones
547 3109 675 3152 vero
715 3112 835 3152 cum
886 3098 1095 3168 ingenti
1154 3099 1503 3154 multitudine
1549 3096 1975 3154 occurreruntC
2076 3094 2194 3148 122-
2226 3094 2398 3165 Igitur
2426 3097 2717 3153 Heinricus
2735 3101 2931 3154 caSll'is
2958 3099 3013 3155 in
3046 3101 3239 3158 EISll'iB
3269 3105 3387 3173 ripa
3418 3105 3635 3173 locatis.

246 3186 295 3241 e1
340 3188 405 3239 in
438 3187 566 3240 loco
615 3187 708 3255 qui
757 3188 958 3241 Cancul
1003 3185 1124 3257 (53)
1186 3193 1431 3253 vocatur,
1480 3187 1668 3256 ibique
1717 3189 1914 3243 castris

248 3276 481 3343 positis,
517 3275 799 3342 sederunt,
834 3284 894 3330 ut
952 3277 1087 3330 lines
1137 3290 1269 3331 suos
1320 3290 1441 3331 cum
1491 3276 1586 3331 Dei
1636 3276 1912 3345 adjutorio

246 3366 316 3419 ab
351 3363 554 3419 hostili
587 3364 865 3420 iuvasione
896 3371 1201 3420 tuerentur.
1234 3367 1477 3435 Cumque
1517 3365 1699 3420 missis
1726 3366 1915 3435 eXplo-

249 3452 549 3509 ratoribus
587 3453 679 3508 ille
710 3458 952 3508 nostram
999 3455 1255 3509 virtutem
1294 3462 1702 3525 cognosceret,
1751 3463 1806 3509 et
1861 3455 1913 3510 ei

248 3555 381 3597 cum
435 3556 538 3596 sua
582 3543 780 3597 virtute
838 3543 1098 3612 congredi
1166 3557 1276 3599 non
1329 3544 1576 3606 auderet,
1630 3543 1697 3597 ad
1741 3551 1914 3599 artem

253 3632 495 3686 malitiae
553 3632 824 3686 convertit
859 3645 959 3697 se,
1018 3631 1243 3701 dolique
1299 3632 1599 3687 calliditate
1668 3638 1914 3686 nostrum

254 3732 464 3789 agmen
494 3718 554 3772 in
599 3718 735 3774 duas
775 3726 958 3787 partes
994 3720 1282 3791 dispergit,
1333 3728 1393 3775 ut
1439 3720 1587 3789 quod
1618 3721 1911 3790 integrum,

253 3809 376 3863 suis
409 3808 625 3862 viribus
652 3806 929 3874 diffidens,
956 3808 1108 3864 adire
1134 3823 1244 3865 non
1277 3810 1662 3879 praesumebat,
1682 3808 1916 3864 divisum

257 3910 361 3965 per
407 3903 618 3965 partes,
665 3897 712 3950 si
754 3898 1056 3952 necessitas
1103 3898 1481 3971 compelleret,
1532 3897 1755 3968 aggredi
1804 3910 1915 3953 non

256 3984 616 4040 formidaret.
663 3987 796 4040 Nam
854 4000 975 4042 cum
1025 3987 1277 4055 praelium
1327 3986 1577 4043 devitans
1625 4001 1747 4042 cum
1789 3988 1916 4041 uni-

257 4088 430 4129 verso
479 4074 725 4128 exercitu
771 4088 873 4129 suo
930 4083 1122 4130 contra
1171 4074 1491 4145 Erphesfort
1519 4074 1584 4105 θοι
1643 4075 1915 4141 tenderet,

257 4161 650 4218 velocissimos
704 4163 918 4232 equites
977 4170 1124 4218 retro
1173 4171 1365 4219 contra
1410 4163 1710 4220 Goslariam
1749 4163 1917 4230 misit,

259 4252 359 4316 qui
393 4249 729 4318 quibusdam
771 4250 917 4305 villis
961 4251 1204 4307 incensis
1232 4252 1300 4305 ad
1339 4266 1399 4307 se
1429 4252 1695 4307 velociter
1725 4266 1922 4321 prope-

261 4345 481 4394 rarent.
525 4338 594 4392 At
634 4339 875 4393 Saxones
932 4353 1030 4407 per
1075 4353 1207 4394 suos
1236 4340 1614 4409 exploratores
1660 4342 1766 4395 iter
1803 4342 1925 4409 ejus
2008 4341 2156 4395 bant.

1995 3183 2237 3239 crastino
2264 3197 2421 3239 mane
2452 3186 2627 3254 primo
2659 3201 2787 3242 suas
2831 3189 2978 3244 acies
3016 3190 3309 3260 disposuit,
3342 3194 3470 3263 quia
3518 3195 3640 3251 nul-

1997 3272 2101 3328 lam
2148 3273 2327 3342 proelii
2376 3288 2583 3330 moram
2634 3290 2733 3345 per
2778 3291 2837 3332 se
2885 3279 3002 3333 fieri
3054 3280 3230 3335 voluit
3282 3283 3399 3351 (an.
3448 3282 3635 3355 1080),

1997 3367 2097 3417 act.
2144 3362 2232 3432 15)
2272 3383 2284 3417 :
2318 3377 2441 3419 cum
2479 3378 2609 3420 ecce
2656 3369 2831 3421 nostri
2878 3367 3046 3422 multa
3097 3370 3448 3427 festinatione
3476 3372 3637 3427 simul

1998 3458 2051 3505 et
2090 3451 2304 3506 itineris
2358 3454 2652 3520 asperitate
2700 3455 2929 3523 fatigati,
2973 3456 3159 3511 multis
3204 3457 3259 3511 in
3309 3459 3393 3513 via
3432 3474 3546 3528 pra:
3575 3460 3639 3491 ⁸⁸⁷

1997 3538 2320 3593 lassitudine
2364 3539 2646 3594 derelictis
2691 3541 2990 3596 adveniunt
3039 3550 3095 3597 et
3130 3544 3437 3611 audientes,
3489 3547 3638 3615 quod

1998 3628 2186 3681 hostes
2215 3635 2419 3692 essent,
2453 3641 2483 3681 e
2504 3636 2695 3683 contra
2723 3630 2843 3683 sine
2866 3642 3019 3684 mora
3056 3644 3115 3684 se
3153 3632 3221 3685 ad
3253 3631 3630 3690 defensionem

2001 3716 2190 3783 patria:
2238 3713 2436 3769 sua:m
2481 3715 2801 3783 disponunt.
2844 3718 2976 3772 Cum
3016 3732 3144 3773 vero
3184 3720 3398 3788 pedites
3443 3723 3639 3779 admo-

1999 3803 2127 3858 dum
2192 3803 2349 3872 pauci
2379 3817 2499 3858 esse
2518 3802 2602 3871 “"9,
2636 3805 2886 3874 plurimis
2944 3821 3052 3862 non
3100 3807 3410 3865 valentibus
3456 3813 3637 3881 sequi,

2001 3893 2475 3961 conspicerentur,
2534 3907 2724 3948 omnes
2771 3896 2864 3965 qui
2924 3910 3033 3952 non
3082 3898 3216 3953 satis
3261 3896 3433 3954 fortes
3470 3914 3644 3970 equos

2000 3982 2277 4037 habebant
2306 3995 2372 4036 ex
2430 3981 2709 4051 equitibus
2755 3985 2971 4053 pedites
3034 3986 3151 4041 fieri
3209 3987 3520 4057 jubentur;
3590 3996 3646 4045 et

2004 4076 2133 4126 tunc
2158 4069 2418 4137 ordinati,
2453 4070 2705 4127 hostibus
2734 4073 2949 4128 obviam
2991 4074 3251 4143 paulatim
3283 4077 3646 4146 progrediun-

2005 4168 2111 4215 tur.
2162 4160 2419 4229 Episcopi
2458 4174 2589 4215 vero
2640 4162 2875 4217 clericos
2912 4176 3104 4217 omnes
3149 4164 3242 4233 qui
3286 4164 3537 4233 aderant,
3587 4175 3647 4223 ut

2006 4249 2270 4320 psalmum
2298 4248 2439 4301 82um
2485 4250 2652 4305 multa
2717 4250 3008 4306 devotione
3042 4259 3347 4318 cantarent,
3372 4269 3649 4311 ammone—

2262 4341 2550 4395 Exercitus
2647 4346 2827 4394 autem
2915 4347 3145 4409 uterque
3245 4342 3313 4394 ad
3391 4343 3643 4410 paludem

262 4435 467 4484 contra
522 4425 925 4495 Erphesfort“°"
953 4427 1158 4493 edocti,
1191 4442 1315 4483 cum
1349 4442 1469 4483 eum
1502 4427 1660 4484 facile
1691 4419 2129 4498 possetithua:
2184 4436 2410 4484 vocatur
2468 4430 2649 4484 Grona
2703 4427 2767 4458 ⁶¹⁰
2813 4436 3206 4495 convenerunt,
3257 4436 3312 4483 et
3354 4431 3483 4499 quia
3524 4431 3644 4486 sine

264 4517 491 4586 insequi
526 4517 608 4570 vel
639 4517 801 4571 etiam
834 4518 1157 4585 praevenire,
1192 4517 1307 4573 viso
1345 4524 1469 4587 post
1506 4519 1729 4573 dorsum
1770 4517 1919 4573 fumo
2003 4515 2141 4571 vado
2208 4516 2364 4585 palus
2423 4523 2560 4584 erat,
2629 4516 2905 4572 exercitus
2968 4518 3129 4572 ambo
3192 4516 3510 4574 dubitantes
3566 4518 3645 4574 ibi

264 4605 402 4660 illuc
455 4604 699 4659 universi
755 4603 1037 4672 festinant,
1101 4613 1159 4660 ut
1223 4606 1294 4661 ei'
1330 4607 1632 4660 Goslariam
1690 4614 1745 4661 et
1802 4606 1924 4660 illas
2006 4605 2388 4672 substiterunt,
2447 4613 2504 4661 et
2557 4605 2764 4661 alteros
2818 4605 2999 4670 alteri,
3071 4612 3129 4660 ut
3196 4606 3411 4674 priores
3467 4607 3536 4661 ad
3580 4621 3639 4663 se

265 4704 462 4765 partes
507 4693 759 4749 Saxonite
817 4694 1164 4763 prohibeant.
1216 4694 1311 4749 ille
1367 4708 1496 4750 vero
1539 4699 1777 4763 emptum
1819 4694 1925 4749 iter
2012 4700 2326 4760 transeant,
2383 4694 2699 4764 opprobriis
2756 4695 3104 4764 increpantes
3135 4735 3150 4761 ,
3217 4696 3436 4763 utrique
3491 4709 3646 4751 suam

264 4784 337 4839 ad
374 4781 703 4852 Erphesfort
730 4781 795 4813 ⁶⁰⁴
829 4798 1116 4854 peragens,
1149 4783 1411 4853 oppidum
1445 4785 1558 4853 jam
1597 4797 1923 4839 succensum
2010 4784 2181 4853 ripam
2219 4783 2411 4839 ininoti
2446 4789 2760 4840 tenuerunt.
2801 4783 3037 4839 Tandem
3075 4784 3249 4838 nostri
3289 4790 3455 4852 caput
3474 4784 3649 4854 ipsius

263 4872 456 4928 fuerat
501 4872 873 4940 deprzedatus,
904 4887 1027 4929 cum
1068 4882 1258 4930 noster
1305 4874 1580 4929 exercitus
1612 4888 1685 4950 se
1724 4874 1926 4944 decep-
2010 4871 2224 4943 paludis
2263 4887 2370 4929 non
2409 4874 2571 4945 longe
2607 4888 2729 4928 esse
2766 4877 3184 4945 cognoscentes,
3204 4873 3275 4928 ad
3297 4872 3434 4929 illud
3457 4873 3650 4930 tende-

1638 5026 1858 5081 VARL/E
1897 5026 2279 5081 LECTIONES.

1648 5149 1712 5181 ⁸⁹⁹
1750 5156 1877 5207 sunt
1914 5149 1967 5205 2.
2045 5150 2108 5180 ⁶⁰⁰
2150 5148 2426 5221 remansit
2452 5148 2507 5221 2.
2558 5147 2681 5221 “7“”,
2709 5156 3091 5221 augustensem
3140 5148 3225 5204 ed.
3337 5148 3401 5180 ⁸⁰²
3439 5152 3553 5204 tum
3590 5146 3647 5221 2.

1569 5220 1634 5253 °°'
1697 5221 1970 5279 nieubnrh
2007 5221 2062 5277 2.
2140 5220 2205 5252 ⁶⁰⁶
2269 5221 2411 5277 deest
2461 5219 2510 5274 1.
2549 5219 2611 5252 ⁶⁰⁷
2652 5218 2803 5277 deest
2839 5222 2885 5278 l.
2961 5220 3026 5253 ⁸⁰⁸
3063 5222 3207 5277 deest
3251 5221 3297 5276 l.
3340 5233 3438 5276 sue
3495 5234 3549 5290 p.
3590 5218 3647 5274 2.

345 5145 413 5177 ⁸η
453 5145 607 5202 illius
655 5145 735 5202 2?
833 5145 898 5179 ⁵⁸⁸
936 5148 1013 5203 ita
1049 5147 1104 5204 2.
1145 5148 1445 5206 voluntatis
1490 5148 1536 5206 1.

268 5217 339 5249 ⁵⁸³
378 5219 459 5274 ita
496 5218 554 5271 2.
596 5218 810 5290 malicie
855 5219 903 5272 1.
966 5218 1047 5290 7‘“
1103 5220 1377 5290 erpesfort
1413 5223 1468 5279 2.

267 5290 339 5321 θ’
380 5298 572 5346 essent
616 5290 662 5342 1.
737 5289 801 5321 δίο
837 5291 913 5347 ita
950 5289 1007 5345 2.
1046 5289 1227 5361 grono
1272 5293 1320 5350 l.

1861 5383 2078 5440 NOTAE.

356 5502 465 5629 (ἐξ)
506 5503 568 5559 V.
610 5504 891 5561 Bertholdi
946 5507 1087 5563 Ann.
1154 5520 1207 5563 a.
1290 5505 1444 5562 10179.
2088 5505 2196 5579 (54)
2233 5506 2564 5579 Naumburg.

359 5580 377 5647 (
448 5580 462 5635 ἱ
508 5577 759 5632 Fortasse
790 5576 958 5633 Keula
999 5592 1170 5647 prope
1200 5579 1575 5637 Muhlhausen.

448 5580 462 5635 ἱ
508 5577 759 5632 Fortasse
790 5576 958 5633 Keula
999 5592 1170 5649 prope
1200 5579 1575 5637 Muhlhausen.
