4044 6180
464 279 573 335 579

1533 268 1869 325 BRUNONIS
1903 264 2167 323 CLEBICI
2205 265 2802 325 MAGDEBURGENSIS

3689 277 3779 333 580

463 408 633 475 bant;
677 417 787 476 quo
827 403 963 470 viso,
1014 399 1277 458 contrarii
1318 410 1479 468 aequo
1519 396 1716 452 itinere
1756 393 1824 451 ad
1875 391 2455 453 eundemAditissimi
2515 394 2767 452 homines
2811 408 2999 452 secum
3043 402 3410 467 portaverant,
3438 400 3680 471 quicquid
3729 404 3775 461 in

463 497 756 556 terminum
797 490 1011 564 paludis
1042 487 1362 561 pergebant.
1400 485 1480 542 lbi
1512 500 1634 541 cum
1664 484 1721 540 in
1756 488 1875 540 tuto
1914 496 2111 540 conve-

464 591 697 651 nissent,
748 594 1082 639 conseruere
1151 592 1363 644 manus,
1415 581 1472 632 et
1526 574 1801 645 utrimque
1864 571 2113 630 fecerunt

465 674 778 736 miserabile
825 672 1058 727 facinus.
1112 668 1402 725 Heinricus
1446 671 1649 731 autem,
1709 678 1834 721 mox
1894 669 1955 719 ut
2017 675 2113 718 eos

468 766 708 824 vicissim
751 760 970 818 misceri
1014 757 1323 829 conspexit,
1363 771 1423 812 se
1467 756 1610 812 sicut
1654 755 1852 811 solitus
1887 758 2006 809 erat
2056 754 2111 807 in

471 856 649 929 fugam
687 852 859 909 dedit.
905 850 1190 905 Exercitus
1226 861 1356 903 vero
1397 847 1515 915 ejus
1566 851 1715 900 tanta
1753 844 1953 899 virtute
1989 856 2115 898 nos-

470 946 571 1002 tris
617 942 875 1008 instabat,
916 946 977 995 ut
1005 936 1331 1008 quibusdam
1364 943 1515 1007 terga
1546 935 1823 1000 dantibus,
1873 933 1941 989 ad
1992 932 2115 987 illo-

465 1049 585 1091 rum
635 1040 814 1089 castra
852 1028 1015 1086 fallax
1053 1027 1193 1084 fama
1242 1026 1474 1092 veniret,
1516 1039 1641 1094 quae
1689 1024 1934 1079 Saxones
1990 1035 2113 1078 esse

465 1123 642 1179 victos
669 1135 769 1177 ore
808 1118 1083 1175 mendacii
1133 1113 1513 1172 nuntiaret“.
1565 1115 1810 1181 Dumque
1848 1110 2114 1182 praesules

466 1212 560 1283 qui
627 1208 941 1265 Heinricum
1008 1206 1357 1270 adiuvabant,
1417 1216 1538 1258 cum
1598 1203 1712 1257 suis
1777 1201 1997 1257 clericis
2047 1203 2115 1255 Te

469 1303 630 1357 Deum
671 1298 948 1355 laudamus
985 1296 1289 1368 gaudentes
1336 1292 1714 1359 cantarent”,
1747 1290 2110 1361 Rappodo‘",

468 1403 609 1445 unus
664 1389 733 1444 de
788 1388 1015 1442 summis
1061 1382 1403 1455 principibus
1440 1380 1504 1413 ⁶¹⁴⁵
1570 1386 1820 1451 portatur
1874 1381 2111 1437 occisus.

466 1481 638 1547 Quem
676 1477 772 1548 qui
839 1474 1108 1541 ferebant,
1160 1473 1246 1528 his
1302 1473 1397 1542 qui
1436 1472 1493 1526 in
1542 1472 1741 1526 castris
1796 1476 1973 1538 erant,
2043 1470 2112 1525 de

467 1569 629 1638 longe
690 1587 703 1621 :
763 1564 969 1633 Fugite,
1027 1564 1236 1632 Fugite,
1297 1561 1642 1629 clamabant;
1693 1562 1820 1615 Otto
1876 1574 2112 1629 namque

466 1657 579 1713 dux
614 1655 899 1724 adsumpta
940 1653 1185 1722 peditum
1224 1658 1423 1718 turma,
1484 1650 1595 1706 illis
1643 1650 1739 1720 qui
1795 1656 2018 1706 nostros
2054 1650 2111 1705 in

2196 483 2518 554 Erphesfort
2555 492 2869 557 rapuerant,
2911 487 3095 543 omnia
3130 486 3223 542 illa
3264 488 3433 544 nostri
3480 490 3630 546 simul
3673 493 3786 549 diri-

2199 573 2432 643 pientes,
2472 575 2541 631 ad
2584 582 2763 632 castra
2802 590 2900 632 sua
2939 581 3207 633 venerunt
3245 577 3642 648 triumphantes.

2273 663 2391 720 123.
2433 665 2517 720 llli
2576 680 2704 722 vero
2752 667 2846 736 qui
2908 665 3147 737 gladium
3204 665 3541 737 effugerant,
3590 677 3791 739 quantas

2196 753 2533 810 calamitates
2564 756 2620 810 in
2651 755 2816 812 fluvio
2852 797 2866 822 ,
2925 756 3098 823 silvis,
3132 755 3418 825 paludibus
3471 759 3789 830 sustinerent,

2197 844 2331 899 nulli
2364 850 2448 900 est
2477 845 2766 913 credibile,
2818 845 2922 901 nisi
2972 847 3061 901 cui
3091 846 3321 917 contigit
3351 846 3466 902 haec
3496 848 3661 903 omnia
3688 849 3791 905 loca

2198 935 2622 1003 praesentialiter
2666 935 2871 991 videre.
2905 935 3127 991 Fluvius
3175 936 3316 991 enim
3348 935 3481 991 tales
3507 949 3570 991 ex
3596 943 3794 1008 utraque

2198 1031 2351 1093 parte
2383 1024 2533 1093 ripas
2561 1024 2745 1091 habet,
2777 1030 2837 1079 ut
2866 1024 2956 1079 hic
2987 1037 3148 1080 nemo
3178 1024 3283 1079 nisi
3322 1023 3518 1080 cadens
3544 1026 3703 1095 possit
3726 1026 3793 1081 in-

2197 1119 2381 1180 trare,
2427 1113 2540 1168 illic
2590 1127 2749 1169 nemo
2798 1114 2903 1169 nisi
2958 1111 3210 1169 frutectis
3248 1113 3331 1169 vel
3379 1114 3561 1169 herbis
3589 1116 3793 1185 arreptis

2197 1200 2398 1273 repens
2441 1202 2615 1272 possit
2662 1203 2832 1259 exire.
2884 1201 3037 1258 Multi
3082 1201 3389 1274 fugientes,
3438 1218 3555 1259 cum
3600 1203 3672 1259 illi
3721 1204 3795 1260 hic

2198 1294 2357 1364 proni
2388 1292 2608 1348 fluvium
2637 1293 2902 1349 velociter
2926 1293 3254 1360 inciderent,
3288 1300 3343 1349 et
3370 1293 3484 1349 illic
3529 1293 3594 1349 de
3643 1294 3797 1350 dorsis

2197 1395 2464 1452 equorum
2497 1383 2631 1451 ripae
2680 1382 2978 1447 insilirent,
3008 1381 3193 1452 gladio
3232 1382 3403 1452 ripam
3437 1382 3720 1447 credebant,
3748 1387 3797 1436 ut

2197 1485 2369 1541 equos
2413 1477 2540 1540 post
2584 1486 2643 1525 se
2708 1471 2777 1526 de
2824 1472 2987 1527 fluvio
3050 1472 3447 1537 extraherent,
3506 1471 3797 1541 tandemque

2196 1560 2463 1617 caedendo
2529 1559 2758 1631 fatigati,
2817 1562 2976 1631 equis
3039 1561 3324 1617 derelictis
3370 1561 3630 1631 armisque
3682 1575 3794 1631 pro-

2191 1652 2355 1721 jectis
2408 1648 2588 1721 fugam
2654 1650 2855 1720 trepidi
2913 1651 3323 1721 corripuerunt.
3376 1653 3514 1723 Ergo
3569 1650 3795 1721 quicquid

468 1744 649 1815 fugam
706 1749 987 1799 verterant
1024 1756 1235 1812 aequam
1300 1741 1475 1796 vicem
1542 1739 1797 1810 rependit
1831 1783 1844 1805 ,
1905 1730 2178 1809 eosqueB
2200 1742 2438 1798 Unstrod
2459 1740 2522 1772 ⁶²⁰
2552 1740 2645 1796 ubi
2669 1740 2794 1796 victi
2817 1755 3005 1797 sumus
3032 1743 3087 1796 in
3120 1756 3221 1798 nos
3253 1742 3514 1812 peccavit,
3554 1739 3795 1796 Elstera‘"

470 1840 623 1903 terga
689 1832 797 1888 sibi
837 1837 1209 1887 monstrantes
1251 1830 1470 1899 insequi
1521 1843 1631 1885 non
1688 1835 1815 1884 ante
1873 1828 2111 1894 desistit,

468 1936 630 1991 quam
688 1935 785 1977 eos
866 1936 965 1991 per
1011 1920 1192 1976 media
1258 1926 1438 1975 castra
1504 1918 1829 1975 festinantes
1894 1919 2114 1973 fluvium

469 2011 603 2065 satis
647 2024 770 2064 cum
822 2009 1070 2078 periculo
1121 2009 1389 2064 transisse
1455 2009 1786 2077 conspexit..
1818 2009 1949 2062 Nam
2003 2007 2116 2063 fere

471 2113 579 2156 non
636 2099 819 2155 minor
861 2113 988 2168 pars
1032 2098 1271 2155 hostium
1333 2099 1387 2152 in
1434 2099 1598 2153 fluvio
1642 2111 1801 2167 quam
1865 2098 2031 2167 periit
2060 2098 2115 2152 in

471 2189 689 2259 prmlio.
720 2190 870 2244 Tunc
918 2188 1132 2258 pedites
1161 2188 1375 2257 plenam
1406 2202 1466 2243 se
1494 2194 1782 2257 sperantes
1810 2188 2113 2254 victoriam,

470 2285 773 2334 castrorum
806 2277 1063 2334 volebant
1102 2277 1359 2333 invadere
1391 2278 1656 2347 rapinam.
1708 2277 1812 2333 Sed
1843 2277 1954 2332 dux
1991 2279 2116 2333 Otto

471 2369 717 2439 prudens
734 2368 797 2399 ⁶¹⁸
843 2369 898 2423 in
940 2367 1110 2433 bello,
1145 2368 1344 2423 timens
1390 2382 1458 2424 ne
1489 2367 1669 2422 adhuc
1718 2368 1907 2423 hostes
1947 2366 2117 2436 aliqui

470 2466 595 2529 post
625 2466 776 2530 terga
808 2459 1220 2522 remansissent,
1265 2458 1476 2513 monuit
1514 2471 1611 2513 eos
1639 2472 1669 2511 a
1701 2457 1886 2526 praeda
1926 2468 2119 2513 manus

469 2548 691 2603 interim
714 2548 1023 2614 continere,
1055 2547 1233 2603 donec
1263 2548 1399 2603 certi
1440 2546 1588 2617 quod
1629 2546 1811 2602 nullus
1857 2547 2034 2603 hostis
2088 2562 2118 2603 a

472 2643 628 2709 tergo
676 2637 945 2703 latuisset,
987 2637 1170 2692 securi
1227 2643 1455 2706 possent
1502 2636 1723 2692 hostilia
1772 2644 1949 2691 castra
1990 2637 2120 2693 diri-

470 2740 623 2798 pere.
656 2728 846 2796 Itaque
875 2740 1129 2782 reversus
1162 2739 1283 2782 cum
1335 2726 1637 2796 peditibus,
1669 2726 1877 2782 invenit
1905 2727 1962 2781 in
1994 2726 2118 2784 loco

472 2816 654 2886 prcelii
731 2817 1047 2872 Heinricum
1093 2815 1180 2872 -de
1248 2816 1423 2871 Lacha
1482 2831 1603 2871 cum
1670 2817 1900 2872 maxima
1965 2822 2118 2886 parte

472 2905 768 2973 exercitus,
813 2909 923 2976 jam
971 2906 1128 2976 quasi
1186 2905 1255 2961 de
1318 2908 1549 2962 victoria
1597 2907 2025 2975 triumphantem
2066 2912 2119 2961 et

472 2997 638 3065 Kyrie
667 2995 878 3066 eleyson
907 2995 1038 3051 laeto
1086 2996 1323 3051 clamore
1363 3002 1670 3051 canentem.
1710 2997 1879 3063 Quam
1928 2996 2118 3051 multi-

2200 1845 2299 1902 pro
2350 1831 2512 1886 nobis
2554 1829 2850 1901 dupliciter
2892 1831 3215 1887 vindicavit.
3268 1831 3387 1886 Illic
3434 1831 3569 1885 enim
3623 1836 3797 1884 tantum

2199 1927 2419 1977 nostras
2467 1935 2555 1975 res
2601 1918 2876 1990 fugientes
2920 1921 3238 1987 amisimus,
3291 1920 3453 1976 isthic
3509 1926 3560 1975 et
3604 1917 3799 1973 hostiles

2200 2017 2255 2065 et
2303 2016 2521 2065 nostras
2542 2054 2558 2077 ,
2614 2024 2752 2079 quas
2780 2010 2943 2065 nobis
2973 2010 3274 2079 praedando
3306 2010 3540 2066 tulerant
3567 2007 3798 2078 fugientes

2201 2100 2409 2164 hostes,
2439 2098 2775 2168 fugientibus
2802 2107 2858 2154 et
2904 2098 3210 2155 interfectis
3240 2099 3580 2154 abstulimus.
3615 2098 3668 2152 In
3696 2094 3797 2166 fuga

2199 2202 2329 2244 vero
2376 2188 2762 2258 quamplurimi
2825 2188 2999 2244 fortes
3045 2189 3149 2243 viri
3203 2204 3233 2243 a
3285 2189 3504 2244 rusticis
3547 2184 3796 2242 securibus

2201 2286 2256 2334 et
2293 2277 2529 2333 fustibus
2558 2278 2766 2343 occisi,
2810 2278 2965 2333 multi
3003 2278 3220 2334 nobiles
3258 2285 3318 2334 et
3366 2278 3599 2333 illustres
3639 2281 3749 2330 sunt
3777 2286 3802 2327 ι

2202 2368 2495 2437 personnis
2549 2367 2748 2422 vilibus
2801 2368 2986 2437 capti,
3044 2367 3198 2423 multi
3270 2367 3419 2424 fame
3474 2364 3804 2422 crudelissima

2202 2458 2453 2523 cruciati,
2486 2471 2659 2526 equos
2689 2457 2773 2513 vel
2802 2457 3016 2528 gladios
3054 2471 3154 2527 pro
3186 2455 3373 2513 frusto
3407 2457 3556 2527 panis
3582 2455 3699 2510 dare
3716 2462 3804 2506 non

2202 2547 2567 2614 dubitabant,
2618 2561 2720 2603 nec
2750 2548 2797 2603 si
2828 2561 3023 2618 panem
3066 2547 3311 2603 venalem
3373 2546 3681 2609 invenirent,
3730 2540 3808 2597 ulli

2202 2652 2316 2692 sum
2348 2637 2428 2693 rei
2461 2637 2777 2706 parcebant.
2820 2637 2874 2692 Si
2915 2638 3009 2707 qui
3039 2651 3168 2693 vero
3200 2638 3360 2707 capti
3408 2636 3471 2691 ad
3519 2635 3729 2704 aliquem
3755 2630 3810 2686 de

2203 2728 2409 2783 nostris
2457 2727 2731 2783 hominem
2781 2728 3012 2797 probum
3070 2732 3198 2782 sunt
3260 2726 3535 2791 adducti,
3582 2721 3736 2779 sanati
3773 2718 3810 2774 si

2202 2818 2471 2873 vulnerati
2520 2824 2715 2885 erant,
2761 2818 2932 2887 gratis
2978 2817 3032 2871 in
3082 2817 3312 2886 patriam
3376 2829 3521 2872 suam
3566 2813 3811 2869 remittun-

2203 2914 2313 2973 tur,
2362 2906 2607 2961 vestibus
2632 2912 2687 2961 et
2733 2905 2898 2960 armis
2927 2905 3189 2961 decenter
3237 2905 3521 2960 instructi.
3570 2905 3702 2957 Tune
3740 2898 3813 2953 di-

2205 3004 2351 3051 ctum
2401 3001 2483 3049 est
2531 2995 2641 3049 illis
2688 2994 2834 3065 quod
2886 2996 3176 3050 lieinricus
3213 2993 3481 3051 dominus
3510 3005 3682 3049 eorum
3718 2993 3815 3060 post

472 3084 721 3139 tudinem
752 3098 875 3139 cum
910 3084 1141 3139 vidisset
1171 3085 1282 3139 dux
1318 3086 1465 3152 Otto,
1498 3084 1671 3139 voluit
1701 3099 1819 3140 eam
1879 3084 2119 3141 devitare
2150 3066 2458 3141 CBoemios
2506 3085 2764 3151 misisset,
2798 3093 2854 3139 et
2900 3084 3011 3139 illis
3057 3084 3440 3151 venientibus,
3493 3096 3607 3139 cum
3652 3079 3813 3136 eodem

473 3173 674 3243 primo,
707 3172 835 3242 quia
867 3186 978 3228 non
1011 3187 1130 3228 eam
1171 3173 1386 3228 turbam
1434 3188 1493 3229 se
1532 3173 1667 3228 vidit
1716 3174 1941 3241 habere,
2000 3189 2122 3230 cum

472 3276 579 3332 qua
618 3276 741 3318 cum
781 3269 931 3318 tanta
961 3261 1180 3333 legione
1235 3268 1450 3333 putaret
1488 3269 1663 3318 tutum
1701 3278 1981 3335 pugnare;
2024 3265 2121 3320 sed

473 3366 668 3408 rursus
705 3353 1039 3424 recogitans,
1065 3352 1193 3422 quia
1232 3354 1343 3408 Deo
1364 3366 1474 3409 non
1498 3358 1580 3408 est
1600 3352 1823 3409 difficile
1844 3353 2046 3411 multos
2061 3352 2124 3385 ⁶¹⁶

472 3443 527 3498 in
568 3442 760 3512 paucis
788 3442 1029 3509 vincere,
1076 3440 1296 3497 fortiter
1325 3456 1423 3498 eos
1450 3442 1640 3509 adivit,
1693 3450 1749 3498 et
1797 3444 1909 3498 Deo
1956 3443 2122 3500 dante

470 3531 581 3587 illis
606 3532 860 3602 spiritum
910 3532 1147 3598 timoris,
1200 3532 1311 3587 cito
1357 3545 1454 3587 eos
1507 3532 1563 3587 in
1604 3530 1785 3603 fugam
1825 3535 2118 3591 convertit.

471 3622 737 3679 Omnibus
765 3636 897 3694 ergo
940 3627 1034 3678 aut
1072 3623 1127 3677 in
1160 3622 1323 3678 ﬂuvio
1356 3623 1550 3677 mersis
1587 3631 1682 3678 aut
1710 3622 1853 3678 ultra
1902 3623 2123 3680 fluvium

474 3710 675 3783 fugatis
707 3733 719 3767 :
764 3731 792 3763 «
833 3714 1009 3778 Nunc,
1042 3712 1118 3767 ait
1155 3712 1266 3768 dux
1302 3713 1449 3779 Otto,
1484 3719 1662 3768 castra
1691 3714 1872 3769 securi
1906 3715 2127 3784 perqui-

475 3802 617 3869 rite;
671 3815 817 3856 nunc
875 3802 978 3857 tuti
1038 3802 1301 3871 quicquid
1369 3802 1691 3857 inveneritis
1744 3805 2020 3873 accipite;
2070 3810 2125 3861 et

473 3889 739 3959 quicquid
791 3889 957 3944 hodie
1005 3888 1109 3944 fuit
1137 3889 1398 3957 hostium,
1432 3897 1611 3946 vestra
1633 3891 1696 3922 ⁶¹⁷
1725 3893 1925 3947 virtute
1969 3894 2126 3949 vobis

476 3984 791 4046 praestante,
841 3982 1079 4033 vestrum
1136 3984 1365 4034 vocate!
1420 4001 1446 4028 »
1490 3980 1585 4034 His
1630 3981 1814 4036 verbis
1878 3983 2121 4038 nondum

475 4065 664 4133 finitis,
704 4066 925 4121 hostilia
955 4065 1020 4099 ⁶¹⁸
1073 4073 1251 4123 castra
1299 4069 1623 4137 pervadunt,
1675 4076 1729 4125 et
1778 4072 1959 4127 omnia
1998 4087 2120 4143 qua:

474 4161 605 4211 sunt
642 4155 882 4223 inventa,
916 4154 1242 4212 festinanter
1289 4158 1570 4213 invadunt.
1622 4161 1759 4214 Sunt
1817 4168 1999 4215 autem
2038 4162 2124 4216 in-

476 4251 633 4300 venta
682 4243 850 4300 multa
913 4246 1155 4315 pretiosa
1211 4249 1469 4314 tentoria,
1511 4247 1681 4303 multa
1733 4249 2120 4320 episcoporum

2206 3175 2299 3244 qui
2343 3175 2523 3229 adhuc
2571 3174 2819 3242 reliquus
2857 3180 2974 3229 erat
3003 3174 3247 3229 exercitu
3276 3173 3573 3230 Saxoniam
3602 3176 3814 3241 repetere

2205 3264 2489 3320 voluisset.
2522 3262 2626 3318 Sed
2658 3262 2738 3317 illi
2779 3262 3185 3333 responderunt
3230 3278 3289 3318 se
3354 3264 3575 3333 potius,
3621 3260 3663 3315 si
3709 3270 3817 3327 pos-

2206 3353 2365 3409 sibile
2423 3357 2588 3417 esset,
2639 3356 2812 3407 totum
2857 3352 3116 3408 mundum
3165 3351 3302 3407 velle
3371 3352 3643 3417 circuire,
3687 3357 3820 3418 quam

2207 3443 2526 3499 Saxonicam
2558 3447 2757 3496 terram
2789 3455 3040 3512 umquam
3072 3442 3243 3513 magis
3271 3443 3520 3498 transire
3540 3441 3618 3492 ⁶¹¹.

2285 3532 2404 3586 124.
2446 3534 2660 3587 Interea
2699 3533 2941 3587 Saxones
2977 3531 3046 3587 ad
3093 3545 3191 3586 sua
3222 3539 3417 3587 castra
3456 3528 3651 3586 reversi
3686 3536 3823 3594 repe-

2208 3628 2401 3679 rerunt
2440 3622 2760 3677 inminutam
2803 3635 3048 3693 magnam
3089 3628 3297 3692 partem
3352 3623 3437 3678 sui
3466 3619 3680 3694 gaudii,
3719 3613 3822 3685 quia

2208 3729 2304 3769 rex
2361 3727 2549 3769 eorum
2607 3709 2877 3767 Rodulfus
2933 3711 3150 3768 duobus
3195 3712 3452 3783 acceptis
3506 3706 3825 3769 vulneribus,

2208 3817 2318 3859 uno
2350 3801 2498 3858 letali
2525 3844 2539 3867 ,
2588 3801 2762 3856 altero
2802 3799 3057 3867 deformi,
3090 3802 3262 3872 magis
3312 3816 3484 3873 quam
3515 3813 3664 3855 suum
3691 3794 3827 3852 dole-

2207 3893 2301 3947 bat
2340 3905 2523 3946 casum
2566 3889 2775 3960 populi.
2809 3888 2914 3945 Sed
2954 3903 3077 3944 cum
3116 3892 3478 3961 cognovisset
3533 3886 3673 3959 quod
3714 3894 3823 3939 suus

2209 3982 2436 4037 haberet
2481 3979 2764 4035 victoriam
2805 3978 3042 4049 populus
3076 3999 3087 4034 :
3124 3998 3153 4030 «
3193 3980 3391 4049 Nunc,
3417 3981 3530 4046 ait,
3581 3977 3729 4034 laetus
3755 3987 3828 4043 pa-

2207 4070 2313 4124 tiar
2350 4071 2504 4125 vivus
2550 4068 2688 4123 etcm
2736 4067 3017 4135 moriens,
3067 4068 3337 4139 quicquid
3377 4068 3615 4126 voluerit
3666 4059 3829 4119 Domi-

2206 4167 2346 4216 nus!
2400 4179 2427 4211 »
2468 4158 2720 4225 Quamvis
2766 4164 2946 4213 autem
2994 4157 3219 4213 dextera
3275 4172 3475 4215 manus
3522 4157 3601 4214 illi
3662 4153 3830 4209 fuisset

2205 4253 2502 4320 amputata,
2553 4253 2607 4302 et
2652 4260 2814 4317 grave
2852 4246 3051 4303 vulnus
3097 4247 3326 4303 haberet
3372 4254 3568 4303 venter
3607 4243 3695 4299 ubi
3739 4240 3825 4295 de-

473 4334 676 4391 scrinia
704 4333 876 4390 sacris
922 4335 1258 4391 indumentis
1288 4344 1343 4393 et
1371 4338 1515 4393 vasis
1544 4337 1725 4408 plena,
1776 4338 1943 4394 multa
1988 4354 2180 4408 vasa“
2204 4338 2419 4396 scendit
2449 4337 2517 4393 ad
2566 4336 2696 4403 ilia,
2747 4342 2929 4393 tamen
2968 4342 3029 4393 ut
3076 4336 3201 4392 illos
3238 4351 3383 4407 quos
3430 4337 3499 4393 de
3549 4348 3646 4391 sua
3673 4334 3827 4387 morte

473 4437 638 4480 aurea
685 4429 741 4481 et
796 4430 1053 4496 argentea
1114 4426 1432 4482 cottidianis
1488 4427 1677 4483 usibus
1731 4433 1878 4498 apta,
1928 4429 2113 4487 multa:

473 4527 695 4584 quoque
733 4514 946 4585 argenti
994 4514 1078 4569 vel
1127 4515 1245 4570 auri
1276 4515 1512 4584 laminae,
1545 4516 1827 4587 multoque
1849 4516 1912 4549 ⁶¹⁹
1951 4520 2119 4575 maxi-

474 4619 560 4661 ma
625 4618 754 4674 pars
817 4610 1119 4661 numeratae
1187 4606 1437 4675 pecunia
1471 4648 1485 4673 ,
1546 4607 1673 4676 equi
1730 4608 2116 4679 quamplurimi

474 4693 634 4749 simul
685 4700 739 4748 et
778 4693 991 4763 optimi,
1042 4708 1189 4749 artua
1225 4695 1445 4765 generis
1491 4696 1751 4764 universi,
1800 4700 2111 4767 mutatoria,

474 4789 768 4852 ceteraque
797 4784 916 4839 sine
960 4783 1321 4840 aestimatione
1368 4786 1713 4852 vestimenta,
1756 4786 1838 4841 vel
1886 4794 1945 4841 ut
1990 4789 2114 4844 bre-

472 4871 613 4926 viter
639 4870 837 4938 dicam,
886 4872 1149 4942 quicquid
1178 4873 1425 4943 episcopi
1466 4874 1811 4929 Coloniensis
1840 4874 1960 4943 fuit,
1985 4878 2113 4932 Tre-

472 4960 718 5015 verensis
747 4965 802 5015 et
830 4960 922 5015 alii
961 4959 1074 5016 fere
1121 4962 1534 5031 quatuordecim
1571 4978 1757 5019 secum
1792 4964 2108 5032 attulerant,

473 5048 736 5119 quicquid
775 5048 886 5105 dux
914 5049 1247 5117 Fridericus,
1289 5065 1475 5108 comes
1512 5052 1802 5108 Heinricus
1831 5054 2111 5125 ceterique

2133 4390 2182 4447 D

2199 4432 2419 4487 videbat
2465 4427 2717 4484 dolentes
2754 4426 3170 4494 consolaretur,
3219 4441 3277 4482 se
3319 4441 3433 4484 non
3483 4428 3539 4482 in
3590 4415 3824 4495 praesenti

2201 4522 2527 4577 moriturum
2583 4516 2818 4572 fidenter
2875 4516 3207 4586 pollicetur;
3252 4517 3454 4587 suique
3509 4518 3829 4586 postponens

2203 4625 2426 4675 curam,
2483 4608 2597 4663 suis
2652 4606 2954 4662 vulneratis
3019 4603 3347 4661 ostendebat
3406 4618 3570 4675 quam
3626 4599 3829 4656 deceret

2182 4698 2447 4757 adhiberi
2491 4696 2837 4752 medicinam.
2886 4696 2999 4762 Qua
3048 4692 3372 4750 fortitudine
3430 4691 3597 4749 simul
3640 4695 3695 4745 et
3729 4684 3829 4757 pie-

2197 4798 2307 4847 tate
2358 4788 2531 4843 nostri
2581 4785 2861 4856 principes
2911 4784 3066 4839 valde
3124 4783 3436 4852 commoti,
3490 4776 3832 4838 concorditer

2195 4892 2387 4935 omnes
2451 4877 2502 4931 ei
2543 4873 3002 4945 spoponderunt,
3069 4879 3131 4927 ut
3184 4873 3232 4927 si
3291 4873 3438 4927 Deus
3498 4868 3833 4938 omnipotens

2194 4968 2345 5024 illius
2389 4966 2554 5021 vitam
2591 4977 2808 5019 servare
2868 4962 3069 5029 vellet,
3120 4975 3186 5018 eo
3234 4961 3377 5028 vivo,
3434 4960 3654 5017 etiamsi
3701 4960 3832 5011 utra-

2195 5071 2301 5127 que
2331 5069 2493 5112 manu
2531 5058 2782 5119 careret,
2831 5052 3065 5108 Saxonia
3112 5050 3321 5108 nullum
3360 5050 3532 5106 alium
3579 5051 3833 5104 rectorem

1844 5207 2069 5262 VARle
2096 5209 2479 5265 LECTIONES.

543 5334 604 5368 ‘“
662 5338 944 5396 nuntiaret
994 5341 1059 5397 D.

545 5357 604 5368 "'
663 5357 944 5396 uunuaret
995 5357 1059 5397 υ.
1162 5386 1174 5398 .
1260 5386 1272 5399 .
1333 5357 1371 5399 ﬂ

474 5412 602 5464 rent
653 5407 710 5466 2.
785 5408 849 5443 ⁸³³
888 5425 1019 5470 ecce
1067 5357 1278 5472 ragogo
1316 5415 1371 5471 2.

472 5478 539 5585 in.
569 5479 722 5609 εἰνὲ.
747 5480 861 5607 2'"
898 5482 998 5541 iﬁa
1056 5484 1104 5543 1.
1182 5484 1250 5520 ⁶¹⁸
1286 5486 1466 5544 hostia
1510 5487 1557 5545 l.

1333 5344 1399 5421 _H.
1441 5358 1561 5421 a__c.
1602 5359 1649 5400 s.
1691 5359 1741 5401 c.
1782 5347 1843 5421 ΤΑ.
1885 5347 1946 5403 1).
1972 5346 2027 5421 Al.
2058 5362 2122 5421 7g.
2150 5349 2339 5421 recepi
2388 5362 2459 5402 ex
2485 5344 2558 5421 A2.
2611 5346 2794 5421 desunt
2839 5344 2909 5421 l._
2934 5342 3021 5398 1b.

1484 5414 1548 5493 ‘f‘
1586 5431 1640 5487 p.
1672 5417 1930 5493 parcium
1969 5414 2221 5493 Heinrici
2252 5414 2647 5493 apportabatur
2681 5414 2736 5493 :2.

1667 5487 1733 5522 ⁶¹⁹
1770 5488 2048 5561 multaque
2094 5491 2140 5548 l.
2180 5489 2259 5546 lb.

3132 5343 3197 5376 ⁶¹²
3236 5347 3487 5400 cantaret
3551 5339 3600 5395 l.
3671 5346 3831 5393 cane-

2848 5416 2911 5449 ⁶¹⁸
2947 5416 3192 5520 prodens
3244 5414 3291 5471 l.
3365 5411 3433 5444 ⁶¹⁶
3471 5413 3531 5467 in
3578 5407 3763 5467 multis
3789 5409 3836 5458 et

2903 5488 2945 5522 ω
2996 5487 3198 5522 amna
3256 5487 3271 5522 ι
3436 5482 3503 5517 συ
3536 5481 3744 5522 inn-nm
3788 5474 3834 5522 2-

2372 5474 2444 5523 5’"
2472 5474 2700 5548 unietrad
2728 5474 2790 5547 Vl.
2903 5474 2967 5522 ⁸³⁸
2995 5487 3198 5544 elstrad
3256 5487 3302 5541 ι.
3436 5482 3503 5517 ⁸⁸³
3536 5481 3744 5539 intrare
3788 5474 3834 5530 2.
