4044 6180
237 286 331 345 581

1560 285 1647 342 DE
1683 284 1897 343 BELLO
1932 283 2278 342 SAXONICO.

3507 283 3617 342 582

234 414 281 472 ei
326 420 505 486 geret.
557 414 673 482 Qua
721 412 828 469 ﬁde
878 411 1104 469 multum
1153 411 1246 469 ille
1295 411 1544 479 laetatus,
1592 410 1740 468 felici
1788 410 2223 481 estAgontlnus
2254 452 2270 478 ,
2346 407 2905 481 Magedaburgensis,
2975 408 3439 481 Saltzburgensls,
3506 412 3613 469 Pa-

233 512 409 561 morte
460 504 739 560 resolutus
768 501 852 559 “‘.
907 505 1129 559 Factum
1161 509 1244 558 est
1273 509 1455 557 autem
1486 501 1592 557 hoc
1624 500 1878 572 prmlium

232 602 491 664 quartum
522 608 668 650 anno
711 594 779 649 ab
829 592 1214 649 lucarnatione
1245 592 1460 648 Domini
1496 590 1650 657 1080,
1693 591 1881 645 Idibus

229 684 507 750 Octobris,
548 682 685 739 feria
721 682 775 738 5.

306 773 429 827 125.
492 772 704 828 Deinde
764 785 980 827 mense.
1017 771 1344 836 Decembri,
1412 784 1535 826 cum
1603 769 1883 840 principes

232 864 413 919 nostri
444 861 771 933 congregati
803 861 872 916 de
901 866 1046 915 statu
1091 859 1245 931 regni
1276 861 1360 915 sui
1390 866 1711 925 tractarent,
1752 872 1883 913 ecce

228 952 468 1007 nuncius
516 951 707 1006 aderat
746 950 842 1019 qui
891 949 1103 1005 diceret
1151 948 1467 1004 Heinricum
1516 948 1584 1004 ad
1635 961 1766 1003 suos
1814 945 1883 1002 de

227 1039 434 1110 prmlio
482 1052 763 1095 reversum
806 1039 1065 1106 iactasse,
1107 1037 1255 1107 quod
1306 1050 1433 1107 rege
1472 1038 1743 1093 Saxonum
1783 1049 1883 1092 oc-

226 1131 351 1186 ciso
411 1135 584 1185 totam
644 1128 933 1183 Saxoniam
990 1142 1107 1182 sua:
1164 1126 1364 1182 ditioni
1413 1126 1778 1196 subjecisset,
1830 1132 1885 1181 et

225 1233 382 1275 nunc
430 1217 678 1274 exercitu
718 1223 1055 1287 congregato
1102 1216 1418 1282 adventare,
1469 1216 1543 1270 ita
1588 1221 1647 1269 ut
1692 1214 1887 1271 Gosla-

224 1309 328 1364 riae
378 1307 616 1362 natalem
648 1305 713 1337 ⁸³³
758 1306 974 1361 Domini
1023 1305 1348 1360 celebraret.
1395 1305 1501 1359 Sed
1552 1304 1726 1359 nostri
1776 1318 1887 1358 ma-

222 1413 339 1470 gno
391 1397 645 1454 exercitu
697 1411 796 1466 per
834 1395 1075 1451 triduum
1122 1395 1380 1461 collecto,
1433 1396 1483 1450 ei
1526 1400 1888 1465 perrexerunt

224 1488 478 1549 obviam,
519 1487 719 1541 virtute
766 1499 919 1541 suam
969 1483 1247 1540 defensuri
1297 1484 1548 1553 patriam.
1598 1484 1754 1551 Quod
1796 1483 1887 1539 ille

230 1590 591 1649 cognoscens
619 1574 703 1643 m,
751 1589 781 1630 a
829 1588 1023 1645 magna
1068 1588 1166 1644 spe
1213 1574 1434 1640 cecidit,
1468 1575 1594 1643 quia
1623 1575 1885 1640 Saxones,

220 1668 361 1723 dum
392 1680 505 1722 non
552 1666 825 1721 haberent
865 1671 1159 1729 rectorem,
1192 1662 1354 1719 facile
1382 1664 1527 1719 vinci
1564 1678 1725 1733 posse
1753 1678 1886 1734 spe-

1959 500 2443 567 thorbrunnensis,
2496 499 3037 556 Hildinishcimensis
3073 498 3156 555 ⁶³¹.
3221 501 3464 571 Cumque
3513 503 3609 572 qui

1961 604 2026 643 ex
2072 589 2164 643 illa
2216 596 2370 657 parte
2417 594 2593 654 erant,
2644 595 2940 656 secretum,
2992 589 3145 659 quod
3193 589 3297 645 soli
3338 590 3617 660 principes

1960 678 2235 743 audirent,
2277 678 2482 733 habere
2530 678 2867 748 colloquium
2917 678 3242 744 voluissent,
3285 680 3459 736 nostri
3498 678 3621 735 nul-

1964 767 2073 822 lum
2125 782 2433 823 sermonem
2486 766 2740 823 conferre
2779 768 3070 836 volebant,
3122 770 3227 825 nisi
3276 785 3439 841 quem
3485 785 3621 827 cun-

1963 857 2068 911 ctis
2086 857 2182 927 qui
2212 865 2605 925 convenerant,
2630 859 2841 929 magnis
2862 866 2917 914 et
2947 861 3147 929 parvis,
3174 861 3365 916 audire
3397 861 3616 917 liceret.

1960 945 2075 999 Jam
2126 959 2255 1001 vero
2294 946 2552 1002 sedentes
2606 962 2672 1002 ex
2710 955 2943 1018 utraque
2994 956 3148 1019 parte
3189 950 3284 1005 diu
3322 950 3615 1019 tacebant;

1964 1033 2093 1102 quia
2142 1039 2199 1089 et
2244 1036 2452 1100 nostri,
2502 1035 2594 1104 qui
2643 1034 2822 1104 rogati
2868 1032 2982 1087 illis
3038 1040 3424 1099 occurrerant,
3483 1035 3616 1103 quid

1965 1122 2046 1177 illi
2104 1122 2309 1178 vellent
2365 1122 2768 1192 expectabant;
2829 1128 2886 1176 et
2943 1120 3023 1175 illi
3088 1135 3199 1176 non
3264 1136 3324 1176 se
3391 1135 3618 1193 rogasse

1967 1217 2214 1278 nostros,
2244 1211 2344 1267 sed
2396 1212 2603 1267 nostris
2648 1217 2872 1281 rogatos
2901 1211 3116 1266 venisse
3148 1211 3319 1266 videri
3347 1212 3616 1281 volentes,

1965 1301 2096 1370 quid
2155 1315 2186 1356 a
2255 1301 2469 1356 nostris
2525 1307 2855 1370 peteretur,
2913 1299 3315 1355 auscultabant.
3376 1301 3615 1357 Tandem

1970 1390 2147 1445 nostri
2178 1396 2499 1459 rumpentes
2527 1389 2831 1451 silentium,
2864 1397 2925 1444 ut
2961 1390 3207 1444 omnium
3249 1389 3457 1446 faceret
3485 1405 3618 1446 ver-

1969 1479 2096 1535 bum
2125 1520 2140 1545 ,
2208 1478 2586 1533 Gevehardum
2653 1479 2932 1547 petierunt
2995 1478 3468 1549 Saltzburgensem
3535 1494 3621 1535 ar-

1969 1568 2404 1638 chiepiscopum.
2446 1567 2548 1635 Qui
2597 1581 2854 1637 surgens,
2907 1574 2966 1622 ut
3010 1575 3127 1624 erat
3165 1569 3248 1624 vir
3294 1584 3394 1639 per
3433 1570 3620 1625 omnia

1971 1658 2215 1727 prudens
2258 1666 2315 1712 et
2352 1658 2637 1724 honestus,
2671 1665 2727 1712 et
2774 1656 2972 1713 honori
3025 1672 3187 1727 quem
3236 1658 3463 1728 gerebat
3510 1673 3620 1715 non

226 1757 396 1812 ravit.
450 1756 623 1826 Igitur
671 1755 916 1810 exercitu
962 1767 1063 1809 suo
1108 1753 1354 1819 dimisso,
1390 1753 1731 1823 consilioque
1762 1748 2254 1810 mu-Bminimum
2297 1745 2590 1802 conferens
2635 1746 2896 1814 honoriS,
2946 1747 3101 1802 Vultu
3150 1748 3440 1817 modesto,
3486 1762 3621 1805 voce

227 1853 375 1911 tato,
421 1844 567 1899 misit
595 1842 663 1898 ad
707 1844 954 1899 Saxones
992 1841 1203 1912 legatos
1231 1840 1315 1908 “7,
1349 1848 1409 1897 ut
1437 1841 1884 1912 quandoquidem

227 1934 454 1990 nollent
486 1947 606 1988 esse
636 1932 756 1987 sine
795 1946 945 2002 rege,
979 1930 1148 1986 ﬁlium
1180 1945 1337 1986 suum
1376 1931 1481 1986 sibi
1521 1930 1771 1987 facerent
1802 1945 1888 1986 re-

226 2040 380 2095 gem,
431 2037 605 2092 seque
665 2022 775 2077 illis
824 2023 1032 2091 jurare,
1091 2021 1241 2091 quod
1300 2035 1595 2090 numquam
1650 2022 1884 2077 intraret

226 2123 440 2169 terram
473 2110 744 2167 Saxoniae.
788 2111 886 2166 Cui
934 2111 1198 2181 legationi
1250 2109 1360 2165 dux
1405 2112 1555 2177 Otto,
1588 2110 1733 2165 sicut
1770 2117 1888 2166 erat

226 2203 437 2259 solitus
489 2203 679 2270 jocose
732 2213 925 2271 magna
983 2200 1126 2254 seria
1176 2198 1240 2230 ⁸³⁸
1296 2199 1563 2256 nonnullo
1610 2200 1887 2257 schemate

231 2291 469 2348 ludendi
498 2290 700 2356 velare,
732 2288 1020 2358 respondit
1061 2309 1074 2343 :
1128 2309 1155 2340 «
1186 2292 1361 2358 Saepe,
1395 2290 1604 2357 dicens,
1638 2306 1705 2345 ex
1751 2291 1888 2346 bove

229 2380 382 2436 malo
430 2378 631 2433 malum
676 2377 906 2433 vitulum
956 2376 1063 2431 vidi
1108 2385 1424 2447 generatum
1483 2377 1583 2445 ⁶²⁹;
1653 2378 1889 2449 ideoque

232 2483 339 2525 nec
386 2467 486 2522 ﬁlii
516 2481 618 2523 nec
656 2466 829 2537 patris
867 2465 1046 2521 habeo
1076 2465 1431 2521 desiderium.
1468 2488 1493 2515 ι

310 2556 446 2611 126.
514 2556 812 2611 Transacto
876 2569 1007 2610 vero
1076 2554 1242 2609 natali
1308 2556 1523 2611 Domini
1590 2555 1840 2626 proximo
1873 2598 1888 2622 ,

227 2660 350 2715 quo
393 2643 578 2697 1081‘"
625 2644 693 2699 ab
734 2644 1118 2699 Incarnatione
1164 2644 1377 2698 Domini
1420 2644 1673 2714 inceptus
1700 2644 1763 2675 ⁸³⁸
1800 2658 1893 2699 an-

233 2749 343 2790 nus
394 2742 537 2801 erat,
594 2734 885 2789 Heinricus
941 2748 1106 2789 exrex
1162 2733 1369 2788 Italiam
1426 2734 1758 2803 disponebat
1813 2734 1893 2788 in-

228 2824 427 2894 gredi,
482 2832 543 2877 ut
589 2823 899 2893 imponeret
944 2824 1183 2892 aliquem
1232 2823 1394 2878 linem
1443 2839 1624 2879 rerum
1672 2836 1890 2878 suarum

231 2914 408 2983 longo
457 2912 654 2978 labori,
705 2913 919 2967 scilicet
966 2921 1025 2967 ut
1076 2913 1159 2969 vel
1209 2912 1413 2969 domno
1455 2928 1591 2983 papa
1628 2912 1892 2983 Gregorio

230 3001 624 3056 humiliatione
668 3002 791 3056 ficta
840 3001 1073 3071 placato,
1122 3002 1233 3059 sive
1271 3002 1322 3056 vi
1364 3002 1645 3072 tyrannica
1676 3010 1889 3070 coacto,

1969 1835 2278 1902 mediocri,
2332 1849 2554 1891 sensum
2602 1834 2850 1905 profudit
2886 1836 3154 1906 sapientis
3201 1844 3255 1891 et
3305 1837 3380 1907 pii
3429 1846 3622 1907 pecto-

1970 1924 2047 1979 ris
2079 1945 2092 1979 :

2045 2012 2165 2067 127.
2219 2032 2247 2064 ‹‹
2278 2014 2539 2084 EpiscOpi
2569 2013 2912 2070 venerabiles
2941 2015 3224 2085 ceterique
3253 2029 3395 2085 quos
3424 2015 3623 2072 videtis

1971 2101 2165 2158 adesse
2227 2103 2510 2172 principes
2575 2102 2830 2158 Saxonici
2867 2144 2881 2172 ,
2955 2102 3099 2159 hanc
3163 2117 3389 2172 operam
3454 2106 3622 2160 michi

1971 2191 2182 2262 dignati
2226 2199 2355 2247 sunt
2394 2192 2702 2261 imponere,
2739 2200 3013 2261 quatenus
3041 2191 3256 2247 animos
3287 2195 3530 2249 omnium
3561 2192 3624 2224 ⁶³²

1972 2281 2078 2335 mei
2125 2281 2399 2337 sermonis
2446 2280 2630 2336 ofﬁcio
2669 2280 2897 2337 debeam
2936 2280 3094 2336 vobis
3130 2295 3426 2350 exponere.
3471 2282 3622 2338 Unde

1973 2384 2069 2426 vos
2125 2383 2344 2436 omnes,
2404 2370 2723 2426 sacerdotes
2770 2370 2948 2425 sancti
3016 2371 3298 2440 ceterique
3364 2372 3625 2441 primates

1973 2459 2182 2527 eximii,
2216 2466 2439 2531 rogatos
2476 2473 2597 2515 esse
2634 2461 2780 2526 volo,
2832 2471 2892 2514 ut
2937 2473 3023 2515 me
3063 2459 3365 2530 dignemini
3412 2459 3627 2530 patien-

1974 2555 2059 2604 ter
2110 2550 2333 2616 audire,
2390 2557 2446 2604 et
2483 2564 2663 2605 causa;
2711 2549 3016 2616 communi,
3068 2563 3230 2619 quam
3278 2563 3398 2604 sum
3437 2550 3625 2618 jussus

1973 2653 2159 2709 agere,
2200 2640 2439 2694 animum
2497 2640 2875 2709 tranquillum,
2918 2652 3031 2709 quo
3080 2654 3265 2694 verum
3324 2653 3625 2710 agnoscere

1975 2738 2031 2784 et
2059 2728 2123 2759 ⁸⁸³
2172 2730 2483 2784 examinare
2524 2729 2769 2799 possitis,
2821 2729 3124 2795 adhibere;
3175 2730 3303 2799 quia
3348 2743 3459 2785 non
3500 2730 3624 2800 plus

1974 2825 2164 2873 nostra
2203 2833 2363 2888 quam
2416 2826 2615 2885 vestra,
2678 2819 2726 2874 si
2783 2819 2967 2885 vultis,
3019 2819 3274 2887 interest,
3319 2834 3443 2889 quae
3501 2835 3621 2877 sum

1975 2908 2224 2964 dicturus
2260 2922 2581 2979 agnoscere.
2632 2911 2825 2965 Vestro
2881 2910 3129 2978 ipsorum
3187 2910 3505 2967 testimonio
3556 2909 3625 2965 ﬁ-

1975 2998 2172 3053 denter
2227 2999 2516 3052 innitimur
2561 2996 2645 3065 “‘,
2706 2999 2834 3068 quia
2882 3012 3000 3064 vos,
3058 2999 3305 3069 quamvis
3349 3014 3381 3054 a
3438 3004 3627 3056 nostra

227 3090 456 3146 vincula
518 3089 682 3145 banni
708 3133 722 3157 ,
789 3092 992 3160 quibus
1047 3098 1164 3146 erat
1220 3090 1439 3161 ligatus,
1499 3098 1746 3157 exueret,
1804 3092 1887 3147 vel
1911 3076 1953 3133 Ε
1977 3088 2241 3143 societate
2273 3088 2626 3155 discessistis,
2651 3102 2682 3143 a
2703 3089 2949 3143 veritatis
2978 3102 3165 3145 amore
3197 3103 3307 3145 non
3337 3089 3627 3145 discedere

228 3179 385 3249 quod
423 3180 600 3249 magis
624 3179 862 3245 volebat,
893 3181 1159 3249 Gregorio
1200 3194 1299 3248 per
1326 3180 1431 3233 vim
1472 3179 1542 3235 de.
1582 3180 1712 3235 sedc
1758 3193 1893 3249 pon-

230 3270 484 3324 tiﬁcatus
530 3271 731 3338 ejecto,
787 3277 842 3324 et
890 3270 944 3323 in
993 3271 1112 3339 ipsa
1141 3269 1272 3325 sede
1303 3270 1549 3339 Wiperto
1578 3271 1890 3325 Ravennate

228 3358 558 3424 collocato,
610 3359 703 3427 qui
743 3358 853 3427 jam
904 3371 1003 3428 per
1049 3358 1345 3413 triennium
1389 3360 1537 3428 juste
1584 3358 1758 3415 fuerat
1800 3374 1893 3415 ex-

228 3447 723 3513 communicatus,
775 3446 949 3502 libere
995 3445 1202 3503 faceret
1250 3448 1431 3503 omnia
1480 3462 1604 3517 qua:
1650 3463 1764 3504 sum
1813 3455 1893 3519 ty-

229 3535 463 3591 rannidi
524 3535 825 3604 placerent,
884 3550 1007 3591 cum
1064 3535 1133 3592 de
1172 3536 1303 3592 sede
1361 3537 1663 3608 apostolica
1715 3538 1893 3593 omnis

229 3639 348 3680 suae
426 3623 725 3679 voluntatis
790 3623 1027 3681 favorem
1093 3626 1341 3682 haberet.
1429 3627 1534 3682 Sed
1599 3625 1895 3683 familiares

228 3713 417 3784 ipsius
462 3726 574 3769 non
622 3720 797 3769 tutum
846 3715 1112 3784 putabant
1157 3715 1295 3783 fore,
1336 3716 1644 3771 Saxonibus
1682 3717 1891 3773 recenti

230 3803 444 3872 ιιι-ωηο
508 3803 865 3860 vehementer
929 3806 1273 3861 exacerbatis
1341 3804 1685 3861 invadendos
1758 3807 1896 3862 ﬁnes

228 3907 369 3950 suos
422 3892 762 3963 relinquere,
812 3910 933 3951 cum
991 3896 1060 3951 de
1117 3896 1353 3952 adventu
1402 3895 1619 3951 illorum
1670 3896 1892 3951 dubita-

234 3983 455 4038 tionem
514 3983 718 4038 nullam
776 3984 1064 4051 haberent,
1123 3985 1169 4039 si
1228 3992 1520 4055 pergentes
1568 3984 1623 4039 in
1664 3985 1892 4052 Italiam,

233 4085 399 4127 suam
453 4073 686 4140 patriam
735 4072 855 4127 sine
886 4074 1086 4129 virtute
1126 4074 1347 4128 militari
1391 4074 1751 4129 dimitterent.
1800 4074 1897 4127 lili-

233 4168 443 4217 serunt
488 4175 621 4232 ergo
660 4163 1004 4232 principibus
1051 4165 1257 4218 nostris
1302 4165 1546 4230 nuntios,
1590 4164 1684 4232 qui
1714 4163 1895 4233 singu-

1974 3177 2339 3233 conﬁdimus:
2373 3207 2443 3216 —
2471 3185 2676 3245 vestro,
2726 3178 2971 3247 inquam,
3020 3179 3337 3235 testimonio
3390 3179 3627 3249 probare

1971 3266 2243 3333 volumus,
2303 3268 2525 3335 quantis
2580 3268 2820 3336 injuriis,
2882 3269 3103 3336 quantis
3159 3269 3510 3324 contumeliis
3553 3269 3630 3325 si-

1974 3371 2096 3411 mus
2134 3355 2312 3411 affecti
2361 3355 2489 3411 dum
2540 3363 2657 3412 toto
2702 3358 2906 3424 animo,
2958 3365 3073 3413 tota
3119 3359 3433 3426 voluntate,
3482 3359 3629 3414 sicut

1975 3446 2227 3513 decebat,
2277 3447 2427 3517 regis
2476 3460 2693 3500 eramus
2744 3447 2968 3501 servitio
3025 3448 3283 3516 subjecti.
3343 3449 3451 3501 Vos
3511 3447 3622 3516 ipsi

1974 3537 2149 3603 scitis,
2181 3536 2441 3605 quotiens
2487 3534 2805 3605 singillatim
2854 3535 2938 3589 vel
2987 3536 3353 3591 communiter
3386 3543 3626 3591 vestrum

1977 3626 2270 3697 petivimus
2332 3625 2632 3691 auxilium,
2701 3638 2811 3694 quo
2879 3639 2979 3693 pro
3045 3626 3299 3681 benivola
3363 3627 3627 3682 servitute

1978 3724 2166 3771 nostra
2221 3714 2307 3770 vel
2362 3714 2470 3771 hoc
2527 3728 2593 3768 ex
2659 3714 3058 3768 intercessione
3122 3721 3303 3769 vestra
3368 3714 3629 3771 redderet

1978 3807 2139 3863 nobis
2168 3806 2473 3876 praemium,
2509 3811 2568 3861 ut
2616 3819 2647 3860 a
2694 3804 3007 3872 multarum,
3057 3820 3182 3874 quae
3229 3819 3333 3862 nos
3369 3807 3631 3877 importa-

1978 3896 2118 3951 biles
2174 3895 2534 3965 premebant,
2590 3894 2796 3949 levaret
2853 3892 2999 3950 fasce
3064 3894 3453 3952 calamitatum.
3513 3898 3630 3954 Hoc

1977 3986 2107 4056 quia
2168 4000 2316 4055 saepe
2382 3985 2801 4055 postulavimus,
2856 3984 3063 4055 optime
3119 3986 3313 4053 scitis;
3382 3995 3438 4043 et
3494 3988 3628 4058 quid

1980 4074 2310 4145 postulando
2342 4074 2695 4144 profecimus,
2726 4074 2981 4129 similiter
3016 4076 3224 4145 optime
3271 4076 3445 4133 scitis.
3496 4077 3629 4134 Inde

1977 4180 2075 4221 vos
2131 4178 2242 4221 non
2294 4166 2627 4230 incusamus,
2694 4164 2823 4233 quia
2880 4178 2982 4220 vos
3038 4178 3138 4234 pro
3199 4173 3386 4222 nostra
3442 4181 3628 4234 causa,

236 4251 355 4306 lare
399 4250 741 4320 colloquium
800 4258 1095 4321 rogantes,
1144 4257 1361 4322 tempus
1407 4259 1462 4308 et
1510 4253 1689 4308 locum
1750 4267 1909 4321 prae-_
1980 4256 2224 4325 quamvis
2281 4268 2471 4324 parum
2529 4253 2691 4309 nobis
2748 4253 3072 4323 prodesset,
3140 4269 3289 4324 saepe
3350 4256 3630 4312 laborasse

241 4332 495 4405 ﬁnirent,
548 4353 658 4409 quo
701 4353 767 4396 ex
806 4347 1036 4410 utraque
1086 4347 1238 4410 parte
1288 4341 1567 4410 principes
1605 4341 1787 4407 electi,
1829 4341 1957 4415 dc_
1984 4344 2341 4415 cognovimus
2368 4342 2451 4398 ⁸⁸⁸.
2500 4342 2667 4410 Quale
2719 4356 2849 4399 vero
2903 4342 3186 4411 praemium
3217 4350 3422 4397 nostra:
3452 4345 3628 4399 devo-

239 4429 532 4485 communi
592 4428 739 4485 bono
791 4430 1114 4497 tractaturi,
1173 4430 1550 4491 convenirent.
1610 4410 2123 4489 Convene-Dtioni
2172 4432 2391 4488 dederit
2428 4431 2697 4498 ultimum,
2748 4430 2881 4501 quid
2930 4444 3070 4498 opus
3116 4437 3200 4485 est
3246 4431 3456 4493 dicere,
3504 4445 3628 4488 cum

244 4525 380 4573 runt
444 4526 628 4573 autem
681 4517 823 4573 ultra
862 4518 1081 4573 ﬁuvium
1141 4519 1235 4588 qui
1292 4519 1503 4573 Wisara
1561 4519 1785 4582 dicitur,
1846 4520 1901 4573 in
1983 4522 2330 4578 manifestum
2377 4528 2461 4577 est
2507 4522 2685 4577 oculis
2732 4520 2995 4586 omnium,
3034 4519 3162 4589 quia
3190 4519 3317 4587 hoc,
3349 4521 3500 4590 quod
3528 4521 3626 4577 ha-

240 4607 386 4663 silva
442 4621 568 4676 qua:
606 4606 735 4661 inde
792 4608 1045 4677 Capuana
1099 4614 1344 4673 vocatur,
1400 4608 1529 4677 quia
1586 4607 1654 4662 ad
1712 4607 1900 4662 urbem
1987 4613 2105 4667 buit
2133 4612 2445 4678 maximum,
2478 4611 2642 4667 nobis
2689 4608 2945 4679 rependit
2988 4616 3310 4665 extremum.
3359 4609 3622 4665 Sacerdo-

240 4711 377 4766 quze
425 4697 611 4765 Capua
672 4695 773 4766 (55}
826 4696 1139 4751 nominatur
1196 4698 1473 4766 pertinere
1527 4699 1899 4767 cognoscitur.
1989 4709 2071 4756 tes
2099 4715 2332 4771 namque
2363 4714 2474 4756 non
2512 4702 2688 4756 solum
2737 4700 2805 4755 de
2856 4697 3007 4754 nullo
3047 4699 3274 4754 crimine
3316 4700 3621 4766 convictos,

238 4786 636 4841 Convenerunt
690 4792 869 4840 autem
911 4787 1156 4856 episcopi
1212 4787 1325 4853 (an.
1376 4785 1502 4839 1081
1534 4829 1549 4852 ,
1607 4788 1784 4856 Febr.)
1837 4803 1903 4845 ex
1986 4790 2082 4846 sed
2128 4805 2229 4845 nec
2278 4790 2605 4861 regulariter
2648 4795 2955 4855 accusatos,
3002 4794 3095 4841 aut
3144 4787 3200 4841 in
3238 4788 3453 4843 vincula
3482 4790 3627 4844 sicut

238 4875 339 4931 illa
394 4883 553 4945 parte
599 4875 964 4943 Coloniensis,
1008 4876 1377 4943 Treverensis,
1412 4878 1899 4949 Babenbergensis,
1986 4880 2228 4935 latrones
2265 4881 2524 4950 conjecit,
2572 4886 2666 4933 aut
2712 4893 2743 4933 a
2788 4878 3014 4934 sedibus
3063 4876 3199 4943 suis,
3249 4891 3390 4947 quos
3426 4891 3625 4948 capere

239 4965 573 5035 Spirensis,
624 4965 1025 5035 Trajectensis;
1074 4979 1142 5020 ex
1198 4973 1387 5022 nostra
1435 4956 1563 5023 vero
1606 4976 1758 5037 parte
1796 4970 1905 5024 Ma-
1985 4983 2097 5024 non
2128 4974 2366 5039 poterat,
2398 4969 2641 5025 omnium
2688 4981 2869 5022 rerum
2917 4979 3140 5022 suarum
3188 4967 3369 5023 nudos
3414 4967 3627 5038 effuga-

1608 5095 1833 5150 VARl/E
1878 5096 2267 5153 LECTIONES.

316 5214 390 5248 “"
426 5229 493 5271 ac
522 5214 652 5290 inde
683 5215 978 5290 translatus
1014 5217 1351 5290 Merseburg,
1384 5218 1547 5290 sicuti
1593 5218 1760 5276 hodie
1798 5224 1950 5290 patet
1990 5220 2059 5275 ab
2094 5220 2234 5290 ipsis
2275 5217 2578 5275 honoriﬁce
2616 5224 2699 5274 est
2735 5188 3035 5290 tumulatus
3070 5212 3144 5290 1".
3196 5289 3201 5290 ί
3240 5216 3319 5290 4⁶²⁵
3356 5217 3536 5275 natale
3570 5219 3618 5277 1.

238 5286 492 5363 ξιξ-δερ.
517 5287 582 5363 _2.
622 5353 665 5363 __
694 5287 757 5319 ⁶²⁷
804 5288 1086 5363 l._rogans
1126 5295 1185 5345 ut
1212 5286 1321 5363 2‘.—
1379 5289 1444 5321 ⁶²⁸
1479 5292 1623 5347 serie
1670 5292 1715 5363 ι,
1798 5286 1891 5363 ί⁶¹⁹
1936 5286 2158 5363 gnatum
2196 5288 2270 5363 1".
2382 5290 2447 5363 9°
2476 5290 2743 5363 incipitur
2774 5289 2820 5343 1.
2901 5288 2995 5363 __”‘
3027 5288 3538 5363 hilliuisheimensis
3569 5290 3619 5352 1.

237 5353 585 5416 hilhesheim
622 5353 697 5413 1".
808 5358 873 5390 ⁸³³
901 5353 1028 5416 una
1062 5359 1115 5415 1.
1226 5359 1292 5394 ⁸⁸³
1327 5375 1359 5417 a
1388 5368 1443 5419 et
1480 5363 1663 5420 desunt
1697 5362 1746 5418 1.
1784 5361 1859 5420 1".
1937 5353 2035 5394 Ἴδε
2061 5365 2119 5418 in
2150 5360 2377 5419 nitimur
2410 5362 2458 5420 1.
2491 5353 2621 5417 inde
2649 5362 2877 5418 nitimur
2901 5358 2978 5420 1".

1835 5489 2052 5548 ΝΟΤΕ.

808 5358 873 5390 ⁸³³
901 5358 1028 5416 ὄιηῑι
1062 5359 1115 5415 1.
1226 5359 1292 5394 ⁸⁸³
1327 5375 1359 5417 a
1388 5368 1443 5419 et
1480 5363 1663 5420 desunt
1697 5362 1746 5418 1.
1784 5361 1859 5420 1".
1939 5358 2035 5394 ’⁸³⁸
2061 5365 2119 5418 in
2150 5360 2377 5419 nitimur
2410 5362 2458 5420 1.
2491 5358 2621 5417 inde
2649 5362 2877 5418 nitimur
2901 5358 2978 5420 1".
3087 5359 3151 5392 ⁸⁸³
3174 5374 3300 5433 agn.
3331 5360 3387 5419 2.

325 5554 457 5632 (35)
500 5553 861 5629 Kauﬁ‘ungen.
