4000 6158
470 284 581 341 583

1541 264 1875 323 BRUNONIS
1910 260 2177 319 CLERICI
2217 259 2811 318 MAGDEBURGENSIS

3693 266 3775 322 584

470 413 588 479 vit;
649 403 1006 465 ecclesiarum
1074 401 1253 466 bona,
1313 396 1514 468 quibus
1564 392 1810 462 episcopi
1868 390 1949 445 vel
2009 389 2339 458 ipsiAlram
2392 388 2828 458 persecutionem
2878 400 3039 457 posse
3087 388 3365 457 compelli.
3397 391 3512 445 llaec
3538 392 3680 460 igitur
3711 402 3774 449 est

470 502 654 557 vivere
681 497 767 553 vel
799 506 1071 566 pauperes
1108 489 1203 545 Dei
1250 493 1558 543 sustentare
1607 481 1893 546 deberent,
1934 479 2114 534 scele-

472 605 589 649 rum
656 600 878 644 suorum
945 581 1251 637 fautoribus
1314 573 1630 644 dissipanda
1693 570 1758 602 ⁶³⁶
1820 569 2113 625 concessit.

472 682 695 737 Terram
745 680 987 731 nostram
1037 669 1221 724 multis
1274 668 1383 735 jam
1434 663 1647 718 vicibus
1701 660 1813 731 igni
1859 658 2117 726 ferroque

476 769 739 831 vastavit;
808 768 1072 833 cognatos
1126 758 1238 811 sive
1294 754 1497 809 milites
1543 757 1765 806 nostros
1807 749 1861 803 in
1915 747 2119 803 nostris

477 860 678 916 finibus
707 858 1029 910 innocentes
1061 846 1286 909 occidit,
1320 856 1443 898 cum
1474 841 1623 897 nulla
1653 840 1845 894 fuisset
1874 838 1924 891 ei
1955 849 2117 891 causa

477 949 786 1006 bellorum,
846 940 949 994 nisi
1003 936 1149 1005 quod
1209 946 1399 988 servos
1457 931 1657 985 habere
1704 927 1924 982 volebat
1978 925 2120 980 lilios
2203 980 2209 989 ,

477 1036 757 1093 hominum
806 1030 1126 1084 liberorum.
1176 1024 1331 1090 Saepe
1376 1020 1576 1088 ipsum,
1617 1030 1765 1085 saepe
1795 1029 1893 1071 vos
1928 1015 2116 1083 singu-

476 1129 561 1183 los
607 1130 659 1180 et
710 1121 992 1176 universos
1020 1112 1347 1182 suppliciter
1375 1109 1667 1172 oravimus,
1701 1113 1759 1159 ut
1796 1103 1978 1175 gladio
2017 1103 2119 1158 de-

477 1216 656 1286 posito
713 1220 929 1264 causam
989 1202 1276 1258 nobiscum
1334 1196 1561 1267 jndiciis
1617 1200 1840 1264 ageret,
1900 1198 1955 1286 et
2022 1205 2122 1286 nos

476 1279 713 1359 vestrum
775 1310 874 1366 per
929 1292 1113 1348 omnia
1166 1289 1436 1357 judicium
1492 1291 1781 1339 secuturos
1830 1281 2012 1335 animo
2058 1279 2122 1332 li-

477 1391 624 1447 benti
655 1383 1078 1457 spopondimns.
1118 1377 1259 1444 Quid
1302 1377 1389 1429 his
1419 1373 1674 1428 omnibus
1703 1368 2118 1457 profecerimus,

477 1495 572 1537 vos
630 1456 783 1548 ipSos
842 1474 897 1528 in
938 1466 1313 1526 testimonium
1353 1475 1630 1519 vocamus.
1683 1461 1823 1529 Ergo
1873 1471 1993 1521 nos,
2027 1456 2121 1548 qui

479 1583 624 1625 nunc
656 1545 935 1621 adsumus
960 1603 973 1625 ,
1021 1570 1143 1613 cum
1185 1553 1440 1610 omnibus
1485 1564 1626 1620 quos
1673 1554 1820 1603 tenet
1858 1545 2122 1602 Saxonica

478 1659 660 1721 tellus,
712 1653 887 1715 vobis,
946 1663 978 1704 o
1032 1642 1361 1702 sanctissimi
1418 1640 1618 1697 Christi
1676 1637 2014 1700 sacerdotes,
2068 1642 2123 1688 et

2200 492 2407 533 summa
2466 484 2670 533 nostra:
2728 476 3048 546 petitionis,
3112 483 3169 531 ut
3221 478 3463 533 domuum
3514 479 3773 537 Heinricum

2201 565 2282 621 vel
2315 580 2410 620 vos
2441 567 2564 633 jure
2596 578 2757 634 posse
2801 578 3029 635 regnare
3068 565 3232 619 nobis
3277 566 3609 635 probabiliter
3632 576 3776 624 osten-

2200 655 2344 709 datis
2399 653 2482 708 vel
2542 667 2644 709 nos
2711 653 2904 718 vobis,
2964 666 3087 707 eum
3145 666 3255 707 non
3314 668 3503 723 posse,
3556 658 3775 712 veraciter

2202 742 2493 799 ostendere
2542 742 2772 808 sinatis;
2823 750 2879 798 et
2926 756 3046 797 cum
3102 755 3192 797 res
3236 742 3488 798 alterutra
3522 744 3666 800 fuerit
3697 747 3776 801 de-

2202 840 2520 897 monstrata,
2554 844 2654 885 nos
2701 830 2814 900 igni
2844 829 3100 900 ferroque
3147 832 3393 900 persequi
3432 832 3637 887 cessetis
3659 832 3727 887 δι’.
3754 854 3774 883 ι)

2279 919 2396 973 128.
2456 921 2607 974 Tunc
2664 919 2743 973 illi
2802 920 3209 989 responderunt
3255 934 3315 976 se
3362 934 3459 975 nec
3503 922 3565 975 ad
3602 936 3778 977 causam

2204 1008 2920 1074 tractandamconvenisse,
2956 1022 3058 1063 nec
3094 1023 3153 1062 se
3185 1016 3347 1063 tantae
3376 1022 3490 1063 esse
3525 1010 3781 1079 sapientiae,

2206 1103 2265 1151 ut
2307 1105 2415 1151 tam
2446 1110 2693 1166 magnam
2730 1110 2841 1151 rem
2881 1110 2948 1152 ex
2978 1096 3274 1165 improviso
3315 1105 3624 1165 praesumant
3649 1113 3781 1168 agen-

2204 1186 2326 1241 dam
2356 1186 2608 1255 accipere
2637 1185 2697 1216 ⁶³¹
2723 1207 2737 1251 ;
2768 1186 3095 1255 praesertim
3137 1199 3259 1240 cum
3300 1198 3407 1240 non
3454 1187 3517 1241 ad
3545 1200 3598 1241 se
3623 1188 3781 1253 solum,

2204 1275 2301 1330 sed
2335 1275 2401 1328 ad
2434 1289 2617 1344 regem
2647 1284 2988 1343 cunctosque
3021 1288 3190 1344 regno
3235 1275 3355 1344 ejus
3398 1274 3632 1330 subditos
3656 1276 3786 1345 perti-

2205 1378 2335 1419 nere
2389 1364 2658 1419 videatur.
2715 1363 3000 1434 Rogabant
3053 1372 3235 1418 autem
3292 1371 3351 1418 ut
3406 1364 3472 1418 ab
3527 1364 3665 1419 initio
3714 1365 3787 1418 l-‘e-

2206 1453 2451 1518 bruarii,
2512 1452 2660 1520 quod
2721 1461 2850 1506 tunc
2908 1461 3062 1517 erat,
3131 1466 3306 1520 usque
3369 1453 3435 1506 ad
3500 1452 3785 1507 medietatem

2203 1543 2350 1596 Junii
2409 1555 2511 1610 pax
2559 1554 2627 1595 ex
2682 1548 2912 1609 utraque
2972 1549 3125 1610 parte
3181 1540 3439 1606 daretur,
3495 1540 3626 1595 intra
3672 1540 3786 1609 quod

2207 1638 2422 1699 tempus
2465 1636 2738 1683 conventu
2784 1627 2949 1692 facto,
2998 1627 3187 1682 eadem
3233 1642 3415 1695 causa,
3464 1643 3612 1698 quam
3653 1628 3788 1684 nostri

478 1716 656 1807 vobis,
702 1757 735 1798 o
785 1735 1109 1796 nobilissimi
1160 1732 1439 1803 principes
1484 1735 1540 1784 et
1587 1726 1869 1783 fortissimi
1921 1718 2355 1780 iniliteannnc
2392 1731 2553 1788 agere
2601 1717 2883 1782 volebant,
2939 1717 3214 1771 communi
3270 1718 3437 1772 totius
3481 1718 3618 1787 regni
3659 1716 3789 1786 partis

479 1804 760 1892 humiliter
812 1826 1213 1897 supplicamus,
1274 1828 1335 1874 ut
1398 1830 1668 1872 memores
1732 1812 2127 1882 omnipotentis
2208 1809 2493 1897 utriusque
2551 1806 2785 1862 consilio
2844 1813 3187 1897 tractaretur.
3263 1808 3444 1862 Nostri
3499 1820 3613 1861 vero
3652 1804 3789 1891 dolos

479 1925 577 1981 Dei
634 1895 934 1987 vestrique,
967 1912 1171 1974 ofticii,
1234 1924 1368 1973 vos,
1429 1906 1576 1974 quod
1637 1905 1770 1959 estis
1825 1903 2122 1956 animarum
2206 1895 2424 1950 illorum
2483 1896 2871 1987 percipientes,
2931 1895 3060 1987 quia
3117 1902 3413 1964 propterea
3468 1896 3788 1987 tam_longum

483 2020 730 2085 pastores
768 1983 876 2062 non
927 2002 1238 2074 perditores
1267 1997 1464 2061 vocati,
1496 2008 1594 2050 vos
1620 2007 1774 2056 vero,
1809 1991 1957 2060 quod
2004 1990 2125 2059 gla-
2210 1995 2425 2054 tempus
2475 1987 2622 2054 pacis
2667 1985 2867 2039 habere
2914 1983 3192 2050 volebant,
3248 1993 3308 2085 ut
3358 1985 3414 2039 hi
3460 1984 3546 2054 qui
3573 1983 3697 2039 domi
3722 1997 3791 2036 re-

482 2082 629 2158 dium
679 2098 748 2153 ad
803 2092 1177 2150 defensionem
1226 2100 1338 2141 non
1386 2085 1452 2139 ad
1505 2082 1925 2138 internicionem
1964 2090 2131 2133 acce—

484 2190 643 2261 pistis
683 2188 1061 2243 innocentum,
1111 2176 1387 2246 cogitetis,
1429 2181 1485 2227 et
1531 2185 1634 2226 nos
1670 2177 1896 2261 vestros
1934 2167 2130 2222 fratres

482 2256 536 2336 in
593 2278 847 2335 Christo,
906 2274 1118 2325 vestros
1174 2270 1439 2334 cognatos
1495 2262 1550 2315 in
1609 2273 1772 2314 carne
1798 2301 1812 2324 ,
1871 2256 2017 2311 ferro
2075 2265 2130 2310 et

483 2370 692 2424 ﬂamma
730 2361 964 2432 amplius
1012 2358 1269 2427 persequi
1314 2366 1383 2407 ne
1422 2350 1620 2405 velitis.
1670 2347 1825 2414 Quod
1865 2347 2131 2401 hactenus

483 2454 854 2512 molestiarum
887 2462 916 2502 a
964 2445 1123 2500 vobis
1163 2439 1409 2511 perpessi
1457 2451 1664 2501 sumus,
1715 2435 1871 2490 vobis
1922 2433 2133 2488 donan-

484 2551 587 2608 tes,
629 2540 873 2612 peccatis
917 2533 1122 2589 nostris
1168 2528 1559 2598 imputabimus
1615 2532 1670 2579 et
1726 2525 2130 2612 correptionem

486 2610 687 2689 divin—ae
739 2627 961 2698 pietatis
1008 2618 1427 2690 appellabimus,
1460 2615 1587 2670 dum
1629 2613 1859 2682 posthac
1905 2610 2134 2680 injuria-

488 2735 623 2778 rum»
673 2719 743 2774 de
797 2714 956 2771 vobis
1010 2708 1192 2766 securi
1259 2720 1380 2761 esse
1440 2703 1729 2774 possimus.
1783 2700 2029 2756 Gladium
2078 2707 2135 2755 et

486 2812 666 2883 ignem
698 2805 981 2876 deponite,
1024 2808 1080 2856 et
1129 2799 1273 2853 sicut
1316 2796 1478 2851 decet
1516 2793 1765 2883 homines
1792 2790 2134 2883 Christianos

485 2878 605 2955 enm
655 2893 1017 2955 Christianis,
1071 2899 1287 2942 causam
1335 2882 1678 2947 rationibus,
1729 2892 1841 2934 non
1888 2878 2135 2933 caedibus

489 2988 632 3058 agite
657 3008 671 3052 ;
704 2992 759 3040 et
786 2980 935 3052 quod
970 2985 1097 3034 ante
1126 2974 1340 3030 cruoris
1369 2971 1689 3041 effusionem
1721 2966 2133 3058 postulavimus,

2209 2073 2502 2129 manebant
2550 2079 2735 2128 essent
2791 2073 2930 2138 tuti,
3000 2073 3178 2128 donec
3237 2072 3319 2128 illi
3377 2074 3468 2142 qui
3528 2074 3578 2127 in
3630 2073 3789 2127 Italiam

2210 2163 2514 2231 pergebant
2568 2162 2955 2217 contumeliam
3014 2161 3264 2216 facerent
3319 2161 3618 2231 apostolica:
3650 2156 3792 2227 digni-

2210 2252 2306 2305 tati
2332 2272 2345 2318 ;
2380 2251 2785 2320 responderunt
2812 2266 2871 2306 se
2914 2264 3015 2306 nec
3064 2250 3329 2320 decipere
3358 2251 3493 2306 velle
3520 2264 3610 2305 nec
3634 2245 3788 2314 decipi,

2208 2339 2306 2395 sed
2337 2341 2543 2394 firmam
2576 2349 2631 2395 et
2657 2340 2923 2409 integram
2974 2353 3163 2409 pacem
3203 2339 3340 2395 dare
3379 2346 3434 2395 et
3469 2347 3635 2409 petere
3657 2345 3788 2403 usque

2210 2430 2279 2484 ad
2314 2429 2604 2483 terminum
2654 2429 2919 2497 temporis
2967 2427 3245 2497 praedicti.
3296 2429 3532 2498 Cumque
3566 2426 3634 2481 illi
3657 2425 3791 2478 Theu-

2214 2518 2414 2573 tonicis
2460 2517 2734 2581 omnibus,
2777 2521 2981 2572 nostra:
3033 2517 3205 2586 partis
3256 2517 3604 2587 adjutoribus,
3647 2522 3789 2583 pacem

2212 2621 2272 2662 se
2304 2608 2433 2661 dare
2467 2605 2849 2675 promitterent
2883 2626 2895 2660 :
2950 2624 2977 2657 «
3028 2607 3201 2673 Itane,
3246 2607 3389 2661 dixit
3432 2606 3550 2661 Otto
3585 2604 3694 2665 dux,
3719 2610 3792 2652 nos

2213 2695 2450 2750 stolidos
2478 2708 2598 2749 esse
2630 2694 2853 2763 putatis,
2897 2702 2957 2749 ut
3007 2708 3117 2750 non
3164 2695 3538 2764 intelligamus
3571 2687 3798 2746 consilium

2214 2793 2408 2839 vestrae
2448 2782 2804 2838 calliditatis?
2850 2783 3044 2838 Petitis
3089 2785 3302 2838 vestris
3326 2783 3584 2854 partibus
3616 2794 3641 2834 a
3681 2774 3801 2832 nobis

2216 2875 2368 2942 pacis
2414 2871 2785 2938 securitatem,
2819 2872 2995 2927 donec
3033 2872 3402 2941 apostolicam
3452 2869 3651 2941 possitis
3687 2864 3801 2920 inbo-

2216 2975 2413 3017 norare
2452 2962 2811 3030 dignitatem;
2871 2969 2927 3016 et
2983 2961 3143 3016 nobis
3200 2975 3401 3030 pacem
3457 2968 3661 3017 vestram
3710 2965 3802 3024 pro.

658 3033 1198 3126 sal'tejm'velcrnore
1238 3033 1650 3117 nostro'satiati
1682 3033 1958 3127 praestate.
2000 3033 2455 3119 Mul-Cmittitis,
2515 3050 2694 3106 donec
2762 3050 2934 3117 illum,
2985 3052 3081 3119 qui
3121 3057 3382 3106 nostrum
3429 3056 3580 3119 caput
3613 3053 3698 3111 est,
3730 3053 3800 3131 pro

492 3146 591 3218 tas.~
619 3159 840 3230 quidem
892 3154 1053 3210 nobis
1095 3162 1405 3218 aerumpnas
1447 3146 1703 3202 dominus
1748 3150 1930 3199 vester
1966 3143 2136 3198 Hein-
2219 3148 2399 3194 \‘tb‘ll‘o
2457 3138 2638 3230 libitu,
2706 3138 2753 3193 si
2811 3140 2954 3230 Deus
3013 3139 3357 3207 permiserit,
3411 3138 3541 3193 male
3593 3130 3800 3230 tractatis.

486 3219 653 3307 ricus.
692 3244 993 3303 crudeliter
1048 3239 1270 3302 intulit,
1337 3235 1522 3291 multis
1577 3231 1978 3289 calamitatibus
2033 3244 2136 3286 nos
2216 3230 2260 3284 Ο
2315 3241 2476 3297 quam
2535 3228 2678 3282 bona
2728 3242 2831 3297 pax
2880 3227 3040 3282 datur
3087 3230 3352 3296 corpori,
3403 3228 3525 3282 dum
3569 3219 3803 3279 crudeliter

488 3338 630 3393 ultra
679 3332 900 3390 modum
953 3327 1215 3398 fatigavit,
1258 3329 1314 3378 et
1363 3330 1542 3377 tamen
1582 3334 1712 3375 ecce
1744 3320 1917 3388 parati
1947 3333 2135 3373 sumus
2216 3317 2435 3372 absciso
2489 3315 2770 3371 crudelius
2830 3314 3081 3371 illuditur
3138 3316 3352 3384 capiti!
3414 3317 3548 3385 Ergo
3602 3309 3740 3398 nobis
3766 3310 3804 3359 et

458 3441 610 3497 ,eum
660 3423 824 3480 nobis
871 3396 1076 3490 regem,
1127 3416 1272 3471 sicut
1318 3412 1450 3468 olim
1497 3410 1619 3476 fuit,
1671 3410 1960 3477 accipere;
2003 3422 2133 3463 ecce
2219 3407 2424 3462 nostris
2473 3404 2729 3460 omnibus
2767 3404 2912 3470 date,
2966 3414 3021 3459 et
3064 3404 3220 3459 vobis
3273 3414 3335 3460 et
3380 3404 3566 3460 vestris
3608 3396 3804 3497 omnibus

487 3515 660 3587 parati
712 3524 902 3568 sumus
935 3483 999 3563 ei
1048 3505 1364 3561 lidelitatem
1410 3508 1465 3556 et
1510 3499 1909 3569 subjectionem
1948 3499 2134 3567 jurare
2217 3496 2472 3587 accipite,
2522 3506 2710 3563 pacem
2760 3501 2865 3587 aut
2901 3494 3169 3563 integram
3216 3502 3320 3587 aut
3368 3493 3578 3587 nullam.
3619 3483 3802 3585 Quod-si

480 3576 537 3661 et
559 3606 795 3675 juratam
834 3598 1071 3654 fideliter
1119 3603 1175 3650 et
1213 3593 1450 3648 libenter
1495 3603 1712 3645 servare
1747 3607 1758 3642 :
1800 3592 2007 3642 tantum
2040 3599 2136 3642 vos
2217 3583 2434 3655 plenam
2492 3596 2682 3652 pacem
2739 3582 2899 3637 nobis
2955 3590 3010 3637 et
3067 3582 3278 3637 nostris
3336 3582 3581 3638 omnibus
3627 3576 3800 3675 amicis,

485 3657 783 3751 hocvveris
834 3686 1234 3744 assertionibus
1279 3680 1527 3746 astruite,
1588 3686 1648 3733 ut
1686 3692 1787 3732 nos
1842 3677 1990 3731 salvo
2049 3690 2136 3732 or—
2219 3672 2429 3743 magnis
2458 3680 2513 3726 et
2562 3670 2762 3740 parvis,
2803 3670 2934 3725 dare
2984 3684 3094 3724 non
3126 3669 3318 3738 vultis,
3348 3672 3551 3741 pergite
3582 3670 3672 3722 iter
3695 3657 3802 3733 quod

487 3784 616 3839 dine
664 3788 875 3844 nostro,
926 3784 983 3833 et
1031 3774 1155 3829 laici
1206 3772 1420 3840 possint
1466 3768 1646 3824 facere
1694 3768 1801 3822 hoc
1849 3767 1968 3821 sine
2008 3765 2133 3820 fidei
2219 3763 2502 3832 cmpistis;
2553 3762 2659 3816 hoc
2706 3767 2887 3815 tamen
2918 3767 3044 3815 ante
3077 3761 3375 3830 praedicto,
3407 3760 3548 3832 quod
3577 3759 3626 3813 in
3654 3753 3803 3810 linibus

488 3885 659 3926 sacra:
681 3867 1012 3922 detrimento
1039 3884 1052 3929 ;
1088 3876 1190 3916 nec
1219 3873 1321 3914 nos
1349 3860 1417 3913 ab
1447 3858 1553 3911 isto
1577 3869 1769 3925 campo
1790 3855 2132 3919 recedemus,
2219 3854 2416 3907 vestris
2461 3850 2711 3919 hospites
2759 3849 2869 3904 cito
2923 3864 3033 3904 non
3080 3855 3268 3919 gratos
3324 3850 3605 3915 habebitis,
3637 3858 3718 3900 nec
3742 3851 3804 3895 res

491 3960 669 4014 donec
733 3953 915 4010 omnia
973 3965 1096 4019 quae
1157 3947 1271 4002 dixi
1337 3944 1811 4013 compleverimus.
1886 3943 1942 3997 Si
2006 3955 2135 3997 vero
2218 3949 2446 4007 vestras,
2509 3948 2567 3995 ut
2623 3939 2857 4006 velletis,
2907 3940 3168 3994 abitalia
3206 3942 3417 3997 reversi
3457 3932 3803 3996 custoditasin-

492 4053 710 4103 nostras
762 4041 1065 4097 sententias
1115 4036 1324 4106 dignati
1372 4034 1585 4088 fueritis
1633 4032 1942 4098 attendere,
1993 4032 2137 4086 veris
2220 4032 2468 4085 venietis.
2520 4031 2653 4084 Nam
2703 4029 2808 4084 hoc
2858 4033 3112 4084 nolumus
3159 4042 3255 4084 vos
3309 4030 3508 4096 celare,
3555 4024 3685 4098 quod
3716 4030 3803 4076 cmn

491 4144 546 4192 et
592 4130 894 4189 manifestis
942 4136 997 4184 et
1045 4140 1112 4182 ex
1162 4125 1568 4193 Scripturarum
1610 4120 1926 4175 testimonio
1966 4119 2136 4174 firmis
2221 4122 2396 4190 primo
2446 4120 2766 4187 poterimus,
2818 4131 2985 4172 unum
3031 4123 3309 4174 rectorem
3362 4120 3598 4175 volumus
3630 4113 3803 4170 habere.

488 4223 793 4280 rationibus
848 4216 1241 4278 ostendemus,
1293 4211 1442 4282 quod
1501 4211 1761 4265 domnum
1821 4208 2133 4263 lleinricmn
2218 4209 2313 4278 qui
2363 4216 2418 4262 et
2460 4220 2563 4262 nos
2600 4207 2668 4261 ab
2720 4207 2937 4274 injuriis
2974 4204 3192 4262 fortiter
3217 4207 3509 4276 adjuvante
3538 4207 3638 4260 Deo
3663 4197 3806 4256 defen-

487 4328 586 4370 nec
624 4311 813 4367 clerici
862 4322 963 4363 nec
1021 4305 1146 4361 laici
1193 4316 1378 4373 regem
1430 4301 1631 4355 habere
1682 4312 1971 4368 possumus
2009 4311 2193 4373 cum_
2221 4297 2334 4362 dat,
2395 4302 2451 4350 et
2498 4295 2584 4349 his
2632 4296 2725 4363 qui
2787 4296 2947 4351 nobis
2994 4295 3223 4365 injurias
3279 4295 3530 4351 fecerunt
3588 4284 3808 4373 aequitatis

483 4364 784 4460 animarum
842 4404 1151 4453 nostrarum
1217 4364 1413 4447 salute.
1485 4391 1640 4445 Nunc
1682 4364 1838 4458 tergo
1893 4387 1974 4442 vel
2034 4364 2390 4443 vosticem
2438 4384 2724 4453 rependat.
2778 4405 2803 4432 »
2858 4364 3059 4439 Milites
3114 4397 3245 4454 ergo
3305 4384 3486 4454 plebei
3543 4380 3694 4451 partis
3735 4372 3807 4428 ad-

485 4494 664 4558 nobis,
698 4488 847 4561 quod
872 4489 1020 4558 juste
1071 4483 1245 4554 possit
1274 4494 1523 4552 regnare,
1558 4477 1919 4549 probabiliter
1947 4482 2132 4532 osten-

483 4584 619 4647 dite,
647 4586 704 4637 et
733 4591 836 4635 nos
864 4575 967 4632 sub
997 4575 1118 4643 ejus
1147 4585 1317 4642 regno
1348 4569 1533 4625 socios
1562 4567 1755 4622 iideles
1780 4565 2015 4634 accipite
2035 4563 2125 4619 ea7:

486 4670 569 4727 vel
616 4666 799 4732 nobis,
847 4663 997 4736 quod
1043 4665 1167 4730 jure
1215 4671 1444 4728 regnare
1491 4668 1598 4710 non
1640 4654 1834 4723 possit,
1866 4653 2134 4708 veraciter

489 4760 724 4829 probare
792 4753 1172 4825 permittentes
1227 4746 1328 4811 ⁸⁸⁸,
1396 4744 1592 4810 nobis,
1660 4743 1825 4797 immo
1891 4742 2129 4807 veritati,

490 4859 818 4904 consensum
866 4841 1098 4897 amicum
1149 4836 1411 4907 praebete,
1461 4846 1673 4902 nosque
1710 4830 1773 4861 ⁶³⁹
1832 4839 1892 4886 ut
1944 4830 2133 4886 hostes

492 4935 750 5008 persequi
808 4930 1065 4988 desinite.
1133 4925 1287 4994 Quod
1353 4926 1401 4979 si
1467 4922 1730 4992 objicitis,
1788 4926 2133 5008 sacramento

2216 4489 2387 4530 versa:
2418 4472 2785 4541 conclamant,
2822 4479 3041 4528 nostros
3071 4486 3285 4542 aequam
3338 4487 3450 4529 rem
3489 4471 3688 4532 offerre,
3710 4472 3808 4517 suos

2215 4563 2493 4632 principes
2540 4575 2757 4630 acquum
2806 4575 2909 4616 nec
2956 4561 3245 4630 accipere;
3300 4574 3361 4617 se
3411 4560 3626 4629 posthac
3653 4553 3709 4609 ad
3734 4562 3806 4619 pu-

2214 4654 2490 4723 gnandum
2549 4652 2729 4706 minus
2784 4648 2901 4705 fore
2961 4657 3181 4719 paratos
3232 4664 3399 4719 quam
3450 4657 3663 4705 actenus
3709 4638 3809 4695 fuis-

2216 4750 2359 4808 sent,
2429 4743 2558 4811 quia
2623 4754 2840 4795 causam
2889 4740 3118 4809 jnstitia:
3183 4754 3308 4794 cum
3373 4737 3662 4795 Saxonibus
3714 4738 3807 4783 esse

2214 4831 2623 4902 cognoviscent,
2658 4830 2889 4898 plusque
2939 4829 3098 4883 nobis
3144 4827 3297 4883 illum
3330 4832 3644 4884 conventum
3681 4826 3809 4888 Quam

2215 4921 2271 4975 in
2322 4920 2498 4975 tribus
2555 4918 2766 4988 proeliis
2815 4918 3099 4974 victoriam
3149 4917 3463 4987 prodesse;
3512 4914 3649 4985 quia,
3691 4902 3807 4976 quod

491 4991 641 5096 qnod
674 4991 743 5078 ἐἰ
788 5019 1016 5091 jurastis
1061 4991 1173 5072 vos.
1204 5027 1324 5070 esse
1367 5012 1719 5076 constrictos,
1759 5008 1924 5063 simili
1970 5007 2134 5064 modo
2217 5022 2511 5080 numquam
2542 5008 2770 5063 credere
2822 5014 3098 5077 poterant,
3139 5015 3361 5063 nostros
3400 4991 3810 5067 hnmiliterjusti-

492 5094 954 5174 conﬁrmabimus,
1006 5107 1156 5163 nullo
1202 5110 1546 5160 sacramento
1588 5102 1713 5170 jure
1756 5113 1851 5154 vos
1888 5098 1955 5153 ad
2002 5112 2137 5154 nos-
2219 5099 2347 5155 tiam
2397 5098 2675 5168 postulare
2722 5097 2882 5154 simul
2931 5103 2987 5152 et
3035 5096 3252 5162 offerre,
3288 5097 3392 5165 ipsi
3431 5094 3710 5165 praesentes
3731 5095 3808 5137 au-

1824 5292 2049 5349 VARIrE
2087 5291 2471 5348 LECTIONES.

1177 5465 1241 5498 ⁸³⁷
1272 5463 1391 5521 hinc
1417 5476 1602 5519 manus
1629 5460 1860 5516 secunda
1895 5460 2129 5531 scripsit,
2165 5458 2347 5531 seaculi
2372 5461 2499 5531 XV.
2541 5460 2586 5516 l.
2699 5458 2763 5491 ⁸⁸⁸
2792 5440 2942 5530 quod
2972 5472 3069 5531 rex
3094 5472 3214 5515 esse
3246 5456 3334 5513 ille
3366 5466 3475 5531 non
3505 5446 3667 5521 possit
3693 5458 3735 5495 τι
3762 5452 3803 5507 P-

562 5467 629 5502 ⁸⁸⁸
664 5468 982 5540 dissipanda
1018 5469 1064 5526 ι.
1177 5467 1241 5498 ⁸³⁷
1272 5467 1391 5521 hinc
1417 5476 1602 5519 manus
1629 5467 1860 5516 secunda
1895 5467 2127 5531 sm'psu,
2165 5467 2345 5515 siccati
2372 5467 2430 5516 Χ
2443 5467 2499 5514 V.
2542 5467 2586 5516 t.
2699 5467 2763 5491 ⁵³⁸
2792 5467 2942 5530 quoa
2973 5472 3069 5514 rex
3094 5472 3214 5515 esse
3246 5467 3334 5513 ille
3366 5468 3414 5510 nt

565 5541 793 5599 rmittite
831 5541 883 5594 ιι»
983 5540 1047 5573 ⁸³9
1078 5545 1131 5596 et
1163 5552 1266 5596 nos
1294 5544 1487 5593 contra
1520 5534 1787 5590 rationem
1819 5538 1879 5587 ut
1914 5530 1986 5588 ιι».
2098 5530 2163 5563 ⁶⁴⁰
2198 5532 2272 5587 ita
2312 5529 2382 5585 1b.
2415 5530 2469 5587 2.
2500 5532 2767 5587 desinatis
2803 5531 2847 5586 1.
2962 5530 3021 5561 N
3055 5532 3331 5601 suscipere
3364 5526 3414 5579 '2.

492 5530 883 5620 permittite'lb
983 5540 1047 5573 "9
1078 5545 1131 5596 et
1163 5552 1266 5596 nos
1294 5544 1487 5593 contra
1520 5534 1787 5590 rationem
1819 5538 1879 5587 ut
1914 5530 1986 5588 ιι».
