4044 6180
232 363 328 418 585

444 364 734 421 TOMELLI
773 362 1068 421 MONACH.
1111 360 1396 417 HASNON.
1437 358 1751 415 HISTORIA
1790 358 2074 415 HASNON.
2108 360 2519 419 'MONASTERII
2557 393 2630 407 —
2665 369 3034 433 ADMONITIO
3070 376 3356 438 ΡΜΝΙΑ.

3460 354 3594 443 "sse

232 480 448 547 dissent.
518 493 607 547 Sic
663 491 731 546 ab
793 488 1025 545 invicem
1090 485 1435 552 disceditur,
1496 487 1706 540 tantum
1767 496 1865 553 per
1885 484 2076 543 Anem
2126 484 2265 555 ejus,
2316 500 2384 543 ne
2434 488 2812 563 perﬁceretur,
2854 498 3034 557 modis
3081 503 3335 562 omnibus
3383 508 3593 570 distur-

230 587 430 651 septem
463 581 583 637 dies
613 581 942 635 altrinsecus
970 591 1107 648 pace
1139 577 1284 632 data.
1328 586 1332 593 '

297 669 418 726 129.
460 670 753 726 Heinricus
783 668 950 739 igitur
986 667 1227 722 intrante
1269 664 1457 720 Martio
1496 663 1718 719 intravit
1754 664 1868 717 Ita-

232 759 370 824 liam,
403 759 772 815 seminaturus
801 763 858 813 et
895 756 991 818 ibi,
1025 755 1168 810 sicut
1198 754 1410 823 pridem
1445 753 1501 808 in
1531 752 1871 808 Theutonica

233 847 435 903 fecerat
465 853 630 911 terra,
663 845 1016 911 discordiam,
1051 857 1160 913 quo
1191 842 1394 898 nullam
1433 841 1585 912 regni
1613 840 1696 896 sui
1737 854 1868 910 par-

231 947 330 993 tem
372 936 639 1006 placatam
680 935 1002 1000 dimitteret,
1034 940 1199 1001 atque
1218 931 1281 962 “’
1319 930 1559 987 civilium
1598 930 1868 986 bellorum

230 1025 453 1081 venenis
482 1026 633 1095 pacis
660 1022 903 1093 quietem
933 1035 1044 1077 non
1077 1026 1475 1089 corrumperet.

294 1113 422 1167 130.
489 1112 775 1181 Principes
829 1122 959 1166 vero
1025 1110 1276 1166 Saxoniae
1333 1107 1549 1163 cunctis
1612 1107 1870 1177 gentibus

225 1203 581 1261 Theutonicae
637 1201 860 1271 linguae,
920 1213 1032 1256 non
1089 1200 1269 1253 minus
1320 1195 1651 1253 inimicis‘m
1706 1212 1867 1267 quam

224 1294 435 1360 amicis,
489 1291 698 1362 legatos
744 1290 1033 1354 miserunt,
1084 1292 1342 1358 rogantes
1389 1292 1468 1353 ut,
1517 1286 1776 1341 Heinrico
1808 1286 1871 1340 ﬁ-

228 1382 412 1451 lioque
463 1381 583 1450 ejus
627 1384 880 1448 excepto,
913 1376 1214 1447 quemlibet
1236 1375 1406 1430 alium
1452 1384 1725 1431 rectorem
1772 1374 1871 1430 eli-

225 1475 454 1543 gerent;
503 1484 563 1525 se
595 1469 666 1534 ei,
700 1467 1032 1538 quicumque
1083 1472 1247 1528 esset,
1282 1464 1520 1520 ﬁdeliter
1567 1464 1871 1520 servituros

226 1557 594 1627 pollicentes;
645 1562 916 1626 quatenus
963 1556 1145 1611 omnia
1194 1554 1348 1625 regni
1396 1552 1678 1616 membra,
1728 1553 1872 1608 sicut

225 1646 348 1701 olim
409 1644 649 1712 fuerant,
681 1646 737 1700 in
786 1658 952 1699 unum
1000 1644 1104 1700 sub
1152 1657 1263 1699 uno
1312 1656 1441 1713 rege
1488 1642 1866 1698 convenirent.

226 1737 406 1792 Mense
457 1740 636 1789 autem
682 1734 865 1799 Junio,
919 1734 1162 1788 exercitu
1209 1732 1466 1797 collecto,
1509 1738 1872 1800 perrexerunt

1952 572 2083 630 bare
2136 577 2477 644 quaerebant.
2536 583 2790 641 Ottonem
2840 601 2972 659 ergo
3020 590 3213 649 ducem
3261 595 3439 654 solum
3488 601 3596 658 sibi

1952 661 2111 752 loqui
2155 665 2441 734 rogabant,
2476 669 2771 741 multisque
2819 676 3315 744 pollicitationibus
3343 687 3415 752 ei,
3451 692 3512 744 ut
3539 690 3596 745 in

1952 749 2224 807 electione
2267 754 2571 844 vacillaret,
2620 763 3065 830 persuadebant;
3122 784 3231 826 non
3285 749 3487 844 tamen,
3539 784 3600 833 ut

1951 846 2161 929 certum
2184 842 2316 910 quid
2350 844 2430 899 eis
2460 849 2824 919 promitteret,
2859 853 3076 912 efﬁcere
3108 868 3382 929 poterant.
3408 842 3498 922 Sic
3529 881 3596 924 eo

1952 927 2238 985 dubitante
2286 946 2588 1004 magnaque
2635 944 2788 1006 parte
2836 943 2956 1011 ejus
2995 927 3324 1007 dubitationi
3365 967 3601 1013 consen-

1951 1017 2144 1083 tiente,
2184 1025 2298 1074 tota
2329 1023 2576 1089 praeterit
2605 1032 2786 1093 aestas,
2820 1036 2875 1085 et
2922 1045 3063 1100 pene
3094 1043 3263 1094 totam
3305 1041 3593 1101 Saxoniam

1951 1115 2322 1163 commoverat
2340 1111 2459 1177 ejus
2479 1110 2826 1172 instabilitas.
2851 1119 2910 1173 In
2932 1121 3234 1181 Novembre
3257 1141 3385 1185 vero
3409 1144 3594 1189 mense

1951 1193 2149 1290 iterum
2200 1201 2446 1290 vocatus
2480 1199 2548 1253 ab
2598 1200 2709 1256 illis
2755 1204 2824 1258 ad
2880 1208 3255 1280 soliloquium,
3306 1232 3428 1273 cum
3480 1221 3592 1290 jam

1953 1288 2104 1374 totus
2134 1290 2280 1374 esset
2319 1284 2614 1343 inclinatus
2654 1290 2720 1345 ad
2762 1300 3075 1353 nostrorum
3115 1312 3299 1370 partes
3328 1284 3591 1374 hostium,

1950 1371 2047 1426 Dei
2096 1372 2475 1467 misericordia
2521 1375 2776 1446 faciente,
2812 1396 2879 1438 ne
2911 1392 2993 1441 tot
3020 1401 3152 1444 suos
3181 1391 3418 1463 labores,
3452 1371 3594 1467 quos

1953 1473 2054 1528 pro
2086 1462 2262 1530 patria
2310 1463 2656 1553 toleraverat,
2690 1468 2743 1523 in
2775 1470 2981 1528 ultimis
3030 1462 3369 1547 temporibus
3398 1462 3594 1553 perde-

1951 1554 2057 1650 ret,
2090 1564 2266 1619 equus
2311 1552 2417 1650 cui
2445 1554 2674 1610 sedebat
2701 1555 2765 1587 ³³⁸
2811 1560 2867 1615 in
2917 1561 3079 1630 plano
3128 1581 3320 1639 campo
3369 1552 3590 1641 cecidit,

1952 1643 2169 1709 ipsique
2215 1643 2418 1697 sessori
2468 1656 2597 1699 crus
2634 1660 2800 1703 unum
2851 1650 2922 1705 ita
2961 1656 3241 1723 contrivit,
3278 1665 3339 1714 ut
3367 1660 3481 1717 fere
3513 1664 3596 1719 in-

1952 1732 2109 1799 tegro
2140 1742 2326 1786 mense
2357 1732 2463 1787 nisi
2513 1738 2765 1802 portatus
2792 1738 2873 1794 ire
2906 1753 3014 1796 non
3066 1753 3272 1812 posset.
3320 1748 3492 1818 igitur
3522 1753 3592 1808 ad

226 1825 273 1879 in
301 1823 634 1879 orientalem
676 1822 976 1887 Franciam,
1010 1829 1066 1876 et
1095 1820 1300 1891 praedis
1328 1819 1412 1876 vel
1442 1819 1716 1874 incendiis
1750 1812 2036 1883 eamBse,
2086 1819 2260 1887 gratia
2312 1820 2407 1875 Dei
2465 1829 2738 1889 movente,
2788 1840 3064 1897 reversus,
3114 1847 3176 1888 se
3235 1812 3491 1903 peccasse
3544 1849 3599 1896 et

223 1913 512 1978 vastando,
544 1911 743 1967 multas
786 1925 921 1981 quas
969 1911 1074 1965 sibi
1125 1910 1372 1966 fecerant
1416 1907 1647 1978 injurias
1683 1906 1868 1962 vindi-

224 2008 508 2059 caverunt.
539 2002 668 2055 Nam
701 2000 912 2054 ﬂamma
948 1999 1113 2054 latum
1144 1998 1411 2054 facientes
1440 1998 1566 2063 iter,
1598 2000 1870 2052 venerunt

224 2104 322 2146 non
354 2092 531 2162 longe
560 2103 591 2144 a
611 2088 948 2158 Babenberg,
973 2088 1158 2158 ibique
1189 2089 1395 2144 Suevos
1420 2091 1635 2142 veteres
1663 2085 1871 2141 amicos

222 2182 495 2237 habentes
521 2179 713 2235 obvios
730 2176 814 2242 ⁶“,
838 2177 906 2233 de
936 2177 1211 2233 communi
1241 2176 1465 2247 negotio
1496 2175 1642 2246 regis
1666 2175 1870 2231 consti-

223 2271 410 2328 tuendi
443 2269 721 2325 commuui
748 2266 982 2323 consilio
1011 2271 1404 2332 tractaverunt,
1436 2270 1492 2320 et
1517 2270 1642 2335 post
1665 2263 1869 2320 multos

224 2366 514 2422 tractatus,
541 2362 601 2412 ut
631 2355 1016 2411 Herimannum
1040 2353 1104 2385 ⁸⁵⁵
1143 2368 1324 2425 regem
1356 2354 1643 2424 eligerent,
1677 2352 1869 2408 unani-

221 2449 377 2504 miter
411 2459 609 2502 omnes
637 2451 1056 2500 consenserunt.

288 2535 420 2591 131.
475 2533 583 2589 Sed
632 2547 753 2588 cum
802 2534 1046 2588 Saxones
1092 2530 1312 2587 domum
1362 2531 1474 2586 laeti
1527 2530 1865 2600 gloriosique

217 2625 519 2688 redissent,
540 2620 861 2690 nullumque
907 2620 1135 2676 dubium
1166 2620 1234 2675 de
1265 2618 1586 2689 recipiendo
1617 2632 1746 2687 rege
1779 2632 1865 2673 re-

210 2717 481 2779 tinerent,
514 2711 793 2782 principes
820 2710 1065 2765 adversae
1095 2709 1286 2779 partis,
1317 2708 1454 2763 artis
1480 2707 1721 2776 antiquae
1753 2720 1862 2762 non

210 2804 390 2871 obliti,
430 2802 562 2872 quia
608 2800 842 2856 electum
889 2811 1075 2869 regem
1120 2797 1278 2854 valde
1316 2797 1603 2862 timebant,
1636 2795 1864 2851 electio-

1954 1906 2137 1962 diviua
2203 1908 2406 1977 pietate
2473 1919 2787 1982 correptum
2854 1931 2974 1974 esse
3040 1920 3331 1980 intellexit.
3421 1928 3601 1984 Missis

1952 1994 2138 2064 itaque
2204 1996 2573 2067 legationibus
2637 2001 2888 2072 diversis,
2956 2013 3012 2063 et
3077 2010 3331 2069 hostibus
3396 2030 3601 2073 renun-

1918 2083 2144 2151 tiavit,
2214 2092 2270 2140 et
2335 2087 2545 2144 civibus
2606 2090 2722 2146 suis
2785 2107 2846 2148 se
2910 2109 3130 2166 semper
3192 2098 3313 2157 fore
3378 2103 3596 2162 ﬁdelem

1951 2178 2007 2266 et
2053 2173 2385 2266 concordem
2432 2175 2670 2266 ﬁdeliter
2716 2184 3052 2252 repromisit.
3112 2189 3267 2246 Unde
3315 2194 3597 2266 principes

1949 2262 2199 2318 Saxonis:
2256 2263 2410 2319 valde
2468 2264 2637 2322 laetati
2667 2310 2681 2333 ,
2740 2282 2924 2339 regem
2978 2287 3135 2330 suum
3204 2262 3594 2340 Herimannum

1950 2365 2073 2407 cum
2122 2365 2317 2423 magno
2368 2354 2612 2424 tripudio
2659 2357 2919 2415 Goslariaa
2969 2374 3352 2434 susceperunt,
3406 2375 3595 2437 paucis

1949 2440 2146 2497 diebus
2172 2449 2299 2497 ante
2335 2443 2515 2500 natale
2544 2447 2779 2502 Domini.
2812 2449 2872 2504 In
2903 2450 3069 2507 natali
3095 2467 3225 2511 vero
3262 2460 3438 2515 sancti
3468 2464 3594 2519 Ste-

1948 2530 2115 2598 phani
2144 2528 2208 2561 “7
2247 2533 2668 2603 protomartyris
2693 2549 2725 2590 a
2760 2535 3053 2608 Sigefrido,
3085 2542 3416 2615 Moguntina
3445 2552 3597 2607 sedis

1947 2618 2389 2707 archiepiscopo,
2443 2622 2499 2676 in
2553 2636 2739 2694 regem
2790 2627 3182 2687 venerabiliter
3238 2640 3322 2689 est
3374 2646 3591 2707 unctus,

1946 2719 2070 2806 cum
2095 2708 2206 2850 jlam
2222 2706 2423 2828 .1282“-
2451 2723 2628 2767 annus
2655 2713 3053 2774 incarnationis
3081 2720 3382 2780 Dominicze
3401 2706 3596 2783 fuisset

1946 2806 2108 2850 mceo
2139 2810 2205 2850 us
2291 2839 2304 2850 .

1946 2806 2205 2864 inceptus
2222 2806 2304 2852 ⁵⁸⁸.

1580 2894 1805 2949 VARI/IS
1842 2893 2225 2949 LECTIONES.

268 2975 331 3006 “’
369 2971 481 3030 ubi
541 2964 615 3025 1".
706 2970 772 3002 “'
809 2984 859 3025 a.
890 2984 947 3039 q.
977 2969 1017 3023 Ι.
1056 2969 1104 3023 l.
1170 2966 1263 3039 7‘“
1299 2966 1441 3039 deest
1478 2966 1524 3020 l.

1617 2963 1682 2996 ⁸⁸⁸
1720 2964 2076 3020 hermannum
2117 2967 2161 3020 l.
2196 2971 2514 3023 constanter.

2617 2967 2681 3042 Ψ
2721 2970 2997 3029 insidebat
3026 2973 3079 3029 2.
3185 2978 3250 3011 W
3290 2981 3503 3040 steﬁ‘ani
3542 2987 3590 3042 ι,

205 3046 266 3077 ⁸⁸⁸
299 3048 592 3114 inceptus.
634 3042 702 3098 Et
732 3036 943 3099 tantum
973 3039 1043 3096 de
1068 3038 1215 3095 bello
1239 3036 1509 3095 Saxonico
1540 3043 1595 3092 et
1624 3036 1883 3092 Heinrico
1914 3041 2110 3106 quarto
2142 3051 2211 3093 ex
2239 3037 2501 3094 chronica
2530 3044 2586 3095 et
2613 3039 2846 3099 historia
2874 3044 2978 3100 ista
3015 3045 3061 3100 1.

206 3232 3577 3266 "In

207 3256 935 3262 ______*7,,
990 3256 997 3257 κ
2934 3256 2969 3257 7

1478 3392 1634 3435 CIRCA
1670 3390 1861 3433 ANNUM
1901 3389 2093 3431 DOMINI
2132 3391 2329 3433 MLXXX.

1472 3542 2325 3688 TOMELLUS

1068 3794 1750 3915 MONAGHUS
1823 3792 2158 3908 HASN
2165 3790 2328 3906 ΟΝ
2334 3791 2735 3908 IENSIS

1520 4096 2292 4241 HISTORIA

684 4348 1932 4486 HASNONIENSIS
2073 4348 3126 4474 MONASTERII

1360 4570 1870 4659 AUCTORE
1928 4566 2450 4653 TOMELLO

438 4741 787 4808 BALDUINI,
826 4736 1275 4796 COGNOMENTO
1313 4732 1631 4799 MONTANI,
1673 4727 2030 4786 FLANDRLE
2066 4727 2151 4783 ET
2188 4725 2554 4783 ΗΑΝΝΟΝΙΔΕ
2591 4723 2877 4792 COMlTlS,
2916 4722 3353 4780 SECRETARIO.

775 4865 864 4935 (D.
896 4864 1166 4929 Mauram,
1204 4859 1454 4917 Thesaur.
1487 4854 1714 4920 Anecd.,
1754 4861 1886 4910 tom.
1920 4854 2013 4919 Ill,
2045 4865 2169 4923 pag.
2200 4851 2328 4918 777,
2360 4864 2428 4907 ex
2456 4864 2559 4907 ms.
2600 4847 3046 4919 Hasnoniensis.)

1715 4973 2116 4988 Ψ

1335 5089 1955 5180 ADMONITIO
2028 5085 2477 5174 PIUEVIA

254 5281 534 5340 Historia
588 5275 930 5335 fundationis
984 5267 1381 5329 Hasnoniensis
1434 5262 1776 5340 monasterii,
1817 5259 2030 5340 ordinis
2085 5261 2140 5315 S.
2189 5257 2496 5340 Benedicti,
2534 5257 2591 5340 in
2635 5268 2792 5339 pago
2838 5256 3162 5340 Ostravanto
3188 5339 3194 5340 γ
3216 5253 3287 5311 ad
3319 5253 3587 5340 JScarpim

181 5327 534 5413 auﬁﬁ'iﬁ
559 5327 1187 5411 d-iEcIesiﬁreba‘tensi,
1217 5348 1500 5397 auctorem
1536 5337 1704 5416 habet
1720 5327 2047 5416 _'_I‘ome.ll_um.
2078 5327 2718 5416 ωρηεοῐιμωνΑΒθιάυίξὶξ
2732 5327 2994 5409 ,οοωίιίει
3019 5333 3397 5416 ,οίξεηοωθηξο
3427 5327 3587 5416 93109;

179 5398 790 5495 {a‘h'iTeér-"eGi-i‘dxﬁf
817 5398 1152 5488 Eéiiﬁibiem
1173 5398 1754 5495 'grav‘emhquijniliiil
1801 5401 2389 5495 solidgfundamento.
2426 5414 2557 5495 non:
2584 5398 3147 5495 subnixumfcriptis
3192 5398 3489 5495 mandavit.
3522 5399 3588 5452 Et

358 5467 1354 5568 FHﬁE-dﬁﬁohktﬁifﬁd’dab
1382 5467 1543 5540 initio
1574 5478 1777 5550 duplex
1806 5476 2036 5543 exstitit,
2066 5476 2309 5531 virorum
2338 5479 2394 5529 et
2429 5471 2778 5539 feminarum,
2810 5470 3015 5541 quibus
3039 5467 3208 5540 primi
3248 5467 3590 5539 praefuerunt

417 5606 675 5660 PATROL.
716 5600 961 5658 CXLVII.
3386 5576 3451 5630 19
