4000 6158
560 293 666 349 587
1674 289 1960 346 TOMELLI
2000 289 2299 347 MONACHI
2339 288 2821 344 HASNONIENSIS
3778 295 3859 348 533

563 421 804 475 Joannes
831 425 888 474 et
933 417 1142 474 Eulalia
1194 416 1532 481 fundatores,
1571 429 1637 470 ex
1665 414 1800 488 ipsis
1830 415 2138 488 purissimis
2166 415 2347 470 hausit
2378 413 2640 488 fontibus,
2659 411 3007 488 exarcbivis
3037 411 3293 488 nimirum
3333 417 3648 484 monasterii,
3677 419 3742 473 uti
3769 419 3857 488 ipsc

563 496 798 547 testatur
826 503 938 546 non
971 503 1079 546 uno
1111 490 1162 544 in
1206 489 1349 544 loco.
1391 489 1522 542 Nam
1567 483 1744 556 capite
1777 483 1954 556 primo
1985 489 2064 542 sic
2095 487 2341 557 loquitur
2374 507 2386 542 :
2430 489 2552 558 Non
2581 483 2786 539 habebit
2815 484 2894 538 his
2923 484 2986 558 in
3015 484 3224 554 scriptis
3256 501 3334 558 me
3363 492 3611 542 auctorem
3644 483 3857 558 quodlibet

562 565 811 634 scriptum
837 560 1101 634 fallaciter
1135 560 1328 630 ﬁctum,
1361 559 1484 634 quia
1515 555 2362 634 quidquid’dixero,_ex_archivis
2399 557 2636 634 ejusdem
2685 555 2986 634 monasterii
3008 557 3378 634 _comprobm'e
3420 555 3687 634 promptum
3705 561 3855 634 habeo.

565 636 631 690 Et
666 627 848 702 capite
887 633 941 696 3,
975 627 1269 702 relaturus!
1295 627 1492 702 seriem
1526 627 1794 702 abbatum
1841 637 1894 684 et
1943 631 2363 702 abbatissarum,
2385 701 2390 702 ί
2415 630 2501 702 Fit
2532 633 2584 682 ut
2615 642 2832 692 omnem,
2868 627 3068 702 inquit,
3102 632 3353 702 rectorum
3385 627 3599 697 ejusdem
3621 629 3713 702 loci
3736 630 3859 686 lector

563 697 791 759 inueniat
819 703 1216 764 successionem,
1251 700 1386 754 hanc
1416 699 1481 755 ab
1512 699 1739 754 archivis
1766 705 2023 770 sumptam
2053 700 2191 769 legat
2222 699 2638 770 descriptionem,
2675 712 2835 770 quam
2867 697 3067 752 deinde
3094 699 3375 769 subjungit
3403 701 3576 768 capite
3603 701 3651 754 4.
3680 702 3860 758 Restan-

564 776 832 831 rationem
861 787 991 829 vero
1023 771 1342 827 monasterii
1383 770 1600 840 qualem
1635 771 1753 840 ipse
1795 769 1996 826 viderit
2044 772 2252 834 retulit,
2285 769 2476 840 utpote
2519 771 2676 824 testis
2713 769 3006 832 oculatus;
3059 783 3180 840 nam
3217 777 3270 824 et
3317 771 3564 826 Balduini
3609 771 3858 829 fundatoris

564 847 896 902 secretarius
926 845 1231 908 exstiterat,
1267 847 1322 898 et
1365 839 1510 913 opus,
1551 839 1708 897 suum
1758 842 2046 913 Bodlando
2098 845 2274 912 primo
2304 841 2487 896 abbati
2521 841 2891 913 nuncupavit;
2935 853 3046 909 quo
3077 839 3337 896 defuncto
3391 843 3620 897 historize
3647 851 3785 913 caput
3812 845 3856 897 17

564 917 781 973 addidit
820 917 898 971 De
937 915 1084 970 bona:
1122 913 1384 968 memoria:
1407 911 1610 968 abbate
1649 911 1908 968 Rotlando
1940 929 2004 968 ac
2033 911 2110 968 de
2126 929 2322 968 morum
2360 915 2470 982 ejus
2509 911 2786 982 probitate.
2842 916 3010 966 Porro
3060 913 3417 967 similitudine
3461 911 3719 969 nominum
3755 915 3857 971 allu-

565 989 778 1044 cinatus
808 992 892 1042 est
919 986 1163 1042 Andreas
1184 984 1453 1040 Vallerius
1482 985 1538 1039 in
1567 984 1907 1039 Bibliotheca
1938 984 2175 1054 Belgica,
2204 985 2295 1040 ubi
2319 984 2387 1039 de
2410 983 2652 1054 Tomello
2684 989 2874 1054 nostro
2908 983 3026 1037 haec
3059 983 3222 1038 habet
3248 1004 3259 1038 :
3298 984 3578 1038 Thomellus
3606 985 3858 1040 Elnonensi:

563 1059 843 1114 monachus
873 1058 942 1112 ad
971 1058 1034 1113 S.
1065 1056 1356 1111 Amandum
1388 1055 1575 1110 claruit
1606 1071 1742 1110 anno
1778 1055 1932 1109 1070.
1966 1053 2192 1126 Scripsit
2212 1057 2371 1124 jussu
2397 1057 2464 1108 B.
2501 1053 2957 1126 Rolandiabbatis
2985 1055 3066 1108 sui
3096 1055 3161 1108 de
3187 1055 3489 1124 fundatione
3517 1056 3711 1111 aenobii
3735 1057 3858 1112 Elno-

562 1131 754 1195 nensis,
794 1128 1130 1199 reparatione
1161 1143 1225 1182 ac
1253 1127 1610 1199 dedicatione,
1643 1127 1781 1199 etde
1817 1126 2045 1199 moribus
2075 1125 2323 1199 Balduini
2353 1126 2554 1180 comitis
2592 1125 2821 1199 ejusdem
2859 1127 3205 1199 reparatoris.
3238 1128 3368 1180 Nam
3412 1128 3606 1182 nullum
3645 1128 3854 1183 habemus

561 1196 925 1281 Elnonensém
974 1198 1290 1281 Sna‘mandi
1322 1198 1586 1281 abbatem.
1614 1197 1940 1281 Bollandum
1974 1198 2214 1281 nomine,
2256 1199 2395 1253 bene
2426 1204 2606 1281 autem
2659 1196 3089 1279 Hasnoniensem
3106 1216 3128 1281 ἐ
3183 1211 3362 1281 neque
3395 1199 3696 1253 Elnonensis
3731 1200 3853 1253 etiam

563 1271 862 1326 monachus
909 1269 1119 1326 exstitit
1164 1269 1458 1335 Tomellus,
1491 1268 1587 1324 sed
1634 1269 2062 1335 Hasnoniensis;
2115 1269 2209 1324 sed
2243 1283 2344 1324 nec
2375 1283 2498 1337 quae
2529 1267 2598 1322 dc
2630 1268 2950 1339 monasterii
2979 1268 3065 1322 sui
3103 1266 3448 1335 fundatione,
3483 1271 3786 1339 reparatione
3807 1285 3853 1324 ac

561 1341 933 1408 dedicatione,
962 1356 1026 1396 ac
1073 1341 1142 1396 de
1190 1341 1436 1396 moribus
1482 1339 1731 1395 Balduini
1777 1340 1996 1395 comitis
2040 1341 2249 1409 scripto
2302 1339 2723 1403 commendavit,
2775 1338 3076 1394 Elnonensi
3129 1340 3386 1395 coenobio
3435 1338 3752 1405 conreniunt,
3778 1342 3850 1395 sed

560 1413 946 1469 Hasnoniensi.
982 1415 1129 1466 lianc
1161 1424 1290 1466 vero
1339 1411 1632 1466 Historiam
1677 1411 2070 1480 descripsimus
2116 1426 2183 1466 ex
2231 1425 2333 1466 ms.
2384 1410 2578 1465 codice
2628 1410 3015 1476 Ilasnoniensi,
3056 1418 3336 1466 annuente
3385 1412 3792 1467 reverendissimo
3815 1420 3852 1465 et

550 1485 902 1611 amplissimo
940 1482 1183 1565 ejusdem
1234 1483 1340 1538 loci
1389 1483 1606 1548 abbate,
1639 1496 1670 1536 a
1700 1496 1811 1551 quo
1841 1482 2003 1538 etiam
2052 1489 2240 1538 mutuo
2284 1482 2576 1536 habuimus
2613 1481 2945 1536 cbartarium
2987 1482 3338 1538 dominorum
3368 1482 3435 1538 de
3465 1484 3665 1549 Avenis,
3693 1498 3747 1538 ex
3771 1497 3850 1552 quo

551 1570 642 1611 mu
667 1562 721 1611 ta
750 1555 817 1610 ad
850 1555 1135 1611 historiam
1169 1553 1440 1611 Belgicam
1471 1553 1803 1611 pertinentia
1834 1554 2208 1611 excerpsimus
2246 1552 2301 1608 in
2334 1558 2482 1608 tomo
2521 1551 2540 1604 l
2578 1559 2893 1608 nostrorum
2923 1558 3199 1609 contenta.

551 1551 721 1612 multa
750 1555 817 1610 ad
850 1551 1135 1611 historiam
1169 1553 1440 1624 Belgicam
1471 1553 1803 1624 pertinentia
1834 1554 2208 1625 excerpsimus
2246 1552 2301 1608 in
2334 1558 2482 1608 tomo
2521 1551 2540 1604 l
2578 1559 2893 1608 nostrorum
2923 1558 3199 1609 contenta.

1220 1762 1336 1866 DE
1410 1758 2008 1867 FUNDATIONE
2083 1757 2785 1865 HASNONIENSIS
2861 1758 3254 1866 C(ENOBII

2830 1927 3046 1983 CAPUT
3083 1928 3368 1983 PRIMUM.

895 1948 1138 2004 INCIPIT
1176 1945 1522 2003 PROLOGUS
1558 1945 1850 2001 TOMELLI
2209 1928 2261 1987 A

584 2077 662 2130 De
694 2073 1008 2144 fundatione
1043 2073 1424 2128 Hasnoniensis
1460 2069 1698 2137 cwnobii,
1740 2069 1812 2124 ad
1848 2067 2157 2124 Rollandum

795 2161 1034 2219 abbatem
1065 2163 1288 2234 primum
1329 2164 1449 2232 post
1487 2159 1941 2216 restaurationem.

615 2287 768 2343 Licet
817 2285 1036 2342 divitias
1090 2284 1253 2354 hujus
1307 2283 1496 2340 smeuli
1555 2282 1728 2353 prima
1783 2280 2044 2337 mortales
2097 2293 2192 2350 pu-

544 2381 683 2440 tent,
715 2374 921 2430 divitiae
969 2379 1152 2430 tamen
1200 2371 1394 2428 salutis
1437 2371 1706 2441 sapientia
1757 2374 1811 2426 et
1833 2367 2080 2434 .scientia
2127 2382 2192 2424 ac

544 2465 709 2520 timor
738 2463 955 2520 Domini
999 2463 1118 2532 ipse
1159 2467 1244 2516 est
1281 2461 1573 2516 thesaurus
1610 2460 1748 2529 ejus.
1783 2460 1952 2525 Quem
1982 2472 2041 2513 se
2073 2457 2191 2513 the-

542 2566 763 2608 saurum
793 2553 850 2608 in
879 2552 1022 2607 vasis
1050 2550 1312 2606 ﬁctilibus
1341 2549 1544 2605 habere
1572 2547 1870 2620 Apostolus
1898 2546 2184 2618 gloriatur,

544 2642 672 2712 quia
729 2645 1052 2697 conservata
1109 2638 1165 2694 in
1223 2637 1416 2694 humili
1469 2637 1637 2694 corde
1699 2636 1988 2706 sapientia,
2039 2636 2186 2691 omni

543 2729 854 2800 principum
901 2728 1064 2798 hujus
1109 2726 1299 2782 saaculi
1342 2727 1520 2796 major
1568 2731 1653 2781 est
1699 2725 1964 2795 potentia.
2013 2725 2204 2790 Hanc,

541 2819 851 2874 venerande
911 2821 1067 2886 pater
1115 2815 1403 2880 Rollande,
1455 2813 1788 2883 posthabitis
1843 2813 2187 2882 sapientibus

541 2914 597 2962 et
647 2905 1119 2976 conquisitoribus
1167 2903 1329 2972 hujus
1359 2902 1568 2969 mundi,
1618 2902 1676 2956 in
1714 2906 1768 2956 te
1798 2900 2104 2969 amplector
2133 2905 2187 2954 et

541 3007 792 3060 veneror,
826 2995 984 3062 cujus
1021 2996 1278 3047 senectus
1305 2989 1638 3046 venerabilis
1676 2994 1732 3044 et
1761 2988 2043 3056 diuturna,
2076 3002 2185 3044 non

541 3094 810 3137 annorum
858 3093 1087 3135 numero
1136 3083 1470 3147 computata,
1502 3078 1599 3133 sed
1653 3077 1895 3132 omnium
1925 3077 2185 3132 virtutum

540 3169 754 3226 facetiis
795 3174 988 3226 ornata
1030 3189 1044 3235 ;
1095 3168 1254 3238 cujus
1290 3167 1526 3237 imperio
1559 3181 1752 3236 parere
1783 3174 1866 3222 est
1897 3167 2185 3236 imperium

2384 2015 2462 2070 De
2498 2016 2702 2071 Joanne
2739 2015 2850 2070 uiro
2891 2014 3082 2071 illustri
3119 2016 3340 2086 ejusque
3375 2031 3551 2072 sorore
3586 2015 3761 2073 Eulalia

2794 2105 2980 2175 primis
3015 2105 3407 2175 fundatoribus.

2349 2192 2600 2249 Dicturus
2647 2192 3022 2250 fundationem
3052 2196 3452 2252 Hasnoniensis
3497 2196 3614 2260 loci,
3660 2209 3731 2250 res
3767 2205 3841 2262 po-

2273 2280 2440 2336 stulat
2470 2283 2812 2352 temporibus
2833 2288 2887 2338 et
2916 2285 3190 2354 personis,
3219 2284 3351 2341 loco
3381 2300 3442 2340 ac
3471 2283 3735 2340 commodis
3757 2281 3838 2342 uti;

2274 2369 2330 2424 id
2370 2371 2514 2426 enim
2552 2372 2920 2443 grammaticis
2967 2387 3088 2429 cum
3141 2375 3460 2429 oratoribus
3505 2385 3748 2430 commune
3781 2375 3838 2424 est

2272 2457 2474 2522 locum,
2509 2465 2743 2530 tempus,
2777 2475 3066 2530 personam
3099 2461 3154 2516 in
3189 2463 3410 2518 cunctis
3439 2461 3693 2518 attendere
3719 2470 3836 2526 nego-

2271 2547 2383 2603 tiis.
2418 2550 2641 2617 Locum,
2675 2549 2920 2619 inquam,
2949 2551 3043 2620 qui
3083 2549 3390 2620 fundatus;
3431 2557 3646 2621 tempus,
3673 2545 3836 2618 quando

2267 2635 2561 2703 fundatus;
2620 2653 2904 2708 personas,
2967 2640 3170 2709 quibus
3229 2647 3452 2697 constat
3513 2639 3750 2694 fundatus.
3792 2635 3840 2688 Et

2270 2727 2503 2796 primum
2533 2741 2596 2783 os
2634 2727 2689 2782 in
2738 2727 2954 2784 laudem
3007 2727 3331 2785 fundatoris
3377 2728 3578 2799 praefati
3624 2726 3712 2782 loci
3750 2737 3841 2792 ape-

2269 2815 2440 2879 riam;
2475 2815 2675 2870 deinde
2714 2816 2953 2885 qualiter
2990 2817 3197 2872 eisdem
3245 2821 3333 2874 sit
3381 2817 3724 2874 fundatoribus
3747 2825 3840 2868 con-

2268 2909 2532 2973 structus,
2567 2905 2715 2974 quod
2765 2913 2962 2975 potero
3002 2905 3254 2963 referam.
3322 2911 3438 2965 Non
3486 2907 3683 2963 habebit
3714 2904 3778 2959 his
3799 2903 3836 2955 in

2267 2993 2490 3062 scriptis
2537 3007 2622 3049 me
2670 3001 2951 3051 auctorem
3000 2996 3304 3066 quodlibet
3350 2999 3599 3067 scriptum
3633 2992 3835 3050 fallaciter
3935 3017 3937 3067 ί

2268 3081 2473 3148 ﬁctum,
2515 3082 2643 3151 quia
2693 3084 2961 3154 quidquid
3011 3085 3203 3141 dixero
3251 3101 3330 3142 ex
3382 3087 3603 3143 archivis
3650 3081 3831 3154 ejusdem
3934 3143 3935 3154 ξ

2267 3172 2582 3226 monasterii
2633 3151 2980 3242 comprobari
3042 3181 3363 3244 promptum
3421 3177 3602 3232 habeo.
3648 3151 3828 3228 Habebat
3932 3151 3935 3246 ί

540 3273 756 3329 parare,
788 3258 1001 3328 tibique
1039 3256 1322 3313 humiliter
1349 3256 1575 3312 subesse
1605 3262 1689 3312 est
1721 3269 1830 3311 non
1860 3256 1978 3311 sine
2009 3249 2246 3326 gloriaB
2266 3258 2512 3314 Ecclesia
2570 3262 2870 3329 pretiosum
2929 3262 3196 3318 Dominici
3261 3265 3583 3320 diadematis
3639 3258 3830 3330 lapidem.

540 3361 799 3419 praeesse.
861 3345 1014 3403 Unde
1072 3345 1309 3401 animum
1368 3344 1559 3400 induxi
1617 3343 1885 3416 quidquid
1941 3345 2181 3414 impera-

537 3438 701 3504 veris,
733 3449 798 3492 ac
834 3435 881 3490 si
931 3434 1196 3490 divinitus
1244 3434 1544 3503 imperetur
1575 3432 1861 3499 obaudire,
1895 3441 1950 3488 et
1977 3433 2044 3488 ad
2085 3447 2184 3488 nu-

537 3533 651 3582 tum
699 3525 779 3581 tui
827 3524 960 3581 totis
1005 3523 1172 3579 animi
1202 3529 1258 3578 et
1301 3521 1553 3591 corporis
1601 3521 1855 3591 passibus
1900 3521 2002 3577 ire.
2047 3521 2181 3578 Novi

534 3615 678 3672 enim
718 3619 771 3670 te
814 3620 985 3669 matre
1029 3613 1290 3668 virtutum
1329 3625 1491 3666 omne
1521 3611 1669 3680 quod
1702 3611 1818 3681 agis
1849 3616 2176 3680 temperare,

535 3712 594 3760 ut
623 3711 678 3760 et
706 3704 778 3759 sit
806 3702 954 3773 quod
987 3700 1161 3757 fortes
1189 3701 1415 3770 cupiant
1443 3706 1498 3755 et
1526 3699 1727 3755 inﬁrmi
1751 3713 1861 3755 non
1885 3697 2178 3770 refugiant.

533 3792 718 3862 Exigis
763 3805 794 3845 a
835 3804 920 3845 me
967 3790 1245 3858 antiquam
1305 3787 1698 3844 Hasnoniensis
1753 3788 1993 3844 cmnobii
2048 3801 2181 3844 con-

535 3881 894 3937 structionem
942 3891 1084 3933 novo
1133 3876 1274 3946 stylo
1319 3876 1523 3932 cudere
1562 3877 1872 3946 passimque
1905 3877 1960 3932 in
2001 3877 2178 3933 archi-

2262 3347 2527 3403 Joannem
2584 3349 2797 3405 scilicet
2845 3365 3046 3421 genere
3105 3358 3160 3407 et
3210 3353 3419 3410 virtute
3471 3354 3704 3408 illustrem
3750 3360 3831 3416 per-

2264 3434 2619 3492 fectissimum
2679 3438 2895 3507 laicum,
2934 3439 3197 3510 perfectis
3247 3445 3416 3498 etiam
3473 3443 3614 3497 laicis
3663 3435 3830 3493 imitabi-

2264 3524 2409 3592 lem;
2461 3523 2937 3595 perfectissimum,
2985 3529 3229 3599 inquam,
3276 3533 3407 3601 quia
3454 3528 3714 3586 Dominicis
3747 3522 3828 3577 voci

2263 3615 2446 3683 paruit
2480 3614 2687 3669 dicenti
2730 3635 2741 3670 :
2790 3616 2853 3672 Si
2900 3617 2977 3672 vis
3019 3618 3294 3689 perfectus
3332 3635 3462 3687 esse,
3492 3619 3616 3673 uade
3649 3619 3689 3670 et
3719 3610 3829 3667 tendi

2262 3703 2436 3757 omnia
2483 3718 2596 3772 quae
2642 3702 2823 3770 habes,
2855 3710 2904 3760 et
2949 3707 3019 3761 da
3061 3709 3411 3778 pauperibus,
3452 3713 3499 3764 et
3543 3708 3646 3764 veni
3674 3712 3827 3772 sequere

2261 3804 2358 3844 me.
2417 3791 2570 3857 Quod
2631 3792 2724 3847 tali
2783 3792 2980 3849 aﬁ‘cctu
3039 3794 3258 3851 effectui
3330 3795 3653 3866 mancipavit,
3703 3786 3824 3845 utin

2261 3880 2729 3948 conchuentibus
2792 3882 2969 3952 palam
3027 3884 3328 3942 constabit.
3399 3885 3587 3941 Habuit
3640 3893 3744 3936 sane
3787 3873 3824 3927 in

536 3971 617 4026 vis
662 3968 889 4025 divisam
933 3966 988 4021 in
1036 3979 1201 4020 unum
1251 3965 1505 4020 volumen
1555 3965 1837 4034 colligere,
1889 3974 2178 4035 quantum-
2260 3968 2597 4023 consortium
2635 3985 2749 4026 sua:
2798 3972 3090 4040 probitatis
3139 3988 3392 4031 sororem
3425 3987 3577 4030 carne
3606 3979 3654 4026 et
3677 3965 3818 4036 spiritu

534 4072 640 4129 que
671 4055 811 4112 diva:
867 4054 1145 4110 memoriae
1203 4053 1448 4108 marchio
1505 4053 1802 4109 Balduinus
1849 4055 2174 4110 beneﬁcium
2259 4069 2371 4111 non
2413 4055 2691 4114 inferioris
2721 4061 3003 4127 bonitatis,
3047 4064 3270 4119 nomine
3311 4064 3598 4127 Eulaliam;
3640 4056 3717 4114 sed
3741 4050 3823 4122 qui-

533 4148 712 4203 eidem
761 4144 884 4201 loco
925 4148 1114 4199 nostra
1144 4146 1304 4198 aatate
1335 4141 1648 4208 indulserit,
1680 4142 2051 4198 subscribere.
2083 4145 2177 4198 Ju-
2259 4144 2361 4200 bus
2409 4147 2728 4215 parentibus
2774 4150 3044 4220 originem
3077 4151 3340 4208 duxerint
3369 4161 3422 4208 et
3451 4165 3578 4222 quas
3621 4152 3821 4218 perSOMS

534 4236 683 4292 benti
732 4233 937 4304 quippe
985 4237 1137 4287 tanto
1181 4230 1298 4286 viro
1346 4229 1612 4286 obaudire
1661 4236 1895 4296 constat,
1940 4238 2000 4285 ut
2038 4231 2170 4298 dixi,
2255 4235 2630 4304 germanitatis
2668 4237 2886 4293 vinculo
2933 4238 3245 4306 habuerint,
3296 4241 3627 4312 qualiterque
3651 4247 3732 4305 per
3754 4240 3820 4283 eos

529 4326 850 4397 gloriosum,
885 4321 982 4378 sed
1027 4320 1290 4391 imparem
1337 4319 1492 4389 operi
1545 4332 1762 4374 manum
1810 4333 2015 4390 ponere
2062 4335 2171 4378 non
2257 4323 2540 4379 exordium
2601 4327 2976 4383 llasnoniense
3034 4329 3350 4386 emnobium
3409 4327 3658 4399 cmperit,
3707 4316 3818 4375 facile

530 4414 745 4470 modice
795 4410 1150 4468 laboriosum.
1201 4408 1306 4464 Sed
1357 4422 1442 4463 me
1490 4408 1592 4462 sub
1638 4407 1785 4463 fasce
1831 4409 2172 4479 gradientem
2254 4413 2443 4482 agnitu
2475 4413 2532 4467 in
2562 4413 3029 4484 subsequentibus
3060 4417 3183 4472 erit.

529 4503 758 4560 baculus
796 4507 905 4557 tua:
953 4498 1285 4554 sustentabit
1330 4497 1675 4564 sanctitatis;
1727 4512 1960 4568 cumque
1994 4508 2173 4556 extre-
2915 4507 3131 4561 CAPUT
3170 4507 3234 4561 η.

529 4607 669 4648 mam
695 4591 850 4661 operi
881 4601 1096 4644 manum
1122 4586 1351 4653 dedero,
1383 4587 1460 4641 tui
1490 4587 1563 4640 sit
1594 4588 1855 4654 muneris,
1879 4589 1923 4642 si
1956 4588 2168 4657 placeo,
2193 4588 2236 4648 C
2307 4591 2382 4643 De
2421 4589 2636 4646 roenobii
2673 4594 3026 4649 Hasnoniensi
3061 4597 3462 4663 constructione,
3501 4591 3774 4664 ejusdem”

526 4682 654 4738 dum
702 4693 870 4737 unum
917 4675 1244 4732 auctoritate
1285 4674 1507 4744 probes,
1539 4674 1769 4730 alterum
1800 4678 2050 4732 oratione
2081 4692 2170 4733 ro-

2710 4688 3052 4738 sacrosancta
3085 4683 3435 4740 dedicatione.

524 4771 708 4827 bores.
759 4771 1097 4824 Succurrunt
1134 4771 1189 4820 et
1237 4763 1414 4819 labori
1463 4777 1584 4819 meo
1624 4766 1904 4820 orationes
1941 4764 2164 4822 fratrum
2324 4767 2449 4822 Erat
2481 4767 2706 4837 praefato
2729 4771 2925 4826 Joanni
2955 4771 3097 4826 sicut
3128 4774 3348 4844 egregia
3378 4771 3562 4841 stirpis
3587 4757 3814 4823 claritudo.

524 4857 981 4914 Hasnoniensium
1012 4853 1115 4910 sub
1159 4867 1289 4908 cura
1319 4859 1411 4907 tua
1455 4852 1510 4906 in
1555 4853 1751 4907 castris
1777 4853 1979 4908 Christi
2019 4869 2167 4911 arma
2251 4856 2325 4909 ita
2355 4863 2409 4910 et
2441 4871 2634 4928 magna
2681 4859 2996 4926 patrimonii
3045 4863 3372 4931 amplitudo,
3405 4862 3496 4932 qui
3525 4856 3754 4914 Christum
3779 4846 3815 4897 iu

517 4949 746 5019 justitia:
775 4943 1120 5016 gerentium:
1153 4941 1356 5010 quibus
1386 4943 1441 4995 in
1471 4953 1566 4996 ore
1597 4955 1874 5010 nunquam
1906 4943 2166 5001 dormitat
2250 4943 2414 4998 terris
2460 4946 2808 5002 subscribere
2856 4949 3100 5004 decrevit
3147 4950 3441 5013 haeredem,
3476 4955 3531 5003 ut
3565 4959 3618 5000 se
3651 4936 3816 4995 Christo

520 5037 721 5103 oratio,
760 5036 817 5091 in
867 5032 1036 5089 corde
1083 5029 1330 5096 dilectio,
1372 5029 1428 5083 in
1467 5029 1667 5084 virtute
1716 5043 1994 5100 nunquam
2040 5031 2163 5089 lan-
2247 5030 2303 5086 in
2334 5033 2489 5088 ccelis
2536 5033 2744 5090 faceret
2790 5037 3159 5106 cobaeredem,
3193 5044 3247 5093 et
3276 5037 3545 5093 funiculos
3580 5025 3814 5087 haeredita-

518 5127 731 5197 guescit
759 5122 1031 5194 operatio.
1058 5119 1266 5188 Quibus
1295 5117 1523 5174 caudam
1553 5118 1751 5174 hostiae
1781 5120 1838 5174 in
1868 5121 2159 5190 sacriﬁcio,
2247 5120 2317 5174 tis
2347 5126 2582 5178 terrenae
2614 5123 2668 5178 in
2701 5125 3096 5195 temporalibus
3134 5133 3429 5197 angustans
3458 5139 3518 5180 ac
3548 5124 3598 5176 in
3631 5109 3814 5172 cmlesti-

519 5222 725 5271 etcum
751 5211 956 5282 Ioseph
992 5209 1219 5266 talarem
1244 5208 1506 5273 tunicam,
1539 5207 1646 5264 hoc
1676 5214 1760 5264 est
1787 5222 1928 5278 opus
1957 5210 2160 5268 bonum
2244 5209 2348 5264 bus
2396 5211 2660 5279 praeclare
2709 5214 2972 5281 dilatam.
3013 5215 3150 5278 illud
3198 5229 3320 5272 cum
3367 5212 3634 5269 Psalmista
3674 5202 3814 5258 dicere
3891 5265 3893 5277 Ι

518 5317 691 5373 usque
720 5303 788 5358 ad
819 5300 1343 5358 consummationem
1376 5305 1430 5354 et
1458 5298 1601 5354 votis
1631 5303 1851 5369 exopto,
1888 5306 1940 5354 et
1982 5303 2160 5369 preci-
2243 5308 2422 5366 posse:
2456 5319 2467 5352 :
2510 5302 2682 5356 Funes
2729 5303 3023 5360 ceciderunt
3071 5304 3198 5360 mihi
3243 5307 3295 5359 in
3336 5299 3639 5374 praeteris;
3673 5286 3810 5346 6W"

517 5393 622 5448 bus
650 5405 837 5448 exoro.
2241 5385 2522 5442 hereditas
2553 5405 2666 5445 mea
2691 5391 2953 5462 preeclara
2984 5397 3059 5447 est
3090 5393 3230 5448 mihi.
3263 5393 3458 5447 Fuerat
3489 5395 3609 5443 tunc
3643 5381 3810 5435 llasuo-

2241 5473 2390 5529 nium
2436 5478 2600 5546 ampli
2651 5481 2964 5548 patrimonii
3013 5482 3131 5550 ejus
3171 5479 3416 5551 quaedam
3464 5473 3632 5547 portio
3674 5465 3809 5520 futura
3887 5467 3889 5479 '

2237 5575 2349 5617 Ποη
2400 5566 2754 5632 Ροδῐωιιιῐυῐη
2805 5582 2903 5637 per
2949 5569 3199 5626 eumdem
3249 5567 3511 5623 illustrem
3543 5562 3693 5616 virum
3724 5560 3808 5605 ser-
