4000 6158
163 358 260 414 589

1175 362 1484 419 HISTORIA
1524 365 2008 451 HASNONIENSIS
2045 367 2469 424 MONASTERII.

3397 379 3507 436 590

163 493 331 536 vorum
362 480 454 534 Dei
487 480 734 549 mansio;
783 496 907 552 quae
953 485 1009 539 in
1051 499 1190 556 pago
1221 487 1588 544 Austrebanto
1616 490 1782 545 Scar-
1800 500 1855 559 Α
1941 491 2274 547 Waltoarius
2301 506 2446 549 anno
2477 508 2494 546 ι
2523 501 2578 549 et
2606 495 2792 550 semis.

165 571 246 624 bin
292 567 502 636 adjacet
547 569 730 637 ﬂuvio,
786 571 840 625 in
875 587 1001 642 qua,
1060 581 1119 629 ut
1169 575 1478 631 cmnobium
1508 579 1620 632 Deo
1652 591 1788 634 con-

164 662 402 723 strueret,
436 657 542 711 sibi
574 658 865 728 sororique
913 675 1027 716 sua;
1069 662 1291 718 Eulalia:
1329 665 1439 732 jam
1470 671 1786 721 memoratae

163 744 422 808 convenit,
480 752 533 800 ct
602 752 766 803 tanta:
796 749 1106 806 devotionis
1144 751 1394 808 affectum
1427 753 1655 809 elfectus
1691 769 1786 809 se-

164 835 352 903 quitur,
416 835 767 906 tandemque,
801 839 911 894 Deo
942 849 1296 909 cooperante,
1330 843 1630 912 perficitur.
1672 845 1788 899 Ca:-

163 931 299 992 ptum
329 930 412 978 est
440 930 621 980 autem
670 925 774 981 hoc
815 940 954 996 opus
983 943 1126 985 anno
1157 930 1435 986 humanati
1476 933 1638 987 Verbi
1667 947 1790 988 sex—

163 1012 447 1067 centesimo
486 1015 909 1085 septuagesimo,
967 1017 1290 1075 Theoderici
1350 1021 1496 1092 regis
1535 1021 1631 1076 lilii
1660 1022 1790 1078 Clo-

164 1101 308 1155 dovei
366 1103 515 1172 regis
571 1108 624 1156 et
680 1104 947 1160 Bathildis
1004 1109 1208 1177 regina:
1248 1123 1393 1164 anno
1439 1126 1514 1165 iv.
1549 1113 1792 1180 Cumque

161 1187 483 1244 architector
521 1196 814 1247 extremam
864 1195 1018 1263 operi
1081 1211 1297 1251 manum
1336 1198 1600 1265 dedisset,
1661 1214 1793 1254 evo-

163 1281 272 1332 cato
337 1279 652 1336 venerando
725 1284 1133 1339 Cameracensis
1210 1286 1471 1342 Ecclesiae
1550 1287 1793 1342 antistite

165 1366 494 1435 Vindiciano,
527 1371 637 1424 Deo
689 1378 991 1441 sanctoque
1026 1375 1186 1430 Petro
1238 1375 1385 1430 idem
1413 1376 1570 1432 locus
1599 1378 1812 1432 attitu--

164 1455 292 1509 latur
323 1457 501 1524 pridie
533 1458 802 1515 Kalendas
851 1461 993 1517 Maii.
1026 1464 1159 1518 Tum
1200 1472 1388 1519 sancta
1419 1466 1548 1521 Sion
1580 1468 1794 1535 Sponso

160 1558 250 1599 suo
289 1545 504 1614 juncta,
555 1547 698 1604 ﬁlios
761 1558 966 1606 sanctae
1024 1551 1340 1608 dilectionis
1409 1555 1644 1625 peperit,
1699 1569 1798 1624 per

163 1647 290 1702 quos
345 1635 576 1692 odorem
624 1638 882 1694 virtutum
941 1639 1047 1696 late
1089 1643 1373 1711 respersit,
1416 1645 1490 1698 ita
1532 1650 1589 1699 ut
1619 1644 1800 1699 exsul-

162 1729 272 1777 tans
320 1724 510 1781 dicere
559 1735 747 1795 posset
781 1748 792 1782 :
829 1730 957 1784 Cum
1006 1735 1140 1785 esset
1171 1733 1286 1786 Rea:
1323 1734 1377 1786 in
1415 1732 1653 1788 accubitu
1680 1749 1795 1801 suo,

166 1812 347 1867 uardus
377 1829 494 1869 mea
524 1815 667 1871 dedit
699 1817 929 1871 odorem.

794 1907 1009 1961 CAPUT
1065 1909 1154 1962 Ill.

263 1993 335 2046 De
378 1991 667 2048 illustribus
713 1995 942 2063 ejusdem
980 1996 1199 2051 cwnobii
1224 1996 1590 2066 fundaloribus
1629 2014 1694 2053 ac

821 2085 1124 2141 rectoribus.

223 2167 299 2222 Ad
356 2170 623 2226 Joannem
681 2173 855 2228 virum
911 2174 1280 2230 venerabilem
1349 2175 1540 2231 redeat
1597 2175 1796 2242 oratio,

158 2257 243 2322 qui
282 2271 449 2314 causa
501 2267 556 2314 et
613 2261 944 2329 principium
1004 2263 1132 2318 huic
1191 2262 1369 2318 fuerat
1416 2264 1695 2330 coenobio,
1747 2270 1802 2319 et

150 2346 454 2411 praemissis
510 2349 762 2404 effectum
820 2349 1082 2417 daturus;
1145 2353 1346 2420 quibus
1393 2354 1441 2408 is
1480 2353 1802 2422 parentibus

146 2434 420 2504 originem
465 2437 705 2503 duxerit,
765 2453 1014 2508 quosque
1075 2455 1366 2512 germanos
1403 2443 1485 2497 vel
1516 2457 1803 2513 germanas

137 2521 430 2590 habuerit,
490 2526 714 2594 scriptis
769 2527 1017 2596 signabo.
1083 2529 1182 2583 llic
1239 2531 1510 2586 Autbaldo
1569 2538 1722 2600 patre
1748 2537 1804 2587 et

127 2614 438 2669 Grimoara
506 2622 677 2668 matre
735 2622 909 2681 ortus,
966 2631 1256 2688 germanos
1295 2620 1485 2675 habuit
1513 2620 1801 2686 Aldonem,

141 2706 521 2772 xutgangum,
606 2703 971 2773 Adalbodum,
1066 2707 1425 2776 Adalardum;
1518 2723 1806 2780 germanas

151 2803 278 2845 vero
316 2789 612 2858 Eulaliam,
658 2793 979 2849 Bertrudem
1019 2801 1074 2851 et
1127 2797 1512 2852 Adalunaram.
1553 2799 1804 2854 Ilabuere

157 2879 208 2933 hi
263 2878 618 2946 avunculum,
680 2883 900 2937 nomine
941 2890 996 2938 et
1031 2886 1229 2941 merito
1259 2886 1581 2942 Deodatum.
1626 2888 1803 2956 Hique

162 2968 255 3022 viri
293 2975 350 3023 et
379 2967 599 3025 feminae
657 2970 1076 3040 misericordiae,
1137 2988 1369 3043 quorum
1393 2976 1625 3043 justitiae
1664 2976 1805 3031 obli-

161 3059 368 3114 vionem
403 3072 514 3115 non
545 3068 904 3130 acceperunt.
942 3063 1181 3133 Spiritus
1210 3065 1384 3120 sancti
1416 3065 1631 3122 fervore
1663 3081 1802 3122 con-

1937 580 2184 649 Alpaidis
2220 594 2366 636 anno
2407 595 2536 638 uno.

1938 669 2213 724 Amadeus
2241 671 2400 725 annis
2430 671 2646 727 duobus
2675 677 2730 728 et
2755 675 2939 729 semis.

1937 757 2221 812 Adalulius
2250 760 2408 814 annis
2436 775 2507 814 vii
2538 769 2592 815 et
2630 762 2814 816 semis.

1937 846 2275 916 Algnitrudis
2302 849 2461 903 annis
2499 865 2550 903 x.

1940 937 2320 992 Ermentrudis
2375 938 2695 1007 imperatrix
2741 948 2796 995 et
2853 942 3042 1013 regina
3079 957 3201 999 cum
3234 944 3342 1000 tilia
3402 952 3511 1002 tem

1871 1024 2233 1079 Ermentrude
2262 1025 2422 1080 annis
2450 1041 2526 1081 ix.

1943 1113 2288 1184 Colliguntur
2348 1115 2404 1168 in
2473 1130 2681 1172 summa
2747 1121 2877 1175 anni
2944 1129 3162 1177 centum
3219 1125 3514 1195 nonaginta

1873 1209 2127 1270 quatuor.
2199 1204 2294 1258 His
2340 1205 2651 1260 rectoribus
2688 1207 2857 1262 multa
2897 1224 2995 1278 per
3059 1218 3304 1282 tempora
3362 1213 3516 1269 locus

1875 1291 1963 1346 hic
1995 1293 2051 1347 in
2082 1291 2202 1347 dies
2250 1295 2540 1362 processit,
2575 1301 2629 1350 et
2665 1296 2912 1367 adusque
2945 1300 3133 1356 ultima
3162 1303 3342 1358 Caroli
3372 1303 3519 1359 Calvi

1875 1387 2122 1450 tempora
2189 1382 2350 1452 rigidi
2419 1391 2670 1439 servator
2734 1385 2953 1442 honesti
3022 1391 3340 1458 permansit.
3409 1393 3520 1448 Nec

1876 1470 2139 1525 lectorem
2203 1477 2416 1527 moveat
2481 1473 2766 1543 utriusque
2825 1490 2988 1532 sexus
3043 1493 3309 1547 personas
3343 1480 3519 1536 eidem

1877 1557 2003 1613 loco
2035 1557 2339 1627 praefuisse,
2371 1561 2639 1630 geminam
2673 1564 2878 1634 quippe
2908 1565 2963 1620 in
2995 1567 3212 1623 duobus
3241 1578 3520 1625 monaste-

1879 1647 1976 1702 riis
2033 1649 2425 1704 monachorum
2463 1665 2528 1706 ac
2565 1653 3061 1710 sanctimonialium
3090 1662 3362 1712 catervam
3391 1673 3524 1712 con-

1878 1742 1986 1790 stat
2015 1735 2202 1793 fuisse.
2253 1739 2420 1807 Cujus
2469 1739 2550 1795 rei
2580 1740 2739 1795 fidem
2778 1741 2906 1797 huic
2937 1743 3234 1800 collatione
3263 1745 3522 1800 similium

1812 1825 2195 1907 Btestimonio
2243 1835 2491 1882 veterum
2544 1827 2702 1884 facile
2758 1830 2876 1885 fieri
2933 1839 3170 1889 constat.
3228 1835 3294 1889 Et
3351 1837 3526 1903 major

1879 1914 2085 1983 quippe
2124 1929 2191 1970 eo
2247 1915 2356 1971 loci
2416 1916 2598 1972 divina
2645 1919 2820 1988 gratia
2875 1919 3072 1989 fuerat,
3131 1922 3280 1992 quod
3322 1924 3417 1979 Dei
3468 1925 3521 1978 in

1882 2003 2166 2073 utriusque
2196 2017 2361 2060 sexus
2389 2017 2485 2060 ore
2525 2005 2700 2076 gloria
2732 2016 3012 2064 sonuerat.

2549 2114 2766 2169 CAPUT
2807 2117 2867 2169 ν.

1884 2199 2035 2267 Quod
2065 2201 2400 2273 Ementrudis
2438 2202 2632 2270 regina:
2673 2203 2856 2273 petilio
2887 2204 3118 2259 eumdem
3155 2205 3322 2262 locum
3350 2207 3531 2265 Caroli

2277 2271 2423 2328 Calvi
2463 2271 2835 2344 muniﬁciwerit
2872 2274 3136 2345 beneﬁcio.

1955 2357 2186 2414 Praefata
2245 2373 2478 2431 namque
2553 2363 2933 2418 Ermentrudis
3007 2364 3312 2419 nobilitatis
3369 2366 3528 2427 titulo

1885 2447 2104 2518 egregie
2153 2448 2415 2518 pollebat,
2465 2465 2627 2521 quem
2672 2453 2883 2507 meritis
2913 2459 2967 2508 et
2997 2453 3266 2523 sapientia
3295 2455 3532 2524 egregiis

1885 2537 2256 2594 decorabilem
2313 2539 2580 2596 reddebat
2627 2541 2768 2598 adeo
2834 2547 2895 2597 ut
2950 2543 3005 2597 in
3045 2541 3285 2597 fascibus
3315 2543 3531 2612 imperii

1888 2625 2146 2682 humilem
2201 2627 2500 2684 mirareris.
2544 2631 2655 2685 Nec
2721 2631 2900 2700 magni
2931 2630 3124 2686 habuit
3152 2632 3272 2686 sine
3303 2630 3531 2686 humili-

1887 2719 1998 2768 tate
2056 2721 2110 2770 et
2148 2715 2414 2773 charitate
2469 2732 2741 2788 regnare;
2781 2720 2983 2788 quibus
3039 2719 3142 2775 alis
3194 2720 3261 2776 de
3293 2721 3532 2775 terrenis

1886 2802 1954 2858 ad
1985 2802 2231 2860 cmlestia
2269 2805 2465 2860 didicit
2511 2807 2748 2862 evolare.
2802 2809 2859 2862 In
2917 2809 3256 2863 consortium
3298 2807 3532 2876 proinde

1886 2907 2002 2947 sum
2041 2894 2260 2949 virtutis
2297 2908 2461 2950 carne
2517 2904 2574 2952 et
2631 2897 2828 2965 spiritu
2869 2904 3158 2966 pepererat
3210 2897 3394 2962 tiliam,
3431 2910 3530 2952 no-

1887 2982 2032 3036 mine
2079 2983 2183 3036 sibi
2231 2985 2588 3052 :equivocam,
2621 2986 2719 3040 sed
2759 2986 2970 3040 meritis
3001 2987 3326 3054 univocam;
3367 3001 3529 3056 quam

1885 3069 2069 3124 verbis
2133 3077 2188 3125 et
2244 3072 2510 3142 exemplis
2549 3073 2759 3140 docuit,
2814 3088 2878 3128 ac
2933 3074 3001 3129 ad
3061 3075 3229 3129 totius
3267 3074 3530 3130 bonitatis

165 3154 316 3216 cepto
367 3156 707 3218 pepererunt
744 3151 1022 3218 virtutem,
1081 3167 1181 3222 per
1234 3168 1395 3223 quam
1451 3153 2123 3230 facultatibuscunguem
2178 3159 2436 3216 instituit.
2487 3163 2724 3229 Quarum
2779 3163 2952 3218 virtus
2989 3163 3127 3219 adeo
3177 3164 3419 3218 excrevit
3448 3171 3528 3228 ut,

168 3239 396 3307 pr0priis
454 3253 514 3294 se
574 3240 950 3308 spoliaverunt
1015 3242 1306 3314 locumque
1381 3244 1528 3301 hunc
1584 3248 1804 3316 egregie

167 3325 487 3382 ditaverunt.
547 3329 788 3395 Quorum
858 3331 1065 3399 primus
1118 3333 1358 3388 Joannes
1413 3348 1538 3389 cum
1596 3335 1803 3390 Eulalia

167 3429 343 3471 sorore
381 3431 482 3471 sua
533 3415 714 3473 locum
762 3418 908 3473 hunc
946 3425 1275 3475 construens
1304 3421 1608 3477 honorifice
1637 3425 1800 3490 rexit,

168 3506 469 3576 sanctisque
524 3513 631 3561 tam
698 3521 880 3562 rerum
933 3522 1152 3564 suarum
1192 3524 1354 3577 quam
1385 3510 1644 3565 virtutum
1677 3526 1804 3581 pro-

168 3594 404 3651 ventibus
432 3596 492 3650 in
540 3595 708 3651 altum
757 3598 952 3652 erexit.
984 3597 1082 3653 Cui
1112 3595 1281 3652 frater
1307 3597 1446 3654 Aldo
1476 3599 1801 3665 succedens,

170 3681 358 3738 relictis
435 3685 606 3740 rebus
653 3687 998 3756 conjugeque
1055 3685 1271 3751 OEdila,
1331 3685 1583 3754 deposita
1648 3700 1804 3742 coma

168 3773 366 3840 capitis,
402 3774 609 3828 castris
659 3789 718 3829 se
775 3774 978 3829 Christi
1039 3774 1264 3829 militem
1323 3775 1517 3830 eodem
1564 3775 1621 3830 in
1678 3775 1804 3830 loco

168 3861 442 3930 ascripsit;
482 3863 582 3931 qui
613 3863 754 3918 sicut
791 3863 1052 3917 virtutum
1099 3877 1360 3918 ascensus
1401 3864 1457 3918 in
1496 3864 1664 3919 corde
1703 3878 1803 3920 suo

169 3947 443 4018 disposuit,
498 3952 579 4005 ita
622 3965 721 4019 per
767 3951 1177 4006 ecclesiasticos
1227 3951 1430 4021 gradus
1475 3952 1801 4020 ascendens,

171 4037 480 4108 presbyterii
538 4039 804 4094 honorem
850 4039 1113 4105 obtinuit,
1156 4054 1318 4109 quem
1357 4041 1562 4096 sanctis
1591 4042 1804 4097 actibus

172 4137 324 4194 usque
361 4129 428 4184 ad
469 4129 1005 4184 consummationem
1045 4129 1170 4185 vitae
1200 4129 1570 4186 decorabilem
1610 4130 1802 4186 reddi-

172 4212 257 4267 dit.
311 4218 371 4271 Et
407 4226 465 4273 ut
507 4230 729 4272 omnem
779 4225 1056 4273 rectorum
1086 4219 1331 4288 ejusdem
1370 4218 1477 4274 loci
1509 4219 1685 4275 lector
1723 4219 1804 4274 in-

172 4304 332 4360 veniat
376 4307 815 4373 successionem,
867 4307 1006 4362 hanc
1043 4307 1112 4361 ab
1159 4307 1394 4363 archivis
1431 4315 1701 4380 sumptam
1731 4308 1806 4364 le-

174 4397 250 4455 gat
271 4391 728 4467 descriptionem.
785 4409 792 4412 ·

809 4485 1024 4539 CAPUT
1062 4485 1150 4539 IV.

436 4575 875 4630 Commemoratio
912 4577 1170 4628 rectorum
1215 4572 1365 4641 hujus
1395 4571 1513 4628 loci.

232 4657 459 4717 Joannes
483 4662 631 4717 abba
661 4669 716 4717 et
745 4661 953 4717 Eulalia
991 4675 1152 4717 soror
1180 4662 1298 4730 ejus
1329 4669 1622 4716 tenuerunt
1654 4661 1806 4732 regi-

175 4756 282 4800 men
313 4750 713 4807 Hasnoniensis
741 4751 979 4808 cmnobii
1010 4752 1169 4806 annis
1197 4767 1331 4806 xvu.

235 4835 362 4892 Aldo
417 4840 730 4910 presbyter,
772 4839 942 4895 frater
971 4839 1219 4910 praedicti
1249 4840 1496 4904 Joannis,
1529 4838 1686 4892 annis
1718 4853 1801 4894 XL.

176 4922 231 4974 Al
265 4925 569 4991 Bertrudis,
592 4943 752 4985 soror
773 4930 911 4998 ejus,
943 4943 1066 4985 cum
1097 4942 1164 4984 eo
1193 4928 1353 4982 annis
1375 4942 1464 4982 xx.
1489 4926 1803 4996 Sigebolda,

177 5020 317 5066 soror
355 5017 573 5085 praefati
629 5017 878 5084 Aldonis,
937 5018 1114 5073 tenuit
1159 5030 1282 5072 cum
1331 5029 1397 5070 eo
1427 5015 1671 5086 regimen
1702 5028 1806 5069 an-

180 5097 252 5152 uis
277 5117 393 5170 vui,
426 5115 484 5161 et
535 5113 661 5175 post
708 5107 826 5175 ejus
873 5107 1159 5162 decessum
1189 5121 1266 5162 ιν.
1300 5103 1649 5171 Adalunaria,
1675 5107 1803 5159 item

179 5199 321 5244 soror
347 5194 482 5250 dicti
515 5195 763 5263 Aldonis,
804 5196 962 5251 annis
991 5211 1044 5250 x.

239 5279 518 5339 Savericus
547 5285 708 5340 annis
752 5301 898 5341 xxxi.
933 5283 1244 5350 Cundrada,
1282 5282 1392 5341 tilia
1422 5283 1673 5353 praedicti
1711 5285 1805 5338 Sa-

180 5367 351 5434 verici,
379 5374 544 5428 annis
580 5389 676 5429 x11.

238 5456 502 5516 Geroldus
532 5462 690 5518 annis
719 5478 793 5518 vi.

239 5543 520 5605 Rotfridus
548 5551 708 5607 annis
737 5567 883 5608 xxvi.

239 5631 461 5694 Martina
490 5641 650 5696 annis
679 5655 796 5695 xm.

1819 4495 1870 4555 D

1886 3245 2080 3300 relicta
2136 3247 2326 3302 saeculi
2359 3261 2579 3318 pompa,
2611 3259 2672 3304 se
2701 3250 2928 3316 mundo,
2959 3250 3221 3305 mundum
3253 3251 3358 3306 sibi
3399 3265 3530 3305 cru-

1886 3334 2190 3404 cifigerent,
2223 3337 2662 3406 praescriptoque
2721 3337 2776 3391 in
2815 3338 2940 3394 loco
2998 3337 3215 3392 feminae
3249 3338 3307 3392 in
3337 3337 3534 3392 castris

1883 3420 2184 3475 Dominicis
2240 3421 2440 3476 milites
2496 3422 2710 3487 fierent,
2758 3422 3050 3490 locumque
3079 3423 3227 3477 hunc
3258 3427 3371 3476 tum
3402 3434 3534 3475 cons

1883 3508 2024 3563 siliis
2062 3517 2175 3564 tum
2214 3511 2380 3564 rebus
2435 3509 2701 3576 ditavere,
2761 3518 2926 3578 atque
2981 3517 3087 3564 tam
3122 3509 3290 3578 regali
3321 3508 3536 3563 muniti-

1885 3597 2067 3652 centia
2115 3611 2276 3666 quam
2318 3597 2607 3667 privilegio
2638 3598 3090 3652 corroboravere.
3126 3597 3374 3651 Habebat
3403 3604 3534 3650 tunc

1885 3685 1942 3739 in
1972 3685 2208 3754 sceptris
2237 3686 2466 3740 Francia
2523 3686 2758 3754 primum
2818 3685 3121 3754 principem
3163 3685 3248 3740 sui
3278 3684 3530 3740 Carolum

1885 3778 2207 3844 Augustum,
2265 3775 2594 3844 cognomine
2652 3773 2895 3839 Calvum,
2949 3775 3093 3843 apud
3169 3789 3330 3844 quem
3379 3788 3530 3844 saepe

1887 3869 2239 3919 memoratam
2287 3863 2704 3919 Ermentrudem
2736 3863 3027 3934 plurimum
3058 3877 3219 3933 posse
3267 3863 3394 3919 hinc
3425 3877 3530 3919 no-

1886 3951 2090 4018 bilitas,
2161 3952 2289 4008 hinc
2328 3951 2576 4022 probitas
2631 3952 2806 4021 ipsius
2861 3951 3052 4008 habuit
3101 3951 3339 4008 efficere.
3377 3953 3529 4008 Unde

1886 4040 2049 4094 etiam
2081 4041 2349 4110 petitione
2396 4040 2570 4110 ipsius
2623 4041 2773 4110 regia
2810 4055 2870 4095 se
2918 4042 3173 4111 majestas
3220 4042 3348 4097 huic
3405 4042 3528 4098 loco

1885 4129 2188 4194 inclinavit,
2239 4143 2400 4200 quem
2445 4137 2500 4184 et
2538 4129 2911 4187 muniﬁcentia
2935 4129 3146 4186 ditavit.
3180 4132 3291 4186 Nec
3323 4131 3530 4201 pigebit

1887 4233 1953 4274 ex
2003 4218 2240 4274 archivis
2322 4218 2568 4288 ejusdem
2633 4219 2951 4278 monasterii
3011 4220 3318 4288 praescripti
3385 4219 3532 4288 regis

1886 4308 2232 4377 privilegium
2270 4307 2361 4362 hic
2413 4321 2747 4376 supponere,
2806 4320 2869 4362 ac
2900 4306 3210 4376 legentibus
3240 4320 3408 4374 super
3444 4307 3532 4361 his

1886 4410 2009 4466 qua:
2039 4395 2294 4464 dicimus,
2326 4395 2489 4451 ﬁdem
2518 4394 2718 4450 facere.

2531 4501 2747 4558 CAPUT
2793 4501 2878 4554 VI.

1882 4591 1968 4648 Ad
2024 4589 2294 4646 tutandum
2347 4589 2482 4645 idem
2521 4588 2805 4645 coenobium
2866 4594 3121 4658 sumptum
3178 4603 3248 4642 ex
3298 4587 3526 4643 archivis

2347 4660 2527 4717 Caroli
2548 4661 2697 4718 Calvi
2716 4659 3060 4732 privilegium.

1960 4771 1987 4801 «
2019 4753 2079 4805 In
2099 4749 2319 4805 nomine
2341 4757 2546 4806 sancta:
2577 4757 2631 4805 et
2653 4748 2948 4804 individua:
2977 4747 3277 4802 Trinitatis.
3301 4748 3529 4802 Carolus

1886 4837 2264 4894 misericordia
2304 4838 2399 4893 Dei
2437 4839 2737 4907 imperator
2791 4841 3084 4906 Augustus.
3145 4837 3200 4890 Si
3247 4849 3526 4892 servorum

1885 4929 1982 4984 Dei
2056 4927 2385 4982 utilitatibus
2458 4927 2835 4982 subveniendo
2910 4924 3264 4991 conferimus,
3343 4924 3530 4994 profu-

1885 5025 2068 5073 turum
2133 5015 2293 5072 nobis
2358 5017 2464 5072 hoc
2519 5016 2587 5071 ad
2629 5023 2889 5071 aeternam
2947 5014 3344 5070 beatitudinem
3408 5013 3526 5070 fore

1886 5105 2038 5162 nullo
2104 5105 2268 5162 modo
2325 5105 2669 5175 ambigimus.
2727 5106 3074 5174 QuaprOpter
3127 5104 3342 5160 noverit
3405 5116 3527 5158 om-

1887 5195 2036 5250 nium
2103 5200 2309 5250 sancta:
2381 5194 2479 5249 Dei
2536 5193 2798 5249 Ecclesia:
2873 5193 3115 5249 fidelium
3188 5199 3529 5248 nostrorum-

1886 5298 1992 5353 que
2052 5291 2160 5338 tam
2234 5283 2586 5353 praesentium
2627 5295 2790 5352 quam
2849 5288 2904 5337 et
2968 5280 3276 5337 futurorum
3342 5280 3529 5336 indu--

1885 5373 2038 5439 stria,
2090 5373 2350 5443 quoniam
2397 5371 2624 5427 fratrum
2682 5377 2737 5427 et
2795 5385 3049 5428 sororum
3107 5370 3528 5426 necessitatibus

1884 5462 1940 5517 in
2018 5461 2274 5518 cmnobio
2357 5459 2650 5516 Hasnonia:
2715 5466 3053 5530 nuncupato,
3128 5459 3385 5515 videlicet
3446 5461 3528 5515 si-

1887 5557 1945 5606 to
2020 5551 2076 5606 in
2167 5549 2430 5606 comitatu
2517 5548 2909 5616 Attrebatensi,
2999 5548 3056 5603 in
3131 5561 3271 5619 pago
3343 5551 3529 5604 Ostre-

1889 5638 2076 5705 banto,
2116 5652 2284 5708 super
2338 5637 2559 5693 ﬂuvium
2624 5637 2908 5707 Scarbum,
2966 5636 3068 5692 sub
3125 5637 3296 5694 tutela
3351 5636 3527 5693 sancti
