4000 6158
462 394 565 448 591

1575 371 1861 429 TOMELLI
1902 367 2201 425 MONACHI
2239 364 2720 421 HASNONIENSIS

3724 360 3824 414 692

465 517 613 576 Petri
670 511 1045 585 apostolorum
1096 503 1360 576 principis
1409 499 1779 562 militantium,
1810 493 2101 585 subvenire
2121 493 2172 552 A
2191 487 3047 585 sacrosanctilocingratisnsine
3075 486 3494 585 fructulaboris
3521 484 3825 585 alebantur,

466 584 754 679 cupientes
783 616 970 659 eorum
1003 595 1340 667 indigentiis,
1375 606 1474 662 per
1502 586 1916 679 Ermentrudcm
1939 584 2102 639 ﬁliam

465 676 706 754 nostram
785 689 1111 746 abbatissam
1197 680 1501 753 patefactis,
1588 676 1936 733 decernimus
2010 686 2108 741 per

467 784 710 854 ejusdem
769 774 1148 834 Ermentrudis
1194 769 1638 839 deprecationem
1681 769 1884 820 nostra:
1924 761 2110 816 altitu-

467 872 613 928 dinis
651 870 926 940 praecepta
963 863 1043 918 eis
1080 859 1412 924 conﬁrmari,
1440 863 1710 926 quatenus
1740 868 1838 923 per
1865 857 2106 907 nostram

468 957 894 1018 muniﬁcentiam
950 953 1017 1008 ad
1075 954 1425 1020 augmentum
1473 951 1526 1001 et
1570 945 1861 1000 utilitatem
1919 953 2108 997 eorum

470 1067 534 1108 ea
573 1045 966 1120 perpetualitcr
1003 1040 1342 1111 possideant,
1376 1051 1500 1106 quae
1557 1033 1786 1089 inferius
1833 1031 2110 1099 descripta

470 1141 760 1195 habentur.
810 1131 1176 1189 Concedimus
1260 1126 1430 1197 igitur
1486 1127 1787 1178 memorato
1853 1120 2108 1176 coenobio

467 1228 608 1285 infra
665 1226 840 1295 ipsum
891 1218 1301 1282 monasterium,
1351 1227 1569 1269 mansos
1617 1211 1776 1277 duos,
1810 1215 1863 1264 ct
1893 1209 2111 1264 cambas

466 1318 622 1382 duas,
670 1313 970 1382 silvamque
1018 1320 1201 1374 unam,
1253 1310 1307 1360 et
1355 1304 1581 1372 insuper
1611 1300 1679 1356 de
1710 1299 1843 1355 silva
1873 1297 2106 1363 abbatis,

466 1406 612 1462 unde
679 1402 895 1473 possint
950 1396 1231 1466 sexaginta
1270 1392 1424 1463 porci
1455 1389 1712 1461 saginari,
1764 1402 1866 1444 nec
1913 1400 2024 1441 non
2053 1387 2144 1440 in'

465 1495 734 1566 praedicto
793 1503 932 1560 pago
963 1487 1142 1542 villam
1173 1483 1416 1539 Azinium
1450 1495 1574 1536 cum
1604 1479 1754 1535 omni
1796 1477 2109 1566 integritate

465 1565 712 1652 exceptis
740 1581 918 1635 tribus
947 1575 1150 1631 mansis
1179 1596 1192 1641 ;
1235 1573 1475 1640 denique
1508 1571 1561 1624 in
1594 1569 1714 1638 ipso
1747 1579 1887 1638 pago
1929 1565 2107 1620 villam

465 1673 711 1730 Azinium
740 1668 890 1741 quod
921 1672 1004 1722 est
1032 1678 1200 1734 super
1229 1661 1452 1717 ﬂuvium
1481 1657 1773 1723 Scandum,
1808 1669 1931 1711 cum
1963 1653 2110 1709 omni

467 1760 802 1831 integritate,
839 1755 1084 1824 exceptis
1113 1753 1314 1807 mansis
1344 1751 1586 1819 quinque
1620 1761 1740 1802 cum
1781 1743 2112 1800 molendinis

2190 579 2318 635 dum
2349 579 2487 634 alius
2536 581 2591 634 in
2622 577 2823 643 villam,
2856 577 2996 632 alius
3025 579 3080 632 in
3113 577 3563 647 negotiationem,
3623 575 3715 631 hic
3740 592 3830 631 cu-

2189 668 2446 732 riositati,
2496 667 2587 722 ille
2636 667 2900 736 voluptati
2932 665 3079 722 foras
3110 667 3487 736 rapiebantur.
3519 665 3689 735 Cujus
3715 665 3827 720 vitii

2190 759 2414 813 morbus
2443 758 2498 811 in
2539 756 2657 811 dies
2696 769 3041 823 excrescens,
3103 756 3323 811 domum
3385 755 3479 809 Dei
3529 768 3596 810 eo
3627 754 3738 809 loci
3766 755 3830 808 ab

2190 847 2335 903 omni
2379 845 2644 916 religione
2690 851 2972 900 vacantem
3019 845 3086 900 ad
3119 844 3398 900 interitum
3432 858 3604 914 usque
3634 843 3836 898 anima-

2191 950 2308 991 rum
2351 936 2616 1004 corrupit,
2690 934 2849 990 simul
2917 941 2972 990 et
3036 935 3104 989 ad
3171 941 3419 1003 tempora
3476 948 3650 1003 usque
3716 933 3836 988 Bal-

2188 1025 2341 1081 duini
2380 1025 2520 1080 sexti
2556 1024 2784 1095 gloriosi
2842 1023 3098 1079 marchisi
3137 1023 3482 1093 corruptioni
3519 1021 3684 1078 ﬁnem
3721 1036 3831 1077 non

2192 1114 2364 1170 dedit.
3441 1124 3452 1134 ’

2813 1239 3029 1295 CAPUT
3068 1240 3200 1295 VIII.

2301 1385 2378 1437 De
2405 1383 2544 1438 sexti
2573 1380 2823 1437 Baiduini
2873 1381 3121 1436 marchisi
3153 1380 3488 1452 temporibus,
3518 1381 3730 1451 ejusque

2655 1453 2826 1521 dignae
2844 1455 3103 1508 memoria:
3126 1452 3374 1508 moribus.

2263 1577 2397 1644 Quia
2454 1575 2778 1632 Balduinum
2834 1575 2996 1632 nobis
3054 1575 3274 1632 occasio
3330 1575 3562 1630 rationis
3617 1574 3836 1641 obtulit,

2193 1665 2536 1732 Balduinum,
2579 1666 2822 1734 inquam,
2865 1679 3024 1734 quem
3094 1679 3125 1719 a
3180 1663 3446 1719 Balduino
3487 1665 3689 1719 Ferreo
3717 1678 3840 1719 sex-

2195 1760 2328 1821 tum,
2372 1759 2522 1810 sexta
2555 1755 2671 1810 haec
2712 1761 2900 1811 nostra
2939 1761 3072 1810 tetas
3100 1755 3318 1821 meruit,
3370 1767 3484 1810 non
3521 1754 3620 1810 abs
3659 1769 3716 1810 re
3756 1760 3838 1810 est

468 1850 704 1914 dllOblIS,
738 1861 862 1902 cum
891 1844 1081 1900 camba
1119 1856 1227 1897 una
1267 1845 1321 1894 CI.
1350 1839 1520 1908 pratis
1551 1836 1785 1892 (IlIObUS.
1806 1834 1927 1889 Pari
1949 1833 2447 1914 euilmBquwdam
2494 1845 2754 1899 virtutum
2811 1844 2930 1913 ejus
2986 1848 3306 1900 ornamenta
3369 1843 3621 1913 exemplo
3679 1843 3839 1899 bonis

468 1947 660 1996 tenore
708 1936 970 2006 largimur
1027 1933 1082 1986 in
1123 1928 1354 2000 prmfato
1396 1939 1534 1996 pago
1564 1923 1892 1981 Ostrebanto
1931 1920 2114 1975 villam

466 2025 891 2084 Ubanercinium
913 2035 1034 2076 cum
1056 2019 1204 2075 omni
1227 2015 1560 2085 integritate,
1584 2027 1685 2068 nec
1705 2025 1815 2067 non
1838 2017 1893 2066 et
1913 2010 1969 2064 in
1991 2009 2112 2078 ipso

468 2131 608 2188 pago
639 2117 694 2170 in
724 2111 1019 2169 Scandinio
1052 2107 1304 2163 dedimus
1335 2105 1414 2160 eis
1445 2116 1664 2158 mansos
1695 2105 1838 2157 octo.
1875 2101 1947 2154 De
1977 2098 2115 2168 ipsis

465 2219 688 2277 quoque
737 2208 890 2257 tenet
936 2213 1034 2268 per
1081 2203 1322 2251 nostram
1385 2191 1691 2262 jussionem
1747 2192 2114 2277 Guntramnus

464 2276 720 2366 quatuor,
807 2291 1140 2358 deprecante
1209 2281 1433 2353 praefata
1500 2280 1798 2343 abbatissa,
1868 2276 2112 2347 quandiu

463 2382 678 2439 vixerit.
738 2381 936 2434 Postea
986 2389 1117 2431 vero
1169 2372 1509 2441 recipiantur
1555 2369 1623 2424 ad
1673 2382 1814 2437 opus
1860 2366 2109 2420 fratrum.

462 2474 537 2527 De
576 2477 780 2526 caetero
820 2468 876 2522 in
908 2465 1170 2521 comitatu
1201 2458 1538 2516 Tardanensi
1579 2457 1758 2512 villam
1797 2456 2113 2510 Aniciacum

465 2561 623 2614 sitam
680 2570 848 2626 super
905 2553 1126 2608 ﬁuvium
1174 2548 1444 2615 Ubellula,
1483 2561 1606 2602 cum
1639 2545 1842 2600 mansis
1871 2559 1946 2610 x1,
1990 2556 2116 2597 nec-

447 2661 579 2703 non
611 2655 665 2703 et
721 2647 790 2701 de
855 2642 1110 2699 omnibus
1172 2638 1316 2693 villis
1379 2637 1551 2691 totius
1615 2633 1850 2689 abbatiae
1897 2645 2111 2688 omnem

471 2737 736 2790 decimam
778 2732 1015 2802 pleniter
1050 2727 1340 2783 statuimus
1396 2722 1750 2795 largiendam.
1785 2723 1849 2776 Et
1900 2721 1946 2776 si
2004 2733 2114 2775 non

471 2823 750 2880 suffecerit
806 2820 872 2874 ad
931 2831 1062 2872 usus
1100 2815 1326 2870 fratrum
1375 2827 1472 2868 seu
1522 2825 1793 2877 sororum,
1828 2816 1883 2865 et
1913 2824 1980 2865 ex
2009 2809 2119 2864 do-

470 2912 731 2966 minicato
788 2913 986 2964 cuncta
1053 2903 1364 2959 necessaria
1415 2900 1792 2969 suppleantur.
1829 2899 1892 2952 Et
1923 2904 1982 2952 ut
2010 2897 2115 2952 hoc

469 3017 568 3071 per
634 2999 815 3055 omnia
883 3001 1129 3063 tempora
1202 2990 1594 3046 inviolabiliter
1657 2995 1893 3054 maneat,
1955 3000 2114 3041 manu

467 3089 690 3158 propria
747 3081 1288 3145 subterﬁrmavimus,
1332 3084 1386 3133 et
1423 3077 1612 3133 annuli
1661 3077 1836 3132 nostri
1879 3077 2113 3144 impres-

2196 1933 2539 2002 principibus
2593 1931 2922 1988 sufﬁcientia
2993 1932 3050 1988 in
3117 1931 3355 1988 medium
3429 1930 3699 2002 proferre,
3770 1946 3835 1987 ex

2195 2022 2381 2077 multis
2414 2036 2604 2092 pauca,
2671 2021 2768 2077 sed
2831 2036 2897 2076 ex
2946 2022 3158 2092 magnis
3196 2035 3407 2092 magna,
3449 2029 3509 2077 ut
3548 2024 3715 2078 moris
3754 2029 3836 2077 est

2194 2111 2487 2182 astrologis
2525 2111 2795 2181 sphaeram
2834 2110 2960 2166 ραδΙί
3003 2111 3056 2166 in
3097 2117 3250 2166 arcto
3287 2111 3607 2182 depingere.
3641 2110 3836 2166 Primis

2195 2201 2285 2256 hic
2325 2200 2567 2256 tirocinii
2606 2201 2766 2255 annis
2829 2200 2885 2254 in
2950 2199 3073 2255 aula
3129 2199 3399 2270 imperiali
3455 2200 3558 2255 sub
3598 2201 3836 2256 Henrico

2196 2290 2528 2361 imperatore
2567 2291 2853 2357 educatur,
2923 2290 3123 2346 coaevis
3161 2304 3301 2360 quos
3339 2290 3462 2345 aula
3500 2296 3632 2346 tunc
3671 2291 3835 2346 habe-

2195 2379 2289 2434 bat
2363 2386 2706 2450 praarogatur
2771 2380 2981 2446 amicis,
3045 2393 3228 2435 amore
3297 2385 3568 2450 aequatur,
3639 2379 3838 2435 deinde

2195 2467 2520 2524 fortioribus
2557 2469 2734 2535 annis,
2807 2473 2966 2524 :etate
3016 2482 3137 2523 cum
3178 2474 3424 2539 tempore
3464 2469 3834 2536 adolescente,

2196 2557 2517 2613 Nerviorum
2559 2558 2897 2625 comitatum,
2939 2557 3069 2613 licet
3107 2558 3377 2628 imperiali
3408 2560 3690 2628 majestate
3728 2572 3837 2614 non

2198 2646 2462 2702 inoffensa
2502 2647 2837 2712 subintrans,
2895 2645 3026 2701 belli
3067 2646 3122 2700 in
3161 2647 3368 2713 hostes,
3410 2647 3563 2717 pacis
3599 2647 3656 2701 in
3694 2648 3838 2702 cives

2198 2735 2611 2805 potentissimus
2677 2735 2892 2789 claruit.
2964 2733 3246 2790 Habebam
3324 2735 3471 2791 hunc
3547 2750 3835 2806 pauperes,

2198 2825 2451 2894 orphani,
2493 2825 2671 2880 viduae
2712 2831 2942 2894 patrem,
3003 2824 3253 2880 monachi
3296 2825 3573 2894 exemplar
3619 2825 3838 2896 religio-

2198 2914 2304 2979 nis,
2372 2911 2535 2967 afﬁcti
2603 2919 2817 2968 scutum
2879 2912 3150 2979 tuitionis,
3225 2913 3364 2969 adeo
3439 2919 3500 2969 ut
3562 2915 3837 2969 mirareris

2173 2995 2450 3057 eumdem
2480 3002 2536 3056 in
2578 3001 2719 3058 laico
2766 3002 2956 3057 habitu
2997 3002 3206 3072 pollere
3247 3004 3551 3073 principem
3591 3005 3746 3074 regni
3783 3009 3836 3060 et

2198 3089 2421 3144 latuisse
2459 3104 2753 3160 pauperem
2783 3091 3006 3146 Christi.
3048 3091 3107 3145 In
3148 3093 3514 3148 sacrosanctis
3553 3093 3833 3148 missarum

465 3177 622 3232 sione
665 3173 916 3245 insigniri
951 3170 1234 3241 jussimus.
1275 3167 1494 3235 Signum
1523 3164 1702 3221 Caroli
1753 3163 2110 3233 gloriosissimi

2199 3178 2500 3244 solemuiis,
2543 3180 2610 3234 ad
2642 3181 2807 3234 Deum
2875 3180 3031 3250 quasi
3069 3181 3356 3237 obtutibus
3402 3182 3517 3237 suis
3546 3181 3832 3248 visibilem,

461 3264 793 3336 imperatoris
856 3261 1094 3330 Augusti.
1173 3256 1418 3312 Odacrus
1495 3254 1742 3310 notarius
1807 3253 1874 3307 ad
1941 3253 2114 3308 vicem

465 3353 708 3411 Goselini
767 3349 1087 3422 recognovit
1142 3353 1196 3402 et
1251 3344 1599 3414 subscripsit.
1662 3345 1851 3398 Datum
1912 3357 1941 3396 v
1991 3341 2116 3397 ldus

467 3445 618 3511 Julii,
651 3443 955 3499 indictione
977 3453 1031 3503 x,
1081 3450 1224 3492 anno
1254 3450 1461 3490 xxxvm
1501 3435 1659 3504 regni
1689 3431 1894 3488 domini
1935 3430 2116 3486 Caroli

466 3535 613 3605 regis
669 3533 726 3588 in
783 3529 1013 3586 Francia
1069 3534 1123 3582 et
1191 3525 1406 3595 imperii
1468 3525 1588 3593 ejus
1656 3538 1715 3578 ιι.
1775 3524 1968 3578 Actum
2017 3521 2116 3575 Ca-

464 3623 670 3679 risiaco
719 3620 922 3691 palatio
981 3614 1253 3686 imperiali
1320 3614 1375 3668 in
1442 3613 1534 3669 Dei
1600 3611 1820 3668 nomine
1882 3609 2118 3666 feliciter

467 3725 646 3767 amen.
692 3730 718 3759 ιθ

1107 3793 1322 3852 CAPUT
1361 3792 1472 3845 VII.

471 3905 620 3972 Quod
671 3903 806 3957 idem
862 3900 1005 3972 locus
1052 3898 1228 3952 divina
1276 3897 1365 3951 diu
1409 3894 1666 3972 religio-ne
1710 3894 1965 3972 ﬂoruerit,
2019 3894 2116 3972 sed

536 3973 796 4046 paulatim
823 3971 896 4025 ad
945 3976 1180 4039 tempora
1207 3981 1368 4037 usque
1397 3965 1649 4022 Baiduini
1702 3967 1840 4021 sexti
1869 3965 2116 4020 marchisi

542 4044 759 4115 fepuerit
773 4083 786 4095 .

540 4150 638 4205 His
675 4147 952 4219 regalibus
1008 4151 1115 4200 tam
1157 4143 1461 4213 privilegiis
1507 4156 1667 4211 quam
1727 4141 2116 4204 muniﬁcentiis

470 4237 810 4309 praescriptis
841 4236 995 4290 locus
1034 4234 1346 4297 roboratus,
1381 4230 1641 4301 quodque
1699 4230 1786 4284 his
1826 4230 2112 4300 incompa-

466 4321 718 4384 rabiliter
775 4324 1072 4395 pretiosius
1146 4326 1250 4388 est,
1311 4319 1590 4388 accipiens
1644 4333 1676 4374 a
1739 4319 1850 4373 Deo
1918 4319 2116 4389 pignus

466 4418 731 4488 Spiritum
788 4419 1058 4478 sanctum,
1111 4412 1216 4481 piae
1281 4408 1719 4465 conversationis
1765 4407 2113 4477 jucunditate

2200 3273 2372 3322 totum
2411 3283 2469 3324 se
2508 3268 2690 3323 animo
2730 3274 2784 3323 et
2823 3282 3058 3338 corpore
3083 3269 3245 3324 ﬁxum
3268 3269 3460 3338 dedit;
3502 3271 3558 3325 in
3588 3272 3834 3326 oratione

2197 3357 2308 3411 Deo
2376 3357 2733 3427 colloquium,
2826 3357 3143 3413 hominibus
3218 3359 3474 3428 praebens
3536 3359 3831 3416 silentium.

2198 3446 2445 3500 Habebat
2484 3445 2715 3516 proinde
2755 3460 2960 3513 secum,
3032 3446 3176 3502 inter
3231 3447 3443 3518 agenda
3481 3447 3671 3504 eadem
3711 3449 3832 3503 mis-

2198 3549 2377 3590 sarum
2417 3535 2704 3603 solemnia,
2773 3549 3044 3605 pauperes
3083 3549 3183 3606 pro
3239 3551 3299 3592 se
3337 3536 3406 3592 ad
3464 3539 3633 3592 Deum
3674 3539 3832 3592 inter-

2199 3637 2470 3690 cessores,
2513 3624 2734 3693 quibus,
2767 3629 2893 3694 post
2931 3623 3266 3680 oblationem
3303 3625 3582 3682 sacerdoti
3621 3625 3830 3682 exhibi-

2199 3712 2389 3780 bitam,
2449 3712 2828 3783 eleemosynas
2901 3713 3253 3784 dispartiens,
3332 3728 3433 3784 pro
3497 3715 3717 3771 Christo
3779 3715 3828 3769 in

2198 3801 2534 3873 pauperibus
2571 3801 2856 3857 oﬁ‘erebat.
2897 3802 3076 3858 Habes
3113 3817 3200 3858 me
3229 3802 3392 3874 hujus
3430 3803 3510 3859 rei
3553 3811 3763 3871 testem,
3798 3817 3827 3858 o

2199 3889 2394 3956 lector,
2454 3891 2769 3962 quicunque
2827 3906 2907 3960 es,
2966 3892 3012 3947 si
3052 3897 3232 3949 tamen
3296 3893 3479 3949 minus
3515 3893 3586 3950 de
3639 3894 3827 3950 idoneo

2198 3983 2338 4034 teste
2369 3994 2478 4036 non
2520 3980 2757 4048 dubitas,
2818 3981 2913 4050 qui
2951 3980 3080 4036 dum
3119 3981 3276 4036 lateri
3315 3996 3437 4050 suo,
3480 3987 3540 4038 ut
3577 3997 3723 4053 saepe
3760 3981 3829 4039 di-

2197 4075 2394 4138 gnatus
2423 4075 2526 4137 est,
2585 4069 2906 4125 familiarem
2953 4069 3297 4126 familiariter
3333 4086 3418 4127 me
3457 4073 3824 4142 applicuisset.

2197 4159 2380 4215 audivi
2447 4173 2570 4215 eum
2639 4174 2908 4230 pauperes
2944 4167 3182 4227 secreto,
3225 4165 3283 4216 ut
3330 4161 3618 4218 missarum
3659 4176 3830 4218 sacro-

2196 4249 2403 4304 sanctis
2441 4250 2716 4319 mysteriis
2755 4264 2941 4305 secum
2979 4250 3086 4305 sibi
3125 4249 3475 4316 interesseut,
3541 4251 3826 4316 invitasse;

2197 4338 2522 4408 quibusdam
2588 4352 2716 4394 vero
2784 4339 2952 4394 ﬁnitis
3025 4340 3311 4394 missarum
3377 4339 3657 4408 laudibus,
3711 4341 3827 4395 dum

2195 4428 2392 4496 stipem
2433 4433 2704 4496 peterent,
2768 4428 2896 4497 quia
2951 4427 3306 4498 neglexerant
3343 4429 3635 4496 interesse,
3679 4431 3827 4485 tacite

465 4508 559 4563 diu
618 4505 817 4561 mansit
881 4503 1224 4557 honestatus.
1275 4498 1379 4554 Sed
1429 4497 1742 4552 abundante
1791 4496 2636 4586 iniquitate,Dimproperasse;
2707 4496 2810 4572 ηοξ
2865 4530 2932 4573 ρο
2989 4496 3109 4573 δόιο
3167 4517 3295 4574 dum
3352 4518 3501 4574 omni
3550 4519 3714 4575 etiam
3752 4532 3828 4574 res

463 4596 591 4652 dum
632 4592 885 4664 refriguit.
915 4591 1152 4645 charitas
1182 4588 1497 4652 multorum,
1523 4586 1716 4656 religio
1746 4592 1934 4641 sancta
1974 4584 2115 4640 facta

463 4692 547 4741 est
604 4685 778 4739 virtus
845 4693 1166 4752 paucorum.
1232 4679 1362 4732 Nam
1421 4677 1681 4745 quoniam
1740 4680 2011 4744 tempora,
2054 4680 2113 4729 ut

461 4775 731 4844 scriptum
792 4778 896 4836 est,
956 4768 1240 4824 imminere
1297 4764 1627 4834 periculosa,
1682 4768 1968 4832 erantque,
2001 4763 2110 4819 imo

462 4866 592 4917 sunt
657 4861 908 4916 homines
997 4857 1211 4926 seipsos
1284 4858 1546 4918 amantes,
1623 4857 1828 4921 quanto
1905 4850 2110 4920 quique

463 4950 786 5020 religionem
848 4944 1079 5016 professi
1124 4943 1193 4998 ad
1233 4941 1506 4997 exteriora
1543 4945 1826 5010 vagantur,
1859 4944 2012 4993 tanto
2052 4939 2108 4994 in

460 5037 822 5094 inferioribus
888 5034 1254 5089 inﬁrmantur.
1312 5029 1466 5085 Unde
1537 5033 1593 5083 et
1657 5029 1759 5082 hac
1816 5027 2108 5082 occasione

460 5128 617 5185 locus
663 5124 1060 5182 Hasnoniensis
1097 5137 1127 5177 a
1167 5133 1361 5190 magna
1401 5132 1430 5174 a
1463 5132 1569 5188 qua
1616 5117 1802 5173 floruit
1840 5115 2106 5186 religione

459 5217 719 5287 paulatim
751 5215 1010 5281 decessit,
1070 5211 1198 5267 dum
1247 5209 1462 5265 modica
1511 5205 1845 5276 spernendo,
1889 5205 2105 5261 honesti

456 5305 679 5362 modum
728 5305 931 5375 rigoris
996 5301 1344 5372 negligenter
1393 5297 1648 5354 excessit.
1697 5297 1813 5350 Jam
1852 5295 2104 5350 canonici

455 5394 700 5465 ejusdem
759 5395 866 5449 loci
926 5390 1210 5448 canonicis
1272 5385 1654 5444 sanctionibus
1728 5384 1975 5453 ascripti,
2035 5398 2104 5438 ne

453 5483 633 5538 dicam
700 5483 916 5547 intenti,
1007 5479 1209 5551 quibus
1285 5476 1438 5532 dedit
1494 5473 1755 5530 Dominus
1822 5472 2102 5543 regionem

451 5572 698 5645 gentium
747 5578 802 5626 et
848 5571 1069 5628 labores
1096 5566 1448 5639 pOpulorum,
1483 5570 1542 5619 ut
1571 5563 1917 5619 custodirent
1940 5563 2101 5631 justi-

451 5661 739 5721 ﬁcationes
768 5662 886 5730 ejus
915 5666 970 5717 et
997 5659 1176 5730 legem
1223 5657 1342 5726 ejus
1408 5654 1776 5724 requirerent,
1807 5651 2102 5722 stipendiis

2195 4606 2460 4675 poscebat
2516 4611 2784 4676 tempore,
2827 4606 3190 4678 eleemosynis
3254 4620 3400 4663 nunc
3458 4608 3826 4674 clandestinis,

2195 4707 2340 4750 nunc
2389 4695 2625 4764 publicis
2654 4711 2753 4765 per
2799 4711 2858 4752 se
2907 4700 2962 4752 et
3009 4711 3109 4766 per
3145 4696 3284 4752 alios
3323 4695 3637 4754 insudabat.
3679 4699 3826 4754 Fame

2193 4797 2323 4840 vero
2371 4785 2806 4856 ingravescente,
2867 4791 2923 4841 et
2980 4785 3204 4856 largiori
3263 4786 3643 4857 indigentibus
3677 4799 3825 4842 manu

2193 4873 2495 4942 distribuit,
2529 4881 2583 4930 et
2614 4876 2769 4946 regni
2799 4876 2884 4930 sui
2906 4876 3176 4932 coenobiis
3198 4889 3426 4944 pensum
3465 4876 3522 4930 id
3562 4876 3820 4946 ascripsit,

2192 4969 2252 5018 ut
2291 4977 2356 5018 ex
2397 4963 2637 5033 propriis
2675 4963 2970 5033 stipendiis
3007 4963 3313 5021 consultius
3379 4979 3681 5034 pauperum
3711 4978 3823 5035 pro-

2189 5051 2820 5124 spicerentrefrigeriis.
2949 5069 2952 5072 λ

2344 5221 2482 5269 Ante
2511 5220 2652 5269 diem
2683 5220 2864 5271 clauso
2893 5225 3175 5286 componet
3203 5234 3392 5285 vesper
3419 5219 3658 5288 olympo,

2186 5394 2346 5451 quam
2388 5381 2619 5437 virtutes
2677 5383 2795 5452 ejus
2833 5388 2928 5437 aut
2978 5381 3154 5453 stylus
3208 5388 3303 5437 aut
3349 5397 3532 5439 sermo
3575 5381 3819 5454 aequabit.

2184 5471 2242 5526 1d
2275 5475 2454 5526 tamen
2485 5471 2832 5542 aggredimus
2861 5471 3069 5539 dicere,
3102 5471 3482 5528 Hasnoniense
3522 5473 3820 5530 ccenobium

2184 5560 2420 5630 qualiter
2458 5575 2557 5631 per
2595 5575 2717 5617 eum
2767 5575 2834 5616 ex
2873 5562 3045 5616 veteri
3085 5574 3306 5628 novum,
3359 5576 3425 5617 ex
3483 5563 3735 5634 neglecto
3771 5561 3819 5615 in

2182 5649 2378 5708 melius
2407 5650 2772 5720 elaboratum,
2805 5651 3040 5722 cceperit
3077 5664 3327 5723 surgere.
