4000 6158
178 241 271 299 593

170 456 300 525 Quod
339 471 493 529 super
531 459 683 531 hujus
710 378 1242 531 ιοσῗΑἷεέἷυξξὶἰοηε
1268 477 1447 535 diuina
1484 480 1779 539 admonitus

737 555 807 609 sit
843 558 1177 619 reuelatione.

167 723 175 733 ι
222 633 339 733 Cum
374 646 405 688 a
424 636 733 733 gratissima
770 646 1021 733 pueritiae
1041 664 1156 706 suae
1181 653 1368 711 indole
1387 656 1776 718 adolescentim

163 895 299 991 facile
335 901 477 991 patri
504 916 668 991 spem
725 914 781 963 et
828 912 1086 980 gaudium
1129 895 1234 986 sui,
1294 895 1667 991 quoad'vixit
1723 934 1779 984 et

160 987 323 1086 valuit,
360 988 444 1087 sic
474 990 724 1050 timorem
775 1011 885 1054 non
940 1001 1060 1059 sine
1098 1006 1292 1065 dolore
1310 987 1509 1070 eidem
1539 1023 1780 1087 aegrotus

158 1075 437 1145 suscitavit,
470 1079 609 1138 adeo
632 1090 691 1173 ut
713 1084 841 1143 hinc
861 1088 959 1145 ﬁlii
996 1092 1283 1165 languore,
1306 1099 1435 1157 hinc
1457 1075 1629 1173 patris
1647 1120 1779 1164 moe~

158 1176 266 1254 rore
285 1178 500 1254 omnem
530 1170 739 1228 curiam
768 1174 987 1235 doleres
1006 1183 1331 1254 condolere;
1355 1170 1627 1249 sed'tanto
1647 1195 1776 1252 huic

155 1252 378 1321 periculo
402 1255 682 1316 inclinatis
704 1263 860 1320 caelis
880 1267 1161 1328 inclinavit
1180 1288 1239 1330 se
1269 1252 1450 1334 divina
1469 1280 1771 1350 miseratio,

154 1347 560 1415 sanctorumque
583 1347 884 1409 Marcellini
907 1363 962 1411 et
1000 1359 1147 1416 Petri
1176 1377 1297 1419 cum
1328 1366 1527 1425 Sancto
1548 1347 1773 1429 sancto;

155 1443 259 1485 rum
286 1431 549 1501 visitatio,
575 1452 698 1506 quae
720 1447 776 1496 et
812 1442 1095 1515 languoris
1126 1449 1183 1504 in
1204 1451 1338 1519 ﬁlio,
1371 1460 1426 1510 et
1446 1460 1700 1516 maeroris
1716 1461 1774 1517 in

151 1525 287 1621 patre
323 1522 586 1621 abstersit
616 1527 1044 1592 incommodum.
1084 1539 1219 1595 Nam
1258 1550 1466 1613 aegroto
1494 1549 1774 1621 semivigi-

1179 259 1493 321 HISTORIA
1530 265 2015 328 HASNONIENSIS
2048 270 2474 330 MONASTERII.

1799 396 2082 467 Aplenam
2140 412 2297 469 atque
2344 399 2576 457 salutem
2616 402 2728 472 jam
2766 416 2934 459 sanus
2979 406 3240 468 obtinuit.
3282 417 3412 483 Sed,
3454 422 3519 474 ut

3404 291 3515 348 594

1860 501 2009 557 saepe
2038 488 2180 545 solet
2209 489 2438 546 lubricis
2483 505 2605 546 cum
2644 491 2821 548 salute
2859 496 3042 551 carnis
3081 498 3383 571 subrepere
3429 506 3515 561 in-

1860 575 2089 632 ﬁrmitas
2127 580 2347 645 mentis,
2381 579 2708 636 adolescens
2756 583 3062 641 marchisus
3112 587 3169 642 in
3217 589 3307 646 die
3340 591 3516 649 bono-

1859 678 2001 730 rum,
2043 663 2218 722 factus
2255 666 2541 723 immemor
2594 668 2880 738 malorum,
2930 672 3059 729 dum
3116 680 3336 745 portum
3388 693 3519 736 cor--

1860 766 2045 821 porcae
2065 755 2214 810 subit
2241 756 2453 822 salutis,
2479 763 2605 826 post
2635 757 2975 831 naufragium
2996 762 3279 835 languoris
3308 766 3509 826 divina:

1859 855 2021 910 quam
2059 842 2272 899 viderat
2308 845 2653 901 obliviscitur
2690 847 2936 905 visionis.

2506 936 2722 992 CAPUT
2758 937 2848 992 XI.

1860 1020 2011 1087 Quod
2074 1020 2181 1075 ictu
2235 1019 2357 1076 belli
2419 1024 2709 1092 sauciatus,
2763 1030 2813 1081 et
2869 1026 2935 1081 de
2998 1028 3105 1084 vita
3144 1031 3498 1103 periclitatus,

1930 1108 2106 1164 divina
2132 1123 2315 1165 rursus
2370 1111 2569 1166 uisione
2612 1126 2775 1182 super
2816 1114 2917 1170 hoc
2947 1113 3061 1172 loco
3106 1118 3176 1174 sit
3221 1134 3511 1178 commone-

1927 1197 2117 1267 factus.

1928 1285 2257 1341 Succedenti
2322 1293 2570 1356 tempore
2625 1289 2693 1345 ad
2760 1291 2932 1346 robur
2985 1291 3143 1350 virile
3191 1302 3507 1367 provectus,

1858 1389 1982 1429 cum
2018 1374 2340 1431 Nerviorum
2380 1376 2723 1445 comitatum,
2766 1385 2827 1433 ut
2855 1382 3321 1453 praescripsimus,
3363 1393 3511 1443 esset

1857 1463 2109 1533 adeptus,
2142 1464 2465 1520 ﬂammantis
2486 1465 2782 1523 discordia:
2810 1468 3084 1539 ﬂagellum
3121 1471 3329 1529 immite
3360 1474 3509 1532 inter

1855 1552 2159 1609 Orientales
2222 1559 2278 1608 et
2315 1553 2680 1610 Flandreuses
2720 1557 2888 1612 movit
2916 1558 3142 1614 bellum.
3208 1561 3361 1618 Unde
3391 1563 3510 1619 Bal-

150 1607 266 1664 lanti
306 1610 527 1720 praefati
557 1623 824 1720 martyres
863 1624 961 1679 visi
1002 1633 1131 1682 sunt
1175 1631 1436 1700 astitisse,
1471 1640 1526 1691 et
1566 1638 1624 1692 in
1654 1607 1830 1720 hiec_
1856 1639 2059 1696 duinus
2113 1641 2387 1712 gloriosus
2451 1643 2776 1711 marchisus,
2846 1646 3040 1701 accitis
3095 1662 3232 1717 quas
3288 1654 3508 1720 poterat

150 1698 553 1803 consolationis.
580 1706 746 1763 verba
772 1715 1153 1803 prorupisse:
1206 1720 1318 1776 Hac
1356 1725 1681 1794 aegritudine
1720 1735 1774 1785 te
1795 1716 2057 1797 Bcopiis,
2113 1698 2542 1800 Zutuerpienses
2589 1731 2724 1787 ﬁnes
2781 1733 2937 1803 regni
2974 1734 3059 1788 sui
3100 1698 3335 1793 tlerminro
3374 1752 3507 1794 con-

152 1800 293 1875 posse
326 1788 555 1847 liberari
595 1799 834 1866 noveris,
892 1802 940 1857 si
998 1808 1050 1859 te
1104 1805 1345 1865 futurum
1384 1788 1777 1875 liasnoniensis

148 1872 242 1973 loci
287 1888 664 1939 renovatorem
705 1889 938 1945 voveris.
997 1894 1192 1951 Mansit
1231 1903 1361 1955 tunc
1414 1906 1678 1973 temporis
1706 1872 1774 1964 eo

148 1960 667 2064 loco-Winthericus
718 1977 959 2048 quidam,
1024 1996 1135 2039 non
1192 1986 1373 2043 minus
1427 1960 1573 2048 vitiis
1624 1997 1771 2064 quod

149 2050 338 2110 divitiis
357 2057 665 2129 abundans,
698 2064 754 2120 in
788 2073 1022 2140 utroque
1060 2086 1372 2145 perversus,
1405 2079 1534 2137 dum
1573 2083 1630 2139 in
1643 2050 1771 2143 'uno

132 2331 266 2388 saape
304 2326 702 2422 contigitesse
741 2332 966 2390 bonum.
1014 2339 1148 2395 Nam
1195 2345 1375 2400 omnis
1429 2348 1774 2422 circumqua-

128 2419 220 2510 que
261 2413 442 2510 regio
501 2415 598 2469 tali
635 2418 753 2473 viro
802 2423 959 2489 quasi
998 2432 1152 2495 peste
1197 2429 1503 2502 laborabat,
1560 2444 1615 2493 et
1657 2413 1772 2510 pro

120 2493 427 2555 afﬂictione
468 2516 567 2557 sua
617 2506 786 2562 totius
833 2493 1167 2571 terraeillius
1206 2532 1311 2575 vox
1347 2522 1415 2578 ad
1446 2493 1615 2581 Deum
1654 2493 1771 2585 crla;

117 2586 331 2655 mabat;
365 2595 435 2645 et
465 2605 596 2648 ecce
625 2594 679 2649 in
712 2597 902 2653 eadem
941 2601 1044 2657 hac
1095 2607 1430 2667 revelatione
1474 2623 1771 2687 martyrum

124 2687 365 2743 suorum,
442 2682 765 2740 recordatus
816 2694 900 2742 est
964 2691 1228 2751 Dominus
1290 2700 1517 2757 scabelli
1574 2682 1774 2774 pedum

135 2776 388 2857 suorum:
424 2780 546 2824 nam
597 2772 829 2840 praefato
876 2777 1145 2837 Balduino
1184 2790 1475 2857 aegrotanti
1513 2772 1773 2851 acsemi-

138 2850 394 2954 vigilanti.
414 2859 590 2954 sancti
640 2875 780 2931 quos
824 2850 1263 2939 praeseripsimus
1315 2886 1580 2950 martyres
1616 2883 1774 2954 adje-

141 2948 322 2997 cerunt
377 2943 676 3016 inculcare,
737 2958 796 3007 ut
847 2954 1241 3017 Winthericum
1289 2943 1509 3024 nomine
1558 2980 1613 3026 et
1648 2943 1774 3030 actu

1858 1816 2059 1886 tiguos,
2093 1831 2270 1889 eoque
2318 1820 2490 1889 magis
2529 1818 2778 1887 infestos,
2818 1820 3043 1892 aggredi
3084 1829 3278 1892 parat;
3322 1830 3378 1881 et
3415 1826 3505 1882 di-

1855 1905 1987 1961 visis
2023 1908 2377 1973 exercitibus,
2442 1908 2570 1964 hinc
2628 1908 2823 1976 navali,
2866 1909 2995 1965 hinc
3043 1913 3288 1982 equestri
3328 1920 3507 1971 certa-

1855 1994 2021 2061 mine,
2097 2003 2271 2052 semet
2334 1997 2583 2064 navibus,
2635 1998 2912 2067 juniorem
2977 2000 3309 2056 marchisum
3375 2002 3501 2059 Bal-

1855 2081 2082 2138 duinum
2121 2098 2360 2153 praeesse
2398 2085 2571 2141 voluit
2600 2086 2909 2156 equitibus:
2943 2087 3039 2142 sed
3062 2088 3255 2145 eodem
3281 2091 3504 2161 juniore

1855 2172 2130 2228 marchiso
2169 2173 2512 2243 equitatuum
2560 2182 2739 2230 castra
2786 2189 2853 2230 eo
2893 2189 3003 2245 quo
3054 2177 3369 2235 intenderat
3405 2180 3507 2235 du-

1854 2267 2036 2328 cente,
2095 2269 2150 2317 et
2188 2276 2310 2318 cum
2352 2264 2560 2332 paucis,
2594 2269 2655 2318 ut
2701 2268 2831 2319 tunc
2880 2270 3108 2320 eventus
3134 2266 3346 2335 habuit,
3388 2267 3505 2324 lon-

1853 2350 2101 2421 giuscule
2147 2365 2178 2406 a
2228 2352 2630 2420 posterioribus
2667 2358 2974 2407 castrorum
3020 2354 3127 2408 iter
3167 2359 3385 2424 agente,
3445 2356 3503 2411 in

1854 2439 2068 2495 hostem
2132 2440 2189 2495 in
2245 2440 2462 2496 insidiis
2516 2441 2983 2497 succenturiatum
3041 2441 3370 2511 improvisus
3425 2443 3506 2499 in-

1856 2528 2010 2595 cidit,
2044 2544 2213 2599 seque
2243 2544 2484 2600 suosque
2524 2531 2800 2587 constanti
2830 2530 3060 2587 audacia
3090 2530 3214 2587 eum
3244 2532 3501 2602 consilio,

1857 2622 1917 2671 ut
1969 2619 2168 2686 potuit,
2209 2621 2472 2675 armavit:
2516 2620 2767 2676 cominus
2805 2621 3079 2691 utrimque
3122 2622 3501 2693 congreditur,

1858 2703 2063 2759 bellum
2091 2708 2421 2774 conseritur,
2462 2708 2806 2778 gladiisjam,
2840 2722 2950 2764 non
2982 2708 3283 2765 missilibus
3321 2724 3504 2781 pugna

1856 2792 2088 2862 geritur,
2158 2808 2391 2863 cumque
2458 2795 2733 2865 utrimque
2792 2795 2887 2851 diu
2944 2802 3217 2863 certatur,
3284 2797 3503 2853 hostem

1857 2879 2141 2938 fortiorem
2251 2882 2703 2955 infestioremque
2809 2885 3114 2940 Hubertum
3214 2885 3506 2956 quemdam

1856 2971 2163 3027 marchisus
2194 2973 2423 3041 invadit,
2453 2974 2684 3041 sauciat,
2726 2974 3003 3029 sauciatus
3050 2979 3106 3029 et
3141 2974 3262 3044 ipse
3291 2974 3503 3045 dejicit,

141 3032 461 3133 contrarium
502 3049 672 3133 regno
708 3042 1089 3133 compelleret
1134 3049 1266 3107 inde
1322 3056 1576 3127 migrare.
1618 3039 2014 3127 Hancccujus
2069 3061 2307 3130 dejectio
2348 3032 2420 3117 et,
2459 3032 2706 3132 reliquos
2751 3062 2990 3119 hostium
3049 3032 3192 3133 fugae
3231 3032 3405 3130 dedit,
3449 3032 3506 3119 et

142 3116 512 3207 revelationem
561 3124 783 3182 Bruchii
830 3128 1047 3200 factam,
1098 3138 1225 3206 quia
1286 3116 1527 3201 ﬁdelium
1592 3116 1767 3207 relatu

142 3203 439 3310 didicimus,
474 3211 691 3310 ﬁdelem
721 3215 957 3276 ﬁdeliter
985 3203 1342 3299 credidimus,
1363 3203 1765 3310 credentesque

138 3294 339 3365 scriptis
368 3300 717 3358 tradidimus.

775 3395 990 3455 CAPUT
1029 3402 1091 3458 X.

138 3469 267 3534 Quod
310 3477 548 3573 eumdem
575 3477 743 3573 locum
787 3486 955 3573 patris
995 3493 1343 3563 muniﬁcentia
1380 3499 1756 3573 impetraverit,

323 3566 418 3621 sed
450 3567 823 3627 admonitionis
851 3574 1040 3633 diuina:
1075 3579 1340 3640 immemor
1363 3566 1541 3656 fuerit.

196 3650 309 3740 _Erat
346 3669 412 3712 eo
454 3658 811 3717 revelationis
855 3670 1102 3736 tempore
1140 3650 1415 3740 gloriosus
1453 3679 1758 3740 marchisus

136 3734 406 3841 Bailduinus
455 3748 709 3841 assidens
746 3750 881 3819 ﬁlio,
941 3734 1036 3824 qui
1079 3734 1189 3826 jam
1242 3734 1758 3841 conclamatus—ia:

135 3825 288 3922 tebat,
319 3833 406 3888 cui
448 3833 520 3889 ad
550 3835 949 3897 observandum
995 3825 1296 3905 extremum
1326 3853 1577 3921 spiritum
1608 3825 1754 3917 velut

130 3920 220 4016 iam
273 3920 501 3994 jamque
556 3927 850 3997 exiturum,
909 3946 1127 3991 cereum
1186 3920 1468 3999 ardentem
1518 3955 1756 4016 praeten-

78 4038 81 4041 -
134 4000 315 4098 debat:
355 4014 456 4069 sed
517 4012 661 4071 ﬁlius
698 4017 792 4073 diu
832 4021 1024 4078 oculos
1087 4024 1143 4080 in
1208 4031 1419 4087 extasin
1479 4000 1754 4098 είῖιᾶιῖῖξι

135 4086 419 4186 languorem
488 4102 705 4161 clausos
740 4111 989 4177 aperuit:
1032 4113 1273 4186 linguam
1320 4120 1377 4175 in
1424 4125 1590 4181 verba
1628 4086 1747 4184 bal:

134 4175 603 4287 butienlia_potitts
657 4196 745 4251 vix
776 4175 971 4255 movit
1008 4175 1167 4272 quam
1208 4175 1750 4287 composu'i—tfpa'tri-

132 4272 457 4367 flueblandis
497 4295 557 4336 se
611 4287 960 4367 sermonibus
989 4305 1158 4361 super
1201 4272 1376 4354 salute
1425 4272 1746 4364 sui'scisci-

132 4358 264 4426 tanti,
295 4367 421 4434 quid
458 4369 660 4426 viderit
699 4363 919 4432 retulits
946 4358 1161 4450 Adjecit
1189 4383 1417 4457 insuper
1453 4406 1512 4447 se

130 4456 225 4544 sua:
251 4465 404 4544 posse
446 4456 569 4514 ﬁeri
609 4470 939 4533 compotem,
962 4469 1009 4523 si
1047 4484 1106 4526 se
1137 4474 1249 4528 voti
1286 4478 1371 4532 sui
1402 4478 1586 4537 divina
1624 4485 1744 4541 ins-

317 4547 658 4643 revelatione
700 4559 858 4621 pater
894 4553 1099 4614 faceret
1137 4570 1467 4633 compotem.
1501 4539 1745 4643 Cumque

131 4622 298 4723 salutis
331 4632 426 4690 ﬁlii
483 4644 639 4705 pater
677 4644 965 4711 tantopere
1012 4622 1279 4717 cupidus;
1308 4622 1745 4723 quidrvotwowslib'i

130 4713 319 4775 sederet
374 4726 703 4795 requisisset
750 4730 1055 4801 sollicitus;
1084 4713 1159 4793 “ut
1198 4713 1747 4808 Hasnoniensem‘l—o:

132 4811 234 4898 cum
274 4808 374 4866 sibi
412 4813 567 4871 dono
614 4817 892 4876 conferret
919 4826 1129 4895 rogavit
1165 4832 1220 4883 et
1249 4829 1579 4901 impetravit.
1611 4839 1744 4895 Nam

130 4900 586 4991 circumstantibus
641 4907 965 4976 quibusdam
1034 4915 1350 4984 curialibus,
1402 4936 1543 4991 quos
1600 4941 1744 4984 mar-

131 4977 290 5038 chisus
341 4991 408 5045 ad
472 4996 845 5063 spectaculum
898 5002 981 5057 sui
1045 5007 1297 5063 mceroris
1359 4977 1598 5082 admisit,
1658 5032 1745 5076 ce-

131 5079 259 5167 reum
286 5078 569 5167 ardentem
615 5084 728 5142 ﬂlio
773 5086 830 5142 in
860 5103 1051 5146 manus
1079 5092 1252 5163 dedit,
1285 5111 1396 5167 quo
1434 5100 1485 5156 ei
1525 5078 1743 5163 Hasno-

131 5166 255 5252 ﬁnium
291 5166 436 5223 velut
473 5173 859 5242 astipulatione
924 5180 1154 5237 subnixa
1218 5166 1532 5246 donativum
1588 5192 1738 5252 fecit.

130 5241 493 5352 Erat-cernere
531 5241 641 5317 uno
680 5264 984 5336 eodemque
1014 5277 1292 5329 momento
1316 5275 1485 5334 ﬁlium
1524 5295 1554 5336 a
1586 5289 1739 5352 patre

129 5329 435 5441 donativum,
474 5354 529 5403 et
565 5364 594 5405 a
633 5354 840 5409 sanctis
879 5355 1053 5411 morbi
1093 5361 1391 5420 remedium
1429 5329 1739 5441 suscepisse

130 5421 420 5519 redivivum.
486 5437 695 5496 Exinde
762 5442 817 5498 in
876 5443 996 5501 dies
1054 5447 1312 5516 paulatim
1388 5421 1741 5519 meliusculus

130 5517 401 5590 convaluit,
434 5525 764 5601 plenumque
800 5534 1058 5604 gaudium
1087 5538 1274 5596 multis
1299 5539 1419 5612 ipse
1456 5543 1578 5614 fuit,
1610 5517 1738 5609 dum

1852 3161 2089 3219 pugnam
2138 3152 2360 3205 exemit.
2393 3152 2643 3207 Manibus
2698 3165 2923 3207 suorum
2969 3152 3161 3220 junior
3198 3151 3503 3208 marchisus

1846 3237 2157 3294 Gandavum
2205 3240 2441 3307 vehitur,
2492 3254 2557 3295 ac
2604 3253 2715 3296 non
2754 3240 2990 3296 modicis
3017 3240 3214 3296 diebus
3242 3254 3355 3297 non
3386 3254 3497 3297 mo-

1845 3326 1954 3381 dici
2011 3327 2254 3384 vulneris
2303 3328 2565 3399 languore
2602 3327 2883 3398 afﬂigitur.
2932 3329 3176 3399 Cumque
3200 3330 3313 3397 jam
3352 3342 3495 3398 pene

1843 3414 1912 3471 de
1951 3417 2060 3471 vita
2121 3417 2548 3486 periclitaretur,
2606 3416 2807 3472 divina:
2854 3429 3022 3484 super
3076 3415 3357 3470 Hasnonio
3404 3429 3495 3470 re-

1841 3504 2130 3560 velationis
2188 3520 2286 3574 per
2331 3504 2653 3559 Salakonem
2709 3504 2794 3557 sui
2826 3503 2956 3558 olim
3016 3508 3252 3557 tutorem
3299 3501 3491 3558 admo-

1842 3598 2041 3659 netur;
2083 3598 2293 3662 patrem
2342 3592 2437 3663 qui
2486 3597 2619 3646 tunc
2655 3597 2884 3646 mmstus
2919 3591 3129 3657 aderat,
3170 3604 3341 3660 super
3376 3590 3484 3647 hoc

1838 3696 2094 3738 sermone
2141 3696 2252 3752 quo
2300 3681 2501 3751 potuit,
2556 3680 2835 3745 convenit,
2886 3693 3009 3734 cum
3058 3692 3189 3749 quo,
3232 3684 3293 3734 ut
3329 3680 3483 3735 Win-

1838 3769 2131 3836 thericum,
2192 3769 2281 3825 cui
2328 3768 2665 3824 Hasnonium
2730 3773 2862 3823 tunc
2927 3768 3295 3838 competebat,
3354 3781 3482 3826 evo-

1836 3867 2008 3927 caret,
2040 3860 2327 3916 consilium
2374 3858 2603 3915 invenit.
2644 3860 2914 3915 Evocatur
2941 3872 3109 3928 super
3154 3858 3480 3915 concambio

1837 3949 2120 4016 Hasnonii,
2161 3948 2362 4005 blande
2400 3947 2745 4015 convenitur,
2785 3947 2882 4003 sed
2939 3946 3034 4003 diu
3074 3947 3479 4018 postulantibus

1832 4054 1995 4096 aures
2033 4046 2262 4105 tantum,
2295 4051 2405 4095 non
2434 4050 2737 4104 assensum,
2772 4036 3029 4107 praebuit.

2462 4127 2678 4183 CAPUT
2716 4127 2829 4181 XI].

1829 4220 1907 4274 De
1934 4222 2108 4274 castro
2137 4217 2501 4274 Hasnoniense
2556 4232 2591 4272 a
2627 4216 2839 4285 juniore
2875 4212 3138 4270 Balduino
3190 4215 3309 4283 igne
3354 4230 3476 4271 cre-

2007 4312 2169 4373 mato,
2199 4306 2293 4361 sed
2323 4306 2490 4360 denuo
2520 4320 2555 4359 a
2608 4303 2923 4359 Wintlterico
2953 4301 3293 4370 rewdiﬁcato.

1901 4397 2072 4467 Igitur
2108 4410 2255 4464 saepe
2286 4398 2619 4449 memoratus
2648 4389 2945 4446 Balduinus
2972 4388 3232 4443 cicatrice
3278 4386 3476 4442 vulnus

1828 4484 2139 4540 obducente
2169 4483 2465 4549 convaluit,
2516 4487 2687 4550 utque
2726 4478 2944 4534 eﬂ‘ectui
2992 4475 3231 4532 divinam
3260 4474 3472 4531 manci-

1830 4580 1984 4644 paret
2030 4572 2482 4636 admonitionem,
2542 4569 2826 4625 elaborare
2873 4563 3131 4621 instituit.
3192 4563 3299 4619 Sed
3337 4562 3470 4633 quid

1827 4667 2035 4733 ageret,
2067 4661 2161 4731 qui
2192 4660 2340 4716 nulla
2380 4660 2593 4715 ratione
2632 4659 2690 4713 in
2728 4654 2957 4727 praefato
2988 4652 3329 4709 Wintherico
3369 4664 3471 4706 nec

1828 4752 2156 4808 obstinatam
2196 4753 2455 4814 mentem,
2514 4761 2617 4802 nec
2671 4745 2868 4801 surdas
2917 4743 2987 4798 ad
3035 4739 3467 4806 assentiendum,

1828 4856 1898 4898 ne
1953 4842 2130 4896 dicam
2177 4839 2246 4894 ad
2304 4837 2658 4915 audiendum,
2715 4839 2878 4890 aures
2933 4830 3200 4888 inclinare
3248 4829 3472 4901 potuit?

1825 4931 2010 4986 Virtus
2056 4928 2243 5001 igitur,
2287 4927 2515 4983 rationis
2560 4925 2645 4980 via
2683 4939 2750 4980 ex
2800 4921 3050 4991 obliquo,
3101 4919 3170 4975 ad
3223 4917 3470 4988 id-quod

1824 5019 1997 5077 voluit
2051 5017 2336 5089 pervenire
2387 5013 2680 5085 disposuit.
2710 5011 2993 5068 iuniorem
3023 5008 3207 5080 itaque
3245 5006 3470 5063 fratrem

1824 5106 2150 5164 Wintherici
2187 5104 2469 5161 blanditiis
2516 5108 2571 5158 et
2601 5100 2841 5171 praemiis
2876 5098 2945 5155 ad
2993 5096 3319 5154 tradendum
3362 5095 3469 5151 sibi

1823 5197 2105 5254 castellum
2137 5194 2514 5251 Hasnoniense
2536 5191 2674 5246 clam
2703 5188 2894 5253 suasit,
2921 5194 2977 5243 et
3004 5186 3137 5242 licet
3173 5184 3471 5242 difﬁculter

1824 5285 2079 5343 tradendi
2110 5289 2328 5355 pactum
2366 5280 2714 5352 impetravit;
2748 5291 2859 5349 quo
2890 5283 3051 5348 pacto
3090 5276 3276 5346 potius
3305 5288 3466 5344 quam

1821 5364 1988 5432 armis
2029 5379 2290 5436 armatus,
2330 5384 2456 5427 cum
2519 5381 2631 5424 non
2671 5366 2856 5423 multis
2893 5378 3117 5422 suorum
3166 5363 3344 5434 copiis
3380 5377 3468 5419 ca-

1821 5464 2038 5521 stellum
2067 5476 2133 5519 ex
2162 5460 2462 5529 improviso
2491 5456 2710 5523 invasit,
2744 5454 3113 5524 incendioque
3134 5453 3326 5510 delens
3344 5453 3464 5510 solo

1824 5551 2094 5624 aequavit:
2152 5549 2249 5606 sed
2309 5563 2370 5605 re
2426 5553 2599 5619 gesta,
2650 5545 2955 5604 marchisus
3002 5544 3291 5602 consilium
3339 5557 3466 5614 per-
