4040 6170
442 290 551 359 595

1559 297 1848 353 TOMELLI
1886 294 2188 352 MONACHI
2228 290 2707 350 HASNONIENSIS

3700 287 3802 343 596

443 432 607 499 didit,
665 429 923 500 quoniam
962 426 1031 483 ad
1084 434 1267 482 votum
1316 438 1405 482 res
1449 436 1559 479 non
1611 423 1896 479 successit.
1946 420 2408 489 NamAreliquo,
2440 417 2755 487 speluncam
2816 415 2960 470 illam
3005 414 3274 471 latronum
3325 418 3528 471 mutata
3558 416 3671 470 \‘icc
3699 416 3809 471 dis-

445 520 839 584 Winthericus,
898 532 957 572 re
1022 520 1323 584 comperta,
1390 512 1707 568 traditionis
1752 511 1914 567 etiam
1962 525 2089 566 sus-
2174 509 2358 579 posuit
2384 506 2563 563 facere
2592 505 2689 561 Dei
2714 504 2962 562 domum.

450 611 668 682 picionc
701 622 809 666 non
851 606 1082 671 incerta,
1122 610 1241 659 astu
1273 616 1383 673 quo
1414 601 1622 667 calluit,
1673 601 1795 657 nisu
1853 614 1962 670 quo
2001 613 2091 652 va-

2811 593 3027 649 CAPUT
3064 592 3174 647 XV.

453 679 574 766 Iuit,
618 696 828 755 castelli
878 695 962 751 sui
1001 694 1217 759 damna,
1247 691 1396 747 velut
1434 690 1526 746 illa
1562 691 1802 746 recidiva
1832 691 2090 759 Pergama
2174 688 2253 742 De
2282 684 2511 753 ejusdem
2540 681 2642 737 loci
2678 680 2947 737 canonicis
2975 696 3009 735 a
3056 680 3279 751 praefato
3316 680 3594 735 marchisio
3620 679 3806 734 callida

457 796 714 859 reparare
774 784 1035 854 instituit,
1081 782 1306 837 affectus
1343 780 1428 836 sui
1476 780 1724 836 effectum
1756 780 1963 835 invenit
2009 795 2094 834 re-

460 877 725 949 parando,
773 880 831 931 et
884 871 1140 928 marchisi
1179 870 1469 925 consilium
1508 870 1576 925 ad
1608 883 1853 939 praesens
1881 869 2093 924 irritum

456 966 605 1022 fecit.

1071 1049 1288 1105 CAPUT
1325 1049 1463 1103 XIII.

459 1159 611 1228 Quod
665 1157 1034 1219 Winthericus,
1076 1171 1109 1210 a
1160 1154 1377 1226 proprio
1424 1152 1586 1208 milite
1622 1153 1940 1219 interemtus,
2001 1152 2101 1206 hu-

902 1246 1070 1300 manis
1098 1244 1166 1299 sit
1194 1243 1348 1299 rebus
1376 1246 1661 1314 exemptus.

532 1356 662 1410 Cum
695 1365 826 1423 ergo
859 1350 1256 1407 nobilissimum
1290 1348 1544 1403 comitem
1585 1360 1697 1402 non
1748 1345 1923 1402 solum
1955 1345 2103 1401 nulla

463 1443 575 1499 voti
623 1441 708 1497 sui
748 1439 915 1496 facies
950 1439 1207 1508 cepisset,
1257 1436 1353 1492 sed
1386 1437 1546 1492 etiam
1604 1435 1751 1506 quod
1809 1435 2105 1506 gerebatur

459 1533 754 1602 desperare
797 1528 1106 1598 coegisset;
1157 1526 1215 1581 in
1259 1539 1319 1581 se
1365 1525 1606 1592 rediens,
1658 1524 1807 1594 quod
1865 1524 2104 1579 humano

461 1635 571 1678 non
628 1618 829 1689 potuit,
890 1616 1075 1671 divino
1126 1613 1526 1684 impetrandum
1577 1613 1780 1669 auxilio
1819 1612 2101 1668 credidit:

459 1711 605 1767 unde
648 1715 704 1764 et
742 1722 841 1777 per
889 1720 949 1760 se
986 1711 1043 1760 et
1085 1718 1187 1774 per
1241 1704 1379 1759 alios
1423 1702 1491 1758 ad
1541 1717 1701 1759 aures
1742 1702 1838 1759 Dei
1867 1701 2105 1758 Sabaoth

462 1804 757 1870 perpetuas
812 1808 1006 1865 preces
1062 1790 1462 1863 perpetuabat,’
1507 1798 1567 1848 ut
1622 1793 1765 1848 sicut
1803 1792 1984 1847 divina
2023 1805 2109 1846 re-

462 1887 735 1942 velatione
793 1898 893 1954 per
929 1889 1198 1952 martyres
1253 1896 1382 1938 suos
1435 1881 1568 1938 boni
1616 1882 1802 1951 operis
1853 1883 2112 1952 concepit

458 1975 734 2038 affectum,
765 1973 841 2027 ita
870 1972 1139 2027 inveniret
1170 1970 1443 2026 effectum.
1486 1971 1591 2026 Sed
1633 1972 1777 2026 sicut
1815 1971 2110 2041 promissio

457 2064 708 2120 veritatis
756 2076 880 2132 quae
920 2060 1092 2116 dicit:
1152 2060 1317 2115 Pelite
1373 2065 1421 2115 et
1477 2060 1763 2131 accipietis,
1808 2059 2014 2131 pulsate
2064 2063 2117 2114 et

459 2155 725 2226 aperietur
779 2150 942 2215 vobis,
995 2150 1200 2205 cassari
1251 2162 1361 2205 non
1410 2149 1637 2219 potuit:
1689 2150 1770 2205 sic
1818 2150 2014 2219 petitio
2058 2150 2114 2204 in

457 2241 683 2298 nomine
739 2241 867 2295 Jesu
909 2238 1209 2308 petentium
1259 2235 1555 2293 efficaciam
1605 2251 1716 2292 non
1764 2238 1967 2293 habere
2006 2251 2117 2294 non

464 2329 665 2401 potuit.
728 2329 796 2382 Et
844 2340 974 2381 ecce
1026 2338 1217 2380 mucro
1248 2324 1451 2380 furoris
1487 2325 1699 2381 Domini
1747 2327 1802 2381 in
1859 2326 2118 2381 verticem

472 2416 798 2473 Wintherici
848 2414 1186 2485 evaginatur,
1227 2413 1507 2484 ictumque
1560 2414 1627 2469 ad
1685 2415 1916 2469 animam
1949 2426 2122 2483 usque

479 2508 782 2563 minitatur.
838 2506 970 2559 Nam
1029 2502 1158 2557 dum
1215 2501 1324 2557 iter
1386 2517 1506 2557 cum
1565 2502 1681 2557 suis
1736 2501 1967 2572 quadam
2034 2502 2124 2557 die

481 2601 689 2668 ageret,
740 2593 835 2648 uni
891 2605 1114 2648 suorum
1167 2589 1423 2646 adulterii
1483 2590 1689 2646 crimen
1748 2591 1801 2645 in
1850 2591 2126 2647 dominam

483 2698 635 2741 suam
676 2681 1005 2737 intentione—
1040 2680 1275 2734 intentat
1309 2700 1321 2734 :
1368 2693 1397 2734 a
1445 2693 1555 2749 quo
1603 2680 1731 2736 dum
1762 2680 2128 2737 excusabilem

485 2773 612 2830 facti
643 2770 1013 2842 repulsionem
1044 2769 1369 2839 accepisset,
1401 2783 1504 2825 nec
1541 2768 1622 2825 sic
1654 2770 1737 2824 vel
1776 2772 2133 2828 sacramentis

487 2860 829 2919 terribilibus
877 2856 1189 2914 satisfactus
1225 2857 1437 2925 fuisset,
1481 2870 1548 2914 eo
1596 2873 1685 2913 res
1734 2860 2023 2929 processit,
2073 2864 2135 2914 ut

489 2951 730 3008 duellum
787 2948 856 3004 ab
910 2962 976 3003 eo
1006 2954 1133 3003 ante
1172 2946 1382 3003 diludia
1410 2948 1530 3003 sine
1560 2948 1824 3004 dilatione
1855 2954 2129 3018 posceret.

488 3039 642 3107 Quod
674 3051 797 3093 cum
828 3035 920 3092 ille
949 3036 1018 3091 ab
1048 3035 1157 3093 alio
1208 3035 1392 3105 potius
1420 3050 1582 3106 quam
1612 3051 1643 3091 a
1672 3037 1896 3092 domino
1935 3038 2132 3094 timore

492 3126 666 3196 magis
693 3124 907 3180 Domini
956 3138 1117 3193 quam
1167 3124 1419 3179 intentati
1466 3124 1713 3180 criminis
1766 3126 2130 3195 poposcisset,

494 3214 587 3269 ille
614 3226 745 3268 vero
776 3225 887 3267 non
926 3212 1102 3267 solum
1141 3225 1250 3267 non
1281 3212 1665 3281 acquievisset,
1697 3214 1793 3269 sed
1825 3219 1881 3270 ct
1909 3215 2135 3270 militem

496 3301 662 3359 armis
682 3301 1007 3370 impetisset,
1039 3298 1197 3355 miles
1217 3298 1556 3356 defensionis
1594 3302 1823 3357 obtentu
1855 3303 2137 3359 dominum

499 3390 826 3447 confodiens
891 3389 1213 3459 prosternit,
1255 3388 1447 3459 sicque
1504 3390 1625 3446 solo
1662 3390 1823 3448 simul
1872 3398 1927 3448 et
1976 3392 2139 3448 morti

501 3480 691 3537 dedit:
727 3484 782 3536 ct
819 3493 982 3551 quem
1014 3477 1290 3534 occultum
1333 3479 1428 3534 Dei
1462 3479 1726 3549 judicium
1759 3480 1852 3537 diu
1885 3481 2143 3551 patiendo

501 3570 571 3626 ad
623 3568 918 3624 vindictam
967 3567 1199 3635 distulit,
1259 3567 1310 3624 ei
1372 3582 1471 3638 per
1526 3583 1673 3624 arma
1731 3569 1920 3626 militis
1981 3570 2146 3625 vitam

503 3657 664 3715 simul
695 3671 817 3713 cum
856 3656 1083 3712 castello
1120 3655 1365 3711 abstulit.

1125 3764 1342 3819 CAPUT
1380 3763 1514 3818 XIV.

507 3871 658 3938 Quod
714 3868 1005 3926 Balduinus
1057 3873 1239 3924 sextus
1304 3868 1594 3923 marchisus
1651 3873 1879 3925 castrum
1944 3871 2154 3925 Hasno-

614 3958 795 4012 niense
818 3957 1031 4025 inuasit,
1051 3956 1289 4012 incendio
1308 3955 1513 4023 deleuit,
1547 3962 1839 4014 castrenses
1875 3958 2044 4029 ejecit.

584 4064 731 4119 Facti
761 4062 901 4118 fama
929 4062 1095 4129 volat,
1146 4067 1201 4116 et
1248 4062 1303 4116 in
1351 4061 1578 4117 auribus
1612 4064 1851 4133 junioris
1898 4064 2156 4122 marchisi

512 4154 864 4209 innotuerat:
909 4165 1020 4207 rem
1069 4151 1229 4206 lmtus
1270 4152 1493 4221 accipit,
1526 4152 1788 4209 desiderii
1827 4154 1912 4209 sui
1951 4168 2010 4210 se
2039 4154 2158 4211 fore

513 4247 825 4310 compotem
877 4242 989 4296 Deo
1036 4240 1338 4307 ascribens,
1389 4240 1592 4311 gratias
1647 4242 1778 4311 agit,
1833 4256 1865 4297 a
1919 4256 2030 4312 quo
2061 4244 2159 4299 im-

516 4336 734 4402 petrare
786 4329 983 4385 meruit
1037 4328 1184 4400 quod
1234 4329 1302 4383 ab
1358 4328 1580 4385 homine
1629 4342 1740 4385 non
1789 4331 2004 4400 potuit:
2058 4331 2155 4388 sed

516 4420 723 4476 veritus
780 4433 848 4474 ne
886 4418 1148 4475 desiderii
1186 4418 1271 4474 sui
1327 4417 1538 4475 lucrum
1568 4419 1844 4489 perderet,
1885 4420 1932 4476 si
1964 4387 2228 4477 irrum-D

522 4524 653 4581 pere
710 4522 836 4564 mox
907 4507 1188 4564 castellum
1247 4506 1623 4564 Hasnoniense
1679 4508 1911 4574 differet,
1970 4509 2163 4565 accitis

524 4612 665 4668 quos
693 4597 857 4653 citius
886 4602 1101 4667 poterat
1130 4603 1462 4653 armatorum
1493 4612 1718 4654 suorum
1749 4600 1947 4668 copiis,
1984 4613 2165 4654 moras

525 4687 769 4756 ipsorum
818 4685 1180 4755 praeveniens,
1231 4692 1468 4742 castrum
1525 4687 1744 4742 invasit.
1794 4689 1907 4743 Nec
1952 4688 2019 4743 ad
2080 4702 2167 4743 re-

530 4774 879 4847 pugnandum
919 4773 1098 4830 facilis
1150 4774 1235 4829 via
1282 4774 1499 4831 consilii
1556 4776 1929 4831 castrensibus
1967 4776 2161 4843 fuerat,

530 4871 720 4935 utpote
769 4864 1018 4934 principe
1075 4862 1374 4931 destitutis,
1426 4877 1529 4920 nec
1584 4864 1723 4921 adeo
1769 4864 1855 4920 vel
1913 4866 2020 4920 loci
2082 4865 2165 4921 vel

528 4960 801 5010 armorum
845 4952 1078 5009 tuitione
1117 4952 1363 5019 munitis,
1413 4953 1641 5022 insuper
1685 4968 1752 5009 ne
1808 4954 1914 5009 sibi
1960 4968 2167 5011 consu-

530 5044 711 5100 lorent
742 5042 1005 5111 temporis
1050 5041 1379 5097 necessitate
1419 5043 1712 5112 prmventis
1755 5064 1767 5098 :
1812 5043 1959 5099 unde
2007 5058 2169 5114 quam

529 5132 751 5189 difficile
808 5132 890 5187 eis
935 5130 1003 5186 ad
1060 5130 1447 5197 resistendum,
1507 5137 1617 5187 tam
1674 5131 1835 5188 facile
1895 5134 2170 5191 marchiso

530 5221 708 5277 fuerat
745 5220 813 5276 ad
852 5218 1236 5275 insistendum.
1298 5221 1611 5289 lrrumpens
1657 5234 1788 5292 ergo
1834 5222 1997 5277 castri
2029 5222 2169 5290 loca,

530 5310 728 5380 gladiis
775 5309 878 5364 sibi
926 5309 1151 5378 suisque
1199 5308 1337 5364 viam
1367 5306 1518 5374 fecit,
1553 5308 1854 5379 ejectisque
1884 5310 2004 5366 sine
2043 5326 2175 5367 san-

532 5398 695 5469 guine
725 5398 1055 5464 castellanis,
1115 5396 1398 5454 castellum
1452 5410 1612 5454 omne
1670 5397 1782 5468 igni
1813 5397 1985 5465 dedit,
2020 5400 2178 5469 cujus

539 5485 675 5541 nihil
735 5486 1004 5555 reliquum
1050 5484 1200 5552 fecit,
1253 5486 1482 5557 insuper
1525 5485 1652 5542 valli
1699 5500 1951 5558 aggerem
1984 5488 2174 5545 humili

540 5580 706 5631 terrae
750 5575 924 5632 instar
979 5576 1221 5646 aequoris
1249 5577 1574 5648 coaequavit.
1616 5576 1816 5648 Sicque
1845 5591 2073 5635 securus
2109 5579 2178 5637 de

2247 774 2568 841 benignitate
2621 770 2903 837 conventis,
2951 784 3228 840 eorumque
3294 768 3563 841 stipendiis
3620 768 3816 823 redem-

2244 863 2369 933 ptis.

2252 953 2419 1007 Erant
2448 961 2515 1005 eo
2554 948 2610 1003 in
2641 947 2766 1004 loco
2791 962 2855 1004 ea
2884 951 3231 1018 tempestate,
3266 952 3325 1001 ut
3353 946 3563 1015 praefati
3602 959 3810 1010 sumus,

2183 1039 2437 1096 canonici
2493 1037 2613 1093 solo
2646 1037 2866 1093 nomine
2927 1036 2985 1091 in
3043 1037 3238 1090 castris
3267 1034 3466 1090 divinis
3506 1033 3820 1098 militantes,

2185 1127 2552 1184 exterioribus
2611 1125 2734 1196 plus
2787 1127 2959 1196 justo,
3021 1124 3382 1180 interioribus
3435 1124 3614 1178 minus
3673 1123 3823 1191 justo

2186 1216 2508 1273 insudantes
2570 1235 2583 1271 :
2648 1221 2703 1271 et
2753 1215 2882 1284 quia
2927 1214 3045 1270 viro
3092 1213 3397 1269 clarissimo
3445 1212 3589 1268 sedit
3644 1211 3826 1266 animo

2187 1308 2481 1364 canonicas
2538 1305 2969 1362 consuetudines
3028 1303 3346 1361 monasticis
3402 1316 3468 1358 eo
3540 1301 3645 1358 loci
3715 1314 3831 1355 mu-

2188 1402 2332 1461 tare;
2395 1400 2456 1450 ut
2507 1395 2584 1461 id,
2642 1394 2789 1449 salva
2848 1394 3134 1463 utriusque
3201 1393 3415 1448 ordinis
3467 1405 3600 1461 pace
3650 1390 3829 1452 ﬁeret,

2188 1485 2243 1539 in
2283 1497 2444 1540 omne
2500 1482 2789 1538 consilium
2823 1481 3035 1537 diutina
3068 1480 3468 1537 deliberatione
3520 1477 3829 1534 descendit.

2187 1573 2514 1629 Convocatis
2563 1585 2694 1643 ergo
2751 1585 2899 1627 nunc
2928 1570 3179 1642 singulis,
3216 1583 3362 1624 nunc
3411 1568 3685 1633 omnibus,
3721 1565 3834 1636 ple-

2189 1676 2420 1732 rumque
2460 1675 2557 1717 eos
2593 1661 2662 1716 ad
2695 1659 3108 1717 conversionem
3168 1672 3401 1726 morum,
3460 1656 3736 1713 interdum
3770 1654 3834 1710 ad

2126 1743 2513 1807 Bmonachale
2545 1750 2910 1820 propositum,
2971 1754 3249 1819 postremo
3299 1752 3359 1802 ut
3407 1745 3681 1815 stipendia
3746 1758 3839 1799 sua

2190 1840 2273 1895 vel
2313 1839 2651 1894 concambiis
2698 1838 2782 1894 vel
2840 1837 3082 1907 praemiis
3128 1837 3370 1906 acceptis
3420 1834 3525 1891 sibi
3557 1833 3841 1889 traderent

2192 1928 2463 1984 hortatur.
2512 1926 2601 1982 Sic
2653 1925 2990 1982 serenissimi
3030 1925 3131 1980 viri
3162 1924 3371 1980 instans
3401 1928 3716 1993 opportune
3749 1922 3842 1976 im-

2196 2024 2433 2087 portune
2465 2016 2623 2071 labor
2643 2016 2931 2086 improbus
2960 2015 3142 2071 omnia
3164 2014 3333 2069 vincit
3351 2025 3699 2083 quaecunque
3732 2010 3839 2066 sibi

2197 2106 2436 2176 Spiritus
2491 2111 2716 2161 sanctus
2766 2109 2894 2160 voto
2925 2104 3233 2174 inspiravit,
3280 2110 3334 2158 et
3369 2114 3679 2172 quanquam
3736 2113 3848 2154 mo-

2199 2193 2399 2251 rosiori
2432 2207 2595 2263 quam
2623 2192 2787 2248 vellet
2810 2192 3023 2258 labore,
3048 2206 3109 2248 ea
3136 2206 3260 2262 quae
3290 2191 3395 2246 sibi
3426 2196 3553 2246 voto
3586 2188 3847 2244 sederant

2202 2282 2465 2348 efficeret,
2518 2281 2573 2337 id
2628 2286 2808 2337 tamen
2857 2287 2943 2336 sat
2998 2281 3109 2337 cito
3165 2280 3425 2346 futurum,
3491 2280 3600 2334 imo
3660 2277 3850 2333 multis

2206 2371 2551 2443 profuturum
2591 2370 2849 2437 credidit,
2882 2371 2928 2426 si
2949 2377 3033 2426 sat
3063 2370 3224 2426 bene.
3245 2369 3383 2436 Quid
3414 2368 3613 2424 multis
3633 2371 3852 2422 morer?

2205 2461 2375 2518 valuit
2404 2462 2701 2530 impetrare
2740 2461 2887 2529 quod
2919 2460 3111 2517 voluit.
3144 2459 3375 2530 Adeptis
3424 2458 3571 2513 enim
3600 2472 3631 2512 a
3684 2468 3855 2512 cano-

2209 2550 2371 2619 nicis,
2403 2550 2551 2604 salva
2580 2562 2714 2618 pace
2747 2562 2958 2615 eorum,
2991 2548 3304 2618 stipendiis,
3339 2553 3447 2603 tam
3478 2546 3659 2603 locum
3689 2559 3852 2615 quam

2211 2639 2320 2695 loci
2368 2638 2592 2709 propria
2622 2637 2727 2693 sibi
2777 2637 2907 2692 fecit
2936 2637 3180 2707 propria,
3222 2644 3281 2692 ut
3312 2651 3375 2692 ea
3406 2638 3517 2692 Deo
3547 2647 3858 2692 servorum-
3914 2678 3917 2681 ς

2214 2741 2322 2798 que
2350 2727 2445 2782 Dei
2474 2726 2665 2782 usibus
2689 2726 2987 2782 ascriberet
3012 2725 3213 2781 omnia.

2335 2833 2338 2835 ‘
2835 2815 3050 2870 CAPUT
3088 2816 3220 2869 XVI.

2216 2905 2386 2974 Quod,
2419 2903 2685 2960 canonicis
2731 2903 2852 2959 inde
2899 2902 3260 2972 migrantibus,
3312 2901 3453 2958 locus
3490 2902 3627 2958 idem
3684 2917 3865 2957 mona-

2570 2994 2717 3049 sticis
2753 2993 3013 3065 ascriptus
3047 2995 3116 3049 sit
3154 2992 3502 3049 conuentibus.

2154 3066 2197 3126 δ
2292 3086 2556 3153 Cumque,
2598 3090 2660 3138 ut
2715 3083 2971 3149 diximus,
3025 3083 3202 3139 locum
3236 3083 3363 3138 illus
3394 3082 3695 3138 Balduinus
3727 3082 3866 3137 inte-

2218 3173 2453 3245 gerrime
2514 3185 2635 3227 cum
2702 3172 3038 3241 appenditiis
3102 3172 3217 3227 suis
3276 3171 3605 3241 possideret,
3676 3177 3867 3241 utpote

2220 3260 2374 3317 solus
2428 3273 2653 3315 suorum
2711 3274 2863 3326 suus,
2934 3261 3251 3316 monasticis
3306 3274 3428 3316 eum
3496 3259 3865 3315 decorabilem

2223 3348 2457 3405 reddere
2488 3347 2869 3404 sanctionibus
2899 3355 3015 3403 erat
3043 3349 3316 3404 assiduus.
3372 3351 3437 3403 Et
3473 3349 3648 3419 primo
3683 3348 3870 3417 paucis

2227 3437 2594 3506 undecunque
2649 3436 2844 3491 accitis
2892 3436 3194 3503 monachis,
3256 3437 3547 3507 stipendiis
3600 3438 3774 3492 etiam
3812 3434 3873 3490 ad

2227 3525 2428 3581 victum
2478 3526 2845 3594 vestitumque
2892 3523 3294 3581 sufﬁcientibus
3342 3525 3559 3581 collatis
3601 3524 3732 3580 loco
3777 3523 3865 3588 illi,

2229 3614 2377 3670 velut
2435 3614 2558 3669 rudi
2613 3612 2859 3670 infantia:
2921 3614 3123 3684 primas
3179 3615 3247 3670 ad
3304 3614 3687 3670 ambulandam
3740 3613 3875 3669 viam

2234 3703 2614 3759 mandatorum
2666 3703 2761 3758 Dei
2813 3702 3099 3759 informari
3155 3701 3287 3759 fecit
3334 3702 3588 3773 plantas:
3642 3711 3703 3759 ut
3756 3716 3875 3774 pro-

2235 3807 2393 3849 cessu
2424 3792 2689 3862 temporis
2713 3791 3012 3848 monastica
3040 3792 3245 3847 ibidem
3275 3792 3383 3846 vita
3430 3792 3586 3862 quasi
3633 3789 3878 3847 fortiori-

2238 3883 2340 3937 bus
2385 3881 2595 3953 vigeret
2634 3882 2810 3936 annis.
2851 3880 3007 3950 Quod
3068 3888 3127 3937 ut
3164 3881 3339 3938 hostis
3378 3881 3599 3936 humani
3655 3882 3878 3951 generis

2237 3972 2396 4040 vidit,
2439 3986 2563 4027 mox
2594 3971 2807 4038 invidit,
2840 3978 2895 4027 et
2933 3971 3059 4041 quia
3091 3972 3239 4026 vires
3266 3986 3393 4027 suas
3422 3971 3693 4027 intellexit
3718 3985 3880 4027 ener-

2240 4061 2373 4128 vari,
2406 4067 2563 4130 parat
2602 4074 2700 4130 per
2731 4060 2920 4117 hostes
2967 4061 3211 4116 visibiles
3265 4061 3555 4117 invisibilis
3601 4061 3718 4132 ipse
3760 4060 3885 4116 insi-

2241 4148 2399 4204 diari.
2434 4150 2567 4203 Nam
2597 4148 2864 4218 quosdam
2918 4148 3244 4204 Wintherici
3298 4148 3510 4219 praefati
3559 4148 3886 4221 consangui-

2243 4251 2398 4304 neos,
2432 4237 2675 4293 membra
2707 4237 2965 4294 videlicet
3001 4253 3119 4305 sua,
3150 4239 3205 4294 in
3240 4252 3430 4295 servos
3478 4240 3570 4294 Dei
3616 4238 3884 4299 concitat,

2245 4326 2336 4397 qui
2391 4327 2478 4381 vix
2524 4326 2792 4393 manibus,
2850 4327 3049 4383 nedum
3108 4328 3310 4394 verbis,
3361 4329 3617 4399 injuriam
3664 4326 3885 4382 illorum

2249 4420 2636 4485 temperarent,
2694 4423 2753 4471 ut
2793 4430 2889 4473 eos
2937 4430 3159 4487 quoque
3192 4417 3356 4474 modo
3404 4417 3602 4474 exinde
3651 4416 3887 4487 migrare

2246 4504 2678 4573 compellerent:
2730 4504 2827 4559 sed
2880 4504 3151 4561 incassum
3205 4506 3261 4561 in
3314 4520 3410 4563 eos
3457 4506 3732 4571 furebant,
3797 4502 3885 4574 qui

2244 4594 2413 4649 Deum
2445 4600 2810 4663 protectorem
2845 4594 3138 4662 habebant,
3173 4595 3446 4666 citiusque
3493 4596 3618 4651 telis
3676 4607 3888 4651 aranea?

2246 4685 2642 4753 rumpebantur
2671 4684 2765 4754 qui
2795 4682 3119 4741 fortioribus
3149 4700 3248 4756 per
3276 4687 3445 4741 Deum
3491 4684 3781 4741 adamante
3814 4686 3891 4739 in-

2248 4772 2418 4829 sidias
2455 4772 2840 4829 moliebantur.

2862 4864 3078 4920 CAPUT
3118 4866 3273 4920 XVII.

2250 4957 2327 5009 De
2356 4951 2456 5008 loci
2484 4952 2863 5007 Hasnoniensis
2910 4953 2963 5007 in
3009 4953 3197 5023 majori
3226 4952 3485 5022 elegantia
3516 4953 3893 5008 constructione

2517 5056 2751 5112 nouaque
2778 5040 3077 5098 solemniter
3103 5043 3247 5113 facta
3278 5043 3621 5097 dedicatione.

2323 5130 2458 5198 Quia
2505 5130 2817 5186 coenobium
2872 5130 3005 5186 illud
3046 5146 3166 5187 cum
3218 5130 3455 5187 officinis
3499 5131 3614 5186 suis
3642 5129 3895 5186 sufficere

2255 5219 2344 5275 vix
2374 5224 2590 5290 poterat
2631 5221 2943 5287 cmnobitis,
2976 5221 3307 5291 amplificare
3337 5220 3472 5277 illud
3506 5220 3713 5291 placuit
3758 5234 3898 5274 mar-

2257 5310 2432 5378 chiso,
2487 5310 2853 5365 caementariis
2891 5310 3258 5381 undecunque
3296 5310 3509 5375 accitis,
3549 5310 3716 5365 animi
3766 5308 3896 5364 affe-

2259 5404 2406 5454 ctum
2457 5396 2674 5455 effectui
2736 5400 3090 5470 manciparat,
3149 5408 3205 5454 et
3250 5400 3604 5470 surgentibus
3650 5399 3705 5454 in
3744 5398 3898 5453 brevi

2261 5487 2529 5556 aedificiis,
2612 5493 2909 5545 extremam
2967 5488 3122 5559 operi
3190 5502 3405 5544 manum
3470 5491 3896 5545 consummarat.

2260 5578 2502 5650 Contigit
2538 5585 2670 5636 tunc
2698 5585 2812 5636 tum
2844 5584 3049 5650 patrem
3088 5579 3208 5649 ejus
3244 5578 3496 5635 humanis
3525 5578 3692 5635 rebus
3718 5588 3902 5632 exem-
