4000 6158
170 285 262 339 597

168 411 298 483 plum
339 407 442 465 sibi
486 407 855 464 successionis
891 407 1017 476 jure
1058 406 1348 477 reliquisse
1403 421 1665 479 regnum;
1726 409 1850 471 etA

170 512 264 556 non
307 496 475 553 multo
521 502 649 566 post
694 501 965 566 tempore,
1030 502 1317 566 postquam
1373 497 1523 552 omni
1573 495 1788 553 favente

169 588 303 645 curia
350 585 511 656 plene
557 585 627 641 ad
677 585 831 656 regni
871 584 1148 641 convaluit
1182 582 1416 655 fastigia,
1448 584 1655 655 placuit
1682 586 1788 642 sibi

168 674 523 733 Hasnoniensc
562 675 874 730 coenobium
924 687 1159 743 operosa
1205 687 1367 729 manu
1416 673 1785 742 elaboratum,

166 763 470 837 quibusdam
518 764 835 819 convocatis
883 762 1245 833 praesulibus,
1295 763 1362 818 iri
1409 763 1783 819 chrismatum.

165 858 267 923 Quo
311 852 534 923 negotio
581 851 907 907 maturando
956 853 1177 907 tertium
1215 851 1361 907 Junii
1393 852 1537 908 diem
1568 851 1786 919 indixit,

164 940 446 998 secundum
479 954 511 995 a
554 939 696 996 festo
743 945 1042 1010 martyrum
1090 939 1394 996 Marcellini
1443 945 1499 996 et
1526 941 1696 1007 Petri,
1729 946 1791 996 ut

162 1029 511 1088 encaeniarum
558 1030 649 1085 die
703 1026 1052 1098 praefatorum
1101 1034 1400 1099 martyrum
1456 1028 1791 1085 solemnitati

160 1119 485 1185 continuato,
508 1118 764 1190 gaudium
794 1122 956 1173 terrae
976 1116 1126 1173 illius
1146 1118 1336 1188 populi
1356 1117 1497 1174 festo
1518 1121 1793 1175 cresceret

161 1208 463 1279 duplicato:
498 1214 552 1265 et
581 1209 689 1264 hoc
719 1207 972 1264 consulto
1003 1207 1260 1277 providit,
1296 1214 1356 1262 ut
1384 1209 1440 1263 in
1473 1207 1790 1264 eorumdem

162 1306 441 1369 martyrum
462 1297 603 1354 festo
624 1297 678 1353 id
701 1297 850 1368 quod
876 1298 944 1353 ab
966 1296 1171 1352 eisdem
1200 1297 1536 1353 revelatione
1557 1297 1686 1353 olim
1706 1312 1794 1353 ac-

164 1393 370 1457 ceperat
402 1392 911 1442 consummaretur:
968 1386 1276 1455 praesertim
1306 1399 1430 1441 cum
1459 1385 1606 1442 idem
1638 1386 1795 1442 locus

162 1476 476 1545 patrociniis
504 1489 694 1531 eorum
726 1475 1094 1544 praesentibus
1122 1479 1376 1543 tueatur;
1411 1475 1613 1545 quibus
1632 1474 1795 1531 etiam

162 1565 358 1621 thecam
402 1566 543 1621 miro
590 1565 709 1620 auri
747 1578 1192 1635 gemmarumque
1222 1578 1391 1634 opere
1420 1564 1553 1643 fecit
1577 1564 1792 1634 aptari:

160 1654 209 1709 in
238 1667 340 1723 qua
381 1653 650 1724 reliquias
695 1653 1014 1709 eorumdem
1062 1667 1230 1722 super
1264 1658 1493 1709 ventura
1529 1652 1796 1709 solemni-

1180 280 1494 337 HISTORIA
1532 282 2014 341 HASNONIENSIS
2050 282 2477 339 MONASTERII.

3408 282 3519 338 598

2036 407 2420 481 Wandregisili
2449 408 2518 466 de
2566 407 2874 466 Blandinio.

1983 540 1996 553 .
2038 498 2271 554 Bavonis
2300 497 2368 553 de
2394 496 2670 553 Gandavo.

2038 584 2297 642 Everardi
2326 586 2395 642 de
2423 585 2649 642 Osonio.

1981 716 1995 728 .
2037 676 2263 731 Euberti
2295 675 2365 730 de
2394 674 2595 731 Insula.

1983 809 1995 820 .
2036 764 2321 821 Landelini
2362 764 2431 821 de
2460 765 2734 835 Crispino.
3431 786 3469 807 κ

1983 897 1994 907 .
2037 854 2284 924 Hugonis
2309 854 2378 909 de
2409 855 2638 923 Haspra.

1983 984 1996 995 .
2037 942 2269 1012 Aycardi
2308 941 2377 998 de
2407 944 2637 1011 Haspra.

1941 1033 1997 1086 8.
2027 1032 2279 1088 Eusebiae
2308 1031 2378 1087 de
2405 1030 2729 1087 Marchenis.

1942 1120 1998 1174 S.
2039 1119 2320 1175 Rictrudis
2357 1119 2548 1174 matris
2589 1119 2658 1175 de
2697 1119 3024 1176 Marchenis.

1943 1210 1999 1265 S.
2039 1208 2378 1280 Aldegundis
2417 1208 2486 1264 de
2515 1207 2814 1264 Malbodio.

1945 1298 2000 1353 S.
2040 1295 2374 1368 Raginﬂedis
2402 1295 2471 1352 de
2501 1295 2772 1352 Dononio.

1949 1389 2004 1443 S.
2044 1387 2267 1458 Reginae
2297 1385 2365 1442 de
2394 1385 2668 1441 Dononio.

1949 1478 2004 1532 S.
2044 1474 2418 1531 Waldetrudis
2447 1475 2517 1530 de
2544 1474 2841 1530 Montibus.

1880 1564 1953 1635 (2)
1992 1564 2292 1632 Quindecim
2320 1562 2535 1619 abbates
2563 1563 2719 1618 etiam
2756 1561 3056 1633 adfuerant,
3083 1574 3301 1632 quorum
3317 1559 3530 1616 nomina

2067 1669 2137 1708 ex
2165 1652 2428 1723 Sigeberti
2464 1651 2708 1707 chronica
2736 1651 3041 1722 deprompta
3068 1648 3343 1705 habentur.

1939 410 1995 467 S.

1942 500 1995 554 8.

1939 588 1993 642 8.

1939 676 1995 730 8.

1941 767 1995 820 8.

1939 856 1994 909 8.

1941 943 1995 997 8.

161 1748 260 1797 tate
287 1742 564 1813 disposuit
591 1742 762 1798 Iocari
799 1761 811 1796 :
855 1741 1003 1811 quod
1034 1745 1088 1797 et
1117 1740 1318 1797 factum
1349 1746 1451 1797 est.
1493 1742 1591 1798 Cui
1623 1747 1800 1797 trans-
1819 1728 1869 1788 Β
1953 1742 2256 1800 Rollandus
2283 1742 2447 1813 hujus
2477 1741 2582 1798 loci
2609 1741 2817 1812 primus
2845 1739 3015 1795 abbas
3043 1752 3074 1794 a
3107 1736 3527 1793 restauratione.

161 1830 350 1887 latione
408 1831 570 1887 simul
632 1838 688 1887 et
745 1830 1082 1887 dedicationi
1138 1830 1405 1900 praesules
1464 1831 1798 1887 Lietbertum

160 1922 614 1987 Cameracensem,
667 1920 734 1976 ad
783 1921 940 1990 cujus
988 1919 1271 1979 dioecesim
1320 1920 1476 1977 locus
1520 1920 1667 1976 idem
1714 1934 1802 1976 re-

161 2010 419 2079 spiciebat
443 2052 457 2077 ,
525 2009 836 2066 Ratbodum
894 2009 1379 2080 Novomagiensem
1405 2051 1419 2075 ,
1489 2010 1799 2080 Raynerum

160 2096 595 2154 Aurelianensem
642 2098 904 2154 invitatos
945 2098 1214 2153 interesse
1262 2094 1536 2165 faciebat;
1597 2097 1801 2165 adjun-

162 2186 366 2257 ctisque
407 2188 489 2243 eis
533 2186 952 2258 quamplurimis
979 2185 1292 2252 abbatibus,
1324 2200 1448 2242 cum
1478 2198 1642 2256 quam
1680 2185 1800 2255 plu-

156 2274 302 2331 rimis
346 2282 666 2333 sanctorum
714 2274 1058 2346 patrociniis,
1108 2289 1256 2345 saepe
1302 2275 1592 2331 memorati
1622 2287 1801 2329 encae-

149 2364 264 2419 nias
305 2365 553 2420 coenobii
604 2377 713 2419 non
751 2362 986 2418 modicis
1032 2363 1297 2433 transegit
1325 2362 1628 2438 solemniis.
1668 2365 1802 2418 Acta

144 2457 223 2508 est
270 2453 405 2509 hinc
450 2452 727 2508 dedicatio
772 2452 831 2507 in
880 2451 1092 2507 honore
1140 2451 1515 2520 apostolorum
1562 2452 1708 2507 Petri
1748 2457 1804 2507 et

138 2542 293 2597 Pauli
345 2541 521 2597 tertio
571 2553 745 2595 nonas
789 2540 958 2606 Junii,
999 2552 1144 2594 anno
1187 2539 1254 2594 ab
1292 2540 1675 2595 lncarnatione
1702 2541 1805 2595 Do-

139 2630 276 2685 mini
311 2629 482 2697 10‘70,
514 2628 825 2685 Alexandro
865 2642 1005 2698 papa
1054 2633 1226 2683 santaa
1254 2629 1516 2685 Romanae
1544 2628 1805 2685 Ecclesiae

149 2718 512 2788 praesidente,
555 2717 914 2788 regnantibus
960 2716 1200 2773 Henrico
1247 2716 1639 2787 Lotharingiaa,
1681 2716 1808 2772 Phi-

155 2808 302 2878 lippo
334 2808 581 2863 Francia:
614 2807 861 2878 regibus.

224 2895 508 2953 Dedicatio
565 2895 729 2966 hujus
794 2894 903 2950 loci
970 2901 1098 2965 post
1162 2892 1617 2949 restaurationem
1682 2906 1807 2963 qua:

162 2984 294 3042 facta
342 2992 429 3041 est
475 2999 506 3040 a
560 2984 736 3040 tribus
774 2983 1052 3053 episcopis
1096 2981 1354 3038 videlicet
1410 2983 1463 3038 S.
1524 2982 1804 3038 Lietberto

163 3072 554 3140 Cameracensi,
606 3046 931 3128 Ratbodone
966 3046 1418 3141 'Noviomagensi,
1468 3076 1524 3126 et
1563 3046 1869 3126 Raineroc

165 3162 573 3229 Aurelianensi,
632 3175 777 3217 anno
834 3160 1130 3216 Dominicze
1189 3158 1588 3215 lncarnationis
1644 3157 1800 3226 1070,

162 3250 452 3308 indictione
486 3266 605 3321 VIII,
647 3256 840 3320 epacta
879 3264 952 3315 v1,
995 3255 1361 3305 concurrente
1410 3237 1503 3315 1v,
1531 3247 1689 3318 cyclo
1720 3262 1799 3314 1v,

169 3340 501 3410 temporibus
528 3338 822 3394 Alexandri
853 3352 1008 3409 papae
1038 3337 1133 3408 qui
1170 3336 1425 3406 primitus
1453 3335 1555 3391 fuit
1588 3335 1804 3407 episco-

169 3443 259 3497 pus
286 3431 339 3484 in
376 3431 544 3493 Luca,
573 3427 811 3498 Philippi
861 3428 1007 3499 regis
1044 3429 1397 3493 Francorum,
1430 3425 1526 3481 ﬁlii
1556 3426 1801 3493 Henrici,

165 3523 213 3573 et
237 3518 487 3575 Balduini
519 3518 735 3574 comitis
763 3515 1106 3573 Flandrensi.

167 3606 464 3664 Sancton
521 3620 745 3678 corpora
811 3620 926 3676 qua
986 3604 1275 3661 intererant
1315 3602 1634 3659 dedicationi
1687 3600 1798 3674 (1).

228 3697 277 3751 S.
318 3696 563 3753 Marcelli
604 3708 784 3765 papae.

228 3788 277 3841 8.
316 3786 458 3843 Piati
494 3784 771 3856 martyris.

228 3878 278 3931 S.
317 3877 485 3933 Salvii
525 3874 777 3945 martyris
809 3873 878 3929 de
911 3870 1251 3928 Valencenis.

231 3966 280 4018 8.
321 3963 633 4021 Ιιλιιουθῐιιίὶ
663 3962 733 4018 de
762 3960 1030 4017 Condato.

200 4054 281 4108 .S.
312 4054 492 4111 Amati
523 4052 592 4107 de
623 4055 827 4106 Duaco.

226 4143 273 4197 8.
312 4141 607 4200 Donatiani
637 4140 705 4196 de
736 4138 946 4209 Brugis.

228 4232 278 4285 8.
315 4232 541 4288 Vedasti
571 4230 640 4286 de
668 4228 947 4285 Atrebato.

230 4320 279 4374 S.
317 4318 552 4377 Amandi
584 4319 652 4375 de
684 4316 955 4373 Helnone.

230 4410 278 4463 S.
318 4408 616 4467 Audomari
646 4407 715 4463 de
745 4407 801 4461 S.
831 4404 1162 4461 Audomaro.

231 4497 282 4552 S.
317 4498 529 4556 Gisleni
559 4497 628 4553 de
657 4494 915 4552 Cellensi.

229 4586 278 4641 S.
317 4585 593 4643 Vincentii
619 4582 838 4640 comitis
865 4579 1188 4637 Hannoniaa.

232 4676 280 4729 S.
320 4676 531 4733 Bertini
560 4675 629 4730 de
658 4674 711 4729 S.
741 4671 964 4727 Bertino
995 4669 1143 4725 circa
1169 4665 1540 4724 Audomarim.

232 4766 282 4819 S.
320 4764 517 4823 Vinoci
555 4763 624 4820 de
654 4760 928 4818 Flandria.

241 4908 305 4977 (ι)
360 4909 538 4979 Hujus
582 4900 1250 4979 dedicationismeminit
1292 4906 1509 4979 _auctor_
1539 4899 1680 4979 _lib_ri
1728 4900 1803 4979 De

178 4970 520 5037 tra'nSIatio'ne
574 4981 628 5034 S.
697 4975 983 5033 Donatiani
1050 4974 1334 5028 Remensis
1398 4970 1805 5040 archiepiscopi

178 5046 225 5101 in
275 5051 459 5107 urbem
513 5052 845 5119 Brugensem
891 5044 1035 5119 apud
1067 5045 1282 5119 _Surium
1328 5040 1397 5119 l4_
1435 5040 1805 5119 0ct_obr_is_his

176 5120 343 5176 verbis
391 5143 404 5178 :
470 5123 596 5178 Cum
624 5112 863 5188 inclytus
912 5112 1180 5188 Flandriaa
1234 5112 1463 5169 marchto
1511 5112 1803 5188 Batdainus

180 5189 330 5246 cultor
365 5193 621 5262 jnstitice,
668 5184 818 5261 pacis
864 5202 1048 5262 amans
1070 5187 1271 5262 ,_inter
1316 5189 1507 5262 catena
1554 5184 1804 5262 bonon

179 5255 382 5330 θρανιιηὶ
426 5255 613 5319 studia
658 5255 1027 5330 monasterium
1056 5328 1066 5330 _
1094 5258 1155 5330 in
1211 5260 1384 5330 castro
1448 5255 1803 5330 Hasnoniensi

181 5326 433 5393 fundatum
471 5333 837 5397 exstruxisset,
878 5329 988 5398 ejus
1034 5326 1313 5382 dedicandi
1356 5342 1519 5382 causa
1556 5327 1802 5397 miriﬁcos

178 5414 250 5475 ac
273 5404 527 5461 immensis
572 5403 754 5475 opibus
796 5402 912 5475 suis
943 5398 1177 5475 adhibuit
1206 5403 1513 5475 apparatus,
1545 5403 1803 5475 tantisque

178 5471 476 5551 sotemnitati
521 5470 694 5532 omnes
740 5470 1010 5531 Flandria:
1047 5470 1317 5551 optimates
1355 5484 1469 5524 cum
1502 5470 1801 5551 suisnjassit

177 5542 409 5603 interesse
433 5591 449 5616 ,
497 5553 793 5603 cunctorum
839 5555 1039 5615 quoque
1075 5544 1373 5597 sanctorum
1426 5555 1535 5596 sua
1590 5540 1799 5597 ditionis

1954 1832 2295 1897 Lambertus,

1950 1919 2275 1987 Adelardus,

1951 2009 2308 2075 Guedericus,

1952 2098 2134 2164 Ursio,

1950 2186 2222 2251 Galterus,

1952 2274 2297 2339 Guldericus,

1955 2362 2254 2435 Remigius,

1956 2455 2261 2524 Reynerus,

1956 2539 2276 2605 Reinaldus,

1959 2626 2279 2692 Fulcardus,

1959 2717 2218 2787 Sygerus,

1961 2803 2306 2868 Heribertus,

1959 2896 2349 2963 Armengerus,

1960 2980 2254 3037 Walterus.

2481 3063 2774 3121 Abbatissw
2811 3062 2946 3117 dare.

1957 3155 2342 3223 Fredesendis,

1955 3248 2252 3317 Gerberga.

2490 3330 2707 3387 CAPUT
2746 3328 2930 3384 XVIII.

1885 3428 1960 3482 De
2006 3424 2153 3481 bona:
2200 3420 2461 3477 memoria:
2514 3417 2773 3474 Rotlando
2828 3413 3038 3476 abbate,
3095 3412 3362 3483 ipsiusque
3415 3421 3542 3477 gra-

2339 3508 2541 3564 tissima
2570 3518 2769 3560 morum
2802 3500 3084 3572 probitate.

1955 3601 2092 3668 Quia
2157 3596 2551 3653 monachorum
2617 3597 2703 3647 est
2771 3587 3055 3644 humiliter
3119 3584 3215 3642 uni
3281 3584 3541 3649 subesse,

1886 3704 2072 3761 quem,
2124 3692 2186 3743 ut
2233 3683 2454 3756 praesit,
2501 3682 2664 3737 decet
2702 3676 2966 3750 prodesse
2988 3716 3004 3743 ,
3052 3681 3113 3730 ut
3158 3672 3338 3744 prosit
3385 3685 3543 3742 aeque

1887 3778 2052 3835 docet
2121 3787 2379 3847 praeesse.
2447 3772 2605 3842 Saepe
2670 3768 3004 3825 memoratus
3070 3776 3257 3821 comes
3321 3773 3540 3832 aequum

1886 3864 2045 3922 duxit
2073 3862 2324 3935 plurimis
2353 3872 2420 3916 eo
2466 3859 2524 3915 in
2570 3857 2699 3915 loco
2739 3867 2907 3911 unum
2946 3850 3254 3923 praeﬁcere,
3293 3849 3389 3906 uni
3420 3848 3545 3920 plu-

1886 3955 2056 4011 rimos
2116 3950 2413 4021 subjicere,
2464 3951 2525 4003 ut
2582 3958 2725 4002 unus
2780 3941 3032 4015 plurimis
3086 3952 3210 3997 cum
3265 3936 3532 3995 charitate

1888 4042 2200 4114 imperium,
2241 4038 2430 4108 plures
2452 4042 2514 4092 ut
2542 4047 2666 4093 cum
2696 4030 3007 4089 humilitate
3045 4028 3372 4086 exhiberent
3408 4027 3539 4084 obe-

1887 4130 2169 4189 dientiam.
2239 4129 2370 4184 Erat
2428 4130 2561 4182 tunc
2624 4123 2683 4179 in
2750 4119 3008 4178 coenobio
3072 4116 3258 4175 Sancti
3310 4114 3539 4173 Amandl

1889 4218 2241 4278 Bothlandus
2271 4214 2499 4287 quidam
2529 4218 2641 4270 tam
2671 4211 2898 4269 nomine
2928 4221 3094 4280 quam
3125 4206 3311 4265 ofﬁcio
3340 4216 3538 4262 mona-

1891 4311 2037 4368 chali
2068 4308 2327 4374 rutilans,
2359 4306 2473 4362 vita
2516 4302 2862 4374 spectabilis,
2895 4299 2984 4369 pie
3014 4298 3197 4354 vivere
3226 4294 3541 4352 volentibus

1825 4366 2200 4456 Dimitabilis.
2233 4366 2392 4451 Hunc
2421 4399 2483 4450 ut
2510 4366 2797 4448 lucernam
2818 4366 2875 4443 in
2896 4366 3234 4442 abscondito
3263 4382 3360 4438 diu
3389 4380 3540 4452 posi-

1887 4495 2019 4556 tam,
2051 4486 2180 4558 quia
2226 4483 2478 4555 oportuit
2525 4493 2695 4550 super
2741 4475 3135 4534 candelabrum
3172 4472 3329 4544 poni,
3360 4476 3424 4528 ut
3450 4470 3536 4558 in-

1886 4557 2271 4650 gredientibus
2316 4573 2543 4629 domum
2591 4566 2810 4625 Domini
2858 4564 3016 4622 ﬂeret
3049 4560 3329 4632 exemplar
3373 4557 3530 4650 boni,

1886 4644 2124 4724 accitum
2156 4664 2306 4720 hunc
2336 4658 2650 4718 marcbisus
2678 4655 2953 4714 electione
2982 4652 3141 4710 eisin
3164 4644 3530 4707 Hasnoniensi

1887 4754 2143 4814 ccenobio
2188 4751 2345 4809 dedit
2384 4762 2644 4822 praeesse,
2678 4759 2843 4819 quem
2876 4742 3152 4801 didicerat
3174 4742 3287 4811 jam
3311 4734 3532 4794 humili-

1825 4904 1832 4911 ·
1876 4909 2111 4968 corpora
2155 4908 2280 4968 cuin
2313 4890 2591 4968 episcopis,
2604 4885 2935 4968 praposilis,
2953 4880 3325 4968 _abbatibas‘ft

1886 4949 2103 5023 ista};
2143 4964 2302 5020 voluit
2343 4949 2555 5019 adesse.
2577 4949 2745 5015 'Tum'
2785 4949 2970 5012 narrat
3009 4951 3331 5023 miraculum
3379 4949 3528 5023 quod

1888 5020 2031 5094 tunc
2055 5020 2266 5092 meritis
2293 5036 2347 5090 8.
2380 5031 2669 5090 Donatiani
2698 5027 2948 5099 contigit.
2999 5021 3325 5099 Similitere
3345 5020 3528 5099 _mod_o

1887 5090 2255 5165 {6"so'iéi1ihr
2290 5106 2541 5162 ecclesiae
2589 5090 2894 5171 collegiata'a
2931 5099 2987 5153 S.
3028 5095 3194 5171 APetri
3237 5093 3307 5150 de
3345 5090 3527 5171 Insula

1886 5180 2237 5237 dedicatione
2294 5177 2457 5232 allata
2516 5174 2669 5230 fuere
2718 5168 2889 5227 totius
2926 5168 3169 5239 regionis
3208 5168 3525 5239 sanctorum

1885 5234 2856 5378 stara.sxsr.a'tirtsziz'32:

1885 5324 2023 5379 illud
2061 5324 2404 5387 fundaverat,
2438 5324 2517 5373 uti
2545 5324 2733 5371 videre
2764 5324 2847 5369 est
2875 5324 3022 5382 apud
3046 5324 3308 5380 ipertum.

1960 5393 2047 5466 (2)
2098 5394 2383 5466 llaec_cum
2403 5388 2613 5466 __capit_e
2636 5383 2905 5466 _sequenti
2936 5379 3282 5466 postmodum
3313 5374 3529 5466 addidit

1883 5448 2042 5527 oneri
2086 5476 2187 5520 suo
2232 5448 2529 5527 Tomellus,
2559 5448 2820 5515 defuncto
2861 5448 2971 5525 jam
3010 5451 3284 5511 Rotlando
3330 5448 3527 5505 abbate

1882 5536 2148 5611 piissimo.
