4000 6158
419 167 528 222 599
1348 182 1639 238 RENALLI
1677 140 2105 241 SCHOLASTlCI
2142 182 2500 240 BARCINON.
2540 178 2860 237 CARMINA.
3648 178 3738 231 eoo

415 303 500 352 ter
534 297 782 356 subesse.
813 303 931 370 Quo
961 304 1173 385 honore
1203 314 1506 376 promotus,
1548 315 1603 364 et
1640 310 1853 367 honore
1891 324 2054 367 occu-
2075 314 2127 371 Α
2145 309 2398 365 abbatum
2441 319 2549 362 non
2580 305 2878 369 diceretur,
2902 302 2998 373 qui
3026 301 3133 358 sibi
3160 301 3424 357 secretius
3449 316 3479 356 a
3502 305 3740 360 communi

415 390 594 454 patus,
626 389 783 444 oneri
834 391 1020 460 potius
1065 408 1224 463 quam
1275 396 1472 453 honori
1518 398 1793 455 intendit:
1829 400 2058 458 honoris
2139 402 2410 455 conventu
2468 396 2695 452 fratrum
2752 392 2922 449 multa
2981 391 3120 447 strui
3172 390 3467 457 conclavia,
3520 390 3742 460 sculpuut

417 473 561 528 enim
618 480 702 530 est
759 492 1019 547 praeesse,
1079 484 1265 539 oneris
1319 486 1527 541 animas
1584 502 1797 559 regere.
1847 492 1906 546 in
1946 505 2056 561 quo
2140 490 2301 556 ostia,
2345 489 2577 558 pingunt
2613 485 2866 549 armaria,
2909 496 3097 539 mensa
3133 480 3517 552 sumptuosiori
3552 481 3744 549 epulan-

418 561 618 619 idonee
683 574 1003 637 occupatus,
1074 572 1244 642 magis
1307 574 1520 631 studuit
1576 577 1841 645 prodesse
1897 594 2058 650 quam
2140 585 2249 643 tur,
2283 591 2405 633 cum
2435 577 2605 632 divite
2637 575 2733 630 illo
2763 574 2883 629 sine
2931 574 3132 628 Lazaro
3177 571 3425 641 quotidie
3471 570 3743 639 splendide.

423 663 660 718 praeesse
701 673 713 709 :
765 657 905 713 adeo
957 663 1017 713 ut
1054 659 1109 714 in
1149 663 1362 717 cunctis
1390 668 1848 734 occupationibus
1878 683 2062 725 mona-
2144 672 2424 737 postremo
2455 669 2515 720 ut
2544 663 2723 720 Flacci
2752 662 2900 718 illius
2927 661 3110 716 verbis
3148 659 3359 729 loquar,
3403 657 3507 713 sibi
3533 657 3743 722 diruunt,

423 741 578 795 sterii
634 742 841 800 nullum
899 748 1004 803 nisi
1050 750 1176 804 vitae
1222 753 1421 809 merito
1472 754 1734 826 virgaque
1802 759 2062 828 pastorali
2145 755 2441 819 aediﬁcant,
2492 758 2705 809 mutant
2758 750 3025 821 quadrata
3076 748 3349 804 rotundis.
3402 749 3465 802 Et
3492 748 3674 802 utinam
3701 747 3743 801 in

426 828 787 918 praecelleret.
820 835 908 891 Sic
936 851 995 892 se
1024 838 1330 898 humilitate
1358 842 1501 899 inter
1519 844 1754 903 humiles
1774 848 2061 918 aqualem,
2146 843 2297 899 solos
2334 843 2581 908 abbates,
2633 846 2688 896 et
2736 853 2847 895 non
2896 839 3057 894 etiam
3102 839 3156 892 in
3186 835 3503 899 monachos,
3533 836 3618 904 qui
3642 850 3748 890 suos

426 914 537 1007 imo
574 918 910 988 inferiorem,
958 925 1105 983 inter
1151 943 1349 998 pravos
1394 932 1572 1001 culpis
1610 948 1799 989 eorum
1842 914 2066 1007 exigen~
2147 946 2247 1002 per
2300 930 2532 999 abrupta
2587 928 2845 999 praelatos
2898 932 3222 997 sequuntur,
3283 925 3403 979 haec
3455 922 3570 977 faba
3614 923 3752 977 cude-

428 1004 575 1061 tibus
624 1007 914 1080 disciplina
970 1015 1219 1073 exhibuit
1275 1021 1657 1089 superiorem,
1708 1023 1843 1079 illud
1882 1004 2008 1081 anin

2170 1027 2340 1076 'entur
2369 1034 2509 1089 quos
2540 1018 2820 1074 Psalmista
2852 1030 2963 1072 non
2993 1015 3257 1084 optantis,
3284 1012 3382 1069 sed
3417 1011 3750 1082 prophetantis

428 1093 711 1152 revolvens
756 1104 812 1154 et
867 1114 1035 1172 opere
1092 1106 1377 1177 complens
1424 1129 1437 1165 :
1488 1112 1613 1167 Non
1650 1112 1977 1169 dominantes
2012 1116 2068 1170 in
2149 1111 2331 1167 animo
2378 1110 2598 1164 intuens
2656 1107 2731 1161 ait
2772 1127 2785 1161 :
2829 1104 3179 1162 Obscurenlur
3215 1101 3355 1157 oculi
3400 1115 3567 1156 eorum
3599 1115 3655 1155 ne
3692 1104 3751 1155 vi-

426 1181 591 1253 dero,
648 1187 742 1241 sed
792 1191 965 1260 forma
1018 1196 1150 1264 facti
1197 1199 1388 1267 gregis.
1449 1202 1715 1273 Itemque,
1773 1204 2067 1276 Principem
2149 1201 2327 1267 deant,
2365 1202 2415 1252 et
2462 1198 2673 1252 dorsum
2701 1209 2877 1251 eorum
2902 1206 3105 1265 semper
3130 1192 3368 1247 incurva.
3408 1190 3554 1247 Oculi
3581 1191 3749 1259 quippe

425 1276 905 1361 teyrconstituerunl.
952 1282 1061 1338 noli
1098 1285 1298 1350 extolli,
1347 1289 1440 1343 sed
1486 1296 1593 1346 esto
1643 1294 1798 1361 quasi
1824 1309 1957 1350 unus
1999 1310 2069 1350 ea;
2150 1295 2296 1349 sunt,
2339 1285 2433 1355 qui
2464 1286 2518 1339 in
2550 1282 2782 1338 honoris
2818 1284 3014 1337 summi
3051 1279 3189 1335 facie
3229 1280 3398 1349 positi
3437 1278 3635 1333 itineris
3657 1277 3752 1333 olli-

424 1359 548 1452 illis.
600 1365 659 1419 ln
704 1370 898 1436 synaxi
944 1369 1174 1429 fratrum
1223 1377 1458 1445 primum
1515 1394 1575 1434 se
1631 1359 1687 1435 in
1738 1383 2004 1451 primordi

2173 1377 2293 1430 :ium
2325 1380 2727 1443 susceperunt:
2760 1371 2962 1440 quibus
3003 1370 3061 1424 hi
3099 1369 3359 1424 nimirum
3399 1366 3753 1435 subsequenter

427 1448 675 1508 Ultimum
705 1453 761 1509 in
811 1456 917 1514 line
948 1459 1253 1519 divinarum
1293 1465 1514 1523 laudum
1546 1448 1919 1538 pasci—1mm.
1969 1448 2069 1530 Le;
2151 1465 2424 1533 inhmrent
2472 1463 2638 1518 dorsa
2679 1459 3051 1516 nominantur.
3100 1457 3424 1512 Obscuratis
3461 1468 3583 1524 ergo
3609 1454 3753 1508 oculis

427 1538 711 1630 θίίξίθτοίδ
741 1546 860 1613 eius
905 1548 1109 1617 Saepius
1136 1553 1221 1608 vel
1261 1560 1414 1623 petra
1444 1558 1526 1612 vel
1557 1558 1674 1614 sola
1706 1560 1850 1615 nuda
1882 1562 2064 1630 tellus,
2149 1555 2372 1610 dorsum
2418 1552 2752 1614 incurvatur,
2806 1548 2934 1618 quia
2991 1561 3113 1603 cum
3167 1546 3353 1601 lumen
3398 1543 3604 1598 virtutis
3648 1556 3751 1612 per-

429 1628 534 1693 vel,
580 1645 702 1686 cum
762 1635 1042 1693 remissius
1088 1641 1374 1712 indulgere
1421 1646 1594 1703 voluit
1647 1651 1891 1719 corpori,
1939 1628 2288 1707 viliaBdunt
2343 1641 2436 1711 qui
2476 1644 2746 1711 pereunt,
2796 1637 3046 1708 profecto
3102 1634 3293 1719 cuncti
3349 1632 3418 1688 ad
3473 1630 3752 1719 portandum

433 1730 667 1806 quaeque
714 1730 897 1778 mattze
935 1731 994 1781 ut
1031 1731 1145 1799 sagi
1185 1738 1500 1791 stramenta.
1554 1738 1712 1792 Veste
1749 1716 1900 1806 vvilis,
1942 1742 2013 1796 cil

2175 1736 2502 1787 peccatorum
2533 1741 2703 1784 onera
2732 1733 3028 1783 curvantur
3056 1724 3151 1795 qui
3176 1716 3505 1793 sequuntur.
3534 1719 3628 1775 Sed
3661 1718 3755 1772 hac

434 1804 541 1859 sibi
574 1820 813 1897 parcus,
862 1812 987 1870 aliis
1034 1824 1386 1888 sumptuosus
1428 1830 1484 1878 et
1525 1825 1734 1897 largus,
1787 1804 1968 1884 omnia
2013 1830 2071 1886 in
2152 1833 2253 1877 suo
2285 1821 2340 1874 in
2372 1819 2494 1874 loco
2523 1817 2687 1872 latius
2714 1814 3144 1885 sapientioribus
3172 1809 3519 1867 discutienda
3537 1806 3755 1876 relinqui-

437 1896 692 1952 omnibus
729 1898 1063 1961 discretione
1101 1912 1431 1980 temperans,
1464 1896 1756 1984 disciplina
1785 1931 2069 1976 coercens.
2157 1924 2296 1974 IDUS.
2329 1910 2457 1965 dum
2495 1907 2675 1963 m0dO'
2710 1905 2969 1976 ρνοεθαιιί
3017 1902 3367 1967 festinamus.
3406 1901 3580 1955 dicere
3614 1898 3756 1953 ίιηθη·

437 1984 674 2076 Mensam
703 1994 759 2043 et
788 1988 987 2048 lectum
1022 2008 1365 2055 communem
1403 2016 1523 2057 cum
1564 2002 1824 2061 fratribus
1861 2006 2073 2076 habuit,
2159 1999 2358 2055 (limus.
2416 2000 2734 2066 Quanquam
2790 1994 2970 2050 adhuc
3025 1992 3181 2063 plura
3239 1989 3517 2060 supersint
3566 2001 3672 2076 quae
3715 1990 3758 2039 et

441 2072 544 2128 nisi
578 2072 724 2166 forte
770 2076 827 2134 in
875 2084 1119 2141 oratorio
1166 2089 1526 2157 peculiarium
1575 2094 1804 2151 obtentu
1851 2072 2077 2166 precum
2161 2088 2309 2145 laudi
2342 2087 2501 2143 bona?
2540 2084 2819 2141 memoria!
2853 2082 3069 2139 abbatis
3096 2079 3402 2137 ROlhlandi
3431 2082 3484 2134 ει
3512 2074 3758 2146 τερηδθῦ

437 2163 732 2253 specialius
776 2169 1049 2229 interdum
1098 2182 1477 2245 pernoctasset
1517 2201 1529 2236 :
1572 2183 1718 2253 quod
1759 2163 1963 2243 utinam
1995 2188 2078 2245 vel
2161 2179 2306 2236 Sioni
2336 2181 2540 2233 nostra?
2572 2176 2814 2246 Ρθῑθθηῑ·

439 2252 506 2308 ad
565 2254 942 2316 confusionem
988 2262 1071 2319 vel
1129 2266 1199 2321 ad
1257 2252 1659 2328 damnationem
1720 2276 2081 2344 quorumdam

436 2394 3761 2432 ῌ

437 2421 1152 2432 ῃ.
1209 2431 1216 2432 7
3455 2431 3459 2432 ν
3501 2431 3506 2432 γ
3558 2425 3760 2432 —___

1798 2542 1953 2585 CIRCA
1995 2544 2216 2585 EUMDEM
2255 2543 2440 2585 ANNUM

1710 2690 2548 2836 RENALLUS

1201 2923 1757 3013 MAGISTER
1824 2925 2125 3012 SEDIS
2183 2923 3049 3014 BARCINONENSIS

1975 3172 2276 3229 NOTITIA

1268 3294 1622 3367 (Augustinus
1658 3297 1990 3367 Tnmmmus,
2018 3297 2418 3369 Disquisitiones
2446 3295 2660 3365 critica,
2695 3309 2816 3367 pag.
2850 3293 3002 3366 357.)

461 3575 487 3598 ,_
523 3516 582 3570 In
608 3515 740 3598 “line
788 3517 1000 3598 codicis
1047 3519 1403 3598 bibliothecae
1426 3519 1769 3598 _Darberina:
1818 3521 2028 3598 Romae,
2070 3535 2247 3598 num:
2260 3520 2422 3598 2864,
2454 3534 2646 3598 versus
2689 3520 2957 3598 quosdam
2992 3520 3269 3598 ascriptos
3301 3523 3593 3598 detegimus
3618 3519 3701 3598 qui
3720 3530 3769 3573 ex

446 3585 664 3677 δειρῇ
695 3593 970 3677 opere‘De
985 3604 1223 3677 corpore
1242 3591 1441 3677 ghristi
1467 3592 1743 3677 desumpti
1774 3599 1922 3650 sunt.
1964 3585 2196 3677 De_hoc_
2217 3585 2470 3677 Renall’o,
2502 3594 2620 3677 qui,
2654 3585 2733 3677 uti
2763 3607 2832 3677 ex
2861 3598 3049 3677 nostra
3090 3585 3648 3677 in'scription'epatet,
3674 3592 3771 3677 Da:-

449 3659 956 3743 cinonaemagister
983 3659 1105 3727 fuit,
1140 3662 1276 3718 nihil
1306 3665 1445 3720 certi
1474 3659 1681 3748 aﬂ‘erre'
1701 3678 2029 3743 possumus.

451 3730 600 3807 aliud
633 3731 769 3807 nihil
800 3731 965 3807 habet
994 3747 1154 3807 quam
1186 3735 1343 3807 quod
1358 3736 1420 3807 _S.
1445 3736 1692 3807 Eulaliae,
1719 3750 1843 3805 quae
1874 3737 1977 3792 sub
2007 3738 2029 3791 l

2189 3665 2303 3721 laus
2332 3659 2622 3731 Antonius,
2656 3665 2855 3720 doctus
2882 3666 3177 3734 Hispanus,
3211 3659 3421 3736 praeter
3447 3659 3587 3723 illius
3611 3672 3769 3719 nomen

2189 3737 2349 3792 :tiano
2379 3737 2696 3807 martyrium
2728 3750 2885 3805 passa
2914 3741 3019 3804 est,
3055 3738 3224 3792 Vitam
3256 3740 3543 3807 scripserit
3571 3736 3663 3807 (l).
3689 3729 3768 3788 Sed

451 3743 600 3784 aliud
633 3743 769 3785 mnu
800 3743 965 3786 habet
994 3747 1154 3802 quam
1186 3743 1335 3803 quoa
1365 3743 1420 3790 δ.
1445 3743 1692 3799 Eulaliae,
1719 3750 1843 3805 quae
1874 3743 1977 3792 sub
2007 3743 2031 3791 1

455 3800 658 3878 de_hac
684 3802 852 3878 etiam
883 3803 993 3859 vita
1023 3804 1260 3878 Tomayo
1295 3804 1382 3878 (2)
1426 3806 1869 3878 eqt__hagiographi
1902 3807 2031 3864 Boll:

2083 3743 2349 3793 ocletiano
2379 3743 2696 3807 martyrium
2728 3750 2885 3805 passa
2914 3743 3019 3804 est,
3055 3743 3224 3792 Vitam
3256 3743 3543 3809 scripserit
3571 3743 3663 3807 (1).

2083 3807 2243 3864 ldiani
2273 3807 2440 3863 altum
2480 3808 2645 3862 silent
2679 3807 2790 3878 (3).

527 3870 740 3949 Benalli
766 3913 780 3937 ,
822 3887 964 3949 _seu,
1007 3874 1087 3928 uti
1135 3870 1406 3949 Antonius
1448 3870 1846 3949 illunihvbca’t,
1893 3879 2198 3949 Raynaldi,
2250 3891 2393 3949 opus
2433 3870 2704 3948 tempore'
2731 3870 3045 3949 Bereugarii
3094 3880 3457 3946 Turonensis,
3499 3883 3551 3935 et
3593 3875 3769 3949 quidem

459 3943 1177 4079 gggtargseggggelrﬁxeggges
1206 3945 1275 4001 de
1304 3951 1493 4003 sancta
1521 3943 1873 4017 eucharistia,
1907 3943 2434 4023 conscript'um'esse
2463 3943 2701 4029 videtur.
2734 3943 2937 4006 Versus
2968 3963 3035 4005 ex
3065 3963 3132 4006 eo
3162 3943 3458 4022 excerptas
3485 3950 3570 4007 hic
3594 3943 3770 4015 subjun-

535 4136 983 4218 (ﬂllnBibliotheca
1031 4139 1269 4212 Hispana
1301 4146 1477 4200 vetus.
1509 4143 1731 4213 Matriti,
1771 4144 1925 4213 1788,
1957 4148 1999 4200 t.
2033 4146 2100 4213 ll,
2184 4145 2432 4218 Hispani.
2466 4145 2737 4218 Lugduni,
2774 4144 2929 4218 1651,
2962 4145 3019 4202 in
3046 4145 3143 4203 iol.

459 4206 990 4296 p-§\76,i,n.fgl.__
1130 4206 1181 4296 Tu
1276 4292 1285 4296 ἰ
1364 4289 1384 4296 _
2068 4206 2102 4296 _'_
2218 4206 2329 4290 '(3)
2366 4206 2614 4276 ActaSVS.
2655 4206 2808 4274 add.
2836 4206 2932 4286 cit,
2964 4223 3005 4274 t.
3039 4219 3104 4284 ιι,
3132 4232 3188 4289 p.
3217 4217 3350 4274 576.

531 4281 598 4351 (2)
644 4282 725 4339 Ad
781 4284 846 4338 l2
900 4285 1225 4351 Februarii,
1270 4292 1312 4344 t.
1364 4289 1407 4355 Ι,
1458 4302 1515 4360 p.
1569 4286 1690 4343 100.
1731 4286 2104 4361 ManerIOgii

630 4676 944 4760 Earcerpti
976 4676 1055 4740 de
1088 4674 1250 4741 libro
1282 4676 1551 4743 lienam
1578 4675 1889 4762 magistri
1919 4675 2481 4743 Barchinonensis
2513 4676 2954 4745 Gerundensis
2983 4677 3064 4741 de
3092 4696 3361 4760 corpore
3390 4670 3644 4741 Christi.

464 4818 709 4884 Quatuor
735 4819 791 4874 in
831 4832 989 4876 sacro
1017 4819 1302 4890 signantur
1330 4819 1399 4876 de
1428 4831 1662 4889 corpore
1691 4818 1890 4877 Christi
2120 4823 2165 4885 α
2187 4818 2453 4887 Quomodo
2504 4818 2661 4891 panis
2715 4823 2790 4874 est
2826 4817 3146 4875 solummodo
3196 4821 3568 4874 sacramentum
3616 4813 3659 4865 ει
3703 4817 3783 4860 ηοω

537 4907 694 4975 Quod
725 4913 994 4964 monstrat
1020 4908 1147 4965 fidei
1178 4910 1339 4980 plena
1369 4911 1481 4967 Deo
1510 4910 1673 4976 ratio,
2708 4908 2877 4973 adhuc
2918 4922 3042 4963 caro
3093 4908 3316 4963 Domini.

467 4998 719 5055 Oblatum
748 4998 896 5069 quod
926 4998 1018 5064 sit,
1050 5012 1081 5055 a
1110 5013 1242 5070 quo,
1276 5013 1377 5070 pro
1407 5014 1516 5070 quo
1545 4999 1727 5068 datur,
1757 5003 1852 5055 aut
1878 4999 1967 5055 cui
2195 4997 2295 5054 Hic
2323 5002 2514 5054 noster
2541 4996 2700 5068 panis
2727 4997 2879 5067 prius
2907 5004 2991 5052 est
3017 4996 3321 5053 communis
3348 5000 3403 5053 et
3438 4993 3528 5050 ille

540 5090 607 5145 Se
636 5089 742 5144 sibi
771 5089 865 5145 dat
901 5088 1187 5155 Christus;
1219 5104 1280 5145 se
1310 5090 1404 5146 dat
1432 5090 1488 5146 in
1522 5090 1650 5159 hoc,
1673 5088 1821 5160 quod
1852 5089 2039 5154 homo,
2265 5087 2510 5155 Oblatus,
2541 5093 2791 5158 sumptus
2820 5086 2911 5142 ﬂat
2940 5092 3001 5143 ut
3023 5086 3143 5157 ipse
3173 5100 3319 5143 caro.

470 5176 575 5234 Sed
606 5177 733 5246 sibi,
764 5178 913 5248 quod
945 5180 1088 5234 Deus
1117 5185 1227 5245 est;
1260 5180 1519 5249 quoniam
1561 5192 1786 5236 summae
1815 5177 2006 5235 deitati
2195 5180 2290 5235 Est
2317 5182 2738 5244 sacramentum,
2769 5190 2941 5233 sacrae
2965 5176 3182 5249 signum
3208 5173 3440 5246 pietatis.

540 5266 709 5325 Oll‘ert
746 5283 804 5324 se
842 5268 1112 5336 Christus,
1145 5282 1247 5340 pro
1278 5268 1403 5325 fidei
1436 5268 1651 5336 sobole,
2266 5269 2334 5324 Et
2360 5266 2519 5337 panis
2546 5266 2789 5323 nondum
2818 5280 2946 5324 vera
2975 5280 3103 5323 caro
3134 5264 3363 5323 Domini.

473 5356 696 5435 Scilicet
724 5358 987 5440 Ecclesia,
1018 5372 1181 5430 quam
1212 5357 1535 5431 participem
1561 5358 1788 5416 Deitatis
2197 5359 2302 5415 Sed
2334 5369 2444 5412 non
2485 5356 2792 5413 communis
2820 5370 3020 5428 panum
3048 5360 3292 5412 semotus
3318 5353 3385 5409 ab
3414 5364 3529 5412 usu.

543 5449 841 5515 Assumens
870 5449 926 5507 in
964 5465 1024 5508 se
1052 5449 1414 5523 gloriﬁcando
1448 5444 1599 5509 facit.
2269 5447 2373 5504 Sed
2403 5445 2617 5517 signum
2644 5448 2850 5506 sacrari
2878 5460 2993 5505 rem
3022 5446 3150 5519 quia
3179 5441 3460 5519 signiﬁcat.
