4000 6158
185 308 389 363 601’

1024 312 1367 370 MARIANUS
1404 316 1712 373 SCOTTUS.
1754 347 1827 359 —
1861 318 2129 376 NOTITIA
2167 317 2335 375 HIST.
2377 317 2461 383 ET
2498 316 2667 373 LITT.

3420 323 3528 379 602

183 430 785 521 Quapn‘do‘sacramentum
812 438 1003 521 etres;
1034 439 1592 521 sacramentum..un
1607 442 1793 498 retinet
1812 447 1865 505 Α
1955 444 2086 499 Ηωο
2115 443 2296 499 oraria
2323 442 2405 498 vis
2440 440 2815 498 sanctiﬁcante
2843 443 2957 499 Deo

241 501 451 573 speciem
472 503 651 574 panis,
682 518 766 559 res
794 506 916 576 quia
945 521 1068 562 vero
1098 523 1223 563 caro
1253 501 1458 565 Domini
1480 501 1584 566 'est.

179 594 450 660 Postquam
479 598 660 647 sacrat
688 607 811 648 cum
840 594 1059 653 Christo
1089 598 1631 656 sacrante‘sacerdos

240 681 292 735 in
330 693 469 736 nexu
500 681 671 750 pacis,
701 681 759 737 in
783 684 993 754 gremio
1022 685 1171 751 ﬁdei,

177 768 528 839 Ecclesimquc
559 770 745 837 domo,
779 786 903 841 quae
932 772 1137 829 dicitur
1175 775 1329 842 unio,
1366 790 1465 847 per
1492 791 1654 849 quam

236 859 436 928 Sponsa
459 873 560 914 suo
586 861 799 929 Sponso
824 861 1073 931 jungitur
1100 862 1367 931 Ecclesia,

174 946 463 1015 inspirante
493 949 627 1014 Deo,
661 955 854 1005 natura
883 950 1037 1020 prior
1064 950 1376 1009 benedicta.

234 1036 361 1090 Vera
389 1050 520 1091 caro
550 1038 761 1093 Domini
793 1043 897 1106 est,
929 1044 984 1095 et
1012 1048 1297 1097 remanent
1323 1043 1538 1112 species

145 1124 288 1178 'Dum
315 1130 659 1180 sacramento
690 1140 778 1182 res
806 1132 892 1183 εει
921 1141 1048 1185 caro
1078 1143 1205 1184 vera
1235 1130 1494 1187 creantis.

229 1210 327 1265 Sed
354 1218 754 1269 sacramentum
786 1214 991 1271 dicitur
1020 1230 1161 1284 esse,
1194 1217 1322 1273 ideo

164 1298 304 1366 Quod
334 1301 536 1378 retinet
560 1302 778 1372 species
806 1316 915 1359 non
946 1304 997 1359 vi
1029 1304 1187 1374 panis
1214 1314 1531 1363 remanente

228 1388 305 1444 Fit
335 1396 528 1465 natura
561 1391 714 1460 prior
740 1406 866 1448 vera
897 1408 1025 1450 caro
1055 1395 1291 1451 Domini.

164 1476 298 1552 Quod
338 1481 503 1548 panis
558 1494 660 1552 non
715 1481 970 1552 accipitur
1022 1484 1078 1537 in
1128 1489 1456 1541 sacramento
1513 1485 1795 1542 secundum

222 1551 438 1628 (annos,
483 1549 576 1628 sed
632 1549 913 1628 seiunctam
952 1554 1052 1608 vim
1088 1553 1410 1628 materialem
1448 1560 1497 1611 et
1534 1563 1797 1628 tempora-

225 1617 335 1744 lezn,
358 1635 477 1689 quae
497 1622 689 1676 transit
716 1624 771 1677 in
800 1624 900 1678 vim
928 1630 1196 1691 azternam,
1232 1625 1428 1683 scilicet
1454 1628 1507 1682 in
1544 1617 1793 1684 aternam

225 1704 267 1743 in
290 1705 392 1744 ant.
1660 1729 1677 1744 .

223 1704 373 1744 vitam
380 1733 392 1745 .

163 1778 212 1831 In
239 1787 580 1836 sacramento
607 1780 764 1850 panis
791 1795 903 1839 non
927 1783 1164 1840 sumitur
1192 1785 1286 1841 ille

223 1866 277 1919 in
303 1874 567 1936 quantum
599 1870 757 1938 panis
786 1872 857 1937 vi,
885 1871 983 1927 sed
1014 1873 1069 1930 in
1101 1872 1202 1929 hac
1234 1876 1456 1945 propria

160 1954 299 2020 Quod
326 1956 678 2014 manducanti
708 1959 803 2015 dat
830 1961 992 2016 vitam
1023 1964 1290 2032 temporis
1320 1963 1519 2033 hujus;

1880 534 2097 589 Transit
2123 532 2180 588 in
2211 536 2472 589 aeternam
2500 532 2628 598 vim,
2660 546 2823 602 quam
2861 545 3085 603 sumens
3114 533 3281 590 homo
3312 535 3478 608 digne

1951 622 2092 678 Vivit
2116 623 2177 691 in
2208 628 2474 679 aeternum
2502 622 2553 676 vi
2582 622 2812 677 satiatus
2841 636 2925 678 ea.

1880 713 2001 782 ipsa
2030 712 2253 782 quidem
2282 711 2486 769 formas
2512 712 2680 768 habet
2707 711 2831 767 illas
2860 711 3176 782 spirituales

1948 804 2083 869 Quae
2109 807 2390 872 nequeunt
2419 801 2573 857 cerni
2602 801 2888 872 corporeis
2916 801 3112 858 oculis.

1878 891 1974 946 illa
2003 891 2226 960 quidem
2258 892 2430 946 virtus
2458 890 2687 947 formam
2718 905 2879 961 quam
2915 891 3072 961 panis
3102 892 3359 959 habebat,

1946 979 2053 1035 Sed
2085 992 2196 1035 non
2227 985 2474 1034 naturam
2503 978 2757 1048 suscipit,
2789 985 2845 1034 et
2873 979 3093 1036 retinet.

1877 1121 2025 1191 Quod
2055 1122 2108 1177 in
2144 1119 2390 1176 sumendo
2422 1119 2753 1247 desitnitlesse
2795 1126 3178 1178 sacramentum
3215 1125 3263 1178 et
3293 1127 3521 1178 remanet

2548 1206 2617 1247 an
2642 1207 2728 1247 um
2766 1206 2870 1247 res.

2548 1206 2728 1247 anmm
2766 1206 2870 1247 νεε.

1872 1337 1988 1392 Jam
2019 1340 2419 1392 sacramentum
2449 1333 2506 1388 in
2535 1334 2803 1389 sumendo
2834 1334 3039 1391 desinit
3067 1348 3209 1404 esse,

1945 1425 2246 1481 Discedunt
2273 1422 2485 1491 formae,
2518 1436 2608 1479 res
2636 1436 2701 1479 ea
2732 1422 2849 1479 sola
2880 1429 3083 1491 manet,
3108 1446 3125 1463 ν

1875 1515 1972 1572 Illa
1999 1529 2129 1571 vero
2159 1512 2374 1570 Domini
2404 1512 2711 1568 substantia
2747 1512 3071 1569 viviﬁcatrix

1945 1608 2061 1672 Qua
2091 1604 2235 1660 redit
2263 1603 2332 1659 ad
2361 1603 2525 1659 vitam
2555 1606 2771 1658 mortua
2799 1608 2988 1660 nostra
3012 1616 3160 1660 caro.

1876 1699 1987 1755 Nos
2016 1695 2216 1762 reﬁcit,
2248 1693 2490 1759 redimit,
2516 1693 2717 1764 jungit,
2750 1706 2927 1760 caena,
2960 1706 3147 1760 cruce,
3178 1697 3353 1762 patre,

1813 1772 1863 1834 Β
1951 1786 2049 1840 His
2077 1784 2291 1851 tribus;
2324 1783 2444 1838 haec
2474 1783 2578 1838 tria
2607 1796 2704 1837 rex
2733 1781 3052 1852 paciﬁcator
3080 1780 3213 1850 agit.

1872 1877 2008 1931 Dum
2047 1887 2175 1929 caro
2205 1872 2408 1928 libatur
2435 1871 2660 1937 Christi,
2693 1871 2870 1941 pietas
2897 1875 3213 1933 renovatur,

1946 1965 2012 2019 Et
2041 1964 2245 2033 pietate
2276 1975 2435 2027 nova,
2468 1960 2528 2017 ﬁt
2557 1974 2686 2017 caro
2717 1967 2905 2016 nostra
2934 1972 3094 2015 nova.

908 2111 917 2112 κ
2338 2111 2443 2112 ψη
2488 2111 2529 2112 η
2556 2111 2593 2112 η
2668 2111 2683 2113 _

1480 2245 1664 2299 ἐπι).οΑ
1701 2257 1889 2299 ANNUM
1929 2256 2153 2297 summm

733 2397 2949 2642 MARIANgiSCOTTUS

1447 2879 1458 2888 _
1584 2742 2096 2859 NOTITIA

884 2956 998 3039 IN
1035 2956 1631 3042 MARIANUM
1672 2959 1808 3043 ET
1845 2957 2105 3044 EJUS
2144 2959 2777 3047 CHRONICON

328 3117 403 3183 (ϐ.
443 3116 648 3184 Wurz,
677 3116 914 3173 Proem.
949 3118 1015 3173 ad
1046 3118 1362 3177 Chronicon
1400 3121 1623 3177 Mariani
1653 3121 1850 3189 Scotti,
1881 3134 1971 3192 ap.
2005 3122 2198 3190 Paarz,
2228 3123 2463 3181 Monum.
2496 3122 2671 3179 Germ.
2702 3121 2824 3178 hiet.
2856 3122 3059 3193 Script.
3095 3123 3157 3188 V,
3187 3120 3335 3191 481.)

212 3329 525 3387 Chronicon
563 3331 788 3387 Mariaui
828 3333 1048 3391 nomine
1097 3334 1420 3407 inscriptum
1451 3336 1507 3392 in
1539 3336 2007 3406 pluribusCsaac.
2056 3352 2110 3393 x1
2156 3336 2443 3395 codicibus
2495 3337 2866 3405 inveniuntur,
2917 3336 3038 3393 haec
3087 3336 3302 3392 diversa
3358 3336 3519 3405 plane

152 3416 312 3488 iisque
358 3418 512 3476 inter
550 3433 611 3476 se
644 3419 800 3478 valde
848 3421 1080 3479 diversis
1126 3423 1413 3481 codicibus
1460 3424 1680 3496 legitur.
1714 3426 1791 3481 Ex
1871 3426 2166 3496 scriptura,
2230 3426 2369 3482 Irica
2421 3425 2535 3481 sive
2596 3425 2912 3491 Hibernica,
2963 3424 3170 3494 quippe
3218 3436 3343 3492 quae
3396 3436 3517 3478 cum

153 3508 336 3575 quibus
366 3510 553 3579 primo
582 3509 707 3567 loco
739 3512 1109 3568 nominandus
1140 3520 1261 3569 est:

222 3596 269 3668 l)
308 3600 500 3656 Codex
560 3600 1127 3658 Palatino—Vaticanus
1165 3616 1221 3657 η.
1261 3601 1390 3670 830,
1430 3602 1596 3670 mbr.,
1632 3618 1679 3659 s.
1712 3619 1790 3671 xx,

156 3683 183 3735 4
246 3688 388 3754 maii,
422 3688 526 3760 qui
575 3687 721 3744 foliis
750 3694 967 3745 constat
1003 3689 1121 3746 170.
1172 3691 1330 3746 Hunc
1364 3692 1474 3761 jam
1504 3690 1599 3747 alii
1628 3696 1793 3748 auto-

157 3776 403 3846 graphum
442 3778 708 3834 dixerunt
750 3778 882 3851 (1);
945 3778 999 3835 id
1059 3779 1207 3849 quod
1265 3780 1607 3837 accuratiore
1664 3779 1794 3836 libri

160 3868 585 3930 perscrutatione
632 3868 982 3936 comprobari
1022 3868 1260 3924 videtur.
1292 3869 1426 3924 Nam
1466 3882 1577 3926 non
1615 3869 1794 3925 solum

160 3951 321 4009 brevis
374 3971 507 4025 qua:
573 3954 795 4011 additur
861 3957 1206 4012 continuatio
1266 3957 1391 4011 aliis
1448 3958 1654 4027 scripta
1712 3963 1795 4014 est

144 4040 381 4111 calamis,
414 4043 522 4100 sed
552 4043 729 4113 ipsum
760 4058 983 4115 quoque
1022 4045 1337 4102 Chronicon
1367 4059 1476 4102 non
1516 4060 1628 4103 uno
1658 4054 1796 4102 tem-

162 4142 278 4197 pore
325 4145 510 4204 neque
552 4147 658 4188 una
698 4147 860 4190 manu
891 4135 1158 4205 scriptum
1197 4141 1300 4192 est.
1332 4134 1451 4191 Alia
1481 4136 1627 4192 enim
1664 4135 1794 4193 folia

160 4215 283 4273 2-25
320 4227 374 4277 et
426 4220 537 4275 150
584 4236 733 4293 sqq.,
782 4223 887 4278 alia
935 4221 1066 4279 folia
1111 4222 1325 4278 26-149
1371 4226 1648 4291 exaravit;
1700 4225 1796 4281 illa

163 4304 340 4365 litteris
375 4325 524 4381 quas
570 4310 762 4368 dicunt
806 4312 1129 4369 minusculis
1175 4314 1368 4384 quales
1408 4315 1464 4370 in
1514 4315 1795 4385 plerisque

1872 3515 2162 3571 codicibus
2216 3514 2319 3571 hac
2384 3515 2572 3584 lingua
2627 3514 2851 3581 scriptis
2915 3526 3144 3581 prorsus
3207 3510 3520 3568 conveniat.

1875 3605 2027 3658 Hanc
2085 3603 2312 3671 primam
2359 3616 2637 3666 vocamus,
2678 3601 2826 3655 illam
2864 3613 3016 3665 vero,
3055 3598 3144 3654 cui
3184 3611 3295 3653 non
3341 3598 3519 3654 solum

1875 3690 2051 3746 ultimi
2098 3690 2357 3745 Chronici
2396 3689 2523 3744 anni
2556 3689 2849 3755 debentur,
2880 3686 2977 3743 sed
3008 3700 3115 3757 qua
3148 3686 3312 3741 etiam
3342 3685 3520 3756 pluri-

1875 3793 1978 3836 mae
2027 3779 2341 3835 additiones
2389 3784 2496 3834 tam
2528 3777 2584 3834 in
2615 3782 2766 3834 textu
2797 3789 2959 3847 quam
2999 3776 3052 3831 in
3086 3774 3330 3846 margine
3360 3773 3520 3831 factae

1875 3875 2023 3935 sunt,
2056 3868 2375 3924 secundam.
2426 3870 2557 3925 Utra
2599 3867 2836 3923 Mariano
2865 3866 2939 3922 sit
2990 3864 3283 3922 tribuenda
3319 3866 3522 3936 quaeri-

1875 3962 1985 4014 tur.
2029 3959 2207 4013 Prima
2246 3971 2411 4013 manu
2450 3958 2505 4012 in
2546 3957 2790 4027 margine
2837 3956 3124 4026 superiore
3153 3955 3274 4011 haec
3314 3954 3519 4026 scripta

1875 4052 2003 4103 sunt
2031 4045 2127 4103 fol.
2158 4044 2232 4099 33
2274 4062 2286 4102 :
2340 4047 2483 4103 Suam
2523 4044 2613 4117 (2)
2659 4045 2759 4100 den
2802 4043 2965 4100 indiv'
2991 4044 3303 4115 amélbrigte
3353 4043 3519 4101 elise-

1874 4136 1996 4191 nair
2057 4136 2114 4191 in
2176 4136 2457 4207 Magantia
2512 4136 2615 4191 isin
2675 4132 2910 4191 dardden
2972 4132 3133 4206 riafel
3185 4133 3366 4190 Petair
3421 4133 3523 4189 isin

1877 4225 2068 4281 cetblia
2115 4225 2445 4295 dendegaid‘
2502 4225 2543 4290 ἰ.
2600 4224 2703 4280 isin
2749 4223 2859 4280 blia
2914 4222 3238 4295 irromqbat’
3292 4222 3522 4293 Diqmait

1881 4314 2023 4387 (rin’
2051 4317 2251 4384 Lagea.
2290 4322 2339 4370 et
2368 4315 2473 4370 isin
2516 4313 2636 4386 ﬁde)
2674 4312 2858 4368 cetra‘
2894 4311 3001 4367 blia
3037 4317 3259 4367 tanacsa
3295 4309 3523 4366 Aalbain

1507 4421 1733 4477 VARIIE
1770 4421 2156 4477 LECTIONES.

227 4511 239 4543 '
275 4512 347 4569 ita
374 4514 492 4586 lego
524 4533 541 4581 ;
582 4488 890 4587 dennegaid
928 4521 1112 4588 postea
1148 4519 1445 4574 correxisse
1482 4519 1703 4575 videtur.
1780 4520 1800 4551 ²
1838 4518 2171 4574 irromarbat
2198 4516 2453 4574 diarmait
2489 4515 2710 4586 legenda
2746 4519 2886 4572 sunt.
2961 4512 2982 4545 ⁸
3021 4526 3136 4584 qua
3161 4509 3309 4568 uncis
3335 4507 3522 4566 inclusi

167 4579 251 4637 huc
270 4579 533 4655 pertinere
555 4592 716 4659 puto;
748 4579 798 4643 υἶ
824 4579 1099 4660 scriptum
1123 4590 1383 4661 specimen
1409 4593 1459 4645 et
1485 4595 1595 4646 not.
1626 4590 1682 4645 2.
1758 4589 1780 4621 ⁸
1816 4594 2019 4645 cetna?

1728 4687 1944 4743 NOTIE.

234 4778 313 4851 (1)
353 4784 577 4855 Pagius,
609 4784 744 4840 Crit.
784 4785 851 4840 ad
898 4787 1213 4852 Baronium,
1245 4800 1297 4842 a.
1329 4784 1455 4850 853,
1489 4799 1543 4842 n.
1588 4766 1672 4851 i4,
1704 4784 2045 4855 ed.Detiam
2093 4782 2163 4839 de
2212 4782 2547 4840 monasterio
2594 4784 2650 4855 SA.
2682 4781 3245 4855 Albanihhic_sermo_
3272 4782 3376 4855 est,
3417 4774 3524 4855 nisi

175 4848 485 4929 LueteXW,
524 4848 579 4929 p.
611 4854 717 4909 425
751 4875 763 4911 :
804 4857 1095 4929 Exemplar
1132 4848 1279 4913 istius
1317 4848 1523 4929 Codicis
1559 4848 1801 4912 seruatur

172 4934 289 4998 nunc
325 4926 511 4998 Romae
542 4927 883 4998 inconventu
919 4926 1104 4985 sancti
1143 4929 1359 4995 Isidori,
1399 4928 1496 4984 sed
1541 4933 1802 4998 autogra—

168 4991 307 5072 item
361 4996 451 5072 ad
478 4995 855 5072 bibliothecam
921 5000 1227 5072 Vaticanum
1280 4991 1372 5056 aut
1431 4999 1503 5055 ad
1568 4991 1799 5070 aliquam

172 5061 315 5142 aliam
356 5066 535 5142 Urbis
554 5067 914 5142 bibliothecam
951 5071 1265 5142 pertinebat.
1318 5072 1433 5135 Hoc
1470 5084 1600 5126 vero
1639 5061 1799 5142 voca-

173 5130 341 5217 bulum
389 5138 538 5208 apud
566 5141 707 5217 eius
752 5130 1017 5217 temporis
1062 5130 1598 5217 auctoresmonnisi
1646 5141 1798 5197 illum

173 5206 440 5274 signiﬁcat
474 5206 725 5266 codicem
765 5206 923 5281 cujus
974 5212 1282 5282 exemplum
1338 5210 1538 5268 factum
1584 5219 1687 5270 est.
1728 5242 1799 5253 —

174 5273 375 5346 Pagium
434 5279 668 5337 fortasse
723 5291 946 5339 secutus
997 5290 1076 5339 est
1134 5283 1409 5339 Schannat
1455 5285 1595 5341 Hist.
1637 5284 1794 5341 Fuld.

373 5352 595 5432 Codicis
612 5353 772 5432 illius
800 5356 966 5411 etiam
1003 5354 1259 5411 Mabillon
1288 5357 1429 5411 Ann.
1460 5357 1546 5422 ιν,
1581 5371 1636 5426 p.
1668 5354 1794 5423 583,

174 5422 490 5478 mentionem
521 5422 671 5480 facit.

242 5487 323 5559 (2)
354 5494 573 5567 Certam
601 5495 795 5552 horum
833 5497 1079 5553 locorum
1119 5495 1627 5567 interpretationem
1664 5510 1800 5554 non-

178 5556 309 5616 duin
337 5565 578 5623 nancisci
626 5569 923 5637 potuimus.
946 5598 1018 5609 —
1048 5570 1122 5626 De
1170 5556 1443 5640 Mogontia
1473 5574 1529 5625 et
1563 5567 1797 5627 fortasse

1877 4854 2112 4911 Aalbain
2153 4854 2221 4910 ad
2269 4855 2508 4911 Scotiam
2556 4853 2763 4911 referre
2805 4852 2962 4909 velis.
3011 4853 3088 4907 De
3134 4849 3318 4907 verbis
3355 4847 3525 4906 amel-

1880 4926 2047 4995 brigte
2095 4925 2355 4982 clusenair
2379 4926 2504 4982 vide
2541 4924 2683 4981 infra
2720 4930 2842 4981 not.
2883 4923 2964 4979 19.
3017 4922 3278 4995 Diarmait
3323 4934 3524 4995 nomen

1881 4992 2079 5053 tricum
2109 5004 2230 5064 est;
2265 5011 2389 5068 quae
2418 5004 2728 5068 sequuntur
2756 5008 2942 5068 regem
2969 4993 3222 5065 Lageniaa
3251 4992 3519 5068 indicant,

1881 5082 2043 5139 quem
2090 5082 2140 5123 a.
2189 5062 2326 5123 107'2
2369 5062 2575 5125 abiisse
2624 5083 2696 5139 ea
2740 5062 3017 5139 Chronico
3051 5062 3302 5139 constat.
3340 5064 3405 5118 ν.
3447 5062 3519 5120 cl.

1881 5134 1991 5218 Leo
2021 5145 2280 5218 monente
2304 5141 2419 5218 isin
2453 5139 2574 5218 _blia
2619 5137 2921 5210 (bliadha?)
2954 5139 3080 5218 lirro
3119 5134 3345 5218 marbat,
3386 5139 3520 5218 etc.,

1879 5211 2142 5267 vertenda
2190 5216 2355 5267 sunt:
2394 5231 2418 5259 α
2450 5212 2507 5266 in
2537 5224 2604 5266 eo
2652 5223 2795 5265 anno
2847 5213 3135 5279 postquam
3185 5211 3403 5262 occisus
3441 5211 3525 5261 est

1879 5284 2141 5338 Diarmait
2187 5296 2285 5338 rex
2322 5284 2548 5349 Lagen.,
2572 5300 2601 5334 »
2642 5286 2786 5336 cetra
2826 5279 2934 5335 blia
2962 5292 3094 5335 vero
3127 5298 3141 5333 :
3179 5295 3208 5329 «
3238 5279 3294 5333 in
3325 5281 3523 5347 quarto

1880 5367 2108 5425 anno.»
2153 5355 2313 5410 Anno
2367 5350 2762 5425 107611098),
2810 5350 2867 5425 id
2916 5356 3001 5425 est
3047 5353 3243 5425 quarto
3293 5352 3518 5425 posta

1880 5424 2042 5552 ἔφη,
2118 5425 2412 5482 Marianum
2488 5416 3083 5496 librum'scripsisse;
3155 5416 3311 5480 infra'
3366 5416 3519 5479 vide-

1918 5511 2078 5552 imus.

1918 5511 2078 5553 imus.
