4000 6158
1775 300 2119 357 MARIANUS
2154 301 2464 358 SCOTTUS.

3698 298 3797 353 604

436 429 493 482 in
531 425 898 500 perigrinitate
936 441 1072 494 mea,
1107 432 1156 482 et
1184 426 1370 499 scripsi
1408 426 1552 481 hunc
1594 423 1782 481 librum
1810 440 1910 497 pro
1940 425 2323 487 cari-Amanu
2379 424 2660 496 scriptam,
2711 423 2951 481 Mariano
3004 423 3352 480 tribuendam
3400 436 3543 490 esse,
3595 428 3796 479 tantum

438 520 545 573 tate
581 514 675 571 tibi
704 519 754 571 et
799 516 977 573 Sectis
1024 515 1277 584 omnibus,
1309 515 1366 570 id
1410 519 1486 569 est
1532 513 1958 586 Hibemensibus,
1991 514 2077 586 qui

436 620 550 661 sum
603 604 716 675 ipse
770 603 1148 670 Hibernensis;
1212 602 1252 659 f.
1302 604 1372 657 67
1415 623 1428 659 :
1498 603 1709 660 Sobenn
1772 585 1877 659 ἀύτῖ
1935 585 2077 659 indie

438 692 739 763 dme‘lbrigte
785 692 1043 748 clvsenatr
1089 691 1335 748 diamairt
1370 689 1454 763 (3)
1499 691 1536 746 2
1580 690 1708 748 Kal.
1763 694 1897 761 Aug.
1947 694 2076 749 Μα-

437 782 623 838 nidern
686 782 790 838 tais
853 780 1062 837 scoloca
1112 779 1199 852 (4)
1260 780 1585 836 manestrech
1648 781 1888 839 Mavritii
1949 779 2079 837 Bla-

437 872 570 943 ﬂacc
597 871 730 927 ddsa
764 869 864 941 μοι)
904 868 1089 925 crine“
1125 870 1245 939 nige
1275 869 1342 940 (Ρ)
1390 874 1657 938 cotocenn,
1688 875 1745 925 ut
1774 870 1938 925 cecidi
1966 883 2081 925 cum

438 958 628 1015 tabulis
668 959 725 1014 in
766 958 924 1030 fundo
970 958 1238 1027 stercoris,
1268 958 1363 1014 sed
1399 960 1577 1028 gratia
1607 974 1730 1028 ago,
1761 973 1856 1014 nec
1881 972 2081 1013 mersus

435 1063 550 1103 sum
576 1049 632 1104 in
674 1052 903 1104 stercore
930 1049 1275 1116 Francorum,
1308 1048 1401 1103 sed
1448 1052 1621 1104 tamen
1663 1063 1756 1103 oro
1799 1048 2077 1114 discentes,

436 1141 492 1192 ut
520 1136 640 1192 dent
681 1135 1095 1192 maledictioncm
1141 1135 1267 1192 illis.
1319 1139 1449 1205 Quae
1482 1137 1679 1206 partim
1718 1136 1904 1207 lingua
1940 1136 2080 1191 Irica

435 1225 639 1294 scripta
686 1223 819 1294 quin
867 1224 936 1280 ab
983 1224 1106 1294 ipso
1153 1225 1392 1281 Mariano
1442 1224 1627 1279 addita
1675 1225 1805 1292 sint,
1839 1224 2079 1280 dubitari

435 1313 670 1384 nequit;
725 1313 965 1383 ideoque
1023 1312 1261 1369 efﬁcitur
1313 1318 1375 1369 ut
1418 1313 1665 1370 codicem
1714 1313 1866 1370 nullo
1913 1313 2080 1370 modo

437 1403 764 1473 posterioris
802 1402 1069 1474 temporis
1106 1403 1480 1474 apographum
1527 1403 1733 1459 habere
1780 1403 2075 1474 possimus.

436 1491 543 1548 Sed
592 1506 717 1547 cum
765 1491 928 1547 etiam
976 1492 1034 1547 in
1087 1491 1362 1548 Chronico
1418 1492 1690 1548 Marianus
1737 1491 1804 1548 de
1850 1506 1910 1548 se
1956 1492 2079 1562 ipso

436 1581 701 1651 loquitur,
759 1580 1022 1651 pleraque
1080 1580 1301 1650 quidem
1358 1582 1553 1637 eodem
1608 1581 1817 1637 calamo
1875 1582 2080 1651 scripta

436 1677 604 1736 sunt;
654 1675 785 1726 nota
814 1683 944 1725 vero
992 1683 1044 1724 a.
1090 1668 1226 1724 1050
1271 1676 1462 1740 postea
1512 1677 1567 1727 et
1612 1671 1855 1727 secunda
1892 1670 2080 1726 addita

2158 528 2268 570 non
2326 528 2518 571 omnes
2572 519 2854 581 censeant,
2916 527 3096 584 neque
3155 526 3257 584 ego
3325 511 3486 583 plane
3536 512 3798 583 negarim,

2158 605 2464 674 praesertim
2516 618 2640 660 cum
2688 603 2810 660 haec
2858 603 3052 658 Iricam
3103 599 3424 672 praeseferat
3470 600 3712 670 speciem
3749 608 3801 657 et

2159 693 2363 762 optime
2411 692 2681 748 monacho
2712 692 2767 747 in
2798 692 2901 747 hac
2945 697 3089 746 terra
3128 696 3257 746 nato
3288 689 3588 746 convenire
3617 689 3800 745 videa'-

2159 785 2268 837 tur.
2302 784 2553 837 Attamen
2603 779 2934 836 mouendum
2968 785 3052 835 est
3099 785 3259 834 notas
3307 777 3637 849 marginales
3665 792 3799 846 pau-

2160 885 2253 927 cas
2299 876 2508 926 tantum
2555 870 2659 926 hac
2705 869 2942 939 scriptas
2988 881 3111 924 esse
3142 881 3325 931 manu,
3363 872 3635 937 praeterea
3666 866 3803 922 hanc

2162 960 2393 1016 maxime
2442 950 2651 1029 partem
2699 958 2982 1014 erroribus
3028 956 3141 1012 illis
3191 955 3516 1016 mendisaue
3561 953 3803 1011 fmdissi-

2161 1050 2265 1105 mis
2311 1048 2759 1105 commaculatam
2810 1047 2938 1117 legi.
2994 1048 3183 1116 itaque
3232 1059 3424 1116 parum
3470 1053 3628 1100 abest
3675 1046 3805 1115 quin

2162 1138 2325 1193 etiam
2357 1138 2478 1194 haec
2523 1138 2591 1192 ab
2637 1137 2748 1192 alio
2778 1135 3015 1206 quodam
3064 1134 3270 1204 scripta
3317 1147 3440 1189 esse
3486 1138 3746 1200 statuam,
3778 1148 3807 1189 a

2162 1227 2432 1283 monacho
2481 1226 2715 1283 fortasse
2763 1228 2975 1291 Scotto,
3009 1222 3103 1293 qui
3143 1237 3267 1279 cum
3312 1222 3553 1278 Mariano
3585 1222 3642 1277 in
3672 1223 3805 1277 Ger-

2165 1316 2395 1371 maniam
2454 1313 2806 1386 migraverit,
2875 1312 3037 1383 eique
3094 1325 3310 1366 manum
3367 1310 3436 1366 ad
3493 1310 3806 1367 Chronicou

2161 1405 2514 1462 scribendum
2570 1404 2917 1475 praebuerit;
2977 1415 3088 1473 quo
3146 1408 3364 1457 mortuo
3423 1400 3507 1456 vel
3567 1406 3806 1466 remoto,

2160 1495 2390 1551 alterum
2449 1494 2505 1550 in
2559 1494 2678 1564 ejus
2735 1492 2917 1548 locum
2973 1490 3305 1547 successisse
3363 1487 3652 1559 probabile
3704 1496 3807 1544 est.

2160 1584 2527 1641 Nihilominus
2574 1581 2787 1653 singula
2817 1580 2982 1636 verba
3012 1579 3095 1635 vel
3128 1579 3291 1635 etiam
3331 1577 3614 1648 longiores
3650 1583 3813 1633 notas

2162 1673 2388 1730 Mariani
2444 1685 2606 1728 manu
2661 1670 2846 1726 addita
2904 1682 3024 1725 esse
3082 1668 3209 1738 quis
3263 1673 3510 1738 negaret,
3562 1679 3689 1721 eum
3746 1667 3812 1721 iis

438 1764 523 1814 est
550 1771 712 1814 manu
748 1778 760 1813 :
801 1760 917 1827 Ego
954 1758 1113 1814 miser
1146 1759 1426 1816 Marianas
1460 1760 1516 1815 in
1547 1763 1761 1832 peccato
1798 1759 1876 1831 fui
1904 1760 1960 1814 in
1986 1754 2400 1820 hothestibus
2429 1760 2524 1832 qui
2568 1759 2814 1816 codicem
2844 1757 3165 1814 evolverunt
3213 1756 3413 1811 litterae
3444 1760 3501 1810 et
3529 1760 3811 1810 atramen-

437 1862 575 1903 anno
611 1851 786 1913 natus,
826 1846 903 1902 ita
950 1851 1011 1902 ut
1059 1847 1178 1917 ipse
1227 1848 1390 1903 etiam
1437 1848 1544 1905 hoc
1590 1848 1715 1904 loco
1754 1860 1867 1904 non
1914 1846 2078 1905 modo

350 1974 355 1977 -
437 1942 631 1991 auctor
659 1935 757 1991 sed
804 1936 1045 2006 scriptor
1073 1935 1415 2006 deprehendi
1463 1936 1731 1993 videatur.
1783 1937 2008 1992 Necnon
2038 1935 2076 1991 f.

446 2024 544 2078 147
585 2029 641 2080 et
688 2023 788 2078 148
842 2024 1013 2081 altera
1061 2025 1182 2082 haec
1231 2039 1423 2081 manus
1479 2025 1534 2081 in
1593 2026 1835 2097 margine
1889 2039 2081 2082 versus

438 2118 677 2183 quatuor
736 2114 876 2170 Irica
941 2113 1126 2183 lingua
1189 2114 1432 2185 scripsit.
1519 2117 1657 2171 Sunt
1721 2116 1889 2186 igitur
1953 2130 2078 2185 qua:

437 2208 725 2273 utramque
774 2208 982 2272 partem
1034 2212 1091 2258 ut
1139 2203 1379 2260 Mariano
1426 2205 1730 2261 tribuamus
1772 2204 2075 2272 suadeant;

435 2291 533 2347 sed
565 2292 671 2347 alia
709 2298 838 2347 sunt
878 2306 1003 2362 quae
1033 2292 1163 2349 huic
1200 2292 1421 2349 obstent
1465 2294 1755 2350 sententia
1784 2299 1839 2349 et
1877 2294 2080 2364 quibus

436 2377 577 2435 efﬁci
617 2378 868 2436 videatur
896 2385 957 2436 ut
984 2379 1069 2437 vel
1108 2380 1281 2437 altera
1309 2381 1395 2437 vel
1434 2390 1667 2452 utraque
1715 2396 1843 2451 pars
1880 2383 2078 2439 scribae

437 2468 727 2525 tribuenda
757 2468 849 2537 sit,
881 2469 976 2539 qui
1008 2474 1102 2526 aut
1130 2470 1380 2527 codicem
1410 2471 1807 2543 autographum
1838 2471 2079 2529 Mariano

435 2562 555 2614 vivo
586 2564 642 2614 et
669 2564 895 2615 auctore
926 2558 1305 2629 descripserit,
1336 2566 1430 2615 aut
1458 2558 1564 2630 ipsi
1593 2559 1823 2617 dictanti
1862 2575 2079 2619 manum

437 2647 813 2717 calamumque
864 2648 1312 2705 commodaverit.
1344 2650 1476 2705 Nam
1517 2649 1763 2719 quamvis
1799 2651 2080 2708 scribendi

437 2736 705 2793 rationem
754 2736 948 2793 rudem
996 2742 1053 2793 et
1097 2737 1260 2808 plane
1306 2738 1659 2808 singularem,
1693 2753 1854 2810 quam
1892 2740 1949 2796 in
1987 2754 2083 2798 co-

436 2826 560 2881 dice
597 2825 850 2897 legimus,
882 2839 1000 2882 eam
1049 2840 1169 2882 esse
1216 2840 1341 2897 quae
1386 2826 1626 2884 Mariano
1674 2828 1731 2883 in
1771 2843 1873 2884 usu
1916 2828 2083 2885 tuerit

437 2914 620 2970 nullus
648 2914 916 2982 dubitem,
951 2915 1268 2985 neutiquam
1305 2922 1487 2972 tamen
1527 2916 1634 2986 ipsi
1672 2930 1891 2973 errores
1929 2931 2081 2973 men-

436 3003 616 3073 daque
662 3003 1040 3073 imputaverim
1087 3000 1389 3060 fmdissima
1427 3004 1629 3075 quibus
1675 3005 1851 3061 codex
1906 3012 2083 3062 scatet

2160 1859 2275 1908 tum
2322 1849 2528 1920 saepius
2577 1851 2858 1904 mutentur
2887 1852 2943 1903 et
2974 1844 3357 1902 difﬁcillimum
3403 1842 3477 1898 sit
3521 1841 3810 1899 intellectu

2163 1954 2308 2011 quae,
2332 1951 2443 2010 quo
2465 1943 2736 2008 tempore,
2759 1950 2933 2006 quave
2950 1948 3113 1991 manu
3142 1933 3331 1990 addita
3342 1933 3461 1989 sint
3482 1938 3507 1987 ?
3532 1933 3665 1999 Quae
3689 1944 3811 1987 cum

2162 2029 2236 2084 ita
2285 2027 2416 2095 sint,
2453 2026 2701 2084 codicem
2748 2024 3149 2096 autographum
3198 2023 3467 2089 dicamus,
3510 2035 3577 2077 eo
3625 2026 3810 2076 tamen

2160 2131 2325 2172 sensu
2357 2123 2418 2172 ut
2446 2129 2627 2185 neque
2673 2118 2824 2171 totus
2870 2127 3051 2183 neque
3098 2111 3386 2168 maximam
3436 2114 3648 2181 partem
3705 2110 3813 2166 Ma-

2162 2206 2302 2261 riaui
2350 2218 2511 2261 manu
2551 2203 2793 2273 scriptus
2821 2203 2914 2269 sit,
2946 2201 3046 2259 sed
3075 2202 3275 2258 librum
3307 2200 3564 2256 exhibeat
3592 2197 3811 2269 qualem

2161 2300 2356 2351 auctor
2400 2292 2773 2362 composuerit
2818 2297 2874 2347 et
2920 2291 3186 2362 temporis
3225 2290 3463 2346 decursu
3509 2288 3810 2345 continua-

2160 2384 2327 2450 verit,
2386 2382 2721 2449 correxerit,
2769 2381 3020 2447 auxerit,
3079 2380 3193 2436 sive
3248 2379 3369 2449 ipse
3420 2378 3543 2434 haec
3599 2377 3813 2432 calamo

2162 2471 2645 2538 eommendavcrit,
2677 2469 2792 2525 sive
2830 2484 2963 2526 usus
3008 2468 3081 2525 sit
3126 2468 3431 2525 scribarum
3469 2479 3631 2522 manu
3683 2464 3807 2521 rudi

2161 2567 2325 2632 atque
2356 2560 2630 2631 imperita.

2231 2650 2417 2707 Codex
2454 2663 2522 2706 ex
2552 2646 2889 2704 monasterio
2936 2648 2990 2703 S.
3043 2645 3257 2702 Martini
3309 2644 3615 2716 Moguntin.
3680 2640 3805 2713 (fol.

2169 2740 2189 2792 1
2225 2738 2428 2810 legitur
2468 2758 2481 2794 :
2512 2739 2622 2793 Iste
2659 2735 2791 2791 liber
2812 2736 3037 2806 pertinet
3075 2735 3145 2790 ad
3176 2733 3449 2789 librarium
3491 2733 3555 2789 S.
3585 2731 3811 2787 Martini

2163 2827 2467 2897 Moguntina,
2514 2824 2702 2896 1479).
2725 2826 2786 2880 ln
2816 2823 3115 2880 Palatinam
3145 2823 3387 2892 indeque
3417 2822 3473 2877 in
3494 2820 3813 2876 Vaticanam

2165 2918 2460 2974 translatus
2487 2923 2572 2973 est
2600 2914 3013 2972 bibliothecam.

2232 3005 2293 3076 2)
2349 3005 2535 3062 Codex
2579 3002 2942 3060 Cottonianus
2993 3004 3140 3060 Nero
3188 3002 3246 3058 C.
3298 3003 3391 3066 V.,
3441 2998 3606 3064 mbr.,
3656 3012 3705 3053 s.
3768 3015 3817 3055 xi

437 3096 493 3146 et
558 3104 683 3160 quia
747 3091 983 3146 scribam
1049 3092 1361 3161 imperitum
1425 3099 1481 3148 et
1554 3081 2144 3165 negligentissimumC
2166 3109 2277 3162 ex.,
2308 3094 2484 3151 codex
2515 3093 2930 3158 celeberrimus,
2961 3106 3030 3148 ex
3058 3104 3168 3161 quo
3199 3090 3474 3162 integrum
3511 3087 3818 3144 Marianum

436 3177 730 3234 ostendere
759 3178 1035 3235 videntur.
1076 3180 1334 3246 Quaedam
1374 3180 1604 3236 fortasse
1642 3196 1708 3237 ex
1746 3182 1904 3239 libris
1941 3197 2083 3253 quos

436 3270 659 3323 secutus
706 3272 790 3322 est
828 3266 967 3324 male
1016 3268 1242 3339 scriptis
1288 3268 1372 3325 vel
1420 3269 1560 3326 male
1606 3270 1766 3326 lectis
1817 3271 2079 3342 explicari

436 3362 667 3426 possunt
709 3355 838 3429 (5);
881 3357 987 3412 alia
1030 3372 1160 3415 vero
1208 3359 1478 3429 ejusmodi
1525 3366 1672 3428 sunt,
1725 3368 1786 3416 ut
1842 3362 2079 3418 scribam

434 3443 677 3500 auctoris
730 3444 897 3500 verba
954 3458 1119 3514 prave
1186 3445 1551 3516 excipientem
1617 3455 1673 3503 et
1739 3448 2082 3520 negligenter

433 3531 767 3590 scribentem
815 3539 1047 3604 arguant
1075 3533 1187 3606 (6).
1240 3535 1365 3590 Haec
1406 3541 1514 3590 tam
1544 3536 1601 3591 in
1639 3536 1710 3591 iis
1748 3550 1872 3606 qua:
1906 3537 2080 3607 prima

434 3636 595 3692 quam
626 3636 751 3692 quae
788 3622 1030 3679 secunda
1071 3636 1234 3679 manu
1278 3622 1486 3694 scripta
1534 3630 1662 3680 sunt
1704 3626 2075 3695 reperiuntur.

435 3713 567 3768 Haec
594 3725 746 3778 vero,
778 3726 885 3782 qua
915 3711 1095 3769 locum
1129 3712 1197 3769 de
1227 3713 1468 3770 Mariano
1500 3720 1628 3770 nato
1660 3714 1926 3785 scriptum
1957 3729 2078 3771 esse

435 3815 602 3870 supra
631 3800 765 3868 dixi,
797 3801 1073 3858 Chronico
1101 3801 1258 3858 ﬁnito
1288 3803 1450 3859 etiam
1490 3804 1610 3872 ejus
1648 3809 1878 3860 mortem
1908 3804 2080 3861 adno-

437 3888 608 3955 tavit;
650 3888 798 3957 quod
847 3889 916 3945 ab
965 3890 1088 3959 ipso
1134 3887 1335 3946 factum
1387 3888 1556 3946 fuisse
1605 3905 1764 3948 nemo
1793 3892 1899 3948 sibi
1948 3906 2077 3962 per-

436 3973 731 4043 suadebit;
800 3976 897 4032 sed
953 3977 1190 4033 scribam
1238 3978 1742 4049 deprehendimus,
1798 3980 1892 4050 qui
1948 3980 2077 4036 dum

439 4062 711 4119 Marianus
747 4064 973 4132 viveret,
1005 4065 1111 4136 ipsi
1158 4066 1227 4122 ad
1275 4081 1468 4124 manus
1512 4067 1614 4125 fuit
1642 4073 1698 4125 et
1735 4083 2079 4140 quaecunque

438 4151 733 4209 scribenda
790 4158 948 4209 erant
1002 4154 1185 4212 codici
1254 4156 1482 4226 intulit;
1546 4158 1753 4231 quique
1818 4160 2079 4229 magistro

438 4247 657 4299 mortuo
701 4241 864 4298 etiam
903 4242 1113 4300 obitum
1143 4244 1246 4301 viri
1286 4246 1584 4303 venerandi
1631 4246 1873 4303 breviter
1900 4248 2079 4305 adno-

439 4328 664 4386 tandum
720 4330 896 4387 duxit.
952 4333 1068 4388 Jam
1124 4347 1254 4391 vero
1309 4334 1535 4391 alteram
1594 4342 1803 4406 partem
1832 4375 1848 4399 ,
1907 4335 2081 4406 prima

2162 3198 2222 3239 se
2272 3182 2522 3239 edituros
2559 3196 2679 3238 esse
2721 3183 2835 3252 jam
2865 3181 3120 3237 Usserius
3148 3184 3204 3235 et
3247 3181 3296 3235 J.
3331 3177 3558 3234 Vossius
3606 3175 3821 3246 promi-

2162 3278 2350 3328 serant
2398 3272 2500 3342 (7),
2555 3285 2717 3342 quem
2776 3284 2906 3327 vero
2965 3269 3283 3339 neutiquam
3339 3265 3637 3339 genuinum
3690 3264 3822 3333 eius

2164 3368 2369 3416 textum
2425 3360 2684 3416 exhibere
2736 3358 2925 3430 paucis
2981 3356 3248 3428 probabo.
3292 3355 3614 3424 Ubicunque
3665 3353 3820 3408 enim

2163 3449 2435 3505 Marianus
2488 3462 2579 3504 res
2632 3463 2663 3503 a
2716 3462 2775 3504 se
2828 3452 3011 3519 gestas
3065 3445 3311 3516 exponit,
3371 3442 3578 3513 apertis
3627 3440 3822 3497 verbis

2164 3538 2412 3608 loquitur
2466 3558 2478 3593 :
2549 3539 2663 3607 Ego
2720 3538 3000 3594 Marianas
3065 3534 3311 3591 saeculum
3373 3532 3563 3603 reliqui
3628 3531 3815 3597 oravi,

2162 3629 2278 3682 ueni
2309 3626 2396 3699 (8),
2428 3634 2537 3682 etc.
2565 3647 2578 3694 ;
2628 3626 2718 3681 hic
2749 3626 2925 3682 codex
2953 3638 3083 3681 vero
3114 3630 3207 3680 aut
3236 3629 3492 3693 tanquam
3524 3620 3593 3676 de
3622 3619 3816 3675 alieno

2162 3717 2298 3772 dicit
2358 3736 2372 3773 :
2430 3715 2711 3774 Mariccus
2776 3714 3201 3786 chronographus
3264 3711 3508 3768 saeculum
3574 3707 3807 3781 reliquit.

2158 3806 2442 3864 Mariccus
2488 3804 2645 3870 uenit,
2697 3810 2792 3860 aut
2840 3804 2933 3860 ubi
2981 3804 3100 3873 ejus
3145 3803 3313 3859 verba
3370 3800 3618 3866 retinuit,
3667 3797 3814 3869 adji-

2161 3894 2416 3951 ciendum
2446 3892 2647 3948 duxit:
2696 3894 2824 3948 Hmc
2880 3893 2955 3947 ait
3002 3892 3283 3949 Marianas
3329 3891 3542 3947 Scottus
3578 3885 3813 3943 inclusus

2166 3982 2277 4054 (9),
2327 3982 2618 4053 ipsumque
2675 3988 2956 4037 auctorem
3016 3980 3104 4035 his
3158 3980 3341 4035 verbis
3388 3976 3630 4033 laudavit
3691 3995 3705 4031 :
3770 3978 3811 4032 Δ

2166 4069 2322 4126 1028.
2354 4073 2471 4127 Hoc
2499 4085 2636 4125 anno
2685 4074 2839 4126 natus
2878 4074 2955 4125 est
2983 4070 3263 4127 Marianas
3299 4066 3641 4123 Hibemensis
3685 4080 3813 4137 pro-

2161 4159 2349 4216 babilis
2403 4163 2632 4227 Scottus,
2682 4159 2828 4230 cujus
2873 4159 3044 4214 studio
3093 4162 3143 4213 et
3199 4156 3379 4212 labore
3434 4156 3545 4210 lucc
3593 4155 3809 4209 cronicu

2160 4247 2462 4322 praecellens
2501 4248 2672 4303 estde
2718 4248 2941 4304 diversis
2980 4247 3129 4304 libris
3164 4247 3465 4303 coadunata
3506 4242 3632 4314 (10).
3674 4243 3812 4310 Qui-

2164 4338 2391 4394 buscum
2447 4335 2495 4390 si
2552 4350 2838 4408 comparas
2880 4336 3047 4393 verba
3101 4336 3338 4407 genuina
3397 4331 3621 4388 Mariani
3659 4330 3807 4403 (11),

1790 4424 2011 4481 νΑΒΜΞ
2065 4427 2450 4484 LECTIONES.

1997 4568 2216 4624 ΝΟΜ).
2302 4550 2307 4553 ’

506 4487 527 4521 ⁵
565 4488 678 4546 Ιιωο
705 4505 775 4545 an
812 4494 951 4546 recte
979 4489 1191 4561 legerim
1218 4492 1415 4550 dubito.

511 4647 599 4722 (3)
635 4648 811 4722 Idest
839 4649 929 4706 die
970 4649 1155 4706 Martis
1192 4651 1306 4707 sive
1344 4650 1479 4708 feria
1515 4653 1696 4709 tertia.
1730 4656 1981 4711 Fortasse
2010 4655 2228 4716 deDab
2257 4656 2466 4714 arbaris

436 4721 677 4797 Mariani
698 4721 1261 4797 itinere_sermoest;
1302 4737 1352 4797 v,
1384 4724 1588 4797 Chron.
1619 4739 1670 4780 a.
1709 4723 1844 4779 1078
1875 4725 2076 4797 (1056).

512 4790 599 4863 (4)
632 4793 762 4848 Haec
791 4807 841 4848 v.
865 4792 939 4849 cl.
968 4794 1079 4849 Leo
1108 4793 1185 4849 ita
1213 4794 1413 4850 vertit:
1443 4795 1728 4852 «colonus
1756 4790 2075 4854 monasterii

436 4863 620 4935 Sancti
649 4863 908 4935 Mauritii.
937 4883 963 4914 ιο
996 4863 1228 4935 Reliqua
1256 4864 1421 4922 dubia
1450 4873 1598 4923 sunt.

513 4932 599 5016 (5)
650 4934 897 5016 Exempli
943 4936 1117 5016 gratia
1138 4932 1496 5016 ':‘facio_pro
1529 4939 1693 5009 facta,
1722 4938 1937 5016 ﬂumina
1976 4952 2076 5008 pro

433 5003 678 5080 [ulmiqth
707 5003 835 5077 quid
867 5003 970 5076 pro
989 5007 1147 5080 unice
1180 5003 1258 5078 (a.
1288 5003 1446 5080 242),
1479 5003 1632 5080 terrm
1671 5003 1770 5080 pro
1815 5003 2079 5066 Terracon

442 5074 520 5146 (a.
555 5074 781 5152 2]8),‘a
816 5074 1045 5152 consulis
1093 5074 1204 5152 prq‘
1239 5074 1552 5152 agon'solis
1586 5074 1848 5152 (af287),
1878 5082 2077 5152 Pcusia

437 5149 770 5223 pro_Fausta
804 5146 879 5223 (a.
912 5147 1069 5223 373),
1090 5146 1363 5223 judeicum
1393 5164 1494 5220 pro
1530 5146 1895 5223 inductum'(a.
1927 5151 2074 5222 396),

438 5218 655 5291 Pauiain
684 5232 785 5288 pro
814 5218 1081 5291 Suaviam
1099 5219 1176 5291 (a.
1215 5218 1400 5290 1100).

1577 5307 1679 5363 pro
1743 5293 2074 5359 contendens,

539 5288 602 5361 6)
643 5289 889 5360 Exempli
945 5288 1122 5361 gratia
1162 5311 1175 5346 :
1226 5288 1521 5347 contentens

440 5359 713 5436 ordinctor
756 5359 858 5433 pro
897 5359 1192 5428 ordinatur,
1225 5362 1471 5418 Hiberius
1517 5359 1619 5435 pro
1657 5363 1966 5436 Hiber(i)os,
2006 5380 2078 5420 ex

440 5442 544 5512 pro
571 5434 640 5512 et,
670 5436 721 5487 et
750 5446 850 5502 pro
880 5447 970 5512 ex,
995 5437 1188 5512 sextus
1206 5448 1307 5512 pro
1334 5449 1514 5512 sexus,
1540 5440 1733 5508 captus
1762 5434 1871 5507 pI'O'
1892 5440 2073 5512 σφιῑέᾷ,

438 5504 671 5582 statutis.
703 5516 804 5573 pro
821 5574 831 5582 _
843 5504 1056 5582 statuis,
1106 5504 1405 5582 cohortatus
1452 5520 1552 5577 pro
1598 5504 1886 5582 cocrtdtus,
1935 5507 2078 5582 indie

441 5584 544 5643 pro
581 5571 722 5636 inde;
764 5573 1011 5631 militibus
1039 5571 1160 5647 pro
1208 5575 1433 5646 milibus,
1452 5571 1708 5641 ’σωθεαώ
1754 5571 1881 5650 pro'
1903 5578 2074 5646 caesis,

2514 4671 2614 4728 pro
2653 4673 2689 4714 (ι
2725 4655 2988 4723 barbaris,
3017 4655 3201 4712 sirium
3230 4655 3380 4728 facit
3395 4665 3520 4728 pro
3569 4649 3813 4728 triumfa-

2160 4728 2231 4784 uit
2264 4728 2341 4800 (a.
2374 4722 2591 4798 21),'X
2633 4730 2845 4800 (decem)
2890 4722 3002 4800 pro,
3020 4727 3200 4782 ducem
3242 4722 3816 4800 (a.3l3),_quadra_ge-

2158 4793 2289 4855 sime
2344 4793 2490 4856 anno
2539 4793 2648 4870 pro
2688 4793 3111 4871 quadragesima.
3168 4800 3321 4853 Anno
3376 4793 3652 4866 (archiep.
3701 4793 3813 4847 Co-

2160 4871 2320 5083 1017'?
2345 4944 2404 4997 v.
2437 4941 2671 4998 Stenzel.
2703 4940 2867 4996 Arch.
2902 4941 2989 5006 ιν,
3024 4954 3079 5009 p.
3119 4937 3370 4993 106-111.

2235 5014 2284 5083 (8
2360 5016 2421 5070 A.
2494 5012 2627 5068 1074
2687 5010 2883 5083 (1052),
2949 5009 3084 5066 1078
3141 5009 3339 5081 (1056),

2345 5012 2627 5149 (%591)074
2687 5010 2883 5084 (1052),
2949 5002 3084 5066 1078
3141 5009 3339 5081 (1056),
3405 5006 3545 5062 1080
3598 5002 3807 5071 (1058}.

2164 5083 2305 5237 1.3191)
2606 5152 2824 5220 (1058);
2867 5152 2938 5209 cf.
2980 5151 3115 5207 1065
3145 5151 3323 5222 (1043)
3355 5171 3367 5207 :
3410 5151 3541 5205 Hcce
3567 5149 3645 5204 ait
3681 5146 3814 5203 Μα-

2159 5241 2360 5368 ηαῧίὸῗ
2398 5294 2478 5353 Cf.
2512 5310 2563 5351 a.
2614 5293 2749 5349 1065
2783 5293 2976 5368 (1043)
3015 5314 3028 5368 ς
3068 5294 3346 5349 Marianus
3367 5291 3539 5368 __hujus
3578 5287 3812 5346 cram

2162 5362 2347 5446 ααιέέρνῗ
2381 5398 2452 5446 τ
2488 5367 2678 5446 aravit
2710 5362 3115 5446 (μίζῖιιεσὲιέανπ
3142 5394 3213 5446 .-
3242 5362 3438 5446 νιῖιειιέις
3605 5435 3617 5446 .

2234 5438 2354 5510 (11)
2395 5439 2666 5495 Marianus
2706 5437 2843 5494 dicit
2875 5458 2887 5493 :
2929 5439 3044 5507 Ego
3084 5437 3241 5493 miser
3277 5437 3559 5494 Marianas
3595 5437 3651 5488 in
3682 5443 3813 5503 pce»

2158 5511 2294 5566 catis
2318 5510 2396 5582 fui
2424 5511 2483 5566 in
2511 5510 2608 5567 hoc
2636 5525 2772 5566 anno
2805 5513 2979 5566 natus.
