4000 6158
381 284 488 340 607

1719 272 1973 330 MARIAN
1979 271 2060 327 US
2096 266 2300 323 SCOTT
2307 265 2406 321 US.

3642 257 3743 312 608

380 409 570 481 quenti
599 423 631 463 a
657 405 931 478 Sigeirido
961 406 1157 460 abbate
1195 401 1474 461 Fuldensi.
1505 399 1600 470 qui
1630 398 1866 454 Ecberto
1895 397 2089 456 suc-A
2172 389 2294 481 Sub
2329 390 2427 445 ista
2452 432 2466 456 ,
2505 389 2698 481 inquit
2739 385 2886 481 (29),
2925 386 3246 481 imperatore
3279 388 3531 481 regnante
3576 385 3745 481 ﬂoruit

380 495 641 556 cesserat,
673 487 818 558 apud
869 486 1194 555 Wirceburg
1243 482 1530 553 presbyter
1577 485 1935 536 consecratus
1967 484 2023 533 et

382 579 565 635 statim
623 577 810 634 Fuldaa
878 575 1122 630 inclusus
1177 578 1278 641 est,
1338 570 1647 641 exemplum
1695 568 2021 626 Animchadi

382 669 556 725 Scotti
605 672 846 734 secutus,
892 678 1059 734 super
1095 663 1250 730 cujus
1302 659 1470 729 pedes
1513 667 1686 728 stans,
1743 665 1803 714 ut
1850 658 2024 728 ipsius

385 757 566 813 verbis
605 763 746 824 utar,
781 769 878 824 per
914 754 1103 809 decem
1152 763 1327 805 annos
1374 749 1624 818 quotidie
1665 749 1857 804 missas
1895 762 2025 804 can-

385 846 517 902 tavit
557 845 682 916 (23).
723 844 821 898 Vix
851 858 901 897 a.
948 840 1083 894 1069
1105 841 1263 910 jussu
1293 838 1697 908 archiepiscopi
1719 837 2023 909 Moguntini

385 934 707 1003 abbatisque
757 931 992 998 solutus,
1040 928 1370 1000 Moguntiam
1413 941 1472 982 se
1541 925 1774 990 confert,
1836 926 2023 995 ibique

389 1042 415 1072 «
458 1036 556 1092 pro
588 1020 828 1091 peccatis
864 1018 981 1074 suis
1022 1017 1267 1072 secundo
1297 1015 1620 1071 includitur.
1665 1034 1690 1065 »
1731 1016 1848 1082 Quo
1879 1028 2025 1070 non-

385 1111 511 1166 dum
559 1109 791 1177 solutus,
840 1121 890 1162 a.
956 1105 1090 1159 1082
1153 1105 1237 1160 vel
1300 1103 1455 1173 1083,
1514 1110 1574 1158 ut
1611 1103 1846 1172 videtur,
1888 1104 2026 1159 obiit

384 1199 518 1268 (24),
588 1204 642 1252 et
697 1196 841 1267 apud
913 1197 967 1251 S.
1038 1193 1252 1250 Martini
1320 1192 1710 1249 monasterium
1775 1192 2025 1263 sepultus

387 1294 469 1342 est
517 1283 646 1357 (25).

454 1375 741 1430 Hominem
779 1386 1047 1444 agnoscas
1079 1387 1110 1426 a
1160 1371 1324 1427 rebus
1380 1369 1740 1426 saecularibus
1799 1385 2026 1440 prorsus

383 1463 644 1530 alienum,
697 1463 793 1532 qui
835 1462 892 1517 in
941 1475 1125 1517 rerum
1187 1460 1492 1516 divinarum
1559 1460 2024 1529 contemplatione

386 1551 628 1620 assidua,
669 1552 727 1606 in
768 1550 1041 1605 artissima
1081 1548 1278 1604 cellula
1317 1549 1582 1616 inclusus,
1624 1549 1823 1604 mentis
1870 1555 2026 1604 tran-

389 1641 719 1710 quillitatem
759 1647 812 1695 et
859 1640 1055 1694 animae
1093 1638 1322 1694 salutem
1363 1639 1581 1708 assequi
1614 1645 1846 1695 conatus
1897 1645 2021 1705 est;

2099 480 2432 539 Marinianus
2487 478 2698 543 Scatus,
2751 477 2839 548 qui
2894 475 3059 546 primo
3109 472 3387 530 Fuldensis
3443 473 3748 540 monachus,

2099 574 2220 642 post
2261 567 2403 639 apud
2433 565 2823 636 Mogontiacum
2858 562 3116 629 inclusus,
3159 566 3451 633 contemptu
3481 563 3752 633 praesentis

2106 659 2224 714 vitae
2262 657 2487 726 gratiam
2529 655 2722 725 futura
2759 651 3139 708 demerebatur.
3181 654 3256 716 Is,
3300 650 3455 719 longo
3493 652 3614 705 vitae
3651 651 3750 705 otio

2111 745 2533 816 chronographos
2568 748 2854 808 scrutatus,
2913 741 3292 796 dissonantium
3336 738 3601 810 cyclorum
3638 740 3752 794 Dia-

2105 836 2240 907 nysii
2269 835 2470 903 Exigui
2498 832 2564 888 ab
2602 829 2906 900 evangelica
2944 831 3162 885 ueritate
3190 828 3548 900 deprehendit.
3571 831 3755 899 Itaque

2107 922 2342 978 abinitia
2378 920 2540 976 seculi
2581 934 2747 974 annos
2801 915 3039 988 singulos
3077 931 3382 983 recensens,
3425 917 3608 985 uiginti
3655 916 3754 970 duo

2109 1028 2293 1079 annos,
2337 1011 2424 1082 qui
2471 1008 2681 1064 circulis
2733 1007 3003 1080 prtedictis
3059 1007 3277 1061 deerant
3301 1048 3315 1072 ,
3368 1004 3754 1076 superaddidit,

2105 1100 2198 1154 sed
2246 1114 2449 1170 paucas
2487 1103 2578 1153 aut
2628 1096 2798 1152 nullos
2846 1096 3121 1151 sententia:
3166 1109 3276 1149 sua:
3325 1097 3613 1149 sectatores
3667 1091 3756 1146 ha-

2107 1188 2214 1244 buit
2245 1188 2374 1259 (30).

2177 1279 2360 1334 Tertio
2407 1276 2532 1333 loco
2598 1275 2882 1332 audiamus
2940 1274 3104 1330 etiam
3159 1272 3394 1337 Gallum,
3435 1269 3759 1328 0rdericum

2111 1367 2334 1424 Vitalem
2373 1368 2448 1422 ita
2473 1367 2748 1422 dicentem
2787 1364 2895 1430 (31)
2930 1384 2942 1419 :

2176 1465 2456 1522 Marianus
2493 1465 2628 1518 enim
2666 1464 2720 1518 in
2767 1461 2998 1517 caanobio
3038 1461 3225 1517 Sancti
3277 1457 3474 1514 Albani
3511 1457 3759 1526 martyris

2109 1552 2214 1625 (32)
2252 1553 2392 1624 apud
2447 1553 2774 1621 Maguntiam
2832 1550 3112 1606 monachus
3163 1549 3301 1620 fuit,
3353 1546 3526 1617 ibique
3582 1547 3756 1601 Cresa-

2110 1642 2331 1696 riensem
2385 1640 2670 1696 Eusebium
2733 1644 2782 1694 et
2820 1641 3191 1708 Hieronymum
3229 1635 3462 1706 aliasque
3519 1633 3762 1688 historio-

385 1730 620 1798 ideoque
650 1727 809 1784 facile
853 1742 976 1783 eum
1024 1728 1329 1783 credideris
1359 1728 1578 1783 nonnisi
1618 1729 2092 1790 exercitationi-B
2113 1728 2338 1800 graphos
2369 1744 2468 1801 pro
2491 1727 2698 1784 modulo
2735 1743 2830 1782 sua
2867 1733 3097 1793 secutus,
3156 1740 3271 1779 sese
3312 1723 3603 1793 benigniter
3620 1737 3769 1777 exer-

386 1820 489 1874 bus
521 1818 630 1887 piis
660 1824 716 1873 et
758 1817 924 1873 rebus
971 1817 1226 1873 ascetieis
1265 1817 1533 1872 intentum
1565 1815 1752 1873 fuisse.
1775 1819 2027 1874 Attamen

387 1907 552 1962 altius
590 1911 827 1962 mentem
859 1905 1115 1972 elevavit;
1158 1920 1281 1961 nam
1301 1906 1357 1960 in
1398 1906 1698 1962 solitudine
1739 1921 1845 1976 qua
1892 1907 2028 1963 vixit

385 1994 582 2050 studiis
628 2008 687 2050 se
726 1994 879 2050 dedit
921 1993 1069 2065 (26),
1117 1995 1294 2064 iisque
1339 2008 1448 2050 non
1488 1994 1761 2065 vulgarem
1810 1995 2027 2052 laudem

385 2093 492 2139 tam
533 2084 677 2155 apud
729 2098 950 2138 cozevos
982 2097 1144 2152 quam
1175 2083 1319 2153 apud
1369 2090 1623 2154 posteros
1659 2084 1765 2140 sibi
1797 2098 2024 2155 compa-

386 2173 542 2228 ravit.

453 2259 734 2315 Marianus
792 2260 1026 2326 Scottus,
1083 2259 1265 2330 inquit
1311 2259 1630 2331 Sigebertus
1681 2258 1815 2331 (27),
1878 2276 2029 2332 pere-

383 2347 597 2416 grinans
618 2361 719 2418 pro
753 2347 956 2405 Christo
995 2347 1049 2403 in
1087 2346 1291 2405 Gallias
1330 2349 1567 2418 etractus
1586 2347 1865 2403 monachus
1886 2349 2028 2419 apud

385 2437 735 2505 Moguntiam,
775 2429 950 2492 multis
1004 2440 1160 2492 annis
1196 2436 1446 2500 inclusus,
1484 2437 1694 2507 scripsit
1731 2436 2028 2492 chronicam

384 2539 418 2578 (ι
456 2525 729 2581 natiuitate
767 2526 960 2582 Christi
998 2542 1158 2598 usque
1191 2526 1261 2581 ad
1299 2541 1490 2580 annum
1525 2526 1637 2580 nati
1676 2525 1866 2581 Christi
1891 2524 2026 2579 1082

385 2612 520 2669 mira
583 2613 868 2670 subtilitate
925 2615 1196 2671 ostendens
1253 2629 1483 2671 errorem
1525 2615 1762 2686 priorum
1799 2615 2024 2670 chrono-

383 2700 719 2774 graphorum,
776 2704 851 2759 ita
919 2705 1219 2776 ponentium
1283 2704 1606 2759 nativitatem
1678 2703 1894 2772 Christi,
1970 2709 2026 2761 ut

385 2805 552 2846 annus
601 2793 867 2863 passionis
903 2794 1033 2864 ejus,
1090 2797 1336 2866 quantum
1385 2793 1459 2847 ad
1496 2793 1750 2848 rationem
1803 2793 2026 2865 computi

384 2894 488 2935 non
524 2882 801 2938 concordet
840 2883 1044 2939 ueritati
1083 2881 1410 2952 evangelica.
1451 2881 1598 2937 Unde
1634 2882 1746 2952 ipse
1763 2897 2028 2954 apponens

385 2967 456 3021 22
495 2967 610 3038 (28)
671 2985 835 3025 annos
890 2970 970 3026 illi
1025 2986 1161 3026 anno
1198 2971 1286 3025 ubi
1340 2971 1546 3041 priores
1581 2969 1813 3025 scribunt
1863 2971 2027 3040 fuisse

2110 1817 2234 1885 cuit,
2276 1822 2324 1873 et
2382 1816 2581 1873 dulcem
2653 1820 2876 1888 fructum
2950 1815 3090 1884 longi
3141 1814 3302 1869 studii
3358 1826 3766 1882 magnorumque

2109 1907 2368 1974 laborum,
2412 1921 2538 1977 quos
2597 1907 2651 1960 in
2707 1905 2988 1976 longinqua
3040 1901 3460 1975 peregrinatione
3529 1899 3761 1971 pertulit,

2107 1996 2232 2068 filiis
2267 1994 2499 2050 ecclesia:
2526 1999 2673 2049 tanta
2712 1995 2898 2049 rimari
2929 2007 3028 2064 per
3059 2006 3117 2046 se
3153 2007 3256 2046 non
3300 1988 3589 2045 valentibus
3627 1990 3763 2042 cari-

2112 2086 2272 2140 talive
2311 2082 2512 2139 obtulit.
2553 2081 2790 2140 Solerler
2826 2083 3002 2152 itaque
3034 2079 3379 2152 perscrutatis
3417 2076 3672 2132 veteribus
3709 2083 3761 2132 et

2109 2172 2372 2227 modernis
2435 2170 2736 2238 codicibus,
2805 2168 3275 2240 chronographiam
3331 2167 3516 2234 edidit,
3557 2167 3610 2220 iu
3647 2180 3749 2235 qua

2111 2259 2178 2316 ab
2233 2261 2380 2316 initio
2439 2260 2618 2315 mundi
2671 2273 2740 2313 ea:
2788 2274 2886 2330 qua
2925 2261 3064 2313 Deus
3118 2257 3293 2312 Adam
3332 2256 3396 2311 de
3434 2254 3556 2310 limo
3596 2259 3747 2309 terra:

2102 2349 2406 2420 plasmauit,
2457 2364 2556 2421 per
2612 2363 2786 2403 omnes
2841 2346 3002 2402 libras
3071 2346 3264 2401 Veteris
3317 2351 3366 2400 et
3405 2346 3547 2402 Noui
3587 2346 3760 2399 Testa-

2108 2438 2262 2493 menti
2298 2442 2347 2494 et
2392 2440 2742 2493 Romanorum
2787 2437 3185 2506 ercorumque
3240 2434 3492 2489 historias
3550 2433 3757 2488 discur-

2107 2542 2246 2595 rens,
2289 2527 2484 2598 optima
2531 2541 2743 2598 quaeque
2780 2524 3007 2594 collegit,
3030 2529 3102 2580 'et
3129 2524 3444 2580 enumeratis
3483 2522 3636 2578 annis
3666 2535 3756 2594 per

2112 2630 2289 2685 regum
2328 2620 2378 2670 et
2413 2613 2678 2670 consulum
2716 2619 2951 2685 tempora
2989 2628 3151 2684 usque
3188 2613 3243 2666 in
3273 2613 3409 2667 diem
3448 2610 3630 2667 mortis
3653 2623 3753 2664 suae

2110 2705 2350 2762 annalem
2370 2704 2641 2761 historiam
2661 2703 2998 2759 laudabiliter
3035 2703 3298 2758 distinxit.

2182 2798 2257 2852 Ex
2295 2795 2497 2866 quibus
2533 2800 2782 2864 apparet,
2821 2794 2932 2863 jam
2971 2792 3116 2862 apud
3158 2805 3376 2847 coaevos
3413 2797 3468 2846 et
3515 2791 3751 2860 proxime

2107 2885 2392 2955 sequentis
2428 2884 2693 2952 temporis
2730 2881 3033 2952 scriptores
3070 2880 3368 2936 Marianum
3407 2893 3519 2936 non
3541 2886 3649 2934 tam
3684 2879 3750 2935 ob

2110 2988 2200 3030 res
2237 2989 2267 3028 a
2297 2988 2355 3028 se
2393 2979 2661 3040 narratas,
2693 2985 2854 3040 quam
2894 2969 3089 3026 ordine
3138 2968 3537 3040 chronologico
3604 2973 3748 3023 certo

386 3059 568 3110 natum
615 3056 894 3122 Christum,
931 3059 1076 3129 ponit
1113 3059 1168 3113 in
1205 3061 1442 3127 margine
1475 3059 1687 3129 pagina:
1725 3058 2028 3116 alternatim
2051 3049 2356 3118 Cstabilito
2389 3067 2444 3118 et
2481 3061 2640 3115 annis
2678 3060 2775 3130 qui
2815 3060 2883 3115 ah
2913 3059 3289 3115 incarnatione
3320 3058 3536 3113 Domini
3556 3056 3748 3112 evoluti

386 3143 505 3199 hinc
558 3158 725 3200 annos
779 3146 1094 3216 euangelica:
1142 3147 1398 3214 ueritatis,
1440 3145 1584 3201 illinc
1649 3163 1814 3203 annos
1876 3148 2029 3220 fast

381 3233 616 3304 priorum
653 3236 1070 3307 computationis,
1123 3241 1178 3291 ut
1234 3251 1337 3290 non
1395 3234 1563 3290 solum
1609 3235 1886 3304 intellectu,
1937 3239 2031 3294 sed

386 3320 545 3377 etiam
583 3323 697 3378 uisu
719 3324 889 3395 possit
927 3325 1375 3396 discerniverilas
1410 3328 1460 3380 et
1494 3323 1724 3395 falsitas.

455 3410 643 3468 Simile
683 3414 1057 3470 testimonium
1117 3415 1330 3485 praebet
1371 3413 1672 3471 Willelmus
1709 3414 2032 3472 Malmesbu-

386 3501 604 3586 riensis,
637 3517 820 3559 rerum
857 3503 1206 3576 Anglicarum
1244 3503 1486 3574 scriptor
1515 3487 1908 3560 celeberrimus
1940 3524 1952 3559 :

2115 3159 2298 3207 essent
2335 3151 2495 3206 aliter
2534 3163 2696 3219 quam
2734 3147 2978 3204 Ecclesia
3016 3161 3138 3203 cum
3195 3147 3456 3217 Dionysio
3495 3152 3750 3202 statueret

2114 3240 2386 3310 definitis,
2449 3254 2658 3296 summa
2731 3239 2892 3295 laude
2967 3238 3166 3295 elatum
3258 3237 3450 3294 fuisse.
3531 3236 3748 3293 Easdem

2114 3328 2452 3400 quaestiones
2507 3334 2632 3383 ante
2681 3334 2737 3383 et
2792 3333 2918 3398 post
2973 3341 3095 3383 eum
3146 3325 3301 3382 multi
3350 3325 3656 3380 tractabant
3699 3332 3748 3380 et

2113 3417 2359 3488 quamvis
2398 3431 2554 3473 usum
2595 3430 2939 3473 communem
2978 3421 3188 3472 mutare
3227 3427 3338 3470 non
3383 3419 3630 3484 possent,
3652 3414 3746 3469 sibi

2115 3515 2294 3562 tamen
2351 3512 2406 3561 et
2461 3505 2663 3562 coaevis
2735 3505 2915 3576 magni
2988 3503 3120 3574 quid
3179 3503 3425 3559 olfecisse
3500 3503 3747 3558 videban-

1974 3604 2189 3660 NOTE.

458 3689 573 3764 (253;
599 3704 665 3764 a.
689 3690 823 3745 1065
856 3691 1048 3764 (i043)

465 3761 598 3833 (24),
624 3763 756 3816 Nam
788 3760 916 3818 anni
953 3760 1106 3833 1082,
1150 3762 1380 3818 historia
1427 3762 1578 3817 finita
1624 3761 1680 3833 _in
1711 3760 1904 3817 codice
1933 3775 2029 3816 au-

388 3831 658 3912 tographa
684 3833 873 3888 eadem
907 3847 1069 3912 manu
1095 3831 1369 3912 scripturn
1403 3840 1486 3912 est
1521 3831 1708 3912 :_0bi_it
1746 3833 2028 3912 Marianas

388 3901 654 3973 inclusus;
687 3917 810 3972 qua:
857 3905 1042 3971 verba,
1091 3901 1278 3973 postea
1319 3905 1480 3960 lineis
1527 3903 1708 3958 ductis
1761 3909 1816 3958 et
1871 3904 2024 3959 brevi

389 3972 801 4028 continuatione
857 3972 1269 4040 addita,’nunc
1325 3977 1470 4032 inter
1515 3990 1564 4029 a.
1641 3974 1776 4028 1086
1805 3979 1860 4029 et
1897 3974 2032 4028 1087

391 4044 795 4117 legun_tur,sed
827 4045 893 4100 ad
926 4053 1178 4101 neutrum
1227 4061 1426 4103 annum
1468 4047 1744 4117 pertinere
1776 4055 2026 4114 possunt.

391 4113 627 4170 Annales
659 4116 726 4189 __S.
778 4117 1038 4186 Dysibodi
1071 4117 1211 4187 (cod.
1263 4117 1341 4189 3),
1373 4113 1482 4188 qui
1509 4118 1679 4187 priori
1713 4113 1857 4170 anno
1889 4130 2028 4171 mor-

392 4191 499 4258 tem
529 4186 831 4258 ascribunt,
866 4202 932 4244 ex
969 4186 1083 4244 hoc
1104 4186 1308 4245 codice
1329 4186 1594 4258 descripti
1623 4193 1789 4254 sunt;
1847 4193 1902 4242 et
1951 4189 2028 4243 ita

391 4257 553 4311 etiam
607 4257 944 4340 ’l‘rithemius
989 4259 1194 4316 Chron.
1247 4262 1390 4317 Hirs.
1452 4257 1527 4326 l,’
1560 4274 1614 4330 p.
1665 4258 1810 4326 281,
1861 4259 2027 4314 istum

389 4341 590 4384 annum
620 4331 850 4385 invenit.
1343 4364 1345 4368 -

461 4399 568 4468 (25)
606 4401 736 4467 Quae
782 4401 1100 4468 Aventinus,
1149 4401 1244 4472 qui
1300 4403 1595 4458 Marianum
1644 4402 1789 4457 inter
1839 4399 1967 4472 libri
1997 4415 2029 4455 v

345 4468 872 4543 “fontesurecenset,
923 4474 991 4528 de
1041 4468 1184 4542 ipso'
1209 4473 1377 4529 tradit
1423 4474 1532 4542 (ed.
1587 4471 1910 4543 lngolstad.,
1973 4487 2030 4541 p.

388 4540 514 4608 494,
564 4539 709 4608 553),
752 4545 821 4600 ad
853 4539 1084 4600 alterum
1125 4543 1369 4612 ejusdem
1419 4539 1683 4613 temporis
1733 4539 2031 4599 Marianum

389 4613 636 4684 Scottum
677 4615 977 4684 pertinent,
1010 4614 1260 4670 abbatem
1311 4616 1788 4676 Ratisbonensem,
1819 4613 1887 4668 de
1919 4628 2030 4683 quo

389 4698 439 4756 v.
467 4683 758 4756 _Raderum
790 4687 978 4742 Bavar.
1011 4693 1198 4740 saneta
1229 4687 1294 4751 ll,
1342 4701 1396 4756 p.
1433 4686 1698 4741 217-222.
1752 4687 1884 4740 Acta
1934 4686 2028 4740 SS.

391 4754 552 4836 febr.
585 4757 650 4836 ll,
686 4771 741 4827 p.
781 4757 908 4836 361,
944 4771 1068 4828 sqq.
1104 4754 1414 4828 (Ibidem‘p.
1467 4756 1575 4812 365
1605 4758 1767 4829 hujus
1804 4756 2031 4812 Mariani

390 4826 510 4880 Vita
539 4826 698 4883 edita
715 4834 838 4894 est).

465 4895 989 4972 (26)___Trithemius
1038 4905 1287 4972 praeter
1324 4899 1639 4972 chronicam
1711 4900 1788 4972 (ν.
1867 4902 2028 4970 infra,

392 4974 508 5050 not.
565 4968 694 5050 'l_lO)
743 4972 909 5050 etiam
961 4968 1519 5050 epi’stolaslllariano
1552 4968 1747 5028 tribuit
1804 4968 2027 5050 (Chron.

393 5040 536 5095 Hirs.
587 5043 630 5108 l,
686 5056 740 5111 p.
793 5041 938 5110 207),
972 5057 1109 5111 quas
1144 5042 1248 5097 sibi
1299 5048 1563 5099 consueto
1611 5057 1762 5101 more
1811 5047 2030 5102 tinxisse

395 5116 660 5188 putarem,
713 5112 821 5188 ni_si
872 5128 926 5188 p_.
978 5112 1358 5188 208,_diserte
1418 5113 1627 5188 diceret
1688 5135 1700 5170 :
1763 5117 1834 5172 ad
1883 5133 2032 5188 quem

395 5182 718 5262 (Arnoldum
754 5182 1148 5262 Trevirensem)
1205 5185 1712 5262 MarianusScatus
1749 5182 2032 5262 monachus

394 5251 622 5329 inclusus
669 5254 972 5329 elegantem
1001 5251 1278 5329 destinauit
1314 5255 1611 5328 epistolam.
1664 5260 1890 5315 Vossius
1946 5259 2032 5329 (de

397 5323 686 5397 Hist.Lat.
719 5323 785 5392 ll,
817 5327 907 5392 47,
941 5327 996 5383 d.
1039 5327 1161 5397 385)
1209 5323 1356 5385 cum'
1379 5329 1646 5385 Aventino
1691 5323 2032 5386 commenta-

397 5393 511 5470 rios
541 5395 595 5451 in
627 5397 851 5470 psaltem
885 5399 1124 5456 Mariano
1149 5393 1366 5466 tribuit,
1408 5401 1502 5470 qui
1550 5401 1618 5456 ab
1666 5400 1840 5459 altero
1890 5402 2034 5470 ejus-

397 5463 523 5544 dem
555 5463 793 5525 nominis
820 5472 1006 5528 Scotto
1031 5470 1122 5542 (cf.
1155 5484 1211 5526 n.
1234 5471 1323 5535 22)
1342 5463 1535 5544 Scripti
1564 5477 1711 5529 sunt.
1737 5475 1817 5530 Ab
1839 5463 2032 5531 eodem

399 5537 648 5597 codicem
669 5547 946 5599 exaratum
975 5537 1130 5616 puto,
1163 5544 1320 5614 cujus
1349 5537 1670 5603 Lambecius
1698 5546 2032 5604 mentionem

2111 3693 2240 3748 facit
2283 3692 2498 3763 (comm.
2532 3694 2600 3759 ll,
2643 3707 2713 3763 p._
2757 3690 2928 3761 749);
2983 3692 3232 3747 continet
3287 3690 3440 3746 Pauli
3490 3691 3745 3760 epistolas

2112 3761 2333 3819 Mariani
2382 3777 2544 3818 manu
2601 3761 2656 3818 aj
2701 3761 2836 3816 1079
2891 3763 3198 3833 descriptas
3245 3770 3300 3817 et
3347 3763 3746 3818 commentariis

2111 3836 2559 3890 interlinearibus
2605 3841 2660 3890 et
2708 3835 3098 3904 marginalibus
3128 3833 3448 3888 illustratas.
3490 3863 3561 3873 -
3597 3833 3742 3901 Quod

2116 3908 2339 3961 Vossius
2368 3906 2559 3960 addit:
2588 3908 2696 3960 Ima
2743 3911 2792 3960 et
2831 3905 3079 3962 Mariano
3119 3905 3238 3958 huic
3290 3906 3450 3960 Scato
3491 3906 3738 3960 Notitiam

2112 3978 2316 4048 imperii
2343 3979 2585 4043 Romani,
2605 3991 2734 4046 opus
2758 3976 3092 4046 praeclarum,
3112 3976 3434 4048 adscriptum
3459 3977 3536 4031 ait
3559 3976 3742 4032 doctis-

2109 4047 2270 4103 simus
2299 4049 2562 4117 Cujacius,
2599 4049 2710 4116 jam
2742 4048 3013 4102 neminem
3042 4047 3270 4102 tenebit.

2118 4119 2290 4244 l0(8227)
2332 4115 2404 4174 De
2452 4120 2543 4175 SS.
2595 4115 2818 4184 eccles.,
2856 4133 2905 4173 c.
2949 4118 3080 4184 159;
3124 4117 3195 4173 cf.
3247 4118 3450 4174 Chron.
3495 4131 3544 4172 a.
3595 4115 3740 4182 1061,

2186 4261 2290 4330 (28)
2331 4262 2407 4316 Ita
2439 4260 2751 4330 legendum,
2801 4273 2910 4316 non
2959 4259 3048 4326 23,
3102 4266 3161 4314 ut
3217 4260 3387 4316 editio
3421 4259 3625 4330 habet;
3675 4258 3740 4315 cf.

2047 4329 2454 4402 DSig’eb’ertum
2486 4329 2523 4387 1.
2558 4331 2619 4398 1.,
2645 4345 2695 4386 c.
2745 4331 2862 4398 171,
2897 4345 3059 4401 quem
3106 4331 3286 4386 locum
3335 4346 3386 4386 ν.
3445 4329 3586 4386 infra
3627 4331 3744 4387 edi-

2115 4409 2247 4458 tum.

2187 4472 2296 4544 (29)
2337 4473 2456 4528 Lib.
2497 4489 2557 4528 ιιι
2591 4515 2605 4540 ,
2649 4472 2738 4528 ed.
2789 4472 3009 4544 Hardy,
3053 4471 3236 4541 §292,
3276 4473 3383 4528 vol.
3433 4473 3498 4538 11,
3533 4488 3590 4542 p.
3624 4472 3740 4527 470.

2113 4545 2269 4601 Adda
2299 4545 2607 4600 Matthaaum
2643 4545 3280 4600 Westmonasteriensem
3313 4587 3327 4610 ,
3377 4544 3472 4613 qui
3505 4545 3580 4598 ita
3617 4544 3746 4599 dicit

2113 4616 2220 4680 (ed.
2257 4615 2528 4682 Francof.,
2572 4614 2694 4669 1601
2725 4657 2739 4681 ,
2772 4614 2867 4672 fol.
2919 4631 2973 4685 p.
3015 4615 3139 4687 229)
3171 4630 3184 4669 :
3218 4617 3369 4687 Anno
3399 4616 3588 4683 gratia:
3621 4615 3748 4668 1082

2111 4689 2391 4742 Marianas
2437 4689 2645 4751 Scotus,
2704 4688 2873 4742 sancti
2920 4687 3078 4742 Beda:
3133 4686 3394 4742 linealiter
3447 4687 3747 4756 consangui-

2112 4773 2257 4824 neus,
2298 4759 2461 4829 ipsius
2487 4756 2866 4830 sanctilibras
2894 4773 3072 4830 omnes
3115 4773 3228 4812 cum
3273 4757 3396 4830 aliis
3427 4757 3601 4812 multis
3631 4772 3746 4830 per-

2111 4827 2352 4884 scrutans
2374 4874 2390 4897 ,
2445 4829 2629 4885 similis
2666 4827 2743 4883 illi
2773 4830 2827 4884 in
2863 4829 3092 4884 maribus
3119 4835 3168 4884 et
3205 4829 3424 4884 scientia
3470 4844 3587 4882 esse
3623 4827 3743 4884 nite-

2113 4900 2308 4983 batur.‘
2337 4903 2468 4983 Qua:
2523 4906 2839 4983 sequuntur
2886 4915 2953 4956 ex
2999 4900 3284 4972 Sigeberto
3356 4899 3629 4970 (Roberto
3677 4900 3743 4955 de

2113 4973 2316 5036 Monte)
2355 4972 2671 5041 descripsit.

2187 5042 2295 5113 (30)
2339 5045 2506 5110 Quam
2537 5044 2608 5099 ob
2641 5056 2854 5098 causam
2895 5042 3084 5098 saeculi
3114 5042 3200 5098 sui
3230 5041 3483 5098 inertiam
3541 5041 3743 5098 Willelv

2114 5128 2233 5184 mus
2262 5115 2461 5169 acriter
2486 5115 2734 5184 castigat.

2186 5183 2290 5253 (31)
2331 5185 2448 5240 Lib.
2481 5201 2582 5251 ιιι,
2613 5182 2702 5241 ed.
2736 5188 2806 5241 Le
2837 5187 3082 5250 Prevost,
3123 5186 3189 5250 ll,
3234 5199 3286 5252 p.
3343 5182 3462 5240 159.

2191 5254 2312 5326 (32)
2355 5257 2524 5311 Error
2563 5256 2691 5312 inde
2738 5264 2899 5312 natus
2933 5264 3054 5322 est,
3105 5255 3252 5326 quod
3297 5261 3503 5311 textum
3536 5254 3592 5310 in
3646 5254 3746 5326 hoc

2117 5325 2450 5384 monasterio
2477 5369 2491 5392 ,
2536 5334 2595 5383 ut
2649 5342 2814 5397 supra
2871 5326 3006 5392 dixi,
3051 5325 3439 5397 interpolatum
3467 5369 3482 5392 ,
3532 5325 3744 5398 qualem

2115 5398 2427 5526 ﬁliq‘rentius
2462 5399 2860 5471 Wigorniensis
2896 5398 3227 5470 descripsit,
3269 5412 3382 5469 pra:
3421 5397 3601 5455 oculis
3646 5397 3746 5453 ha-

2155 5483 2253 5526 1111.
