4000 6158
252 254 347 310 609

1288 236 1558 317 Nomm
1594 259 1951 318 msromcs
1988 260 2073 316 ET
2109 261 2532 319 LITTERARIA.

3494 271 3603 325 610

253 387 332 437 tur
365 377 494 452 (33).
536 378 635 435 His
664 385 839 437 totum
876 395 937 439 se
967 381 1121 440 dedit
1158 384 1457 455 Marianus;
1491 386 1546 442 in
1584 385 1952 447 his,maxi-A
2038 385 2278 443 rentibus
2331 402 2537 460 quoque
2590 388 2927 446 Constantino
3000 394 3052 445 et
3107 391 3391 450 Constante
3475 411 3601 466 aug.

250 482 375 525 mam
413 466 540 523 libri
571 469 655 524 sui
690 474 902 540 partem
930 472 1158 541 versari,
1190 486 1258 529 en
1287 474 1589 530 videamus.

310 562 434 624 Qua:
482 557 542 611 in
587 558 780 615 codice
818 561 1065 617 Romano
1113 562 1368 632 leguntur
1405 562 1524 619 haec
1552 566 1681 618 sunt
1727 562 1829 634 (34)
1862 584 1875 619 :

243 648 281 717 f.
317 644 363 700 1.
401 647 670 701 Tractatio
704 645 809 717 (35)
838 650 1098 721 sequentis
1135 649 1272 706 cicli.
1304 653 1371 706 In
1414 652 1611 721 pagina
1637 657 1880 723 sequente

301 747 394 805 per
431 732 799 791 abecedarium
837 735 1053 794 litterati
1090 738 1275 809 regula
1302 739 1367 794 de
1395 738 1596 794 duobus
1632 738 1878 811 atfabetis

310 826 429 877 ante
474 822 750 880 Kalendas
792 825 1129 895 festiuitatum
1170 828 1360 900 positis
1413 830 1643 897 variata,
1674 845 1740 885 ac
1794 831 1879 886 ui—

305 912 430 982 ginti
468 917 583 969 octo
613 913 801 970 litteris
819 916 1101 972 secundum
1126 916 1320 973 solaris
1350 917 1470 973 cicli
1505 917 1876 989 longitudinem

306 1001 481 1071 longa,
502 1002 665 1073 juxta
702 1008 887 1061 autem.
919 1005 1381 1062 decennouennalis
1426 1006 1545 1062 cicli
1588 1007 1873 1077 longitudi-

301 1105 436 1159 nem,
469 1091 593 1162 quia
642 1091 817 1148 decem
846 1108 911 1148 ac
954 1109 1137 1149 nouem
1173 1093 1361 1151 litteris
1409 1100 1635 1165 constat,
1688 1096 1872 1153 latitu-

304 1178 421 1234 dine
461 1178 593 1248 lata,
635 1180 1055 1254 qualemcumque
1090 1181 1317 1239 litteram
1363 1184 1443 1240 uis
1486 1185 1711 1257 primum
1756 1186 1874 1242 uide

299 1297 368 1307 —
395 1297 471 1310 -
498 1269 691 1341 Sicque
715 1285 919 1343 semper
942 1271 1257 1327 seruandum
1284 1277 1381 1329 est.

234 1356 271 1425 f.
300 1356 352 1413 2.
401 1357 537 1416 Cicli
592 1357 715 1431 (35)
765 1360 959 1417 solaris
1008 1361 1184 1417 decem
1229 1366 1279 1417 et
1354 1377 1535 1419 nouem
1599 1368 1719 1420 sunt
1780 1365 1874 1421 isti

298 1448 383 1518 qui
410 1447 472 1503 in
506 1446 636 1503 eiclo
679 1464 867 1518 magno
908 1449 1150 1522 paschali
1196 1452 1523 1508 continentur
1567 1453 1700 1508 etin
1735 1468 1873 1509 uno-

297 1549 500 1606 quoque
528 1534 647 1591 cicli
671 1534 743 1589 28
772 1537 918 1605 anni,
968 1541 1058 1610 qui
1092 1541 1149 1595 in
1190 1542 1377 1611 primis
1414 1539 1601 1597 litteris
1647 1546 1697 1597 et
1741 1557 1872 1613 qua-

296 1627 414 1679 tuor
445 1622 869 1681 concurrentibus
904 1627 1178 1700 incipiunt.

296 1712 518 1768 Tabula
549 1718 860 1783 sequuntur
886 1729 1012 1786 quae
1041 1716 1144 1773 hos
1181 1715 1368 1787 cyclos
1395 1717 1638 1776 exihent.

294 1797 333 1853 t.
363 1798 514 1857 4-10.
556 1802 831 1857 Marianus
874 1805 1034 1874 ponit
1078 1804 1385 1878 catalogum
1435 1807 1724 1864 consulum
1762 1809 1873 1866 Ro-

229 1899 512 1944 manorum
542 1890 623 1945 sic
652 1890 927 1961 incipiens
954 1912 967 1947 :

234 1972 279 2027 l.
344 1976 594 2034 Lentulus
659 1983 710 2035 et
768 1979 1076 2038 Marcellus.
1106 1982 1207 2038 His
1233 1983 1530 2040 consulibus
1558 1987 1872 2058 perniciosa

292 2064 347 2119 in
398 2067 549 2123 curia
594 2069 773 2124 Roma
819 2069 884 2125 de
920 2071 1165 2143 Pompeio
1216 2076 1266 2127 et
1340 2074 1534 2130 Cesare
1578 2076 1871 2147 conﬂantur

291 2154 592 2213 discordia.
642 2158 753 2214 Sed
799 2160 965 2215 Gaius
1030 2159 1202 2217 Julius
1256 2163 1456 2229 Casar,
1521 2166 1739 2220 Romam
1803 2166 1870 2222 de

285 2241 461 2299 Gallis
523 2246 730 2302 ueniens
753 2288 769 2313 ,
832 2247 1147 2320 [Pompeium
1201 2248 1309 2321 (36)
1353 2251 1555 2320 fugauit
1610 2251 1826 2310 Italiam
1846 2297 1861 2322 ,

276 2345 476 2387 aurum
513 2338 563 2389 et
609 2340 879 2403 argentum
924 2337 1098 2391 Roma
1146 2337 1212 2392 de
1266 2340 1458 2395 arario
1506 2340 1738 2410 sustulit,
1802 2359 1868 2399 ac

261 2420 403 2492 prim
418 2437 486 2474 us
531 2423 882 2478 Romanorum
944 2424 1089 2479 solus
1155 2428 1315 2482 tenuit
1380 2428 1650 2500 imperium
1714 2433 1867 2487 annis

265 2513 535 2580 quatuor,
587 2526 786 2567 menses
846 2528 979 2580 sea,
1026 2513 1211 2570 Idibus
1257 2517 1443 2571 Martii
1488 2519 1709 2576 occisus.
1759 2520 1867 2576 Sub

265 2613 367 2668 quo
400 2598 473 2653 iii
500 2599 737 2655 consules
763 2602 995 2672 fuerunt,
1026 2608 1154 2660 teste
1182 2604 1543 2679 Cassiodoro].

198 2686 271 2740 ιι.
312 2684 496 2741 Julius
532 2688 714 2744 Casar
743 2695 792 2745 et
828 2689 1108 2759 Servilius,
1140 2696 1263 2760 etc.,
1303 2698 1402 2749 etc.

209 2780 339 2836 554.
377 2781 450 2852 [6.
490 2785 819 2842 Justinianus
857 2802 980 2857 aug.
1019 2787 1076 2843 3.
1125 2803 1267 2845 cons.
1274 2794 1294 2854 J
1341 2790 1491 2847 Beda
1521 2792 1781 2863 presbiter
1817 2801 1867 2852 et

282 2877 613 2942 eomputator
639 2874 704 2929 de
731 2874 830 2930 hoc
857 2891 995 2931 anno
1032 2875 1162 2941 532,
1200 2879 1338 2934 inter
1381 2887 1555 2936 cetera
1592 2882 1669 2937 ita
1698 2882 1862 2939 dicit:

279 2960 553 3017 Dionisius
577 2963 858 3034 paschales
894 2965 1118 3022 circulos
1143 2967 1376 3023 scribens
1405 2968 1473 3024 ab
1501 2986 1639 3026 anno
1677 2973 1859 3028 Domi-

278 3049 412 3104 nica
447 3051 830 3108 incarnationis
866 3056 1273 3125 quingentesimo
1322 3058 1589 3127 trigesimo
1629 3062 1857 3117 secundo

269 3137 431 3205 juxta
462 3140 631 3211 ipsum
660 3141 975 3211 Dionisium,
1007 3145 1097 3215 qui
1140 3150 1217 3201 est
1261 3161 1431 3202 annus
1481 3147 1859 3206 dueentesimus

279 3227 714 3298 quadragesimus
778 3237 991 3289 octavus
1074 3234 1387 3293 Diocletiani
1469 3239 1678 3309 tyranni
1736 3245 1858 3311 post

278 3316 606 3374 consulatum
653 3321 929 3393 Lampadii
973 3328 1023 3378 et
1061 3324 1281 3392 Orestis,
1348 3341 1449 3397 quo
1509 3342 1650 3383 anno
1688 3328 1860 3385 cedes:

274 3407 548 3462 Justianus
576 3408 692 3464 orbi
717 3409 1051 3481 pervulgatus
1079 3417 1175 3467 est.
1211 3414 1342 3468 Hac
1370 3414 1518 3469 Beda
1550 3418 1648 3472 ait.

275 3494 333 3550 in
379 3496 614 3554 sinistro
670 3501 915 3571 margine
964 3506 1169 3570 praeter
1231 3502 1625 3572 imperatorum
1684 3519 1860 3563 annos

211 3581 364 3638 etiam
403 3597 588 3640 annos
614 3600 645 3641 a
681 3587 811 3643 Chr.
851 3602 908 3644 n.
941 3588 1201 3657 collocat,
1248 3602 1389 3659 quos
1425 3591 1494 3646 ab
1543 3605 1593 3647 a.
1644 3590 1716 3645 42
1750 3596 1860 3649 Au-

210 3673 344 3739 gusti
372 3675 613 3733 Lentulo
642 3681 698 3732 et
735 3677 965 3733 Messala
1003 3690 1189 3734 conss.
1230 3677 1465 3749 incipit;
1518 3680 1575 3735 in
1628 3680 1858 3738 dextero

210 3763 445 3833 margine
485 3764 739 3834 Dionysii
767 3765 901 3820 anni
932 3772 1237 3836 ponuntur,
1271 3779 1510 3836 quorum
1560 3768 1771 3837 primus
1800 3770 1856 3825 in

209 3860 397 3907 annum
428 3853 466 3904 7
501 3853 729 3921 Tiberii,
761 3854 978 3911 Valerio
1008 3860 1064 3911 et
1100 3854 1325 3912 Aurelio
1363 3869 1547 3914 conss.
1579 3857 1747 3915 cadit.

274 3940 541 4012 Sequitur
569 3942 665 4000 fol.
704 3942 770 3998 10
793 3964 806 3999 :
1704 3986 1711 3989 Α

209 4025 325 4084 Alia
370 4032 607 4089 secundo
675 4034 887 4103 vestigio
943 4033 1234 4090 emendatio
1293 4049 1547 4091 annorum
1601 4037 1857 4094 ineamu-

273 4117 426 4176 tionis
475 4121 643 4191 juxta
708 4122 1084 4189 Hieronimum,
1142 4122 1229 4194 qui
1286 4122 1411 4180 dicit
1464 4122 1684 4181 Paulum
1732 4132 1855 4198 post

273 4205 443 4264 decem
510 4215 558 4265 et
603 4214 797 4281 septem
850 4224 1017 4266 annos
1071 4211 1423 4268 conuersionis
1468 4228 1578 4269 sua
1631 4212 1855 4271 locutum

267 4295 427 4365 fuisse
483 4298 542 4353 in
596 4297 929 4356 Hierusalem
984 4316 1097 4356 cum
1147 4302 1325 4369 Petro,
1393 4308 1443 4359 et
1481 4304 1851 4361 Cassiodon

267 4392 544 4453 ponentem
580 4392 806 4459 quatuor
859 4404 1026 4445 annos
1062 4390 1198 4446 inter
1232 4391 1497 4447 Neronem
1545 4399 1594 4448 et
1657 4395 1851 4468 Vespa-

268 4472 496 4542 sianum,
548 4480 597 4531 et
645 4476 888 4534 Orosium
934 4478 1185 4535 dicentem
1227 4479 1442 4535 Decium
1486 4481 1652 4538 tribus
1699 4484 1853 4539 annis

269 4573 543 4631 regnasse.

204 4640 287 4702 34.
317 4649 559 4707 Christus
580 4666 774 4723 passus
803 4657 901 4721 est,
933 4658 1106 4710 etc....

2032 490 2163 531 ann.
2235 481 2441 548 quarto,
2494 475 2590 531 sub
2646 476 2730 532 die
2786 482 2969 533 octavo
3030 476 3394 538 Kalendarum
3448 484 3602 541 Octo-

2031 562 2220 632 brium,
2251 566 2534 621 indictione
2560 566 2596 619 6
2623 570 2673 621 et
2699 564 2923 637 reliqua.

2030 655 2221 709 Annus
2247 654 2282 708 3
2321 660 2406 710 est
2447 655 2646 711 tertius
2700 655 3005 711 Constantii
3053 660 3109 712 et
3162 656 3498 725 Constantis,
3547 666 3604 715 et

1959 740 2034 796 ita
2071 756 2292 813 semper
2319 743 2712 814 imperatorum
2741 744 2869 799 anni
2902 744 3235 801 indicantur.

2028 829 2289 899 Sequitur
2316 828 2354 885 t.
2394 830 2451 884 11
2484 852 2496 887 :

1962 918 2137 973 Tertia
2184 919 2476 975 emendatio
2515 934 2770 976 annorum
2813 920 3193 978 incarnationis
3238 924 3393 977 tertio
3448 924 3604 979 uesti-

2025 1007 2110 1077 gio
2138 1008 2424 1063 secundum
2472 1008 2917 1079 martirologgium
2963 1015 3013 1066 et
3046 1010 3321 1082 passiones
3342 1026 3601 1083 poparum
3686 1044 3699 1049 H

2025 1100 2075 1151 et
2104 1095 2392 1152 deeretales
2429 1096 2678 1168 epistolas
2723 1112 2923 1165 eorum,
2966 1114 3098 1171 quas
3143 1098 3245 1171 ipsi
3285 1115 3443 1171 papa
3484 1114 3605 1172 pre-

2026 1182 2151 1239 dicti
2198 1185 2253 1239 in
2289 1186 2446 1241 certis
2489 1183 2750 1241 Kalendis
2786 1186 3034 1242 miserunt
3071 1192 3121 1242 et
3163 1186 3260 1242 sub
3309 1187 3605 1245 consulibus

2027 1274 2183 1330 certis
2227 1275 2509 1330 nominatis
2553 1275 3010 1346 conscripserunt,-
3060 1277 3115 1332 in
3162 1276 3345 1348 quibus
3366 1276 3606 1334 habetur

2025 1364 2217 1419 Decius
2239 1379 2337 1436 per
2375 1378 2541 1420 annos
2588 1363 2764 1419 decem
2809 1379 3060 1435 regnasse
3097 1367 3409 1423 auctoritate
3455 1367 3605 1423 acle-

2020 1451 2239 1508 siastica
2267 1455 2321 1508 in
2383 1467 2692 1524 unoquoque
2721 1468 2859 1509 anno
2911 1454 3268 1526 conﬁrmante,
3301 1470 3336 1510 a
3364 1457 3602 1513 Faviano

2017 1555 2188 1611 papa,
2220 1542 2309 1614 qui
2327 1556 2524 1613 passus
2561 1546 2640 1596 est
2684 1540 2781 1596 sub
2826 1542 3009 1610 Decio,
3058 1557 3221 1614 usque
3257 1543 3328 1599 ad
3365 1549 3603 1600 sanetum

2022 1630 2381 1697 Laurentium,
2412 1630 2501 1701 qui
2523 1644 2718 1702 passus
2745 1634 2823 1686 est
2849 1628 2945 1685 sub
2973 1631 3155 1686 Decio.

1890 1706 2026 1787 Btf.
2084 1719 2187 1791 l2.)
2225 1720 2316 1776 34.
2366 1719 2445 1777 18.
2492 1720 2542 1776 1.
2591 1718 2825 1776 Tiberius
2872 1721 3054 1777 Casar
3098 1718 3135 1772 5
3179 1734 3351 1776 conss.
3392 1721 3603 1778 Cassio-

2026 1808 2187 1865 dorus
2221 1811 2341 1865 sic:
2399 1808 2481 1865 l2.
2546 1807 2784 1864 Tiberius
2840 1808 3118 1880 imperauit
3175 1823 3300 1863 ann.
3358 1807 3447 1864 23.
3502 1810 3602 1864 His

2023 1913 2195 1954 conss.
2235 1898 2473 1954 dominus
2508 1902 2687 1954 noster
2721 1900 2874 1955 Iesus
2910 1897 3146 1955 Christus
3178 1912 3372 1969 passus
3417 1902 3498 1952 est
3544 1898 3597 1953 8.

2021 1985 2152 2043 Kal.
2181 1986 2379 2059 April.,
2413 1992 2537 2051 etc.,
2569 1991 2742 2043 etc....

1953 2073 2099 2145 [267.
2129 2075 2185 2131 9.
2235 2074 2546 2131 Valerianus
2581 2075 2791 2131 Decius.
3006 2073 3134 2130 245.
3448 2098 3451 2099 ν

1948 2163 2074 2220 Alia
2102 2162 2381 2219 decretalis
2425 2161 2649 2235 epistola
2677 2163 2824 2219 Sinti
2860 2177 3049 2233 papa:
3097 2161 3460 2219 Dilectissimis
3485 2163 3599 2234 fra-

2020 2252 2186 2309 tribus
2234 2267 2334 2324 per
2388 2253 2665 2324 Hispania
2716 2252 3009 2323 prouintias
3063 2252 3353 2307 constitutis
3405 2252 3595 2307 Sixtus

2020 2342 2297 2414 episcopus
2348 2340 2589 2397 salutem.
2645 2342 2791 2396 Data
2852 2339 2935 2419 i7.
2986 2338 3117 2395 Kal.
3173 2340 3396 2409 August.
3447 2337 3597 2394 Vale-

2018 2433 2172 2487 riano
2211 2436 2262 2488 et
2304 2431 2463 2487 Decio
2502 2428 2821 2486 consulibus.
2863 2431 2929 2485 In
2968 2426 3327 2498 martirologio
3376 2426 3442 2482 de
3478 2442 3598 2483 eon-

2018 2522 2244 2590 ﬂictione
2317 2520 2461 2576 Stati
2485 2562 2501 2587 ,
2563 2518 2913 2584 Felicissimi,
2978 2517 3196 2588 Agapiti
3220 2559 3234 2584 ,
3302 2514 3483 2589 [politi
3548 2522 3598 2571 et

2018 2609 2189 2665 sancti
2253 2609 2523 2664 Laurentii
2587 2607 2911 2679 aliorumque
2974 2611 3156 2662 contra
3221 2607 3435 2662 Decium
3459 2648 3475 2673 ,
3543 2610 3596 2661 et

2017 2700 2152 2753 sicut
2182 2698 2332 2769 passi
2385 2704 2504 2754 sunt
2551 2696 2647 2753 sub
2684 2698 2798 2768 ipso
2853 2711 3027 2752 mense
3071 2697 3328 2764 Augusto,
3383 2692 3596 2750 multum

2017 2792 2066 2842 et
2101 2788 2233 2842 satis
2271 2786 2488 2843 habetur
2529 2800 2628 2858 per
2669 2789 2909 2841 cunctam
2952 2784 3243 2850 ecclesiam,
3283 2784 3423 2854 quod
3457 2798 3595 2838 nun-

2018 2891 2172 2947 quam
2229 2873 2486 2931 delebitur
2530 2881 2580 2930 et
2618 2875 2701 2930 cui
2748 2872 3060 2929 credendum
3106 2876 3183 2927 est
3221 2869 3380 2927 multo
3427 2871 3596 2940 magis

2016 2978 2172 3035 quam
2200 2964 2443 3018 cronicis.
3680 2966 3685 2969 ‘

2156 3050 2360 3119 Gallus,
2410 3050 2740 3107 Volusianus.

1940 3141 2290 3199 Cassiodorus
2326 3141 2598 3211 expositor
2640 3136 2887 3211 psalterii
2935 3140 3017 3194 sic
3052 3138 3178 3195 dicit
3199 3156 3217 3193 :
3259 3138 3359 3194 His
3395 3153 3593 3195 consu-

2009 3228 2144 3285 libus
2204 3228 2395 3285 Decius
2458 3227 2679 3284 lauacra
2729 3225 2945 3299 publica
3000 3226 3279 3299 adiﬁcauit
3336 3241 3452 3298 qua
3496 3242 3593 3282 suo

2010 3319 2217 3375 nomine
2274 3315 2535 3390 appellari
2580 3313 2785 3387 ju_ssit.]
2838 3315 3029 3370 Decius
3085 3330 3200 3370 cum
3250 3313 3361 3385 filio
3403 3329 3499 3369 suo
3536 3315 3593 3368 in

2012 3406 2217 3463 Abritio
2259 3406 2462 3460 Traeia
2490 3402 2605 3458 loco
2643 3418 2678 3457 a
2717 3401 2901 3458 Gothis
2938 3402 3214 3456 occiditur.
3257 3401 3355 3457 Cui
3380 3413 3592 3454 succes-

2010 3497 2079 3552 sit
2145 3492 2330 3551 Gallus
2393 3506 2508 3546 eum
2580 3488 2862 3544 Volusiano
2911 3487 3042 3559 ﬁlio,
3100 3489 3190 3558 qui
3244 3492 3593 3557 regnaverunt

2012 3582 2166 3638 annis
2247 3580 2283 3633 2
2313 3621 2328 3645 ,
2409 3575 2670 3632 mensibus
2761 3573 2798 3627 4
2830 3619 2844 3639 ,
2930 3580 3178 3646 quantum
3253 3577 3324 3630 ad
3406 3589 3592 3629 consu-

2013 3670 2178 3727 latum
2235 3672 2408 3723 autem
2471 3665 2625 3720 annis
2697 3668 2900 3720 tantum
2979 3661 3180 3718 duobus
3230 3667 3280 3718 et
3362 3661 3587 3732 reliqua.

2011 3761 2072 3815 In
2101 3757 2327 3814 sinistro
2359 3753 2602 3824 margine
2633 3758 2764 3809 sunt
2792 3752 2921 3808 anni
2962 3766 2994 3808 a
3035 3751 3164 3808 Chr.
3198 3765 3253 3808 n.
3286 3751 3588 3808 secundum

1940 3849 2237 3906 Marianum
2273 3850 2329 3902 et
2353 3845 2767 3914 imperatorum.
2800 3841 3018 3898 Tertius
3043 3841 3138 3911 qui
3177 3842 3338 3897 initio
3389 3839 3593 3912 legitur

1942 3952 2221 4005 numerus,
2283 3933 2518 3992 IoXXlllI
2570 3936 2625 3987 et
2682 3932 2883 3998 i-XXV,
2916 3935 3044 4001 post
3082 3930 3395 3999 omittitur;
3455 3930 3588 4001 quid

1936 4028 2209 4101 signiticet
2245 4023 2455 4081 nescio.
2491 4022 2548 4076 In
2581 4020 2809 4077 dextero
2848 4019 3094 4091 margine
3133 4033 3287 4075 more
3316 4025 3588 4075 consueto

1936 4128 2112 4172 annos
2138 4128 2169 4170 a
2207 4114 2338 4170 Chr.
2372 4125 2427 4166 n.
2460 4110 2708 4180 Dionysii
2739 4109 2956 4166 ratione
2986 4107 3245 4166 collocat.

2008 4203 2242 4260 Additur
2270 4200 2367 4257 fol.
2405 4195 2497 4253 14b
2522 4220 2534 4254 :

2006 4288 2391 4363 Recapitulatio
2473 4287 2595 4359 (37)
2664 4286 2889 4356 imperii.
2940 4285 3278 4355 Conﬂrmatio
3336 4288 3415 4338 est
3451 4283 3587 4338 enim

1933 4382 2172 4454 repetitio
2204 4375 2663 4435 commendationis
2684 4372 2929 4443 cujusque
2964 4372 3064 4427 rei.

2006 4471 2146 4527 Anni
2186 4466 2387 4525 decimi
2443 4461 2875 4536 praecedentium
2932 4459 3240 4517 tabularum
3307 4456 3581 4514 emendati

1934 4567 1991 4618 et
2019 4559 2165 4615 aucti
2195 4558 2394 4613 iterum
2424 4554 2702 4626 leguntur.

2004 4651 2070 4705 F.
2134 4646 2255 4701 15’:
2314 4643 2387 4700 Hi
2439 4646 2558 4698 sunt
2593 4639 2742 4712 ﬂathi
2798 4637 3067 4694 Hibernia
3104 4635 3194 4707 qui
3229 4650 3299 4690 ea:
3348 4632 3581 4690 dimedia

205 4731 322 4791 355.
351 4769 422 4779 —
450 4769 530 4781 —-
566 4720 639 4781 -'—
673 4771 746 4782 -
788 4741 844 4796 3.
886 4720 1123 4800 Sanctus
1167 4742 1339 4800 Julius
1377 4760 1525 4816 papa
1576 4746 1633 4801 in
1667 4746 1846 4803 deere-
1923 4741 2079 4813 parte
2132 4735 2179 4791 εἱ
2216 4733 2273 4789 id
2310 4736 2387 4787 οδε
2442 4729 2616 4787 ἀοιευι
2658 4726 2849 4783 animi
2902 4730 3166 4816 νεαεπψξιν
3226 4728 3335 4816 θῑιξ
3398 4720 3579 4793 (π’)

269 4827 364 4883 tali
396 4845 504 4885 sua
531 4829 754 4902 epistola
787 4831 853 4887 de
897 4831 995 4888 hoc
1040 4848 1177 4889 anno
1216 4835 1293 4890 ita
1330 4834 1497 4890 dicit:
1537 4837 1607 4891 In
1643 4837 1848 4893 nomine

1999 4824 2260 4897 Sequitur
2322 4820 2420 4877 t‘ol.
2469 4819 2548 4873 16’
2601 4816 2884 4888 catalogus
2932 4814 3252 4885 pontificum
3300 4814 3581 4868 Romano-

268 4914 462 4973 domini
491 4901 591 4974 Dei
636 4924 686 4975 et
721 4917 1006 4977 salvatoris
1051 4923 1219 4978 nostri
1251 4924 1380 4979 Iesu
1429 4922 1643 4995 Christi,
1692 4923 1849 4999 impe-
1929 4932 2072 4986 rum,
2112 4912 2261 4970 nulla
2292 4908 2657 4981 inscriptione
2687 4904 2971 4977 praemissa
3008 4902 3091 4960 sic
3129 4901 3441 4973 incipiens:

1771 5074 1990 5135 ΝΟΤᾸΞ.

273 5180 681 5262 (33)Ci‘._quze
710 5188 780 5246 de
808 5188 912 5245 hac
950 5188 1280 5262 quastione,
1319 5190 1377 5246 in
1425 5205 1533 5262 qua
1580 5191 1845 5250 solvenda

2003 5183 2126 5258 (34)
2163 5180 2398 5258 Haecin
2454 5176 2491 5231 2
2554 5136 2965 5241 desiderantur,
3032 5169 3129 5242 qui
3195 5184 3227 5226 a
3292 5164 3581 5225 consulum

207 5249 738 5336 etiam'Sigebértum
796 5249 1122 5336 occupatum
1178 5249 1278 5316 sed
1332 5249 1556 5336 Mariam
1594 5249 1843 5336 _vestigia
1926 5249 2427 5336 catanlggoﬁincipit.

207 5333 388 5401 Messe
421 5338 746 5401 sequentem
764 5331 1117 5397 videmus,ea
1154 5345 1262 5401 qua
1309 5334 1529 5390 excellit
1574 5331 1845 5392 doctrina

206 5395 614 5475 copiacollegit
642 5404 695 5460 S.
719 5402 927 5475 Hirsch,
939 5395 1025 5475 De
1037 5402 1155 5458 Vita
1171 5395 1466 5475 Sigeherti,
1498 5420 1553 5475 p.
1583 5405 1843 5463 319-329.

275 5464 400 5547 (34)
431 5464 700 5547 Pleraque
720 5474 968 5547 etiamin
989 5464 1339 5547 Cottonia'no,
1368 5464 1840 5547 (2)'reperiuntur,

204 5545 358 5606 c“ills
393 5545 714 5605 varietatem
742 5545 1106 5617 adjiciendam
1138 5559 1259 5602 esse
1297 5545 1451 5602 duxi.

2003 5310 2141 5401 (36f
2159 5324 2291 5401 Quae
2327 5310 2489 5376 uncis
2523 5316 2732 5401 inclusi
2772 5329 2850 5401 es
2974 5312 3186 5401 addidi,
3225 5310 3484 5382 leguntur
3522 5310 3579 5365 iu

1933 5402 1983 5472 1,
2141 5387 2386 5472 nendum
2425 5388 2627 5472 ειμι).οο
2656 5387 2936 5472 descripta
2966 5390 3116 5441 sunt.

2031 5468 2139 5538 37),
2160 5467 2291 5538 Hac
2319 5462 2521 5518 desunt
2543 5458 2829 5538 juAeodice
2845 5456 2911 5538 ‘2.

2031 5470 2129 5538 37)
2160 5470 2291 5521 Haec
2319 5470 2521 5518 desunt
2548 5470 2605 5515 in
2634 5470 2829 5514 conice
2856 5470 2911 5513 κ.

2003 5470 2157 5613 ὃν)
2189 5534 2357 5603 intra,
2387 5539 2505 5589 not.
2543 5529 2664 5600 149,
2697 5528 2933 5586 edentur
2968 5540 3076 5589 una
3114 5539 3236 5582 cum
3275 5522 3574 5584 Chronico.
