4040 6170
426 262 527 319 611

1770 256 2112 314 MARIANUS
2147 253 2457 312 SCOTTUS.

3683 248 3793 304 612

437 388 484 445 1.
554 390 741 445 Petrus
803 384 1073 458 apostolus
1145 384 1391 456 princeps
1468 380 1821 454 apostolorum
1882 378 2337 443 Antio-Adlulta
2374 382 2528 449 atque
2545 377 2662 447 jam
2685 377 2822 432 mira
2867 372 3122 431 mandans
3155 373 3290 430 sicut
3318 371 3645 429 archiscriba
3684 388 3804 444 pre-

572 478 782 545 chenus,
838 474 978 547 ﬁlius
1031 474 1273 541 Joannis,
1348 471 1632 543 prouinciae
1688 469 1908 529 Galilea:
1960 474 2076 528 uico

569 566 858 624 Bethsaida
882 608 897 633 ,
962 566 1133 636 frater
1193 562 1422 619 Andreae
1442 603 1457 629 ,
1511 562 1737 633 primum
1798 561 1935 617 sedit
1991 576 2080 617 ca-

571 656 807 712 thedram
880 655 1209 725 episcopatus
1269 650 1562 707 Antiochia:
1625 666 1792 707 annos
1854 655 2070 722 septem,

568 749 753 815 postea
816 744 1071 799 Romana:
1135 738 1355 795 wclesiw
1410 738 1713 795 cathedram
1770 754 1938 795 annos
1982 737 2074 805 25,

572 847 735 887 mens.
774 827 879 885 10⁸.

431 921 593 977 Linus
619 965 639 989 ,
694 920 907 975 natione
971 916 1142 974 Italus
1175 960 1190 986 ,
1271 916 1337 972 de
1389 918 1603 986 regione
1671 918 1872 973 Tuscia:
1920 922 2077 989 patre

572 1006 916 1075 Herculiano,
944 1007 1082 1062 sedit
1111 1022 1236 1062 ann.
1276 1006 1359 1072 l5,
1399 1021 1470 1061 m.
1501 1005 1556 1073 3,
1596 1006 1708 1061 dies
1742 1006 1825 1059 l2.

503 1096 793 1167 Catalogns
820 1109 994 1166 usque
1042 1095 1112 1150 ad
1159 1094 1464 1151 Johannem
1502 1095 1594 1149 X11
1642 1093 1914 1150 deductus
1952 1100 2073 1150 est:

431 1189 589 1257 cujus
618 1186 777 1242 ﬁnem
805 1185 913 1242 hoc
950 1184 1077 1242 loco
1116 1183 1321 1241 addere
1354 1186 1544 1255 juvat:

433 1274 550 1331 120.
590 1274 900 1331 Benedictus
922 1290 1067 1346 papa
1095 1273 1229 1329 sedit
1258 1289 1381 1329 ann.
1413 1273 1468 1341 3,
1500 1288 1569 1328 m.
1600 1271 1655 1327 5.

644 1365 749 1419 Leo
781 1362 1041 1435 presbiter
1064 1362 1290 1433 forensis
1313 1362 1426 1418 sed.
1468 1361 1523 1417 d.
1554 1360 1645 1415 57.

645 1451 1044 1523 Christophorus
1065 1450 1323 1523 presbiter
1376 1448 1665 1505 cardinalis
1728 1447 1907 1505 titulus
1960 1451 2080 1506 Da-

714 1539 849 1595 masi
902 1540 1039 1597 sedit
1092 1555 1162 1595 m.
1228 1538 1282 1595 4.
1343 1537 1555 1595 Electus
1592 1543 1668 1595 est
1705 1543 1755 1594 et
1790 1538 2077 1594 monachus

715 1629 887 1698 factus
913 1633 1011 1684 est.

3549 462 3792 532 (tendens.

2228 557 2380 614 Sciat
2415 556 2515 612 hoc
2540 556 2642 611 mei
2672 554 2821 627 (cod.
2863 552 2920 609 in
2958 552 3206 609 interlin.
3254 555 3284 609 Ι
3315 550 3555 621 nominis]
3588 551 3799 622 inquisi-

2159 648 2261 713 tor,
2300 645 2549 717 quoniam
2566 643 2815 716 predicor
2835 641 3125 715 precellens
3160 638 3447 717 precellcns
3493 638 3653 695 cicius
3690 641 3802 695 Ma-

2158 749 2299 791 riam
2308 778 2321 791 .

2231 824 2384 881 Folio
2420 822 2484 876 l8
2512 822 2681 892 igitur
2702 834 2929 893 magnus
2967 818 3156 891 cyclus
3194 817 3469 889 paschalis
3497 812 3720 889 legitur,
3752 825 3805 874 et

2159 915 2350 984 prima
2375 911 2576 968 tabulae
2617 912 2737 968 haec
2768 910 3214 981 praemittuntur:

2229 1004 2436 1058 Primus
2474 1016 2641 1056 annus
2673 1000 2865 1069 magni
2894 998 3046 1069 hujus
3089 996 3327 1070 pascalis
3365 995 3506 1065 cicli,
3547 1001 3596 1052 et
3625 996 3683 1051 in
3725 1011 3807 1051 cu-

2154 1091 2239 1161 jus
2290 1089 2517 1145 secundo
2574 1103 2710 1143 anno
2758 1088 2920 1157 juxta
2973 1087 3265 1143 Dionisium
3303 1090 3487 1141 natum
3522 1089 3599 1140 est
3635 1086 3809 1141 Domi-

2156 1195 2272 1245 nus,
2313 1179 2594 1235 indictione
2630 1182 2744 1234 erat
2773 1180 2953 1244 tertia,
2994 1177 3088 1232 sed
3111 1177 3167 1231 in
3202 1175 3374 1247 capite
3400 1173 3454 1229 3.
3501 1172 3628 1247 [146]
3669 1174 3814 1245 prio-

2157 1273 2233 1326 ris
2269 1268 2386 1324 cicli
2432 1268 2646 1324 indictio
2702 1272 2816 1322 erat
2872 1266 2957 1339 [7].
3016 1266 3222 1322 Primus
3279 1269 3451 1321 autem
3507 1279 3679 1319 annus
3734 1279 3813 1319 se-

2157 1358 2314 1414 cundi
2367 1356 2541 1426 magni
2584 1354 2820 1427 pascalis
2885 1354 3023 1421 cicli,
3083 1354 3170 1425 qui
3226 1357 3304 1409 est
3360 1351 3521 1407 ciclus
3558 1352 3809 1419 Dionisii,

2156 1446 2437 1502 indictione
2473 1449 2588 1499 erat
2625 1444 2828 1500 decima
2865 1448 2916 1499 et
2952 1442 3335 1499 incarnationis
3380 1440 3488 1496 532
3531 1440 3812 1496 secundum

2162 1534 2467 1590 Dionisium.
2537 1534 2742 1588 Primus
2822 1533 2944 1588 item
3020 1530 3267 1603 [tertiis]
3345 1531 3521 1600 magni
3586 1530 3712 1585 cicli
3764 1531 3813 1584 in

2158 1639 2256 1695 quo
2320 1639 2495 1679 sumus
2542 1622 2716 1690 modo,
2773 1622 3056 1678 indictione
3102 1625 3217 1677 erat
3260 1619 3493 1676 secunda
3535 1624 3586 1675 et
3641 1620 3815 1674 incar‘

644 1716 864 1786 Sergius
915 1718 1178 1772 Romanus
1228 1718 1388 1788 patre
1442 1716 1723 1773 Benedicto
1769 1714 1904 1772 sedit
1951 1730 2077 1771 ann.
2099 1700 2394 1770 Bnationis
2448 1712 2774 1769 millesimus9
2816 1716 3033 1784 quartus
3080 1725 3249 1767 annus
3284 1710 3447 1781 juxta
3500 1709 3812 1765 Dionisium.

716 1804 774 1871 7,
805 1819 875 1859 τη.
913 1803 969 1872 3,
994 1804 1047 1860 ά.
1085 1803 1170 1858 16.

610 1893 922 1950 Anastasius
955 1893 1067 1948 sed.
1117 1908 1240 1948 ann.
1282 1892 1335 1951 2.
1366 1908 1438 1949 m.
1468 1893 1523 1949 2.

645 1982 830 2038 Lando
858 1982 970 2038 sed.
1009 1997 1079 2037 m.
1110 1982 1164 2038 5.

645 2071 910 2127 Iohannes
945 2071 1038 2127 sed
1076 2086 1201 2126 ann.
1249 2070 1332 2140 l4,
1353 2086 1423 2128 m.
1457 2071 1512 2140 2,
1553 2069 1608 2127 d.
1635 2069 1689 2126 3.

645 2163 751 2216 Leo
779 2160 892 2216 sed.
925 2175 993 2215 m.
1026 2160 1081 2217 7.

647 2248 946 2321 Stephanus
982 2248 1095 2305 sed.
1129 2264 1255 2305 anu.
1285 2247 1341 2316 2,
1372 2264 1442 2304 m.
1490 2246 1539 2316 1,
1571 2248 1627 2304 d.
1668 2246 1753 2303 12.

646 2337 913 2395 Iohannes
943 2338 1057 2394 sed.
1090 2354 1215 2394 ann.
1246 2336 1303 2393 4.

444 2425 567 2481 130.
606 2428 712 2483 Leo
740 2426 853 2482 sed.
888 2442 1015 2482 ann.
1040 2425 1096 2494 3,
1128 2441 1197 2482 m.
1229 2425 1285 2493 6,
1316 2425 1371 2481 d.
1410 2424 1494 2480 10.

647 2515 944 2587 Stephanus
961 2514 1073 2570 sed.
1116 2529 1240 2569 ann.
1281 2512 1337 2581 3,
1368 2528 1438 2568 m.
1479 2511 1535 2581 3,
1566 2512 1620 2569 d.
1668 2509 1751 2567 l5.

647 2604 892 2662 Marinus
919 2603 1032 2659 sed.
1061 2617 1185 2658 ann.
1212 2600 1268 2668 3,
1309 2617 1383 2657 m—
1411 2600 1467 2668 6,
1496 2600 1550 2656 d.
1598 2598 1684 2656 14.

645 2692 908 2763 Agapitus
932 2691 1046 2748 sed.
1079 2706 1202 2747 ann.
1242 2687 1327 2757 10,
1357 2704 1428 2748 m.
1466 2688 1523 2756 7,
1563 2688 1620 2745 d.
1660 2687 1743 2744 10.

648 2780 913 2836 Iohannes
986 2779 1050 2835 de
1112 2780 1324 2849 regione
1406 2775 1614 2834 Violata
1639 2817 1657 2844 ,
1718 2791 1864 2849 cujus
1928 2782 2086 2849 pater

722 2874 836 2925 erat
899 2867 1173 2924 Albericus
1226 2868 1471 2940 princeps
1534 2866 1904 2934 Romanorum,
1960 2880 2084 2921 suc-

660 2984 673 2995 ι
721 2960 875 3015 cessit
902 2958 1084 3014 indict.
1124 2956 1188 3011 14
1229 2956 1366 3028 [38).

510 3045 628 3101 Fol.
668 3045 769 3102 17‘.
802 3060 1032 3102 vacuum
1078 3044 1193 3101 fere
1230 3020 1457 3111 -ex'stat,
1515 3043 1604 3099 his
1654 3048 1863 3100 tantum
1893 3020 2149 3100 eademc

438 3144 601 3188 manu
638 3132 866 3203 scriptis
895 3132 1001 3202 (39)
1028 3152 1042 3188 :

440 3219 733 3277 Precellens
759 3219 920 3277 ciclus
948 3220 1189 3280 Mariani
1217 3219 1453 3276 omnibus
1490 3234 1838 3291 quoscumque
1883 3219 2082 3276 audiui.

441 3311 724 3382 Propterea
760 3311 929 3384 ipsum
966 3310 1139 3366 amari
1184 3314 1340 3381 atque
1387 3309 1563 3381 optaui
1602 3308 1911 3380 priusquam
1956 3309 2083 3376 uidi,

440 3400 576 3454 Dum
592 3413 707 3471 prae
733 3401 919 3455 ceteris
947 3398 1092 3455 ciclis
1119 3398 1347 3455 candens
1374 3396 1505 3455 illud
1533 3397 1671 3469 legat
1718 3396 1881 3453 lector
1919 3399 2088 3453 inten-

437 3578 575 3633 Hinc
606 3576 809 3648 putauit
854 3592 997 3635 meus
1048 3577 1219 3634 editor
1264 3576 1401 3649 quod
1439 3574 1567 3632 bene
1596 3575 1845 3648 predicor

1933 3664 2062 3736 [lens

2132 1824 2160 1849 ι
2238 1805 2297 1859 In
2335 1802 2562 1859 sinistro
2601 1801 2846 1874 margine
2893 1816 2983 1857 res
3031 1800 3195 1871 primi
3239 1799 3365 1856 cicli
3417 1798 3721 1869 (annorum
3761 1796 3819 1850 1-

2163 1891 2323 1964 532),
2382 1892 2439 1948 in
2477 1892 2706 1948 dextero
2759 1891 2989 1948 secundi
3047 1889 3165 1963 (40)
3212 1890 3290 1962 (a.
3348 1886 3704 1959 533—1064)
3766 1894 3815 1942 et

2166 1981 2326 2039 initio
2375 1980 2539 2037 etiam
2599 1981 2749 2037 tertii
2806 1980 3050 2037 breviter
3095 1979 3452 2035 adnotantur.
3490 1979 3623 2034 Cum
3683 1975 3817 2031 nihil

2167 2070 2489 2127 contineant
2525 2069 2674 2140 quod
2708 2082 2818 2126 non
2856 2070 2913 2126 in
2954 2069 3219 2126 chronico
3258 2072 3560 2139 repetatur,
3593 2065 3818 2123 ultimos

2166 2174 2341 2218 annos
2369 2165 2624 2216 enotasse
2654 2157 2912 2215 sufﬁciat.
3476 2198 3481 2202 ι

2235 2249 2344 2305 934
2369 2248 2536 2321 (912).
2575 2246 2697 2320 (41)
2733 2248 3042 2305 Cuonradus
3069 2248 3345 2319 imperauit
3383 2261 3508 2303 ann.
3540 2246 3596 2312 7,

2236 2338 2343 2393 936
2371 2338 2537 2408 (914).
2568 2338 2886 2393 Anastasius
2913 2350 3042 2393 ann.
3069 2336 3124 2404 2,
3156 2350 3230 2393 m.
3261 2336 3317 2392 2.

2236 2426 2343 2481 937
2371 2426 2537 2493 (915).
2569 2425 2757 2482 Lando
2789 2440 2930 2496 papa
2949 2438 3125 2481 mens.
3166 2424 3223 2479 5.

2235 2515 2344 2571 938
2373 2514 2539 2586 (916).
2582 2515 2854 2571 Iohannes
2892 2528 3033 2586 papa
3078 2527 3207 2570 ann.
3264 2512 3348 2582 14,
3398 2526 3471 2569 ιη.
3511 2512 3568 2579 2,
3620 2512 3816 2569 diebus

2309 2603 2509 2659 tribus.

2235 2691 2343 2746 940
2363 2690 2532 2763 (918).
2573 2691 2882 2749 Guonradus
2919 2690 3047 2748 obiit
3080 2690 3163 2746 10.
3195 2690 3325 2748 Kal.
3353 2693 3476 2748 Ian.

2235 2781 2337 2836 941
2376 2780 2537 2854 (919).
2579 2782 2858 2838 Heinricus
2894 2781 3171 2853 imperauit
3208 2797 3332 2837 ann.
3368 2780 3451 2837 18.

2236 2868 2338 2924 951
2383 2869 2547 2942 (929).
2582 2872 2692 2926 Leo
2727 2869 2847 2927 127.
2890 2884 3031 2940 papa
3059 2884 3233 2927 mens.
3271 2871 3328 2925 7.

2238 2958 2346 3014 952
2374 2957 2539 3025 (930).
2579 2958 2834 3015 Stefanus
2862 2973 3004 3029 papa
3031 2972 3160 3015 ann.
3192 2958 3247 3026 2,
3279 2972 3353 3014 m.
3400 2956 3448 3023 1,
3494 2956 3702 3013 diebus
3739 2956 3815 3010 l2.

2238 3046 2346 3102 953
2380 3047 2539 3119 (931).
2565 3048 2847 3104 Iohannes
2884 3061 3023 3118 papa
3052 3061 3182 3105 ann.
3223 3048 3278 3102 5.

2235 3135 2343 3190 956
2373 3135 2535 3206 (934).
2569 3139 2680 3193 Leo
2705 3150 2835 3193 ann.
2867 3135 2922 3204 3,
2963 3150 3135 3193 mens.
3166 3136 3222 3202 6,
3255 3136 3311 3191 d.
3350 3134 3433 3190 10.

2234 3224 2341 3278 957
2376 3223 2550 3297 (935).
2582 3225 2862 3281 Heinricus
2892 3224 3019 3281 obiit
3048 3226 3101 3281 6.
3143 3228 3285 3283 Non.
3317 3224 3464 3281 Julii.

2238 3311 2345 3367 958
2373 3312 2539 3379 (936).
2573 3314 2693 3370 Otto
2723 3314 2862 3385 ﬁlius
2891 3315 3004 3384 ejus
3031 3314 3303 3386 imperauit
3332 3329 3421 3369 an.
3451 3312 3542 3381 36,
3573 3329 3645 3369 m.
3690 3315 3773 3368 10.

2239 3401 2346 3455 960
2379 3400 2520 3473 (938)
2552 3401 2804 3458 Stefanus
2834 3416 2974 3473 papa
3005 3416 3133 3458 ann.
3167 3401 3223 3469 3,
3254 3416 3324 3457 m.
3365 3400 3421 3468 3,
3462 3401 3519 3457 d.
3567 3402 3650 3456 l5.

2235 3489 2343 3544 963
2374 3489 2537 3559 (941).
2570 3491 2809 3547 Marinus
2833 3505 2961 3546 ann.
2994 3490 3049 3558 3,
3082 3504 3254 3548 mens.
3296 3489 3350 3557 6,
3380 3491 3436 3546 d.
3476 3489 3559 3545 l4.

2236 3578 2342 3631 967
2372 3577 2544 3650 (945).
2577 3579 2841 3650 Agapitus
2874 3578 2996 3635 133.
3029 3594 3167 3650 papa
3197 3593 3287 3634 an.
3325 3578 3407 3634 10.
3441 3593 3512 3634 m.
3544 3578 3599 3646 6,
3631 3579 3695 3634 (Ι.
3742 3581 3815 3633 10.

2236 3665 2344 3720 972
2377 3667 2537 3738 (950).
2567 3668 2846 3724 Johannes
2882 3668 2998 3724 134.
3033 3682 3173 3739 papa
3202 3670 3272 3725 de
3310 3669 3536 3740 regione
3577 3668 3814 3729 Violata.

1803 3710 2451 3815 νΑηῖἕῂερτῐόᾶιὲὲῖ

580 3856 605 3890 ο
638 3826 723 3882 hic
757 3840 1005 3882 numerus
1038 3824 1155 3896 jam
1191 3824 1294 3896 legi
1324 3825 1521 3897 nequit.
1595 3825 1617 3861 ⁷
1644 3826 1773 3882 Ηωο
1806 3841 1969 3900 supra
2007 3827 2198 3885 lineam
2227 3828 2410 3884 addita
2437 3832 2557 3883 sunt
2627 3840 2651 3877 ο
2680 3827 2822 3884 deest
2852 3827 2873 3881 l
2900 3834 2923 3884 ?
2993 3832 3015 3867 ο
3038 3828 3411 3901 sexagesimus
3441 3829 3585 3885 deest
3621 3828 3665 3883 1.

2025 3909 2241 3965 ΝΟΤιΕ.

509 3982 636 4108 £38)
686 3982 804 4039 Alia
841 3997 1025 4052 manu,
1067 3998 1191 4054 qua:
1238 3983 1401 4067 etiam
1453 3988 1649 4067 postea
1697 3982 1981 4069 historiam
2030 4000 2082 4042 a.

442 4054 499 4107 11
544 4056 603 4107 6-
650 4054 747 4107 128
803 4053 1147 4108 (1104-1106)
1206 4062 1511 4108 scribserit.
1580 4061 1924 4108 continuatio
1981 4057 2082 4108 ad-

442 4054 747 4137 1126-1128
803 4054 1164 4179 (1104-1106;
1206 4055 1511 4139 scripserit,
1580 4056 1924 4113 continuatio
1981 4057 2083 4113 ad-

438 4125 776 4207 ditanqua}.
802 4138 858 4207 in
897 4126 1131 4207 codice“
1192 4126 1558 4207 desideratur.
1602 4127 1751 4184 Haec.

580 4196 890 4252 Benedictus
916 4212 963 4252 s.
995 4212 1064 4252 m.
1097 4196 1152 4264 2,
1185 4197 1237 4252 d.
1270 4196 1325 4252 5.

579 4270 683 4323 Leo
712 4282 757 4322 s.
800 4283 925 4324 ann.
962 4266 1011 4335 1,
1042 4284 1111 4323 m.
1142 4268 1197 4323 2.

576 4338 841 4394 Iohannes
878 4354 1002 4395 ann.
1033 4338 1089 4406 6,
1114 4355 1181 4394 m.
1224 4339 1277 4404 2,
1321 4339 1375 4394 d.
1408 4338 1463 4395 5.

578 4410 890 4465 Benedictus
918 4425 1042 4466 ann.
1090 4408 1136 4478 1,
1161 4410 1216 4466 d.
1251 4410 1305 4465 6.

576 4482 754 4535 Bonus
782 4496 906 4537 ann.
946 4481 993 4549 1,
1033 4497 1102 4537 m.
1143 4481 1197 4536 6.

440 4550 559 4605 140.
601 4551 896 4621 Bonifatius
932 4566 1001 4607 m.
1040 4552 1088 4615 1,
1120 4552 1173 4607 d.
1220 4550 1305 4604 12.

579 4623 888 4678 Benedictus
916 4638 1041 4678 ann.
1080 4621 1136 4678 9.

574 4692 840 4748 Iohannes
867 4709 936 4748 τη.
968 4693 1023 4749 9.

574 4764 838 4819 Iohannes
866 4779 935 4819 m.
965 4764 1020 4819 4.

572 4834 837 4890 Iohannes
866 4849 990 4890 ann.
1039 4834 1121 4902 10,
1153 4849 1221 4890 m.
1255 4834 1310 4901 6,
1342 4834 1396 4891 ἀ.
1436 4832 1520 4888 10.

576 4906 860 4974 Gregorius
887 4921 1011 4962 ann.
1049 4904 1099 4971 1,
1138 4920 1208 4960 m.
1239 4904 1294 4959 5.

572 4975 837 5046 Iohannes
864 4991 933 5031 m.
972 4975 1036 5030 10
1063 4975 1150 5031 uel
1176 4977 1231 5029 5.
1262 4977 1303 5046 f.

573 5044 829 5102 Siluester
856 5062 979 5102 ann.
1011 5046 1066 5101 4.
1095 5062 1165 5101 m.
1206 5044 1269 5112 1,‘
1294 5046 1349 5102 ά.
1378 5044 1433 5101 9.

571 5116 836 5173 Iohannes
864 5133 933 5173 m.
972 5117 1030 5185 5,
1062 5118 1116 5174 d.
1148 5116 1240 5172 25.
1424 5144 1435 5151 -

572 5187 843 5243 Iohannes
872 5204 1000 5244 ann.
1050 5188 1099 5245 1.

440 5256 558 5311 150.
591 5260 771 5314 Serius
795 5275 919 5315 ann.
951 5258 1007 5313 3.

572 5330 881 5385 Benedictus
909 5345 1034 5386 ann.
1072 5328 1156 5397 11,
1187 5345 1258 5387 nt.
1297 5329 1345 5397 1,
1378 5329 1431 5386 d.
1458 5329 1549 5385 21.

573 5373 1170 5469 ἱᾶἰιῖἶιὶιῖἴαῆἱὶῗὸξὶί.
1190 5373 1254 5457 ’δῖ

574 5471 888 5527 Benedictus
912 5488 1037 5528 ann.
1084 5470 1168 5526 13.

573 5538 826 5598 Siluester
851 5542 906 5599 d.
936 5541 1027 5599 56.

2096 4336 2288 4395 D160.
2320 4339 2619 4410 Stephanus
2646 4356 2715 4396 m.
2747 4340 2802 4406 7,
2836 4341 2890 4396 d.
2912 4336 2958 4394 '2

2303 4411 2615 4464 Benedictus
2652 4427 2721 4464 in.
2752 4411 2806 4464 9.
2840 4411 2893 4464 d.
2922 4411 2958 4464 2

2311 3986 2595 4054 Gregorius
2620 4001 2744 4040 ann.
2768 3986 2822 4052 2,
2853 4002 2922 4043 m.
2953 3987 3007 4043 6.

2307 4055 2542 4113 Clemens
2570 4072 2638 4111 m.
2671 4056 2726 4121 9,
2760 4058 2813 4113 d.
2853 4057 2909 4112 7.

2306 4129 2568 4182 Damasus
2592 4128 2647 4183 d.
2678 4127 2769 4181 23.

2210 4226 2217 4232 ο
2305 4200 2409 4253 Leo
2440 4213 2564 4253 ann.
2595 4199 2652 4266 5,
2686 4214 2752 4255 m.
2788 4198 2840 4267 2,
2871 4199 2927 4255 d.
2956 4200 3013 4255 7.

2318 4268 2491 4324 Victor
2526 4284 2650 4325 ann.
2687 4268 2741 4324 2.
2774 4285 2844 4326 m.
2874 4270 2930 4338 3,
2964 4270 3018 4326 d.
3042 4270 3097 4325 7.

2303 4411 2615 4466 Benedictus
2652 4427 2721 4467 in.
2752 4411 2806 4473 9,
2840 4411 2893 4467 d.
2922 4411 3012 4467 20.

2303 4480 2559 4538 Nicotaus
2595 4497 2720 4539 ann.
2760 4482 2889 4550 2,m.
2921 4482 2977 4550 6,
3009 4482 3064 4538 d.
3094 4481 3185 4538 25.

2302 4552 2611 4608 Alexander
2647 4568 2770 4609 ann.
2812 4552 2894 4620 11,
2920 4569 2990 4608 m.
3022 4553 3077 4620 6,
3105 4553 3159 4608 d.
3191 4552 3280 4609 21.

2304 4624 2587 4693 Gregorius
2615 4639 2739 4679 ann.
2773 4624 2861 4691 l2,
2884 4640 2953 4680 m.
2993 4624 3040 4693 1,
3072 4624 3127 4679 d.
3158 4624 3213 4679 5.

2313 4695 2488 4751 Victor
2514 4711 2584 4750 m.
2624 4695 2678 4763 4,
2720 4695 2774 4750 d.
2815 4694 2871 4750 7.

2307 4765 2549 4821 Urbanus
2568 4781 2692 4823 ann.
2730 4765 2814 4833 11,
2846 4781 2914 4821 m.
2946 4766 3000 4832 4,
3034 4766 3087 4821 d.
3118 4767 3200 4822 16.

2303 4837 2541 4892 Pascalis
2568 4837 2680 4892 sed.
2706 4852 2832 4892 ann.
2856 4866 2925 4877 —
2952 4867 3024 4877 —
3047 4867 3118 4879 -

2236 4905 2357 5047 (39;
2401 4909 2606 4963 Desunt
2639 4908 2691 4963 in
2731 4907 2926 4964 codice
2950 4908 3003 4962 2.

2260 4976 2331 5030 4O
2391 4979 2450 5033 In
2490 4978 2597 5034 ﬁne
2640 4979 2945 5040 tabularum
2976 4978 3003 5034 f

2260 4976 2450 5054 40_)_1n
2490 4978 2597 5054 fine
2640 4979 2945 5054 tabularum
2976 4978 3013 5035 f.
3054 4980 3142 5033 24’
3189 4978 3432 5054 legitur:
3483 4983 3705 5054 Require
3751 4983 3805 5035 in

2155 5048 2417 5119 principio
2465 5048 2580 5103 cicli
2636 5049 2788 5119 hujus
2842 5051 2897 5105 in
2951 5064 3203 5120 margano
3248 5048 3346 5107 sub
3401 5048 3586 5108 manu'
3612 5053 3805 5108 dextra

2159 5124 2305 5189 gesta
2322 5120 2582 5189 sequentis
2600 5122 2774 5189 magni
2801 5120 2938 5175 cicli.

2236 5188 2358 5263 (41)
2392 5188 2851 5263 AnnosbiOnysii
2890 5193 3050 5247 uncis
3087 5191 3330 5249 inclusos
3370 5192 3568 5263 adjeci.
3610 5194 3668 5249 In
3698 5192 3804 5248 hac

2161 5258 2344 5314 tabula
2392 5274 2421 5314 a
2478 5262 2717 5334 Mariano
2754 5258 2895 5319 'non
2933 5271 3234 5334 ponuntur,
3293 5265 3386 5334 qui
3437 5258 3616 5320 'etiam
3670 5276 3804 5319 suos

2158 5343 2335 5405 annos
2390 5332 2611 5405 nonnisi
2666 5334 2835 5405 semel
2882 5334 3126 5405 Vsingulis
3182 5332 3349 5402 foliis,
3403 5349 3526 5405 quae
3583 5348 3804 5404 semper

2158 5350 2335 5387 annos
2390 5350 2611 5388 1101111151
2667 5350 2835 5389 semet
2893 5350 2977 5389 sm
3020 5350 3126 5390 nus
3182 5350 3349 5402 101115,
3403 5350 3526 5405 quae
3583 5350 3801 5404 semper

2158 5400 2540 5486 dpos_cyplos
2578 5404 2803 5486 .solares
2863 5404 2937 5476 (a.
3145 5406 3448 5486 continent,
3516 5406 3801 5486 indicavit.

2156 5471 2287 5546 1deo
2314 5471 2630 5546 fortassein
2667 5477 2829 5531 annis
2856 5471 3150 5533 enotandis
3195 5471 3441 5534 erratum
3482 5483 3604 5546 est;
3646 5482 3800 5534 certe

2158 5542 2286 5601 inde
2323 5544 2393 5601 ab
2422 5559 2472 5601 a.
2503 5544 2631 5615 991,
2661 5560 2821 5605 error
2846 5546 3168 5605 manifestus
3196 5554 3299 5606 est.
