4000 6158
221 256 317 311 613

348 469 650 528 indictione
688 471 771 527 l4.

281 559 374 614 991
422 558 606 631 (969).
649 561 769 619 Otto
807 562 1097 633 imperator
1132 559 1259 616 obiit
1294 561 1436 617 Non.
1477 558 1614 616 Mai.

280 647 382 701 992
424 647 607 719 (970).
651 650 773 705 Otto
802 648 941 720 ﬁlius
978 649 1089 718 ejus
1126 664 1251 705 ann.
1299 647 1383 715 10,
1414 663 1483 702 m.
1522 647 1578 703 7.

285 735 405 789 1001
452 735 615 806 (979).
656 737 776 793 Otto
816 736 941 792 obiit
978 738 1032 792 7.
1074 736 1203 794 Idus
1240 738 1368 792 Dec.

283 823 414 878 1002
451 823 617 895 (980).
660 826 780 882 Otto
817 825 955 897 filius
992 826 1106 896 ejus
1151 825 1215 879 18
1253 840 1377 881 ann.

282 912 413 967 1010
450 913 616 985 (988).
657 915 776 971 Otto
816 913 940 969 obiit
979 914 1034 970 9.
1075 912 1204 970 Kal.
1249 913 1375 970 Feb.

282 1001 404 1055 1011
454 1001 618 1074 (989).
660 1004 937 1058 Heinricus
972 1003 1245 1075 imperauit
1272 1002 1344 1056 22
1372 1017 1521 1069 ann.,
1553 1016 1622 1057 m.
1648 1000 1703 1056 5.

282 1089 414 1143 1012
455 1089 622 1160 (990).
663 1090 910 1146 Kilianus
948 1090 1113 1147 abbas
1167 1092 1466 1148 Scottorum
1520 1090 1577 1145 in
1630 1087 1849 1146 Colonia

343 1177 471 1235 obiit
515 1179 598 1233 19.
641 1178 769 1236 Kal.
808 1181 933 1236 Jan.

278 1266 410 1322 1013
453 1267 615 1338 (991).
656 1267 848 1324 Helias
873 1268 1121 1324 successit
1150 1284 1276 1324 ann.
1317 1267 1407 1323 20.

282 1355 414 1410 1029
456 1355 656 1426 (1007).
700 1357 865 1413 Briau
900 1372 1001 1413 res:
1018 1356 1284 1413 Hibernia:
1319 1371 1604 1429 parasceue
1635 1355 1850 1429 paschte

341 1447 575 1501 occissus
613 1451 708 1502 est.

280 1533 414 1588 1035
456 1534 655 1605 (1013).
700 1533 1030 1592 Benedictus
1069 1548 1230 1606 papa.

280 1620 412 1677 1038
450 1621 653 1692 (1016).
695 1622 1025 1680 Benedictus
1064 1636 1205 1694 papa
1241 1622 1382 1680 obiit
1416 1622 1472 1678 7.
1505 1620 1634 1679 ldus
1672 1622 1844 1694 April.

338 1711 622 1767 Johannes
660 1725 801 1783 papa
837 1711 1127 1768 successit.

279 1798 413 1854 1039
452 1799 652 1872 (1017).
694 1801 974 1857 Heinricus
1020 1802 1307 1873 imperator
1360 1798 1487 1857 obiit
1515 1798 1551 1853 2
1579 1800 1672 1858 Id.
1718 1798 1847 1856 Iuli.

278 1887 413 1944 1040
451 1889 651 1961 (1018).
693 1890 1001 1948 Cuonradus
1031 1906 1156 1946 ann.
1194 1891 1278 1946 15.

280 1975 413 2032 1048
456 1978 655 2051 (1026).
696 1980 1007 2036 Cuonradus
1042 1980 1331 2052 imperator
1365 1977 1512 2036 obiit.
1548 1980 1672 2036 Non
1697 1976 1845 2035 Julii.

282 2066 415 2121 1049
456 2067 649 2139 (1027).
690 2070 970 2125 Heinricus
1006 2085 1132 2126 ann.
1181 2067 1266 2136 17,
1306 2083 1376 2124 m.
1415 2068 1471 2123 4.

276 2153 412 2209 1067
454 2156 654 2229 (1045).
695 2158 1026 2215 Benedictus
1062 2172 1225 2229 papa.

271 2243 410 2298 1068
451 2244 650 2316 (1046).
689 2247 942 2303 Clemens
980 2261 1121 2318 papa
1149 2246 1290 2303 obiit
1318 2245 1372 2300 7.
1402 2245 1533 2303 ldus
1568 2247 1690 2303 Oct.

207 2362 213 2366 ι
267 2332 409 2386 1069
452 2333 651 2405 (1047).
690 2337 954 2391 Damasus
990 2349 1131 2406 papa
1168 2334 1309 2391 obiit

264 2421 405 2476 1070
455 2422 646 2491 (1048).
688 2425 799 2479 Leo
838 2436 1000 2492 papa.

262 2510 403 2563 1075
459 2509 653 2581 (1053).
694 2513 805 2568 Leo
846 2525 985 2582 papa
1014 2511 1155 2567 obiit
1196 2511 1281 2567 l6.
1323 2510 1442 2567 Kal.
1474 2512 1599 2568 Mai.

260 2597 406 2652 1076
455 2597 662 2671 (1054).
702 2600 893 2656 Victor
930 2614 1071 2670 papa
1109 2600 1379 2656 successit
1415 2598 1450 2652 3
1478 2600 1660 2655 annis.

268 2685 411 2740 1076
456 2684 657 2755 (1055).
696 2688 980 2744 Heinricus
1044 2688 1331 2760 imperator
1394 2687 1519 2744 obiit
1575 2687 1631 2743 3.
1705 2689 1850 2746 Non.

343 2773 530 2831 Octob.

274 2862 414 2917 1078
455 2863 650 2933 (1056).
692 2865 973 2920 Heinricus
1002 2864 1143 2936 filius
1180 2866 1318 2935 ejus.

273 2950 412 3006 1079
453 2951 651 3023 (1057).
693 2953 1003 3024 Stephanus
1040 2967 1180 3025 papa
1227 2953 1367 3009 obiit
1409 2952 1464 3006 4.
1544 2952 1662 3010 Kal.
1713 2956 1846 3025 Apr.

274 3041 411 3095 1080
454 3041 652 3114 (1058).
693 3043 954 3100 Nicolaus
991 3057 1131 3113 papa
1170 3043 1331 3099 obiit.

276 3130 410 3185 1082
453 3131 651 3201 (1060).
692 3132 1002 3189 Alexander
1041 3146 1201 3202 papa.

270 3219 325 3284 [2
380 3220 505 3276 haec
559 3220 689 3276 add.
763 3220 899 3275 1084
959 3220 1179 3292 (1062).
1265 3220 1546 3277 Ordinatio
1624 3218 1851 3276 Wlstani

336 3309 591 3380 episcopi.

272 3396 406 3452 1097
447 3398 652 3471 (1075).
695 3397 1063 3454 Hiltdebrand.
1103 3399 1150 3453 1.
1192 3414 1316 3454 ann.
1350 3397 1433 3452 ll.

272 3485 406 3541 1106
449 3486 653 3559 (1084).
705 3487 966 3544 Wibertus
988 3502 1135 3560 papa
1161 3502 1275 3541 suc.

272 3574 403 3628 1117
443 3575 651 3648 (1095).
694 3575 772 3633 0b
844 3575 1113 3631 Wlstanus
1141 3581 1191 3631 et
1240 3573 1531 3630 Rodbertus
1569 3572 1842 3644 episcopi.]

268 3663 480 3719 Folium
522 3664 609 3718 25'
656 3678 889 3720 vacuum
921 3669 1099 3719 exstat
1137 3668 1192 3718 et
1228 3662 1337 3718 hoc
1366 3661 1491 3717 loco
1529 3674 1723 3716 manus
1760 3675 1848 3717 se-

205 3753 393 3817 cunda,
436 3767 550 3823 qua
583 3753 766 3823 priora
797 3752 925 3808 libri
964 3751 1096 3807 folia
1125 3752 1331 3820 scripta
1361 3762 1483 3804 esse
1512 3762 1679 3818 supra
1709 3747 1845 3816 dixi,

205 3839 416 3909 desinit,
470 3848 640 3913 atque
679 3856 743 3898 ea
780 3841 977 3911 incipit
1005 3854 1130 3911 quae
1168 3839 1429 3909 majorem
1469 3837 1598 3893 libri
1636 3843 1849 3909 partem

205 3929 397 3987 charta:
438 3932 670 3997 intulit;
705 3932 900 4001 incipit
929 3931 1096 3986 etiam
1127 3928 1304 3999 ipsum
1336 3928 1674 3995 Cbronieou,
1709 3940 1849 3998 quo-

207 4034 320 4075 cum
365 4021 746 4091 praacedentia
782 4022 872 4076 vix
918 4020 1225 4087 cohaerent,
1266 4018 1363 4074 sed
1395 4024 1587 4088 postea
1616 4017 1684 4073 ad
1725 4017 1849 4073 illu-

206 4113 477 4167 stt-audam
512 4117 567 4167 et
606 4111 769 4167 latius
834 4110 1215 4181 explicandam
1253 4109 1498 4165 auctoris
1528 4108 1847 4178 opinionem

209 4202 481 4267 praemissa
522 4214 641 4256 esse
669 4199 945 4256 videntur.
977 4201 1108 4267 Quae
1139 4212 1262 4253 cum
1292 4198 1367 4253 ita
1404 4197 1535 4264 sint,
1568 4196 1689 4254 hinc
1717 4195 1848 4254 folia

206 4286 270 4340 25
303 4290 531 4347 nonnisi
559 4289 833 4346 Chronico
861 4288 1016 4345 ﬁnito
1057 4288 1264 4358 scripta
1293 4292 1349 4343 et
1386 4294 1498 4343 tum
1532 4286 1748 4342 demum
1789 4286 1846 4341 in

1276 257 1544 315 NOTITIA
1582 254 1933 312 HISTORICA
1970 254 2055 311 ΕΤ
2093 255 2519 313 LITTERARIA.

350 381 491 437 ﬁlius
535 380 776 439 Alberici
825 382 1092 454 principis
1144 384 1537 448 Romanorum,
1577 380 1917 442 successitA

1870 1715 1919 1775 B

3466 262 3572 317 614

2073 396 2189 437 cum
2224 380 2492 438 hilaritate
2517 378 2624 437 illis
2667 380 3047 452 impendamus.
3102 384 3241 451 Quia
3288 400 3412 455 ergo
3450 403 3574 457 gra-

2070 475 2245 527 tanter
2272 486 2307 526 a
2335 471 2514 542 quouis
2558 470 2873 542 susciperem
2928 471 3204 537 rationem,
3251 473 3339 529 ubi
3379 477 3576 546 primus

2069 559 2227 629 fuerit
2283 558 2704 615 ressurrectionis
2759 559 3047 615 dominicus
3101 559 3235 626 dies,
3267 566 3427 631 atque
3468 563 3578 633 [cur

2076 648 2130 718 ¹⁰]
2163 650 2370 719 quintus
2415 649 2642 705 decimus
2689 664 2857 707 annus
2906 648 3099 705 Tiberii
3147 651 3384 707 Cessaris
3414 652 3577 721 juxta

2074 737 2339 794 cronicam
2388 738 2585 794 Eusebi
2631 737 2713 794 vel
2751 738 2910 794 Beda:
2955 739 3251 811 prespiteri,
3282 741 3393 795 sive
3420 740 3577 796 etiam

2072 826 2266 896 magmi
2293 824 2412 882 cicli
2447 827 2680 883 Dionissi
2727 827 3046 896 trigessimus
3075 828 3281 900 quintus
3312 844 3480 885 annus
3505 859 3579 870 —

2072 915 2180 985 qui,
2230 929 2291 969 eo
2323 914 2461 985 quod
2487 915 2743 971 secundus
2772 916 3002 985 ejusdem
3031 916 3148 973 eicli
3185 932 3352 973 annus
3380 918 3579 975 natiui-

2073 1003 2199 1057 tatis
2240 1003 2273 1034 “
2322 1003 2533 1059 Domini
2573 1004 2785 1071 dicitur,
2819 1004 3092 1061 dominica:
3115 1007 3354 1078 passioni
3410 1008 3578 1079 depu-

2072 1095 2214 1147 tatur
2257 1120 2331 1131 —
2365 1091 2679 1161 evangelica:
2716 1094 2925 1149 ueritati
2972 1099 3128 1166 atque
3155 1094 3424 1163 wcclesiaa,
3466 1111 3581 1168 quia

2073 1180 2351 1236 Dominum
2379 1180 2436 1236 in
2488 1180 2579 1234 148
2607 1183 2732 1238 luna
2756 1183 2916 1253 primi
2952 1185 3143 1241 mensis
3167 1185 3223 1240 id
3260 1190 3336 1241 est
3356 1186 3429 1257 (in
3452 1201 3582 1258 pas-

2072 1269 2170 1325 cha
2205 1271 2489 1327 Judeorum
2530 1271 2669 1341 feria
2709 1271 2891 1342 quinta
2946 1274 3196 1329 traditum
3252 1280 3493 1330 asserunt
3531 1280 3581 1330 et

2069 1359 2208 1430 feria
2254 1358 2290 1412 6
2311 1374 2602 1432 parasceve
2632 1358 2756 1415 luna
2803 1361 2986 1431 quinta
3014 1362 3216 1419 decima
3246 1364 3579 1434 cruciﬁxum,

2074 1462 2271 1503 necnon
2327 1447 2686 1518 martirologio
2751 1449 2922 1505 sancti
2984 1451 3297 1521 Hieronimi,
3338 1452 3477 1525 quod
3525 1452 3580 1507 in

2069 1536 2132 1590 6al
2168 1535 2535 1593 Kalendarum
2570 1536 2743 1609 April.
2804 1552 2920 1593 eum
2974 1541 3360 1597 ressurrea‘isse
3416 1546 3582 1598 osten-

2076 1626 2173 1694 dit,
2234 1625 2438 1699 reliqua
2507 1626 2704 1699 [horum
2762 1625 2818 1697 ¹¹]
2873 1626 3120 1685 habentes
3174 1630 3581 1697 contradicant;

2076 1715 2215 1786 quod
2279 1730 2394 1771 cum
2459 1730 2648 1786 magno
2687 1714 2888 1785 labore,
2944 1718 3144 1789 partim
3197 1717 3513 1788 magistratu
3542 1719 3583 1751 ¹³

2074 1806 2411 1874 auctoritate,
2440 1807 2638 1877 partim
2698 1808 2905 1863 ratione
2937 1806 3175 1875 ducente,
3233 1808 3326 1863 uia:
3371 1810 3582 1864 tandem

2072 1899 2376 1950 consecutus
2429 1910 2563 1950 sum.
2615 1894 2680 1952 Si
2706 1895 2776 1951 sit
2812 1896 2868 1951 in
2894 1895 2995 1952 hac
3022 1912 3127 1968 qua
3159 1896 3319 1953 datur
3357 1897 3581 1953 caritate

2072 1983 2159 2054 qui
2214 1984 2462 2055 accipiat,
2519 1984 2734 2040 deuotus
2782 1984 2980 2055 offero,-
3027 2000 3092 2042 ea
3139 1985 3463 2056 condicione,
3500 1990 3577 2052 ut,

2068 2072 2118 2127 si
2176 2070 2407 2144 placeat,
2466 2074 2576 2128 Deo
2615 2074 2819 2142 gratias
2874 2073 3106 2144 retrerat,
3144 2076 3232 2129 sin
3268 2079 3461 2143 autem,
3500 2088 3582 2130 me

2071 2159 2223 2216 dente
2251 2159 2439 2215 canino
2467 2160 2657 2216 rodere
2702 2160 2945 2228 dissinat,
2973 2162 3249 2233 presertim
3295 2177 3411 2218 cum
3452 2160 3584 2217 nihil

2069 2247 2344 2315 suadeam,
2388 2248 2527 2320 quod
2582 2252 2673 2305 aut
2704 2251 3019 2305 auctoritate
3078 2252 3169 2305 aut
3220 2251 3427 2306 ratione
3474 2264 3583 2304 non

2067 2336 2342 2407 probetur.

2142 2426 2556 2483 Resurrectionis
2635 2426 2813 2497 itaque
2888 2425 3083 2483 Christi
3152 2425 3249 2483 tris
3312 2425 3582 2497 opiniones

2073 2515 2371 2583 traduntur,
2419 2520 2469 2571 et
2514 2530 2629 2587 quae
2654 2516 2724 2572 sit
2755 2515 2942 2572 harum
2979 2529 3130 2584 vera,
3161 2514 3316 2571 dubie
3343 2515 3426 2570 uel
3451 2529 3585 2570 nuu-

2073 2618 2228 2673 quam
2270 2619 2426 2676 posse
2469 2604 2638 2675 fertur
2674 2619 2982 2677 quemquam
3035 2604 3431 2676 conscripsisse,
3455 2610 3580 2671 etc.,

2076 2696 2180 2750 etc.

2072 2781 2187 2846 Qua
2225 2779 2378 2836 ﬁnita
2408 2781 2610 2852 legitur
2637 2780 2677 2837 f.
2710 2780 2799 2835 27’

2259 2923 2503 2978 INCIPIT
2552 2924 2709 2979 HINC
2756 2923 3036 2979 MARIANI
3076 2925 3263 2980 SCOTI

2466 3012 2755 3069 CRONICA
2802 3013 3044 3069 CLARA.

1997 3133 2315 3204 Sequuntur
2352 3133 2592 3204 capitula
2639 3134 2804 3191 trium
2852 3134 3145 3206 librorum,
3183 3135 3425 3208 denique
3455 3137 3576 3208 ipse

1928 3225 2133 3278 textus.

1999 3311 2181 3366 Primo
2219 3310 2364 3367 libro
2428 3310 2916 3380 disquisitionibns
2971 3311 3385 3383 cbronologicls
3440 3327 3583 3383 prae-

1929 3397 2111 3453 missis
2167 3398 2484 3455 Chronicon
2525 3413 2702 3467 usque
2751 3398 2819 3453 ad
2849 3400 3052 3454 Christi
3085 3405 3300 3455 {etatem
3330 3399 3580 3469 deduxit,

1923 3486 2170 3542 secundo
2204 3486 2511 3557 praesertim
2531 3486 2736 3542 Christi
2766 3486 3255 3557 apostolorumque
3296 3488 3582 3545 historiam

1929 3575 2205 3643 exposuit,
2245 3575 2322 3629 ita
2361 3579 2422 3628 ut
2477 3572 2933 3643 evangelistarum
2990 3574 3156 3629 verba
3206 3576 3487 3644 praemissa
3517 3590 3584 3633 ex

1929 3661 2238 3733 Augustini,
2269 3662 2539 3732 Gregorii,
2565 3660 2727 3716 Beda:
2756 3661 3103 3733 aliorumque
3135 3662 3293 3718 libris
3321 3662 3579 3732 illustret,

1931 3750 2095 3806 tertio
2133 3749 2262 3806 inde
2293 3750 2362 3805 ab
2411 3749 2519 3806 hoc
2548 3755 2797 3819 tempore
2837 3764 3010 3821 usque
3049 3750 3117 3807 ad
3149 3766 3302 3807 suam
3366 3758 3583 3810 aetatem

1930 3853 2022 3895 res
2051 3846 2379 3909 prosecutus
2426 3845 2529 3907 est,
2566 3840 2816 3910 Capitum
2847 3838 3014 3896 index
3038 3840 3180 3897 infra
3211 3834 3415 3911 editus,
3449 3843 3583 3914 quid

1930 3928 2163 4000 singulis
2184 3928 2344 3985 libris
2372 3932 2661 3997 tractetur,
2687 3929 2998 3986 accuratius
3025 3928 3314 3987 indicabit.

2002 4019 2241 4074 Primum
2290 4032 2466 4089 usque
2503 4018 2573 4073 ad
2602 4031 2653 4074 a.
2692 4016 2829 4073 1095
2881 4017 3076 4091 (1073)
3108 4021 3382 4077 Marianus
3409 4020 3586 4079 histo—

1931 4107 2064 4162 riam
2123 4107 2353 4164 deduxit
2413 4114 2709 4178 notamque
2749 4108 3197 4181 chronologicam
3227 4116 3282 4166 et
3311 4124 3501 4167 versus
3528 4125 3580 4167 a.

1935 4195 2072 4251 1098
2106 4195 2301 4268 (1076)
2344 4196 2569 4268 adjecit,
2601 4197 2804 4267 quibus
2832 4199 2990 4268 operi
3027 4199 3191 4255 ﬁnem
3220 4199 3412 4267 dedit;
3448 4213 3583 4269 pos-

1932 4291 2020 4341 tea
2056 4298 2188 4341 vero
2219 4300 2309 4342 res
2338 4300 2369 4341 a
2431 4284 2591 4352 1096,
2646 4285 2783 4338 1097
2838 4292 3022 4355 gestas
3058 4287 3313 4353 inseruit,
3364 4294 3420 4342 et
3448 4287 3583 4343 folio

209 4376 353 4435 initio
380 4378 685 4437 voluminis
712 4378 981 4435 collocata
1010 4391 1131 4433 esse
1173 4354 1418 4447 putarim
1448 4375 1503 4431 id
1534 4375 1682 4446 quod
1715 4354 1915 4446 qua—D
1936 4374 2035 4428 166
2080 4374 2553 4431 continuationem
2581 4387 2757 4444 usque
2787 4354 2861 4429 ad
2893 4388 2945 4429 a.
2983 4374 3119 4428 1104
3150 4373 3345 4445 (1082)
3379 4375 3583 4445 adjecit

208 4469 517 4525 ternionum
556 4468 808 4525 ordinem
844 4466 1292 4523 conﬁrmaturum
1323 4479 1443 4520 esse
1481 4464 1723 4521 conﬁdo.

340 4558 498 4614 Folio
526 4555 599 4612 26
653 4557 821 4628 igitur
867 4557 1043 4626 ipsum
1075 4553 1300 4610 Mariani
1327 4566 1470 4622 opus
1497 4553 1571 4607 ita
1602 4552 1800 4623 incipit
1832 4572 1845 4608 :

340 4648 403 4703 In
428 4647 643 4702 nomine
668 4650 865 4701 sancta:
906 4643 1212 4700 diuinitatis.
1263 4641 1677 4697 Resurrectionis
1702 4641 1851 4697 Chri-

337 4738 405 4790 sti
453 4735 753 4807 inquissitio
783 4733 962 4806 incipit
1000 4748 1155 4806 quam
1201 4731 1481 4788 Marianas
1510 4729 1853 4785 Hibernensis

339 4824 571 4880 inclusus
617 4823 969 4894 congregavit.
1010 4852 1082 4862 —
1118 4821 1306 4877 Divino
1344 4820 1687 4891 informantur
1718 4833 1847 4890 pre-

340 4919 510 4983 cepto,
566 4917 622 4969 ut
659 4912 797 4983 quod
840 4910 990 4967 nobis
1036 4909 1103 4966 ab
1159 4907 1283 4965 aliis
1324 4908 1440 4979 fieri
1476 4905 1707 4962 uolumus
1752 4905 1850 4963 hoc

1933 4462 2124 4519 eadem
2154 4462 2399 4518 secunda
2428 4476 2611 4528 manu,
2653 4460 2751 4517 sed
2781 4461 3014 4518 diversis
3042 4462 3384 4531 temporibus
3411 4467 3474 4519 ut
3499 4463 3580 4518 vi-

1930 4550 2092 4607 detur
2119 4550 2402 4621 scriptam,
2426 4550 2629 4607 Codice
2659 4549 2765 4623 (42)
2788 4557 2915 4621 post
2941 4550 3117 4621 ipsius
3131 4558 3362 4607 mortem
3392 4552 3449 4608 in
3470 4564 3580 4608 mo-

1929 4639 2173 4696 nasterio
2202 4646 2439 4706 servato,
2481 4639 2573 4695 alii
2603 4640 2759 4696 novis
2788 4640 2951 4696 lineis
2979 4639 3163 4697 ductis
3192 4640 3410 4696 brevem
3449 4653 3582 4697 con-

1930 4730 2294 4787 tinuationem
2331 4729 2684 4799 addiderunt,
2707 4732 2866 4800 cujus
2895 4731 3071 4800 major
3098 4744 3225 4799 pars
3262 4744 3329 4785 ex
3356 4730 3580 4786 Annali-

1930 4818 2033 4875 bus
2089 4818 2646 4889 Wirziburgensibus,
2699 4833 2839 4888 quos
2885 4819 3092 4875 rectius
3136 4820 3194 4874 S.
3234 4820 3427 4877 Albani
3467 4820 3579 4875 Mo-

1928 4907 2191 4979 guntinos
2219 4907 2443 4976 dixeris,
2476 4914 2692 4979 sumpta
2722 4914 2807 4963 est
2838 4906 2986 4980 (43).

1549 5023 1773 5078 VARUE
1828 5023 2214 5082 LECTIONES.

279 5115 316 5146 ¹⁰
345 5116 488 5173 deest
522 5116 543 5171 l
569 5122 593 5172 ?
666 5118 702 5149 ¹¹
734 5115 934 5173 nativis
968 5116 1014 5171 1.
1094 5116 1134 5146 ¹²
1160 5129 1267 5170 sec.
1298 5127 1455 5169 manu
1479 5112 1534 5167 in
1562 5125 1731 5182 marg.
1762 5111 1935 5184 suppl.
1962 5113 2011 5170 1.
2052 5113 2191 5170 nihil
2220 5113 2419 5170 horum
2448 5110 2503 5169 2.
2580 5110 2622 5143 ¹³
2650 5112 2906 5184 magistra
2933 5111 2989 5168 2.

1782 5210 1999 5268 NOTIE.

284 5311 404 5383 (42)
426 5314 581 5370 Hanc
609 5314 772 5370 etiam
800 5313 857 5368 in
896 5310 1157 5383 inferiore
1189 5308 1292 5383 _fol.
1336 5307 1453 5383 166’
1493 5311 1649 5379 parte
1677 5307 1847 5365 verba

214 5379 474 5465 adiecisse
515 5405 527 5441 :
584 5384 725 5443 Obiit
771 5384 1050 5442 Marianas
1095 5380 1345 5449 inclusus,
1379 5382 1492 5451 jam
1530 5392 1697 5450 supra
1734 5392 1849 5435 mo-

217 5463 403 5597 n“(43)
436 5527 499 5583 1n
537 5526 725 5584 ultima
753 5525 850 5583 fol.
888 5525 1007 5595 170,
1030 5524 1227 5596 pagina
1254 5523 1376 5580 haec
1405 5535 1569 5579 manu
1593 5538 1724 5582 saec.
1746 5538 1846 5590 xu,

1929 5308 2119 5365 addita
2156 5312 2286 5365 sunt
2321 5328 2334 5364 :
2367 5309 2665 5380 Regnante‘
2684 5307 2742 5362 in
2780 5311 3091 5380 perpetuum
3134 5309 3356 5365 Domino
3399 5316 3579 5368 nostro

1931 5380 2090 5436 Ihesu
2139 5380 2365 5447 Christo,
2424 5376 2739 5450 temporibus
2780 5376 3001 5450 piissimi
3048 5394 3114 5435 ac
3143 5382 3464 5438 serenissimi
3486 5383 3582 5439 do-

1929 5452 2056 5525 mini
2102 5451 2360 5525 Mauritii
2378 5450 2585 5525 Tiberii
2629 5464 2696 5505 ac
2749 5450 3025 5525 Theodosii
3055 5457 3413 5525 augustorum,
3440 5454 3581 5525 ejus-

1932 5523 2049 5579 dem
2104 5522 2285 5580 domni
2331 5522 2575 5579 Mauritii
2627 5536 2771 5578 anno
2831 5523 2985 5578 tertio
3040 5522 3261 5589 decimo,
3300 5522 3581 5583 indictione
