4000 6158
146 234 231 290 621

1172 235 1443 291 ΝΟΤΙΤΙΑ
1480 230 1833 290 HISTORICA
1870 230 1955 285 ET
1993 231 2415 289 LITTERARIA.

3371 239 3481 295 622

147 360 304 431 phiam
362 358 603 415 Mariano
671 357 1015 414 tribuendam
1080 373 1230 429 esse,
1298 366 1351 416 et
1417 360 1535 430 ipse
1600 362 1753 428 puto,
1775 353 2075 415 Afortasse
2117 358 2199 413 sic
2245 358 2313 414 ab
2360 363 2585 415 auctore
2632 360 3044 428 pronuntiatum
3082 362 3217 435 est).
3266 366 3482 423 Certam

147 462 347 519 eamque
402 448 682 519 corrigere
738 447 910 504 nolui.
968 450 1100 516 Quae
1156 463 1225 505 ne
1272 450 1537 506 lectorem
1592 448 1757 503 nimis

1837 443 2079 515 regulam
2099 448 2368 518 sequitur,
2390 448 2485 503 ubi
2506 462 2607 518 pro
2626 450 2666 504 ii
2692 449 2748 505 in
2772 450 3035 521 genitivo,
3058 451 3320 521 ablativo,
3344 461 3479 524 etc.,

145 539 376 606 offendat,
426 537 676 609 quaedam
723 537 829 594 hoc
878 538 1004 595 loco
1035 539 1307 596 mouenda
1361 543 1505 594 sunt.
1558 536 1759 593 Scribi-
1837 536 2021 592 idicit
2070 535 2212 607 (Iuli,
2251 538 2467 605 Antoni,
2505 541 2655 609 Arri,
2702 540 2957 607 Dionissi,
2989 542 3248 613 euangeli,
3281 544 3483 600 demedi

144 638 220 686 tur
259 627 417 684 modo
465 627 668 698 duplex
719 628 902 685 littera
933 643 1034 699 pro
1075 629 1312 699 simplici
1353 626 1565 700 (occuli,
1606 626 1759 696 deffe-

141 719 245 781 ctio,
302 716 776 787 martirologgium,
835 718 1033 785 ciuille,
1102 717 1236 786 tulli,
1300 716 1752 789 appotiogeticu-m,

143 808 424 877 praesertim
453 823 508 862 ss
538 821 638 877 pro
666 822 730 861 s:
764 822 965 874 cassus,
999 809 1226 875 Caessar,
1258 807 1571 870 Dionissius,
1604 805 1761 860 divis-

136 898 224 963 sio,
254 897 453 964 misser,
498 897 746 964 occissus,
798 897 985 964 uissus,
1036 897 1234 968 quossi,
1264 895 1624 961 ressurrectio,
1665 893 1761 948 du-

138 984 460 1050 centissimus,
511 984 843 1041 mittessimus
888 990 943 1040 et
986 984 1093 1040 alia
1139 984 1329 1052 multa,
1363 984 1523 1040 etiam
1553 999 1620 1038 un
1659 995 1761 1052 pro

136 1091 198 1129 u:
229 1089 463 1141 manuus,
494 1074 764 1141 Asiniuus,
795 1075 836 1128 ii
883 1076 1032 1143 proi
1073 1095 1089 1128 :
1139 1073 1371 1143 imbriz);
1426 1072 1590 1129 modo
1625 1071 1762 1127 sim-

135 1163 245 1234 plex
280 1177 383 1233 pro
430 1163 637 1233 duplici
684 1163 922 1235 (erectus,
952 1163 1112 1233 Apia,
1162 1162 1456 1234 suplicium,
1497 1175 1761 1227 occurere,

132 1254 283 1317 uisio,
327 1252 508 1322 pasio,
556 1252 825 1323 possesio,
886 1252 1132 1323 posidet,
1190 1252 1439 1320 grasari,
1494 1250 1762 1321 scripsise,

132 1342 449 1413 disperasetl;
482 1340 513 1395 b
544 1355 643 1411 pro
665 1357 695 1396 υ
725 1340 943 1409 (Libius,
967 1340 1253 1412 laboretur)
1275 1362 1294 1407 ,-
1326 1355 1356 1395 υ
1386 1353 1486 1410 pro
1518 1338 1547 1394 b
1587 1338 1762 1409 (fauis,

131 1432 230 1486 -uit
265 1444 366 1501 pro
395 1429 533 1501 -bit)
555 1452 574 1496 ,-
622 1435 669 1486 st
728 1445 828 1500 pro
884 1447 914 1486 κ
972 1430 1266 1502 (Stacheus,
1334 1443 1435 1499 pro
1499 1429 1763 1495 Zacheus,

129 1521 311 1577 Stenno
341 1533 448 1590 pro
476 1519 672 1591 Zeno),
712 1526 767 1575 et
797 1535 826 1575 ς
856 1534 957 1590 pro
986 1525 1035 1576 st
1069 1519 1416 1591 (euangeliza,
1457 1521 1764 1591 Zeppanus,

129 1622 219 1678 pro
255 1608 579 1681 Stephanus)
605 1629 625 1675 ;
663 1624 693 1663 e
732 1623 832 1680 pro
880 1611 901 1664 i
939 1610 1243 1681 (prespeter,
1293 1610 1576 1675 demedius,
1625 1621 1767 1664 mar-

1840 639 1939 694 pro
1989 625 2230 693 dimidii;
2276 627 2532 698 operaris.
2576 628 2684 685 Sed
2707 628 2967 699 leguntur
3003 631 3167 686 etiam
3197 645 3323 702 quae
3352 646 3486 689 con-

1841 721 1925 769 tra
1972 713 2124 785 leges
2171 716 2375 786 linguae
2411 717 2619 773 Latinae
2651 718 2806 775 valde
2845 727 3077 789 peccant
3115 727 3323 791 etquae
3354 734 3485 777 num

1840 805 2052 859 auctori
2100 818 2169 859 an
2218 806 2417 861 scribae
2465 806 2727 876 imputem
2776 807 2977 865 dubius
3033 810 3239 866 haereo.
3307 811 3485 878 Quare

1842 891 1898 947 id
1929 892 2148 948 consilii
2189 894 2341 949 tenui
2384 898 2444 949 ut
2491 896 2712 952 nonnisi
2761 896 3094 954 foedissimos
3121 903 3177 953 et
3206 898 3489 968 apertissi-

1842 995 1960 1037 mos
2008 995 2227 1038 errores
2268 983 2636 1052 emendarem,
2686 992 2956 1055 praeterea
2994 987 3203 1043 codicis
3249 987 3489 1044 lectione

1844 1076 2056 1125 servata
2096 1070 2225 1126 hinc
2263 1071 2393 1127 inde
2440 1072 2742 1128 indicarem
2792 1089 2917 1143 quae
2963 1074 3072 1146 legi
3126 1075 3400 1145 debeant;
3431 1076 3489 1133 id

1845 1159 1993 1229 quod
2050 1159 2295 1216 fontibus
2349 1161 2555 1231 ubique
2611 1162 2883 1234 indagatis
2939 1171 2995 1220 et
3059 1164 3276 1221 collatis
3330 1166 3494 1222 etiam

1846 1248 1977 1304 alibi
2006 1247 2186 1305 facere
2234 1254 2481 1320 poteram
2507 1293 2522 1318 ,
2569 1250 2667 1306 sed
2699 1265 2767 1307 ne
2806 1253 3025 1323 longior
3054 1268 3228 1310 essem
3261 1262 3498 1325 praeter—

1845 1338 1990 1393 misi.
2040 1338 2169 1394 Ideo
2218 1339 2380 1395 etiam
2420 1355 2544 1409 qua:
2591 1340 2814 1397 codices
2850 1342 2886 1395 2
2922 1349 2977 1398 et
3004 1342 3038 1396 3
3068 1344 3499 1401 emendaverunt

1849 1427 2027 1483 rarius
2078 1427 2336 1484 iudicavi.
2382 1428 2708 1486 Additiones
2755 1432 2968 1487 codicis
3011 1432 3047 1486 3
3084 1433 3279 1489 afferre
3318 1434 3495 1501 nolui,

1848 1530 1973 1587 quae
2002 1530 2133 1573 vero
2162 1517 2220 1573 in
2249 1517 2303 1585 2,
2335 1517 2419 1586 2*,
2450 1517 2559 1588 2",
2591 1518 2851 1590 leguntur
2879 1535 3096 1577 necnon
3126 1524 3495 1580 continuatio-

1850 1619 1975 1662 nem
2028 1606 2249 1663 brevem
2305 1621 2371 1662 ex
2418 1607 2454 1661 2
2509 1608 2679 1665 edidi.
2738 1609 2959 1665 Codicis
3003 1611 3146 1666 enim
3185 1612 3501 1668 Cottoniani

129 1696 330 1765 teribus,
379 1700 721 1764 exteteruat),
773 1698 884 1753 eti
928 1712 1028 1768 pro
1077 1714 1106 1753 e
1149 1698 1434 1769 (disertum,
1475 1682 1929 1769 disperare,B(2)
1989 1695 2296 1766 exemplum
2352 1696 2552 1767 partim
2609 1699 2670 1753 V.
2730 1698 2792 1752 D.
2862 1699 3173 1755 Faerberus
3237 1700 3503 1770 impensis

129 1786 465 1855 concidebant,
517 1787 817 1855 moriretur,
866 1787 1153 1859 inspicirct,
1196 1786 1551 1857 terrimotus);
1604 1786 1767 1842 etiam

126 1878 170 1931 ie
194 1876 276 1932 vel
308 1878 361 1932 ei
391 1890 494 1947 pro
523 1875 647 1931 ivel
678 1891 707 1931 e
753 1874 1049 1947 (scribiens,
1075 1875 1295 1949 preleio)
1318 1899 1335 1943 ;
1377 1888 1770 1945 nonnunquam

126 1979 151 2018 e
174 1965 254 2020 vel
284 1966 305 2019 i
337 1964 555 2021 additur
606 1963 892 2036 (thermae,
919 1964 1149 2037 pupilice
1184 1965 1221 2020 i.
1274 1980 1321 2020 e.
1368 1964 1611 2037 publice).
1651 1963 1771 2019 Sin-

123 2053 322 2124 gularis
370 2059 458 2110 est
501 2054 701 2111 littera:
740 2069 774 2109 a
819 2069 971 2121 usus,
1004 2069 1127 2125 qum
1159 2067 1260 2124 pro
1300 2069 1348 2122 e,
1379 2054 1417 2121 i,
1460 2069 1489 2109 ο
1521 2058 1577 2109 et
1603 2052 1772 2108 inter-

123 2142 243 2198 dum
288 2144 415 2200 sine
458 2143 567 2199 ulla
613 2158 776 2199 causa
816 2144 1041 2215 ponitur
1089 2142 1466 2215 (Alamandria,
1496 2140 1771 2200 Gellianus

119 2240 168 2287 et
224 2232 543 2289 Galleianus
564 2275 578 2300 ,
632 2233 894 2300 adiactio,
959 2233 1187 2300 centius,
1254 2231 1494 2299 muliare,
1563 2231 1768 2296 libare;

117 2323 434 2393 aparatione
477 2336 577 2391 pro
625 2322 993 2393 apparitione,
1042 2336 1294 2391 margano
1350 2335 1449 2391 pro
1496 2322 1768 2390 margine;

112 2408 601 2481 Constantinapolis
631 2454 649 2475 ,
716 2409 1015 2464 videabaris
1042 2452 1056 2475 ,
1116 2409 1489 2465 conhoartatur
1518 2454 1535 2476 ,
1603 2409 1774 2464 Ticid-

108 2518 226 2557 num
251 2543 269 2568 ,
336 2498 776 2557 Nicomedenasis
833 2512 934 2569 pro
999 2498 1442 2566 Nicomediensis,
1499 2498 1774 2554 Laudacia

106 2604 207 2661 pro
268 2587 591 2658 Laodicea).
652 2589 720 2643 Ut
776 2587 833 2642 in
895 2587 1089 2643 ultimo
1146 2586 1414 2643 vocabulo
1469 2588 1546 2642 ita
1610 2587 1774 2643 etiam

106 2679 237 2735 alibi
268 2695 308 2733 u
344 2692 457 2747 pro
496 2692 526 2732 ο
564 2676 791 2747 ponitur
828 2675 1128 2733 consulatus
1158 2691 1259 2748 pro
1291 2676 1627 2745 consolatus),
1667 2677 1775 2732 nisi

109 2770 224 2825 [1ch
257 2766 450 2838 magis
479 2766 674 2822 calami
706 2767 883 2823 errori
914 2766 1196 2822 tribueris.
1220 2768 1381 2823 Certe
1410 2766 1516 2822 alia
1537 2780 1662 2836 quae
1691 2766 1775 2821 in-

110 2858 417 2913 veniuntur
462 2854 547 2911 vel
586 2854 694 2910 hoc
743 2854 908 2911 modo
949 2842 1337 2925 explicaverim
1365 2855 1450 2911 vel
1480 2854 1770 2911 verborum

114 2944 619 3002 abbreviandorum
650 2957 813 3000 causa
850 2945 1057 3014 scripta
1087 2959 1208 3000 esse
1248 2945 1503 3015 putarim,
1537 2958 1601 2999 ea
1631 2958 1773 3013 prte—

1852 1784 2139 1841 societatis
2195 1790 2401 1842 nostra:
2457 1784 2608 1853 fecit,
2659 1787 2856 1856 partim
2902 1789 3013 1857 jam
3059 1788 3128 1843 ab
3186 1791 3386 1846 Ussero
3444 1790 3501 1845 in

1854 1889 1986 1930 usus
2035 1876 2084 1929 J.
2135 1875 2313 1931 Vossii
2367 1875 2730 1946 descriptum,
2781 1882 2839 1932 et
2884 1878 3128 1933 nuncin
3166 1878 3503 1937 bibliotheca

1854 1964 2230 2020 universitatis
2259 1963 2699 2020 Vratislaviensis
2747 1971 3103 2034 asservatum,
3156 1966 3287 2023 inde
3334 1968 3505 2024 bene-

1850 2054 2097 2110 volentia
2124 2055 2187 2109 V.
2229 2053 2309 2110 Cl.
2361 2053 2623 2109 Elvenich
2657 2054 3013 2111 bibliothecae
3051 2055 3300 2125 praefecti
3345 2071 3505 2113 acce-

1853 2142 2053 2212 pimus.
2108 2142 2256 2198 Idem
2304 2141 2561 2197 volumen
2623 2142 2760 2212 (116)
2818 2143 3066 2199 continet
3112 2144 3340 2201 Heroldi
3388 2144 3507 2201 edi-

1853 2231 2060 2287 tionem
2107 2245 2175 2287 ex
2220 2230 2414 2287 codice
2459 2229 2837 2286 Gemblacensi
2870 2231 2965 2299 (2*)
2998 2246 3029 2287 a
3076 2233 3347 2298 Schottio,
3380 2238 3507 2304 post

1854 2321 2017 2376 etiam
2074 2334 2104 2376 e
2161 2317 2593 2375 Francofurtano
2644 2317 2741 2389 (3),
2800 2325 2860 2374 ut
2916 2319 3160 2387 videtur,
3220 2321 3317 2376 sed
3373 2322 3509 2377 satis

1854 2409 2197 2481 negligenter
2242 2408 2605 2465 emendatam.
2655 2407 3015 2465 Leodiensem
3055 2408 3179 2481 (2")
3218 2409 3510 2466 Bethman—

1855 2514 1960 2555 nus
2014 2507 2206 2555 noster
2260 2499 2573 2557 accuratius
2625 2497 2943 2568 descripsit,
2993 2503 3050 2555 et
3104 2514 3228 2569 quae
3284 2498 3508 2555 maximi

1858 2589 2120 2644 momenti
2178 2594 2336 2644 erant
2389 2603 2513 2645 cum
2559 2587 2724 2645 editis
2771 2590 3127 2659 comparavit.
3183 2587 3508 2645 Francofur-

1857 2683 2067 2733 tensem
2118 2676 2187 2747 (3)
2227 2680 2296 2732 V.
2341 2677 2413 2732 cl.
2461 2677 2764 2734 Bohmerus
2805 2678 3070 2734 benevole
3129 2679 3509 2734 Hannoveram

1856 2766 2182 2833 transmisit,
2214 2766 2290 2821 ita
2319 2772 2381 2821 ut
2426 2765 2534 2822 hoc
2570 2766 2715 2822 libro
2763 2767 2881 2835 ipse
2914 2768 2992 2822 uti
3024 2769 3296 2837 potuerim
3327 2766 3505 2838 (117);

1855 2856 1954 2913 sed
2004 2855 2183 2911 rarius
2228 2856 2348 2924 ejus
2384 2855 2553 2910 habui
2601 2855 2890 2921 rationem,
2922 2854 3032 2912 alio
3071 2857 3309 2927 quodam
3347 2856 3512 2925 hujus

1862 2943 2206 3002 collectionis
2268 2942 2545 2999 volumine
2609 2942 2846 2999 Annales
2908 2944 2963 2999 S.
3044 2944 3305 3015 Dysibodi
3378 2942 3510 2999 inde

115 3037 300 3091 sertim
331 3035 440 3090 ubi
469 3033 679 3104 syllaba
707 3009 1058 3089 antecedenti
1083 3009 1279 3089 similis
1299 3033 1573 3089 omittitur
1592 3009 2129 3101 (testa,cediturus,
2177 3032 2271 3102 qui
2328 3032 2437 3087 huc
2484 3045 2597 3088 non
2655 3033 2933 3100 pertinere
2982 3009 3328 3090 videbantur.
3377 3034 3509 3100 Quae

118 3131 282 3192 vasta,
316 3136 429 3194 pro
481 3127 696 3189 testata,
726 3127 955 3188 vastata,
998 3122 1194 3194 deputi,
1243 3136 1344 3193 pro
1393 3122 1646 3193 deputati,
1685 3136 1775 3175 su-
1853 3137 1983 3179 vero
2023 3123 2081 3178 iu
2128 3120 2393 3177 Florentii
2457 3120 2733 3177 Chronico
2798 3122 3027 3192 ejusque
3091 3122 3508 3179 continuatione

110 3216 299 3284 perstio
324 3227 437 3284 pro
458 3212 799 3284 superstitio).
830 3213 891 3266 In
908 3211 1031 3267 aliis
1049 3218 1230 3267 tamen
1255 3212 1329 3267 ita
1349 3211 1457 3274 sibi
1478 3216 1693 3269 constat
1713 3217 1771 3266 ut
1859 3210 2016 3282 (118)
2073 3209 2142 3265 ad
2199 3208 2485 3265 historiam
2540 3208 2915 3266 Germanicam
2982 3210 3366 3269 illustrandam
3422 3208 3509 3265 fa-

115 3302 226 3359 baec
270 3302 524 3360 consilio
555 3302 636 3358 sic
674 3302 881 3372 scripta
929 3316 1048 3357 esse
1078 3302 1268 3373 negari
1297 3301 1386 3357 vix
1415 3302 1592 3371 possit
1626 3302 1694 3368 (e.
1718 3316 1768 3357 ο.
1854 3300 2027 3365 ciunt,
2059 3298 2165 3354 hoc
2195 3297 2319 3354 loco
2348 3296 2553 3353 addere
2595 3297 2822 3367 placuit.

112 3393 282 3463 sangis
304 3392 498 3462 lingu;
519 3384 773 3461 eugelium
793 3404 894 3462 pro
915 3389 1237 3461 euangelium
1256 3390 1461 3461 saepius
1489 3390 1695 3462 legitur
1718 3395 1775 3446 et
1926 3388 2129 3444 Dabam
2157 3386 2315 3442 Kiliae
2345 3385 2464 3441 Kal.
2505 3385 2630 3440 Maii
2665 3384 2821 3438 1844.

1708 3488 1925 3544 NOTAE.

112 3590 227 3647 nico
286 3570 460 3646 nullo
504 3586 669 3644 modo
728 3586 1035 3662 cohaerent,
1087 3586 1184 3642 sed
1226 3586 1284 3641 in
1313 3585 1479 3641 alium
1511 3599 1669 3662 usum
1696 3585 1777 3662 ab
1859 3582 2010 3662 modo
2052 3594 2327 3662 presumas
2371 3577 2641 3662 accedere,
2688 3577 2914 3662 εσὶζυηῆδ
2962 3577 3019 3659 it}
3055 3580 3248 3662 αηξπξιξ
3277 3584 3385 3662 im
3402 3595 3509 3662 pe-

110 3668 326 3718 auctore
358 3666 569 3717 notata
605 3666 753 3723 sunt,
788 3650 1092 3728 praesertim
1120 3663 1376 3730 excerpta
1408 3671 1480 3730 ex
1520 3657 1775 3730 decreta-
1857 3652 2023 3730 riculo
2052 3650 2384 3730 “ministrare.
2408 3653 2457 3704 et
2504 3651 2613 3730 Deo
2660 3652 2838 3729 nostra
2869 3650 3263 3730 issine-dubio
3291 3650 3514 3707 reddere

112 3732 246 3789 libus
274 3732 622 3804 pontiﬁcum
671 3718 1043 3804 Romanorum
1090 3718 1360 3804 epistolis.
1404 3729 1534 3783 Haec
1592 3727 1773 3804 omisi.
1858 3725 2142 3804 rationem,
2191 3722 2240 3804 si
2294 3718 2714 3804 hujushsceleris
2769 3719 3023 3788 conscius,
3082 3721 3152 3804 in,
3183 3736 3264 3804 eo_
3300 3738 3513 3804 quo__es

109 3790 385 3870 Quod-ne
449 3805 706 3860 lectores
737 3802 1035 3874 mirentur,
1050 3790 1229 3874 unum
1258 3800 1555 3874 alterumve
1582 3799 1775 3874 locum
1858 3796 2079 3874 o_rdine,.
2127 3792 2313 3874 celans
2369 3790 2671 3874 uetitatem“
2696 3805 3005 3861 permanere
3053 3790 3325 3874 pulueris:
3381 3796 3513 3849 Item

111 3862 359 3931 aderam:
407 3875 449 3931 f.
508 3874 627 3940 101,
662 3873 757 3928 ubi
787 3874 986 3928 tertius
1012 3862 1167 3927 liber
1204 3871 1401 3941 incipit
1423 3871 1550 3944 haec
1579 3870 1775 3940 legun-
1859 3866 2143 3944 Gregorius
2183 3885 2216 3944 ε,
2247 3862 2571 3944 Florentium
2617 3862 2893 3944 diaconum
2938 3863 3187 3944 recolasicc
3235 3867 3513 3944 Ravenna-

109 3956 192 4003 tur
225 3964 329 4003 vm
384 3947 492 4004 Id-
540 3933 706 4014 Aug,
753 3945 891 4016 feria
931 3944 1186 4016 2:_Ecce
1230 3933 1564 4016 egoipluam‘
1587 3933 1779 4012 panem
1860 3939 1926 3994 tis
1949 3933 1982 4003 ,⁷
2023 3938 2112 4007 qui
2157 3934 2357 4016 electus
2414 3933 3212 4016 abmomnibuslmeinoraturh
3244 3938 3295 4016 si
3357 3937 3514 4016 tactis

116 4018 173 4090 de
218 4019 355 4085 celo,
408 4024 463 4074 et
518 4013 762 4090 reliqua.
791 4018 857 4070 B.
897 4016 1000 4070 Per
1026 4014 1123 4090 ltoc
1151 4015 1289 4085 quod
1327 4013 1518 4090 dicitur
1544 4013 1601 4090 in
1626 4016 1777 4090 secto
1858 4013 2214 4090 sacrosanctis
2278 4020 2452 4090 euang!

119 4088 196 4144 die
248 4076 511 4159 colligant
572 4076 829 4160 duplum,
880 4076 1177 4160 ostenditur:
1223 4085 1360 4160 quod
1416 4087 1472 4140 in
1523 4083 1779 4160 dominico
1850 4078 2222 4160 jusjurandum
2244 4076 2658 4160 ξζτοιεῖζιέίιθηθιε.⁸
2747 4148 2758 4160 _

120 4161 197 4234 die
242 4148 484 4234 primum
543 4148 740 4214 manna
796 4148 976 4234 datum
1012 4161 1089 4212 est
1141 4148 1385 4234 de_'celo,
1436 4171 1489 4234 a_
1523 4155 1778 4234 dominico
1852 4148 1898 4234 '_
1935 4148 2081 4220 (116)
2132 4151 2209 4233 [ij
2248 4148 2694 4234 Voss‘iiulibraria
2742 4148 3157 4234 in.Bl‘ond‘elli,
3208 4156 3401 4234 postea
3457 4151 3515 4234 in

121 4219 260 4287 enim‘
288 4234 378 4288 die
427 4236 625 4288 sextus
666 4234 743 4285 est
780 4228 1073 4299 sabbatum,
1098 4227 1259 4299 panis
1287 4219 1410 4297 ergo
1440 4226 1584 4299 uiuus
1615 4226 1781 4299 domi-
1861 4222 2155 4299 Burmanni
2180 4221 2347 4299 venit
2376 4219 2949 4299 bibliotheca_m,.inde
2984 4219 3413 4299 fraucot‘urtum
3447 4221 3515 4299 ad

118 4302 223 4358 nico
252 4304 343 4376 die
372 4302 543 4376 quasi
561 4299 718 4376 pluit:
744 4301 801 4376 in
847 4298 1009 4354 uellus
1043 4290 1117 4369 (li
1134 4297 1317 4376 pluvia
1346 4290 1416 4353 'in
1432 4297 1631 4376 _tellus)
1676 4297 1778 4376 de-
1796 4307 1845 4364 Β
1864 4294 2121 4376 Χίειᾱτιιω
2146 4291 2463 4376 ,“denique
2497 4290 2923 4376 .Vratislaviam.
2983 4293 3059 4376 De
3080 4305 3239 4376 quo.
3287 4297 3520 4376 egerunt

120 4375 351 4440 scendit;
382 4360 505 4431 ‘fol.
560 4360 697 4438 106;
741 4372 796 4426 in
845 4385 1015 4441 marg.
1048 4360 1336 4440 superiore
1369 4390 1382 4424 :
1424 4371 1562 4424 Pars
1599 4360 1832 4441 quinta'
1864 4368 2123 4441 ﬂamen,
2174 4364 2268 4441 De
2297 4361 2681 4441 antiquissimo
2710 4360 2933 4441 Icodice
2955 4432 2965 4441 _
2990 4361 3516 4441 chronici___Mariani

122 4445 185 4501 K.
232 4431 531 4503 XXXIV.
582 4431 869 4497 Innocentii
908 4431 1049 4513 pava
1095 4431 1333 4514 LII.
1381 4442 1447 4495 Ut
1475 4441 1524 4494 si
1552 4431 1664 4509 quis
1694 4453 1784 4514 ca-
1864 4437 2041 4514 scotti
2084 4433 2483 4514 Gemhlacensi
2509 4431 3038 4514 exemploqueneju‘s
3085 4431 3517 4514 thottianoﬂad

121 4501 439 4574 thecuminus
481 4513 730 4571 habuerit
768 4501 1008 4579 uxorem,
1058 4518 1106 4567 et
1157 4512 1400 4582 defuncta
1439 4525 1503 4565 ea
1526 4501 1663 4581 post
1694 4509 1783 4564 ba-
1865 4507 2139 4582 edendum
2165 4510 2400 4582 parato.
2448 4503 2734 4582 Dessaviae
2756 4501 2935 4582 .1782,
2983 4501 3048 4571 4,
3109 4509 3165 4557 et
3208 4501 3521 4559 accuratius

117 4572 677 4658 plismumﬁacceperit
728 4572 1236 4658 alteram,'clet'icus
1269 4597 1383 4637 esse
1426 4572 1781 4658 nonfpaterit.
1866 4577 2118 4658 Sicque);
2149 4572 2315 4658 ιξῗοῒις
2357 4576 2422 4641 Π»
2456 4572 2801 4658 βηλῷ-ΙΨ·
2893 4643 2930 4658 ,,
2984 4657 2989 4658 ί
3360 4656 3405 4658 Α,
3457 4643 3469 4655 ,

120 4642 457 4731 Ξναριίάὶλωῆ
484 4642 878 4731 adsumam
915 4642 1032 4731 .1261“
1067 4654 1314 4710 πιατιάαιο
1346 4642 1786 4731 Ρενῇσέέιὶν›,.ηοη
1881 4724 1890 4731 .
1943 4642 2112 4731 (Ψ)
2171 4642 3510 4731 PtaejFWaﬂ.M?Pi?9i,.Fodi‘éiixilﬁ‘lf’i-e996,?

122 4715 631 4803 est'peccatum,‘et
676 4715 795 4783 ideo
842 4725 976 4803 salvi
1002 4730 1150 4803 inter
1174 4715 1396 4803 peccata
1444 4715 1502 4803 in
1531 4715 1784 4803 baptismo
1865 4715 2125 4803 Anglicas
2145 4718 2239 4803 qui
2269 4717 2604 4803 Florentium
2624 4716 2709 4803 vel
2739 4715 3241 4803 aliosposterioris!
3256 4715 3525 4803 tempatis

3097 3389 3158 3442 G.
3190 3388 3399 3442 WAITZ.

1858 4004 2214 4064 sacrosanctis
2278 4004 2560 4077 euangeliis
2580 4050 2597 4073 ,
2664 4006 2799 4061 sicut
2861 4006 3012 4063 nobis
3066 4008 3359 4065 nuntiatum
3413 4014 3511 4077 est,

122 4794 243 4855 non-
256 4809 461 4874 potest.
525 4794 780 4874 Bigamus
817 4804 866 4874 et
912 4798 1014 4853 nisi
1036 4794 1196 4874 unius
1220 4796 1409 4874 uxoris
1428 4794 1788 4874 ‘uirginispir

122 4864 402 4930 secundum
447 4864 751 4944 apostolum
790 4870 860 4924 ad
906 4868 1315 4944 presbeteratum
1362 4865 1539 4944 velud
1570 4864 1788 4944 clerica-

126 4948 219 4998 tum
269 4937 632 5001 admiti'non
680 4945 866 5013 potest.
907 4937 985 4996 'In
1045 4954 1244 5013 canone
1304 4939 1674 5013 apostolorum
1718 4937 1785 4990 K.

124 5015 309 5072 XVII.
344 5016 401 5072 in
428 5018 599 5089 parte
641 5007 706 5067 νδ
733 5014 791 5068 Κ
794 5014 1105 5089 .--ΧΧΧΙΙῙ
1146 5011 1219 5089 _Si
1248 5007 1499 5089 quispost
1529 5007 1790 5089 baptisma

126 5089 365 5158 secundis
428 5078 607 5158 'luerit
680 5085 873 5155 nuptiis
947 5082 1217 5158 copulatus
1256 5078 1397 5137 ‘aut‘
1454 5078 1790 5158 concubinam

126 5156 383 5231 habuerit,
433 5150 567 5212 "non
619 5150 785 5227 potest
840 5169 954 5210 esse
998 5150 1300 5226 episcopus,
1356 5167 1460 5207 non
1512 5150 1788 5231 presbiter,

124 5243 213 5283 nec
248 5222 549 5297 diaconus,
592 5222 682 5283 aut
708 5222 1040 5298 ρνονδαεωί
1056 5222 1268 5298 numero
1305 5222 1611 5298 eorumqui
1640 5222 1794 5298 mini-

126 5302 279 5374 sterio
327 5316 499 5374 sacro
538 5294 883 5374 'deseimiunt._
912 5297 1147 5374 lbid_e_m_
1174 5296 1229 5350 in
1277 5309 1449 5365 marg.
1474 5294 1789 5374 inferiore;

130 5371 419 5441 Gregorius
448 5371 511 5425 in
542 5372 652 5426 vita
698 5385 797 5425 sua
837 5368 914 5423 sic
935 5389 952 5423 :
1008 5368 1074 5424 Si
1126 5368 1181 5420 in
1209 5365 1575 5441 sacroordine
1603 5365 1795 5441 consti-

127 5435 261 5498 tutus
305 5444 538 5515 femina:
582 5447 631 5497 te
669 5440 1017 5515 permixtione
1058 5452 1172 5515 esse
1224 5435 1413 5515 recolis
1458 5435 1795 5515 maculatum,

126 5505 428 5573 sacerdotis
502 5505 702 5570 honor'e
764 5512 997 5585 deposito
1062 5510 1134 5566 ad
1198 5506 1594 5565 ministrantium
1656 5505 1798 5563 nullo

1868 4785 2324 4861 chronographos
2390 4788 2697 4861 continent,
2763 4801 2929 4861 supra
2988 4787 3269 4861 recensui.
3331 4785 3522 4861 Gallici

1870 4862 1963 4934 qui
2012 4858 2119 4918 hoc
2168 4858 2393 4934 nomine
2450 4858 2848 4934 inscribuntur,
2898 4858 3201 4934 Robertum
3248 4858 3528 4934 Autissio-

1870 4926 2162 4990 dorensem
2226 4934 2281 4987 S.
2347 4931 2571 4986 Mariani
2639 4930 2965 4985 monachum
3032 4929 3367 4995 continent;
3450 4926 3522 4984 cf.

1870 5004 2089 5062 Archiv.
2120 5005 2232 5070 Vll,
2278 5018 2332 5072 p.
2372 5001 2490 5057 195.
2534 5002 2653 5056 Huc
2683 5001 2846 5056 etiam
2878 5000 3019 5056 liber
3050 5000 3268 5057 comitis
3297 4999 3522 5056 Forbin.

1874 5076 2053 5140 (Arch.
2086 5077 2129 5141 Ι,
2163 5090 2217 5144 p.
2248 5074 2339 5144 64)
2371 5072 2649 5143 pertinere
2678 5072 2915 5128 videtur.

1950 5140 2293 5219 (118)4Usus
2324 5140 2449 5219 sum
2473 5143 2723 5219 editione
2753 5141 3202 5219 Francol‘urtensi
3240 5141 3396 5219 1601,
3426 5140 3526 5219 fol.

1873 5213 2021 5275 Nova
2061 5213 2231 5273 editio
2271 5231 2300 5270 a
2340 5214 2486 5271 Petri
2525 5220 2713 5269 curata
2766 5213 3061 5289 (Materials
3097 5215 3183 5285 for
3220 5214 3528 5289 thebistory

1875 5291 1941 5362 of
1973 5289 2112 5362 Brit.
2160 5289 2244 5357 1.),
2285 5301 2479 5362 quam_
2487 5300 2733 5362 unquam
2773 5285 3113 5362 proditurum
3156 5299 3277 5341 esse
3302 5287 3410 5355 jam
3443 5285 3531 5339 vix

1876 5357 2210 5431 sperandum
2240 5365 2343 5425 est,
2376 5372 2426 5431 a_.
2460 5359 2521 5431 Υ.
2567 5357 2649 5413 Cl.
2701 5357 3063 5431 Lappenberg
3110 5371 3323 5431 mecum
3376 5371 3533 5411 com-

1880 5426 2152 5490 municata
2182 5435 2285 5497 est,
2316 5429 2413 5486 sed
2444 5428 2588 5485 ultra
2616 5442 2667 5484 a.
2701 5426 2838 5482 1066
2863 5440 2974 5484 non
3004 5428 3279 5498 procedit.
