4000 6158
487 263 594 320 623
1903 251 2183 307 MARIANI
2221 247 2449 304 SCOTTI
3707 239 3790 294 624

799 527 1611 699 ΜΑΒΙΑΝΙ
1703 548 2369 690 SCOTTI
2459 546 2558 686 C

2308 549 2369 687 Ι
2459 538 3535 687 CHRONICON

1427 783 1691 839 EDENTE
1727 784 1789 838 G.
1831 784 2047 838 WAITZ
2085 783 2279 839 PROF.
2322 781 2514 837 PUBL.
2557 778 2939 835 KILIONENSI

489 399 3786 444 ___________________________________________________

1223 932 1406 1006 (Apud
1436 934 1630 1002 PER'I‘Z,
1661 933 2000 990 Monumenta
2029 928 2322 987 Germania:
2351 927 2622 996 historica,
2654 926 2857 998 Script.
2892 927 2956 994 V,
2987 923 3146 1006 495:)

1019 1187 1369 1296 INCIPIT
1448 1185 1672 1293 HINC
1743 1185 2167 1292 MARIANI
2242 1185 2500 1290 SCOTI
2573 1183 2974 1290 GRONICA
3049 1180 3360 1288 GLARA

1300 1383 1725 1444 INCIPIUNT
1770 1383 2175 1442 CAPITULA
2217 1382 2457 1442 PRIMI
2500 1383 2726 1441 LIBRI
2769 1379 2904 1460 (fol.
2951 1378 3083 1457 27.)

543 1567 596 1622 1.
645 1567 719 1621 De
769 1559 1140 1633 disputatione
1189 1557 1425 1615 Dionissi
1473 1558 1667 1629 Exigui
1717 1571 1881 1628 supra
1929 1557 2218 1628 passio-A
2375 1573 2406 1613 a
2458 1558 2739 1614 nativitate
2794 1565 3008 1628 patrum
3069 1570 3243 1628 usque
3298 1555 3368 1612 ad
3422 1554 3557 1611 ﬁlios
3599 1562 3807 1624 pertrans~

643 1667 768 1710 nem
800 1656 856 1707 et
885 1648 1345 1707 resurrectionem
1374 1647 1596 1704 Christi.
2373 1662 2571 1712 cursa;
2621 1654 2677 1703 et
2723 1647 2792 1703 de
2831 1647 2987 1703 obitu
3033 1645 3467 1717 patriarcharum
3502 1644 3553 1699 in
3588 1657 3642 1699 ea
3680 1657 3806 1712 usque

535 1746 594 1801 2.
643 1744 718 1798 De
747 1740 962 1796 ratione
993 1737 1304 1809 evangelica
1332 1744 1524 1794 contra
1554 1749 1696 1792 eum.
2373 1737 2429 1792 in
2472 1737 2735 1793 diluvium
2762 1744 2818 1792 et
2845 1751 3122 1808 egressum
3160 1737 3278 1792 Noe
3309 1735 3377 1790 de
3407 1734 3580 1789 archa.

537 1834 598 1893 3.
647 1833 722 1888 De
756 1829 1112 1900 inquisitione
1156 1828 1353 1898 capitis
1380 1827 1591 1894 mundi,
1625 1831 1679 1880 et
1727 1823 1916 1893 prima
1947 1824 2152 1882 hebdo-
2238 1825 2323 1884 12.
2378 1828 2448 1882 De
2477 1827 2720 1882 secunda
2746 1832 2906 1882 atate
2935 1825 3145 1893 saculi,
3169 1825 3423 1895 predicto
3449 1823 3624 1880 ordine
3650 1828 3808 1891 patrum

646 1921 822 1977 mada
852 1918 995 1974 initii
1025 1918 1234 1974 saculi.
2375 1922 2431 1972 et
2459 1916 2695 1973 ﬁliorum
2725 1931 2899 1986 usque
2931 1917 3001 1972 ad
3029 1916 3225 1971 Abara
3259 1914 3599 1970 nativitatem.

538 2015 598 2071 4.
646 2013 719 2066 De
761 2007 965 2079 pascali
995 2006 1343 2064 ordinatione
1392 2011 1448 2060 et
1493 2004 1560 2060 de
1612 2005 1836 2074 pasione
1866 2009 1922 2059 et
1962 2002 2032 2058 de
2071 2017 2152 2058 re-
2238 2003 2326 2063 13.
2375 2005 2449 2062 De
2514 2005 2898 2062 emendatione
2954 2005 3131 2060 sancti
3179 2002 3471 2076 Augustini
3531 2001 3582 2057 in
3630 1997 3810 2055 secunda

642 2097 988 2157 surrectione
1034 2095 1317 2152 Dominica
1366 2099 1759 2165 argumentata
1789 2098 1845 2150 et
1872 2091 2151 2161 inquisita
2379 2097 2543 2150 atate
2578 2093 2637 2161 ¹⁶,
2670 2099 2810 2150 teste
2841 2094 3006 2150 Beda.

641 2204 673 2245 a
701 2188 880 2257 capite
909 2185 1117 2241 mundi.
2243 2183 2330 2240 l4.
2378 2185 2453 2238 De
2501 2183 2701 2240 damno
2746 2183 2993 2252 ejusdem
3045 2182 3228 2239 atatis
3260 2183 3298 2214 ¹⁷
3347 2179 3590 2239 secunda
3629 2178 3811 2238 invento,

534 2279 597 2335 5.
643 2279 718 2334 De
748 2274 1186 2332 contradictione
1217 2285 1401 2327 earum
1440 2270 1741 2326 secundum
1772 2268 2153 2326 auctoritatem
2376 2272 2677 2328 secundum
2703 2274 2900 2328 Lucam
2941 2271 3330 2343 evangelizam.

643 2365 802 2423 Beda
833 2364 889 2420 in
920 2362 1269 2420 ordinatione
1299 2360 1564 2431 paschali.
2241 2361 2330 2420 15.
2379 2363 2453 2417 De
2485 2362 2783 2418 divissione
2814 2369 2978 2419 terra
3008 2363 3153 2418 inter
3180 2362 3329 2418 ﬁlios
3356 2363 3488 2428 Noe,
3511 2359 3572 2415 de
3599 2354 3759 2427 linguis
3777 2358 3815 2406 et

535 2457 596 2510 6.
644 2457 720 2510 De
751 2454 932 2524 capite
963 2452 1172 2518 mundi,
1208 2449 1301 2506 ubi
1331 2450 1404 2505 sit
1427 2451 1584 2520 juxta
1609 2448 1830 2505 Bedam.
2378 2451 2828 2521 generationibus
2847 2457 2903 2507 et
2932 2457 3082 2508 turre
3103 2451 3351 2508 Nebrod.

537 2546 599 2601 7.
646 2547 721 2599 De
753 2557 896 2599 anno
927 2553 1125 2612 magno
1174 2554 1242 2595 ex
1280 2538 1740 2594 concurrentibus
1786 2537 2094 2608 composito
2123 2550 2154 2591 a
2242 2540 2330 2594 16.
2381 2542 2453 2595 De
2501 2540 2665 2596 tertia
2717 2548 2877 2597 atate
2922 2543 3076 2611 juxta
3115 2541 3372 2597 ordinem
3413 2552 3507 2609 per
3550 2529 3816 2608 patriarchas

649 2632 794 2688 Beda
819 2673 833 2698 ,
893 2638 951 2686 ut
1020 2627 1341 2686 ostenderet
1389 2627 1762 2684 diversitatem
1810 2627 2154 2683 cronicarum
2379 2635 2434 2685 et
2462 2630 2633 2686 duces
2661 2631 2729 2686 ab
2757 2631 2989 2686 Abaram
3022 2645 3196 2700 usque
3230 2631 3302 2686 ad
3334 2627 3514 2685 David.

647 2729 810 2792 atque
850 2719 1242 2776 historicorum
1289 2718 1346 2773 in
1387 2719 1668 2774 nativitate
1701 2725 1754 2772 et
1784 2718 2039 2787 passione
2069 2731 2156 2771 re-
2243 2719 2330 2776 17.
2381 2719 2454 2775 De
2499 2725 2693 2790 quarta
2743 2726 2904 2776 atate
2953 2720 3206 2776 ordinate
3261 2734 3363 2790 per
3407 2721 3577 2789 patres
3601 2719 3647 2770 et
3671 2709 3817 2766 ﬁliosa

645 2811 1100 2880 surrectioneque
1123 2809 1346 2877 Christi,
1371 2815 1425 2864 et
1453 2808 1522 2864 de
1553 2807 1879 2864 tractatione
1909 2806 2154 2878 ejusdem
2379 2808 2544 2864 David
2591 2823 2763 2879 usque
2803 2809 3173 2880 captivitatem
3211 2815 3270 2865 et
3300 2806 3696 2864 combustionem
3727 2806 3820 2852 tem-

647 2902 827 2974 magni
867 2900 1016 2956 anni.
2171 2895 2218 2954 B
2384 2898 2460 2968 pli
2491 2898 2815 2954 Salemonis.

539 2991 597 3046 8.
647 2993 722 3047 De
769 2991 948 3060 capite
998 2987 1187 3044 mundi
1238 2993 1293 3042 et
1338 2986 1736 3042 indictionibus
1765 3000 1828 3040 ac
1867 2984 2022 3039 ciclis
2051 2997 2162 3038 ma-
2250 2987 2338 3042 18.
2386 2990 2462 3043 De
2519 2989 2847 3044 tractatione
2905 2989 3080 3044 sancti
3137 2988 3411 3045 Hironimi
3467 2977 3759 3056 supputando
3798 2988 3818 3026 a

649 3079 772 3150 gnis
800 3079 1067 3147 annisque
1098 3076 1226 3131 inde
1257 3090 1430 3144 usque
1451 3076 1519 3130 ad
1549 3075 1982 3131 incarnationem
2009 3075 2162 3144 juxta
2385 3083 2542 3132 sexto
2572 3091 2715 3133 anno
2747 3078 2993 3134 Ezechia
3025 3091 3196 3148 usque
3229 3083 3538 3134 Assuerum.

653 3167 986 3224 Dionissium
1017 3171 1072 3221 et
1101 3165 1157 3220 in
1188 3169 1500 3234 presentcm
1532 3165 1696 3220 diem.
2250 3165 2342 3221 19.
2388 3168 2463 3222 De
2512 3165 2666 3222 festis
2705 3167 2901 3222 diebus
2947 3167 3085 3237 legis
3123 3173 3178 3222 et
3217 3167 3290 3224 de
3324 3174 3560 3236 tempore
3586 3157 3820 3219 combntio-

544 3258 604 3313 9.
652 3258 728 3313 De
767 3262 977 3326 septem
1026 3255 1224 3311 diebus
1285 3253 1495 3324 primus
1547 3254 1846 3309 secundum
1887 3253 2060 3310 solem
2109 3259 2165 3309 et
2388 3257 2476 3311 nis
2507 3255 2546 3286 ¹⁸
2584 3257 2773 3327 templi
2815 3257 3120 3312 Salemonis
3165 3271 3195 3310 a
3247 3256 3656 3313 Nabcodonozor
3678 3257 3819 3303 secun-

654 3346 838 3402 lunam
877 3360 940 3401 ac
971 3343 1186 3411 feriam,
1233 3348 1288 3399 et
1340 3343 1407 3399 de
1437 3341 1764 3399 formatione
1794 3358 1976 3399 rerum
2005 3355 2167 3400 crea—
2390 3343 2519 3400 dum
2549 3345 2864 3401 Hisidorum
2896 3352 2951 3402 et
2975 3345 3376 3402 llieronimum.

649 3442 894 3490 turarum
926 3432 965 3464 “
1003 3437 1215 3502 septem
1247 3431 1463 3499 diebus,
1497 3430 1565 3487 de
1595 3430 1815 3488 informi
1845 3432 2090 3488 materia.
2247 3433 2343 3490 20.
2390 3435 2464 3489 De
2503 3435 2694 3504 quinta
2737 3439 2897 3490 atate
2947 3434 3197 3490 ordinate
3239 3449 3272 3489 a
3303 3430 3657 3490 combustione
3683 3417 3818 3490 templi

517 3522 606 3581 10.
653 3524 728 3578 De
777 3536 1000 3578 cassura
1052 3519 1214 3590 primi
1252 3519 1405 3587 Ada,
1456 3525 1512 3575 et
1541 3519 1609 3574 de
1649 3519 2030 3576 emendatione
2070 3519 2167 3575 tri-
2390 3536 2564 3592 usque
2607 3523 2676 3578 ad
2719 3522 3154 3578 incarnationem
3201 3522 3411 3578 Christi
3448 3524 3624 3577 octavo
3651 3513 3722 3569 die
3751 3510 3822 3562 lia-

653 3611 782 3682 plici
823 3623 1060 3667 cassura
1106 3607 1351 3678 ejusdem
1383 3622 1482 3678 per
1520 3607 1820 3664 secundum
1850 3608 2022 3664 Adam
2070 3623 2168 3677 per
2392 3611 2676 3667 lendarum
2741 3611 3011 3681 Aprilium
3076 3611 3211 3668 feria
3287 3616 3440 3668 sexta
3471 3653 3485 3680 ,
3547 3601 3825 3663 annuntiante

653 3701 929 3756 Christum
987 3698 1181 3754 eodem
1234 3697 1430 3753 ordine
1489 3703 1544 3752 et
1595 3698 1651 3752 in
1699 3697 1888 3752 eadem
1939 3696 2074 3752 feria
2114 3702 2170 3753 et
2393 3701 2643 3757 Gabriele
2673 3701 3004 3773 archangelo
3034 3707 3238 3758 sancta
3271 3703 3485 3758 Maria.

655 3789 815 3846 annis
844 3805 874 3844 a
913 3802 1135 3844 cassura
1165 3792 1220 3844 et
1267 3802 1297 3842 a
1346 3787 1526 3857 capite
1556 3787 1744 3843 mundi
1777 3803 1949 3858 usque
1979 3787 2048 3843 ad
2078 3789 2172 3843 in-
2251 3788 2346 3846 21.
2395 3791 2470 3844 De
2517 3791 2909 3860 supputatione
2958 3791 3134 3847 sancti
3183 3792 3353 3847 Beda
3404 3791 3458 3845 in
3504 3786 3672 3844 eadem
3710 3781 3824 3834 male

659 3879 1036 3934 carnationem
1085 3883 1141 3932 et
1191 3877 1502 3946 passionem
1554 3877 1810 3944 Domini,
1871 3878 1928 3932 in
1980 3877 2171 3934 eadem
2397 3893 2692 3935 numerans
2756 3882 3102 3952 septuaginta
3167 3879 3578 3944 hebdomadas,
3638 3874 3723 3927 hoc
3769 3869 3824 3920 est

657 3965 794 4022 feria
825 3980 1062 4022 cassura
1095 3965 1153 4019 "’.
2396 3981 2570 4024 annos
2591 3969 3022 4040 quadringentos
3041 3971 3393 4042 septuaginta
3414 3969 3638 4040 quinque
3655 3961 3710 4016 ab
3726 3965 3827 4012 anno

518 4056 606 4113 11.
655 4057 730 4112 De
762 4056 936 4126 prima
966 4059 1125 4111 atate
1155 4053 1342 4111 saculi
1368 4070 1399 4110 a
1428 4056 1602 4125 prima
1632 4055 1875 4126 ejusdem
1915 4055 2026 4124 die,
2067 4056 2174 4112 hoc
2399 4059 2688 4129 vigessimo
2726 4061 3062 4116 Artarxersis
3092 4075 3266 4130 usque
3305 4060 3372 4116 ad
3403 4059 3671 4115 Christum.

655 4149 739 4201 est
792 4144 987 4216 quinto
1046 4143 1260 4201 decimo
1311 4144 1676 4201 Kalendarum
1723 4144 1991 4214 Aprilium
2039 4143 2175 4201 feria
2257 4146 2353 4204 22.
2401 4148 2476 4201 De
2523 4147 2682 4202 annis
2719 4147 2951 4219 singulis
3003 4150 3106 4204 sub
3155 4149 3481 4206 consulibus
3523 4145 3628 4201 suis
3669 4154 3694 4194 a
3726 4131 3829 4189 Iulio

658 4233 834 4304 prima
863 4232 1186 4304 incipiente,
1219 4239 1273 4288 et
1301 4246 1402 4303 per
1437 4248 1612 4291 annos
1641 4234 1890 4305 singulos
1919 4234 2170 4290 ordinate
2191 4227 2233 4288 G
2396 4238 2621 4292 Cessare
2654 4251 2827 4308 usque
2857 4238 2926 4293 ad
2955 4239 3251 4295 Christum.

676 4404 1098 4467 INCIPIUNT
1141 4405 1552 4465 CAPITULA
1597 4405 1817 4464 LIBRI
1862 4404 2237 4474 SECUNDI,
2286 4405 2428 4472 QUI
2471 4407 2622 4467 EST
2665 4407 3312 4471 INCARNATIONIS
3358 4406 3616 4475 USQUE
3651 4397 3721 4462 IN

1572 4484 2154 4546 ASCENSIONEM
2195 4486 2496 4548 DOMINI
2540 4487 2679 4566 (fol.
2722 4489 2849 4566 28.)

557 4638 610 4694 l.
658 4637 734 4691 De
767 4634 1123 4705 inquisitione
1159 4633 1461 4689 nativitatis
1497 4634 1724 4691 Joannis
1754 4635 2008 4693 babtista
2035 4635 2175 4693 duce
2293 4637 2354 4698 4.
2401 4640 2476 4694 De
2505 4653 2650 4695 anno
2681 4639 2834 4710 regni
2865 4654 2928 4695 ac
2957 4639 3083 4695 cicli
3114 4635 3604 4697 decennovennalis
3636 4639 3684 4687 et
3723 4621 3834 4710 indi-

663 4724 1054 4781 iBCCleSiaStica
1093 4723 1444 4780 δυθῐοτίῐθῐθα
2402 4729 2585 4785 ctione
2634 4709 3106 4799 convenienteque
3156 4729 3284 4785 luna
3333 4723 3672 4797 conceptonis
3702 4709 3835 4772 Domi-

550 4815 612 4871 2.
663 4815 738 4868 De
768 4812 1042 4868 solutione
1072 4811 1379 4882 questionis
1409 4813 1676 4882 ejusdem.
2402 4817 2542 4874 nica
2580 4817 2884 4874 secundum
2922 4817 3118 4889 legem.

550 4901 611 4960 3.
661 4903 735 4957 De
783 4901 1200 4957 annuntiatione
1258 4901 1654 4958 incarnationis
1701 4903 1904 4960 Christi
1943 4903 2012 4960 ad
2052 4917 2178 4959 san-

2294 4941 2352 5002 5.
2402 4945 2476 4999 De
2507 4944 2849 5015 congruitate
2880 4943 3278 4999 incarnationis
3296 4950 3351 4998 et
3382 4931 3740 5022 redemptionis
3763 4935 3834 5022 pfl'

2401 5013 2700 5088 secundum
2743 5032 2912 5088 Adam
2959 5033 3014 5087 in
3046 5032 3236 5089 eadem
3266 5031 3400 5088 feria
3438 5035 3583 5086 sexta
3617 5030 3665 5080 et
3695 5021 3740 5076 in
3771 5013 3835 5069 die

2404 5122 2606 5177 mensis
2625 5122 2821 5178 solaris
2841 5121 2909 5178 ad
2940 5122 3159 5178 easdem
3186 5123 3244 5178 in
3275 5121 3473 5193 quibus
3501 5116 3688 5190 primus
3710 5103 3836 5164 Adam

2404 5218 2620 5268 creatus
2649 5217 2704 5268 et
2742 5219 3115 5284 transgressus
3145 5217 3248 5270 est.

1894 5362 2118 5417 VARJIE
2154 5361 2538 5418 LECTIONES.

583 5455 624 5487 “
649 5457 725 5534 ito
753 5471 800 5534 c.
828 5472 926 5528 pro
961 5464 1289 5534 creatarum.
1312 5527 1332 5534 Δ
1395 5458 1445 5534 Α¹⁵
1493 5473 1732 5534 cassura
1775 5460 1957 5534 eadem
1985 5476 2167 5534 manu,
2194 5475 2287 5516 sea
2326 5466 2642 5534 atramenta
2664 5459 2948 5534 pallidiore
2983 5460 3362 5534 postaddilum
3393 5456 3618 5534 videtur,
3647 5441 3842 5534 qqgtijf‘

507 5541 662 5600 gnum
691 5525 1124 5600 interpunctiom's
1161 5534 1276 5601 post
1306 5527 1444 5587 feria
1469 5531 1697 5602 positum
1725 5532 2014 5602 conﬁrmat.
2131 5525 2170 5564 ¹⁸
2222 5537 2400 5589 eatate
2437 5534 2486 5589 l.
2604 5533 2643 5563 ¹⁷
2664 5525 2831 5590 ’θειὶε
2867 5531 2915 5589 l.
2983 5525 2998 5534 ’
3031 5533 3070 5564 ¹⁸
3098 5533 3174 5589 ita
3203 5533 3316 5589 cod.
3343 5544 3443 5603 pro
3473 5525 3841 5584 combustioms.

660 4996 802 5046 ctam
849 4991 1068 5045 Mariam
1119 4998 1311 5047 octavo
1359 4991 1448 5047 die
1497 4993 1863 5049 Kalendarum
1910 4993 2178 5064 Aprilium

659 5079 795 5136 feria
825 5085 979 5136 sexta
1016 5094 1114 5149 per
1141 5080 1446 5136 Gabrielem
1474 5082 1880 5153 archangelum,
1915 5089 1970 5138 et
2000 5097 2181 5153 egres-

659 5186 723 5228 su
752 5177 958 5228 sancta
986 5171 1167 5227 Maria
1197 5171 1265 5226 ad
1295 5171 1593 5240 Elizabeth,
1627 5186 1853 5228 manens
1882 5173 2026 5243 apud
2059 5187 2176 5228 eam

658 5275 832 5332 usque
863 5261 920 5316 in
949 5259 1290 5316 nativitatem
1317 5261 1546 5317 Joannis
1575 5261 1852 5318 babtista.
