4000 6158
175 334 267 390 625

1615 330 2002 392 CHRONICON
2007 377 2023 394 .

200 462 252 516 6.
291 461 360 514 De
404 455 684 512 nativitate
735 455 950 512 Domini
997 457 1054 512 in
1103 456 1379 513 Bethelem
1428 461 1485 512 et
1534 458 1844 529 congruaA

198 642 252 700 7.

189 1448 240 1504 8.

186 1714 242 1769 9.

161 1890 238 1946 10.

157 2069 235 2125 11.

146 2337 223 2392 12.

270 2428 512 2483 incursu
538 2427 601 2480 ⁸³⁸.

293 547 586 604 indictione
627 547 928 603 nativitatis
966 548 1104 618 ejus.

292 636 567 706 Quomodo
614 636 1073 707 trigintaduorum
1113 649 1379 692 annorum
1411 650 1475 692 ac
1505 635 1783 692 demedi"
1863 636 1959 692 24.

292 726 413 783 anni
471 739 687 782 necnon
745 727 969 798 triginta
1026 731 1263 796 quatuor
1316 739 1584 782 annorum
1643 730 1784 783 teste

292 816 559 886 scriptura
596 815 858 872 Dominus
887 829 1079 886 passus
1108 817 1198 883 sit,
1233 822 1288 874 et
1317 816 1554 886 qualiter
1581 830 1784 873 secun-

290 907 412 961 dum
470 905 817 976 Olympiades
853 905 936 960 vel
993 919 1169 961 annos
1215 920 1404 977 regum
1448 906 1555 963 hoc
1605 911 1787 977 potest
1867 906 1961 965 25.

291 996 426 1062 ﬁeri,
477 996 523 1050 si
572 996 628 1050 in
677 995 986 1066 trigessimo
1036 1000 1091 1051 et
1133 995 1190 1051 in
1238 997 1552 1067 trigassimo
1610 997 1786 1067 primo

289 1099 384 1142 suo
413 1098 562 1140 anno
592 1083 694 1140 fuit
721 1085 1045 1151 babtizatus,
1079 1086 1357 1154 quomodo
1390 1086 1613 1156 triginta
1643 1085 1787 1141 duo-

291 1189 403 1231 rum
435 1188 703 1230 annorum
737 1179 791 1230 et
819 1174 1036 1229 demedi
1060 1173 1098 1205 ¹⁹
1128 1175 1256 1229 anni
1287 1175 1586 1230 secundum
1619 1188 1787 1231 evan-

287 1264 487 1337 gelium
535 1264 781 1332 Joannis,
832 1270 924 1319 aut
971 1264 1195 1336 triginta
1243 1270 1480 1336 quatuor
1520 1278 1788 1322 annorum

280 1357 431 1425 juxta
472 1353 895 1424 apocolipsim'o
936 1367 1149 1424 passus.

286 1447 358 1500 De
387 1444 665 1501 solutione
695 1444 1039 1514 quaestiOnis,
1063 1449 1118 1500 et
1143 1443 1290 1514 quod
1316 1444 1459 1500 Beda
1483 1443 1788 1500 secundum

286 1535 573 1590 Ebraicam
624 1535 887 1589 unitatem
909 1534 970 1600 9‘,
1012 1533 1360 1604 Olympiades
1397 1547 1526 1590 vero
1548 1535 1589 1565 ²¹
1636 1535 1791 1605 juxta

286 1624 635 1694 septuaginta
673 1623 1008 1693 interpretes
1046 1627 1395 1693 computatur
1418 1623 1482 1676 ’³.

284 1714 357 1768 De
377 1713 551 1784 gestis
582 1718 638 1768 et
666 1716 914 1783 tempore
944 1711 1244 1768 nativitatis
1274 1712 1487 1770 Domini
1519 1727 1692 1784 usque
1722 1713 1790 1768 ad

284 1808 517 1859 mortem
549 1803 803 1859 Herodis.

282 1893 357 1948 De
389 1892 706 1948 reversione
754 1889 970 1947 Domini
1011 1904 1077 1946 ex
1115 1891 1324 1962 Egypto
1368 1895 1632 1961 precepto
1688 1904 1790 1946 an-

282 1981 484 2051 gelico.

282 2071 358 2126 De
402 2071 750 2127 remansione
798 2071 1014 2128 Domini
1064 2071 1120 2126 in
1150 2069 1490 2126 Hierusalem
1531 2069 1788 2126 nescien-

281 2160 434 2216 tibus
492 2162 811 2232 parentibus
867 2163 1006 2232 ejus,
1059 2166 1114 2216 et
1161 2160 1230 2215 de
1279 2165 1454 2216 morte
1510 2159 1788 2216 Octaviani

277 2250 550 2306 Cessaris.

276 2341 351 2394 De
394 2339 618 2394 Tiberio
667 2340 894 2394 Cessare
943 2339 1173 2408 ejusqu‘e
1223 2338 1420 2405 annis,
1472 2343 1528 2394 et
1572 2338 1788 2394 Domini

1813 1792 1860 1850 B

130 2517 217 2572 13.
268 2520 348 2571 De
381 2529 538 2572 anno
569 2516 761 2586 quinto
792 2515 1007 2571 decimo
1044 2515 1262 2585 imperii
1306 2516 1530 2584 Tiberii,
1563 2521 1618 2571 et
1647 2530 1789 2587 pon-

153 3052 234 3110 16.

157 3322 236 3378 17.

155 3589 233 3647 18.

154 4036 232 4095 19.

148 4657 202 4713 21

148 4747 236 4806 '22.

148 5012 234 5076 23.

214 5295 251 5325 "
287 5298 325 5350 ἱ.
358 5312 410 5352 e.
445 5296 687 5352 dimidii.

268 2605 531 2661 tificibus
559 2607 695 2675 ejus,
730 2608 998 2660 tractante
1028 2605 1194 2660 Beda.

130 2695 214 2753 l4.
265 2696 344 2750 De
377 2693 692 2750 concordia
721 2694 1175 2766 evangelistarum
1197 2692 1238 2723 ’³
1277 2693 1577 2749 secundum
1611 2696 1792 2765 Augu-
1872 2692 1967 2747 29.

267 2785 491 2839 stinum
524 2785 579 2838 in
609 2784 790 2839 verbis
817 2785 1046 2840 Joannis
1074 2783 1329 2838 babtista:
1361 2789 1416 2838 et
1445 2783 1680 2839 Domini.

139 2874 227 2933 15.
269 2876 350 2929 De
401 2887 553 2930 anno
600 2873 884 2944 trigesimo
929 2872 1187 2928 babtismi
1238 2872 1476 2940 Domini,
1510 2873 1578 2928 de
1600 2871 1642 2902 ⁸⁸
1689 2885 1790 2927 co-

278 2963 471 3018 lumba
509 2969 563 3018 et
595 2969 758 3031 caetu,
799 2963 1100 3018 secundum
1150 2967 1398 3017 sanctum
1445 2961 1784 3032 Gregorium.

280 3055 356 3109 De
409 3053 738 3109 tractatione
784 3053 958 3108 sancti
1009 3051 1310 3107 Hieronimi
1352 3052 1407 3106 in
1448 3051 1785 3107 Ezechielem

280 3144 610 3214 prophetam
667 3144 724 3199 in
781 3156 926 3199 anno
975 3148 1029 3199 et
1084 3143 1141 3198 in
1199 3156 1386 3198 mense
1445 3120 1849 3198 babtismatisC

281 3233 523 3289 Domini.

279 3324 416 3378 Item
467 3326 692 3377 sanctus
736 3323 1072 3394 Augustinus
1112 3321 1180 3377 de
1229 3321 1423 3378 eodem
1468 3335 1612 3376 anno
1652 3322 1789 3376 Eze-

276 3413 415 3469 celis
457 3418 513 3469 et
552 3413 775 3480 Christi,
810 3416 864 3468 et
891 3412 1076 3468 verbis
1112 3413 1290 3467 Patris
1326 3412 1384 3466 in
1424 3411 1689 3466 babtisma
1720 3410 1790 3466 de
1870 3408 1966 3463 32.

280 3502 442 3559 Filio.

279 3593 351 3648 De
388 3591 757 3663 inquisitione
788 3591 916 3647 anni
952 3589 1296 3646 babtismatis
1325 3589 1539 3644 Domini
1569 3588 1677 3644 hoc
1708 3593 1793 3644 est

277 3681 476 3751 quinto
511 3681 711 3737 decimi
734 3681 774 3712 ’7
803 3679 1007 3736 Tiberii
1043 3681 1195 3748 juxta
1243 3677 1523 3734 cronicam
1571 3677 1792 3733 Eusebii

275 3771 359 3826 vel
411 3771 605 3837 Bedaa,
655 3768 1006 3840 supputando
1056 3768 1124 3823 ab
1169 3767 1291 3837 ipso
1343 3766 1538 3837 quinto
1578 3766 1793 3823 decimo
1873 3762 1968 3818 33.

277 3874 420 3917 anno
486 3865 550 3916 et
604 3859 872 3914 babtisma
927 3857 1143 3914 Domini
1182 3856 1224 3888 ³⁸
1281 3856 1582 3912 secundum
1649 3855 1796 3926 ipsas

277 3951 544 4007 cronicas
583 3963 759 4019 usque
798 3949 864 4004 ad
904 3949 1082 4019 ipsum
1122 3947 1341 4003 Bedam.

277 4041 350 4095 De
399 4038 884 4112 argumentatiOne
925 4037 1131 4094 erroris
1171 4036 1543 4107 predictarum
1603 4035 1796 4091 croni-

275 4143 468 4184 carum
513 4127 926 4198 supputationis
955 4126 1116 4181 etiam
1147 4139 1214 4181 ex
1253 4125 1388 4195 ipsis
1427 4123 1666 4180 cronicis
1704 4124 1792 4179 in-

277 4218 495 4288 quisiti.

218 4349 230 4361 .
275 4307 349 4362 De
397 4304 771 4378 inquisitione
819 4304 946 4360 anni
994 4302 1418 4360 resurrectionis
1447 4303 1662 4360 Domini
1702 4318 1797 4360 se-

277 4397 528 4452 cundum
580 4394 800 4463 Bedam,
851 4400 905 4450 et
952 4394 1267 4450 testimonio
1321 4393 1482 4450 Bedae
1533 4393 1788 4460 latenter,

565 4449 758 4540 eodem
785 4449 931 4540 anno
960 4449 1231 4540 Dominus
1261 4482 1315 4537 in
1347 4488 1540 4539 octavo
1572 4483 1660 4539 die
1692 4449 1864 4539 Kay-.1)
1880 4482 1976 4541 36.

1877 4570 1972 4629 37.

279 4573 582 4631 lendarum
610 4573 876 4644 Aprilium
908 4573 1209 4630 resurrexit
1233 4587 1263 4627 a
1292 4571 1544 4627 mortuis.

218 4705 230 4718 .
277 4663 351 4720 De
382 4663 702 4721 offensione
731 4663 994 4733 predictze
1027 4662 1257 4718 rationis
1275 4661 1338 4714 ³⁸.

278 4755 354 4808 De
393 4753 814 4810 resurrectione
853 4753 1055 4808 Christi
1103 4752 1159 4806 in
1202 4755 1356 4807 sexto
1393 4750 1481 4806 die
1522 4749 1798 4806 Kalenda-
1877 4749 1971 4804 38.

278 4855 400 4898 rum
431 4841 731 4914 Aprilium,
762 4847 902 4898 teste
934 4841 1076 4897 Beda
1111 4843 1266 4911 juxta
1304 4841 1587 4896 historiam
1619 4840 1795 4896 sancti

279 4931 564 5003 evangeli,
596 4935 651 4985 et
689 4930 976 5000 inquirens
1004 4931 1072 4986 ab
1103 4929 1260 4986 initio
1301 4928 1508 4985 mundi.

279 5021 392 5076 Cur
421 5019 768 5078 resurrectio
807 5019 863 5075 in
895 5023 1088 5076 octavo
1129 5017 1490 5074 Kalendarum
1527 5016 1794 5088 Aprilium

1870 1263 1966 1320 26.

1953 1389 1963 1397 α
2014 1355 2068 1410 in
2099 1369 2195 1410 sua
2216 1355 2437 1412 cronica
2467 1357 2635 1414 multa
2665 1361 3048 1429 pretermissit,
3073 1365 3142 1421 de
3165 1366 3366 1435 quibus
3396 1367 3515 1438 ipse

1871 1621 1966 1680 27.

1870 2428 1965 2486 28.

1871 2870 1966 2926 30.

1868 3229 1964 3288 31.

1875 3943 1970 3998 34.

1874 4123 1970 4183 35.

1875 4929 1971 4987 39.

3402 351 3510 408 626

2003 462 2188 533 potius
2245 478 2406 536 quam
2466 465 2522 522 in
2589 469 2746 524 sexto
2816 468 3183 528 Kalendarum
3239 477 3510 546 Aprilium

2010 558 2252 622 putatur.

2009 642 2081 696 De
2140 641 2393 711 passione
2443 641 2498 698 in
2547 648 2738 701 octavo
2796 646 3160 706 Kalendarum
3216 652 3506 721 Aprilium,

2009 734 2063 785 et
2091 731 2497 788 resurrectione
2540 733 2596 788 in
2628 741 2784 790 sexto
2825 736 3188 796 Kalendarum
3219 741 3507 811 Aprilium,

2010 821 2310 876 secundum
2341 827 2588 877 sanctum
2616 823 2976 883 Ilironimum.

2015 911 2084 963 De
2133 910 2322 965 eadem
2373 926 2431 966 re
2478 913 2623 968 sicut
2671 920 2868 970 tractat
2918 923 3140 974 sanctus
3177 920 3512 990 Augustinus

2013 995 2068 1051 in
2119 997 2260 1054 libro
2302 1004 2499 1069 quarto
2548 1009 2754 1058 sanctae
2803 1005 3106 1075 Trinitatis,
3141 1013 3196 1064 et
3233 1009 3511 1080 quomodo

2014 1085 2188 1141 tribus
2213 1086 2410 1143 diebus
2437 1095 2600 1160 atque
2633 1092 2809 1149 tribus
2838 1097 3096 1152 noctibus
3124 1096 3227 1155 fuit
3252 1099 3512 1156 Dominus

2015 1175 2069 1230 in
2100 1175 2376 1246 sepulcro.

2012 1266 2087 1320 De
2135 1265 2450 1323 testimonio
2499 1269 2676 1324 sancti
2726 1271 3015 1342 Hironimi,
3049 1275 3198 1345 quod
3246 1277 3515 1334 Eusebius

2015 1444 2364 1502 Hieronimus
2419 1447 2704 1518 nonnulla,
2759 1464 2884 1506 cum
2944 1466 3062 1508 eam
3120 1456 3512 1524 transtulisset,

2017 1533 2238 1603 adjecit.

2015 1624 2090 1678 De
2139 1622 2411 1680 babtizato
2460 1625 2690 1683 Domino
2748 1631 2940 1684 octavo
2989 1629 3118 1686 ldus
3165 1632 3408 1688 Januarii
3458 1633 3514 1688 in

2015 1712 2293 1768 dominico
2324 1712 2413 1768 die
2461 1713 2734 1785 epifaniae,
2769 1722 2828 1772 et
2863 1731 3086 1788 egressu
3117 1721 3235 1789 ejus
3273 1722 3330 1776 in
3367 1721 3516 1776 heri-

2018 1815 2164 1857 mum
2226 1803 2468 1859 crastino
2526 1804 2615 1860 die
2678 1804 2811 1862 feria
2868 1807 3110 1864 secunda
3168 1809 3519 1878 jejunaturus

2016 1891 2376 1962 quadraginta
2425 1893 2622 1950 diebus
2667 1903 2721 1950 et
2770 1898 3050 1965 noctibus,
3086 1902 3141 1954 et
3179 1899 3247 1955 de
3285 1899 3517 1956 victoria

2015 1981 2230 2036 Domini
2260 1981 2328 2038 de
2359 1983 2583 2040 diabulo
2623 1983 2758 2040 feria
2797 1993 2949 2042 sexta
2979 1988 3034 2042 in
3065 1988 3154 2044 die
3186 1989 3520 2061 quadrages-

2014 2070 2152 2126 simo
2200 2071 2283 2126 sui
2326 2073 2524 2142 jejunii
2574 2073 2630 2128 in
2677 2075 2804 2144 gula
2852 2091 2915 2132 ac
2953 2091 3088 2132 vana
3136 2078 3310 2149 gloria
3353 2085 3519 2150 atque

2013 2160 2259 2228 avaritia,
2293 2161 2348 2215 in
2393 2162 2594 2230 quibus
2641 2163 2895 2220 diabolus
2943 2166 3178 2235 primum
3218 2167 3388 2224 Adam
3427 2183 3518 2225 ea-

2015 2249 2136 2304 dem
2176 2249 2312 2305 feria
2369 2253 2684 2320 prostravit,
2728 2259 2783 2309 et
2831 2255 2899 2310 de
2921 2254 2962 2286 ³ο
3015 2256 3217 2325 pascha
3273 2258 3516 2328 ejusdem

2013 2340 2141 2394 anni
2182 2340 2526 2395 babtismatis
2555 2343 2790 2398 Domini.

2013 2429 2087 2484 De
2127 2428 2304 2499 prima
2335 2429 2652 2501 cognitione
2690 2431 2906 2488 Domini
2937 2447 2968 2488 a
2997 2438 3188 2490 sancto
3217 2435 3432 2491 Andrea
3463 2443 3519 2492 et

2014 2519 2253 2588 Simone,
2287 2532 2353 2576 eo
2382 2524 2577 2577 vocato
2627 2522 2861 2591 primum
2909 2529 3039 2579 tunc
3079 2525 3299 2581 nomine
3328 2526 3516 2594 Petro,

2018 2613 2071 2660 et
2101 2607 2169 2662 de
2199 2608 2486 2664 vocatione
2517 2610 2694 2665 sancti
2722 2611 2961 2682 Philiphi
3001 2618 3056 2668 et
3102 2612 3171 2668 de
3218 2614 3516 2670 Nathanili.

2015 2695 2091 2749 De
2132 2694 2303 2765 prima
2333 2696 2430 2751 sed
2476 2698 2774 2767 separabili
2823 2699 2968 2755 Petri
3013 2705 3068 2756 et
3104 2701 3337 2757 Andreae
3377 2701 3514 2758 ﬁlio-

2016 2797 2246 2853 rumque
2271 2785 2506 2841 Zebedei
2529 2787 2839 2843 vocatione.

2014 2873 2090 2928 De
2131 2874 2495 2944 inseparabile
2522 2876 2809 2933 vocatione
2840 2878 3238 2948 apostolorum,
3272 2885 3327 2936 et
3355 2893 3518 2936 voca-

2013 2963 2164 3018 tione
2213 2963 2428 3019 Domini
2486 2965 2786 3036 matrisque
2838 2969 2958 3037 ejus
3014 2983 3137 3024 cum
3200 2969 3520 3040 disscipulis

2014 3051 2129 3106 suis
2173 3052 2242 3107 ad
2290 3052 2530 3123 nuptias,
2572 3059 2628 3110 et
2665 3055 2814 3126 quod
2861 3056 2919 3112 in
2967 3056 3246 3128 ephifania
3312 3059 3521 3130 nuptiae

2014 3145 2143 3196 sunt
2173 3139 2356 3197 factae.

2014 3233 2088 3286 De
2119 3233 2321 3302 pascha
2352 3237 2406 3289 et
2436 3233 2504 3289 de
2535 3234 2728 3304 ejectis
2757 3235 3158 3293 mercatoribus
3187 3234 3255 3293 de
3285 3237 3516 3308 templo,

2011 3321 2219 3376 Joanne
2250 3335 2362 3378 non
2392 3323 2571 3378 adhuc
2597 3324 2764 3379 misso
2795 3324 2851 3379 in
2882 3339 3183 3380 carcerem.

2017 3412 2092 3465 De
2143 3411 2376 3466 transitu
2422 3412 2636 3468 Domini
2695 3426 2795 3482 per
2849 3414 3166 3478 Samariam,
3216 3413 3418 3470 sedens
3464 3423 3524 3471 et

2013 3499 2208 3555 sitiens
2252 3513 2420 3569 super
2467 3504 2690 3569 puteum
2740 3499 2796 3553 in
2855 3499 3073 3556 civitate
3127 3501 3384 3558 Samariae
3441 3505 3523 3558 Si-

2017 3586 2168 3652 char,
2220 3591 2275 3642 et
2320 3587 2376 3641 in
2425 3587 2628 3642 Galilea
2675 3587 2949 3642 transiens
2985 3588 3023 3618 ³¹
3083 3589 3294 3644 sanavit
3349 3589 3519 3647 tilium

2016 3674 2193 3744 reguli
2225 3675 2504 3730 credentis
2534 3689 2656 3730 cum
2687 3680 2801 3730 tota
2830 3689 2928 3730 sua
2948 3675 2989 3706 ³³
3029 3676 3223 3733 domu.

2016 3766 2092 3819 De
2137 3765 2378 3821 secunda
2425 3765 2748 3822 ascensione
2787 3766 3003 3822 Domini
3051 3765 3106 3822 in
3157 3767 3520 3839 Hierusalem,

2018 3854 2201 3925 quassi
2234 3855 2289 3912 in
2319 3856 2564 3913 secundo
2596 3857 2818 3927 pascha,
2852 3870 3052 3912 sanans
3082 3857 3447 3928 paraliticum.

2020 3946 2093 4000 De
2139 3947 2372 4002 sanitate
2411 3946 2649 4002 hominis
2696 3946 2752 4001 in
2803 3947 3065 4019 sinagoga
3105 3961 3134 4004 a
3173 3947 3373 4020 spiritu
3412 3949 3520 4006 im-

2020 4035 2222 4090 mundo
2245 4035 2306 4103 ³³,
2349 4042 2402 4092 et
2431 4050 2626 4092 socrus
2654 4037 2802 4092 Petri
2833 4051 2863 4092 a
2891 4035 3064 4094 febre.

2018 4126 2091 4180 De
2122 4125 2393 4181 electione
2425 4126 2717 4182 duodecim
2748 4127 3147 4196 apostolorum,
3181 4132 3237 4185 et
3264 4142 3520 4186 sermone

2019 4214 2418 4270 beatitudinum
2466 4215 2711 4271 sedendo
2760 4216 2815 4270 in
2865 4222 3071 4283 monte,
3104 4223 3160 4272 et
3202 4217 3369 4272 simili
3399 4232 3523 4273 ser-

2018 4317 2178 4360 mone
2217 4304 2414 4361 stando
2461 4305 2518 4360 in
2566 4304 2691 4361 loco
2741 4304 3036 4374 campestri
3085 4309 3140 4359 et
3182 4304 3251 4360 de
3297 4305 3522 4375 leproso

2022 4392 2303 4449 mundato.

2025 4484 2098 4538 De
2129 4482 2452 4539 centurione
2484 4487 2539 4538 et
2569 4494 2726 4538 servo
2756 4481 2875 4551 ejus
2903 4483 3114 4546 sanato,
3139 4483 3194 4535 et
3219 4479 3288 4536 de
3316 4481 3520 4537 scriba.

2021 4573 2096 4626 De
2137 4571 2369 4627 transitu
2408 4571 2622 4628 Domini
2661 4575 2815 4627 trans
2853 4569 3050 4626 fretum
3089 4574 3355 4627 mutatum
3375 4569 3438 4638 “,
3471 4575 3527 4626 et

2021 4661 2088 4717 de
2120 4661 2302 4716 verbis
2332 4660 2480 4728 fidei,
2514 4666 2568 4716 et
2600 4659 2668 4717 de
2701 4661 2848 4717 cecis
2873 4665 2928 4716 et
2958 4660 3163 4730 porcis.

2021 4751 2094 4806 De
2124 4750 2436 4806 reversione
2468 4749 2681 4805 Domini
2713 4755 2863 4805 trans
2893 4747 3111 4816 fretum,
3145 4751 3200 4804 et
3230 4746 3523 4820 paralitico

2019 4844 2230 4907 sanato,
2265 4844 2320 4895 et
2349 4840 2416 4895 de
2449 4839 2666 4895 civitate
2699 4838 2932 4895 Domini.

2019 4931 2094 4986 De
2124 4930 2410 4986 vocatione
2440 4929 2636 4985 Mathei
2676 4927 2934 4998 apOstoli,
2967 4932 3022 4984 et
3059 4926 3331 4985 calumnia
3361 4942 3518 4986 man-

2020 5018 2257 5074 ducandi
2288 5023 2344 5076 et
2370 5017 2597 5076 bibendi
2628 5031 2751 5074 cum
2781 5015 3110 5088 puplicanis.

1501 5172 1726 5228 VARUE
1780 5173 2062 5229 LECTION
2069 5172 2164 5227 ES.

795 5296 838 5327 ²⁰
873 5294 1180 5366 apocolipsi
1209 5293 1415 5365 legitur,
1447 5297 1540 5354 sed
1570 5296 1746 5354 littera
1776 5313 1881 5353 una
1911 5298 2070 5353 litura
2100 5296 2372 5368 absumpta
2402 5301 2478 5352 est
2513 5297 2560 5352 1.

2670 5297 2706 5328 ²¹
2748 5295 2859 5366 lege
2887 5295 3192 5351 veritatem.
3305 5296 3347 5326 ’³
3386 5310 3515 5354 vero

144 5372 251 5465 goat
279 5369 533 5450 additum
563 5374 639 5424 est
675 5368 721 5424 l.
802 5368 844 5399 ³³
884 5373 1233 5437 computatur
1269 5368 1513 5438 scriptum
1544 5375 1680 5437 erat,
1711 5370 1815 5450 sed
1835 5385 1900 5424 ur
1930 5369 2088 5424 litura
2118 5367 2338 5423 deletum
2367 5374 2443 5424 est
2479 5368 2525 5422 1.
2602 5367 2645 5399 “
2683 5383 2733 5424 c.
2764 5372 2880 5437 post
2909 5368 3049 5493 ἱιξρα
3081 5368 3329 5438 scriptum
3353 5373 3430 5424 est
3465 5367 3515 5423 l.

220 5444 296 5493 tta
325 5455 532 5493 stemus
561 5454 656 5493 0T0
688 5439 932 5493 evaneel.
976 5439 1023 5492 l.
1100 5437 1141 5469 ³⁸
1179 5438 1247 5493 de
1275 5444 1388 5493 post
1420 5441 1546 5493 add.
1585 5441 1631 5493 l.
1718 5441 1760 5471 ²⁷
1798 5446 1874 5493 tta
1901 5442 2017 5493 cod.
2059 5439 2127 5493 1?
2219 5438 2260 5470 ’⁸
2297 5445 2412 5493 post
2443 5439 2568 5493 add.
2609 5440 2655 5493 l.
2732 5437 2772 5470 ²⁹
2811 5453 2939 5493 mun
2983 5454 2999 5493 ι
3030 5438 3155 5492 add.
3189 5440 3242 5493 2.
3319 5439 3362 5471 ³⁰
3399 5446 3515 5493 host

149 5437 187 5465 ³⁵
220 5440 296 5493 ita
325 5440 532 5511 sapius
561 5454 656 5511 pro
688 5439 932 5565 evangel.

149 5508 267 5564 add.
309 5511 358 5565 1.
440 5511 482 5542 ³⁸
528 5516 642 5565 post
671 5513 797 5565 add.
871 5555 883 5565 .

148 5508 267 5564 add.
309 5511 358 5567 1.
378 5508 417 5583 _'
440 5511 482 5542 ιι
523 5508 642 5583 ρὸει
671 5513 797 5568 add.
830 5508 883 5568 1.

145 5593 342 5652 quoque
372 5580 784 5640 locis‘occum't.
896 5582 938 5614 ⁸³
973 5581 1162 5708 suppa:
1191 5580 1366 5638 vexati
1407 5580 1543 5652 quod
1582 5583 1635 5637 in
1671 5584 1977 5655 apographo
2008 5583 2124 5640 cod.
2157 5583 2209 5637 2.
2239 5587 2360 5653 post
2390 5580 2623 5638 additum
2652 5587 2747 5639 est.
2861 5581 2902 5614 ³⁸

149 5658 388 5708 correcta
418 5655 479 5708 in
511 5653 711 5708 fretum
742 5660 1005 5708 mutatum
1077 5697 1088 5708 .

976 5439 1023 5492 l.
1066 5437 1141 5510 7”
1179 5438 1247 5494 de
1272 5437 1388 5510 post
1420 5441 1546 5495 add.
1585 5441 1631 5496 l.

149 5658 388 5710 correcta
418 5655 479 5710 in
511 5653 711 5712 fretum
742 5660 1005 5712 mutatum

1718 5441 1760 5512 ³7
1798 5441 1874 5496 ita
1901 5442 2017 5496 cod.
2059 5439 2127 5494 1?
2219 5438 2260 5470 ’⁸
2292 5445 2412 5510 post
2443 5439 2575 5512 add.
2609 5440 2655 5493 1.
2732 5437 2772 5470 ²⁹
2811 5437 2999 5494 mundi
3030 5438 3155 5512 add.
3188 5437 3242 5494 2.
3319 5439 3362 5512 ’9
3393 5446 3517 5512 post

962 5510 1003 5541 δ’
1043 5509 1208 5566 domu
1238 5509 1336 5564 sna
1362 5511 1607 5582 scriptum
1635 5517 1711 5568 est
1745 5511 1818 5580 1.,
1850 5513 1943 5567 sed
1978 5512 2141 5580 signis
2179 5509 2438 5566 ostensum
2465 5509 2623 5565 verba
2651 5525 2763 5565 esse
2791 5510 3199 5638 transponenda,
3227 5511 3364 5582 quod
3394 5509 3520 5567 aliis

973 5581 1162 5638 subula
1191 5580 1366 5638 vexati
1407 5582 1543 5638 auod
1582 5583 1635 5637 in
1671 5584 1977 5638 anoaranho
2008 5583 2124 5638 cod.
2157 5583 2209 5637 2.
2244 5587 2360 5638 post
2390 5580 2623 5638 additum
2652 5587 2747 5638 est.
2861 5581 2902 5614 ³⁸
2962 5588 3082 5638 reto
3131 5586 3358 5638 motato.
3399 5587 3515 5638 post

2962 5586 3082 5640 'reto
3131 5586 3358 5652 motato,
3399 5587 3515 5656 post
