4000 6158
571 375 678 433 627

1991 356 2271 426 ΜΑΒῙΑΝΙ
2309 366 2538 424 SCOTTI

3792 374 3868 426 628

572 503 668 562 40.
716 504 792 559 De
840 500 951 557 tilia
996 501 1108 557 Jari
1158 500 1498 567 resuscitata,
1532 505 1587 555 et
1632 497 1703 554 de
1751 494 2036 552 muliare”
2074 492 2398 555 duo-A57.
2444 495 2518 548 De
2546 491 2784 548 adventu
2831 490 3048 547 Domini
3095 490 3152 546 in
3201 490 3506 547 Bethaniam
3541 494 3741 551 sabbato
3765 507 3856 554 ante

577 680 676 739 41.

580 1300 676 1358 43.

583 1660 682 1715 44.

589 2015 683 2074 46.

587 2194 659 2248 47
670 2238 683 2253 .

587 2373 684 2432 48.

590 2727 687 2786 49.

594 3438 693 3496 51.

594 3707 693 3764 52.

598 3885 695 3944 53.

599 4062 671 4119 54

599 4153 673 4208 55

601 4242 674 4298 56

612 5443 653 5476 δ’
671 5445 728 5516 ίὶ.
763 5460 809 5499 e.
843 5443 1066 5516 hymno.

661 1171 674 1184 .
722 1127 798 1181 De
848 1123 1164 1179 nominibus
1216 1123 1281 1177 12
1327 1121 1703 1191 apostolorum
1741 1118 2042 1176 secundum
2074 1120 2230 1176 ordi-

684 4103 697 4119 .
744 4065 820 4120 De
848 4063 1142 4120 festivitate
1170 4065 1577 4137 scenophegiae.

685 4194 697 4208 .
744 4155 819 4210 De
848 4154 1078 4210 encenia
1105 4154 1473 4212 solemnitate.

685 4284 699 4300 .
744 4245 820 4300 De
867 4244 1070 4300 Lazaro
1118 4244 1445 4302 resuscitato
1491 4244 1746 4301 veniente
1793 4245 2024 4302 Domino
2070 4261 2102 4302 a
2138 4249 2243 4303 Ga-

746 4332 872 4389 lilea
915 4333 972 4389 in
1022 4332 1380 4401 Hierusalem,
1414 4339 1470 4390 et
1498 4333 1567 4390 de
1597 4348 1707 4391 uno
1755 4348 1890 4391 ceco
1928 4340 2119 4393 sanato
2158 4351 2245 4393 se-
2325 4335 2423 4389 79.

747 4423 989 4479 cundum
1047 4425 1247 4480 Lucam
1307 4438 1430 4480 cum
1495 4424 1921 4495 adpropincaset
1984 4422 2424 4538 DominusDSO.

748 4512 1004 4538 ιῙξΑ-τηιυ.
1091 4518 1140 4538 ιιι
1205 4513 1415 4538 ’.ειΑιιιιη
1476 4514 1617 4538 ηληζι.
1676 4515 1879 4538 ΑΑυιιιιιξη
1945 4516 2240 4538 ---....,ι.....
2330 4513 2387 4538 Οἱ

2329 4513 2426 4569 81.

748 4601 888 4658 alios
938 4602 1258 4673 egrediente
1304 4602 1536 4661 Domino
1584 4603 1653 4660 ab
1701 4603 1982 4674 Hiericho,
2023 4604 2093 4662 de
2121 4606 2244 4661 Sta-
2328 4602 2426 4662 82.

720 590 899 648 decim
929 590 1088 645 annis
1116 589 1173 644 in
1202 589 1348 644 ﬂuxu
1387 587 1667 658 sanguinis
1696 591 1904 643 curata.

723 682 800 737 De
849 679 1067 735 duobus
1116 677 1264 733 oecis
1318 680 1373 732 et
1420 675 1811 746 Beelzepub“,
1858 681 1914 730 et
1970 672 2226 744 predica-

722 770 874 826 tione
905 767 1128 834 Christi,
1159 779 1359 821 sanans
1404 780 1622 822 omnem
1672 765 1953 836 langorem
1984 770 2040 819 et
2069 762 2230 818 infir-

724 858 988 921 mitatem,
1020 855 1088 910 de
1136 868 1312 910 messe
1352 860 1407 910 et
1454 854 1705 924 operaris
1734 860 1789 909 et
1818 852 1886 908 de
1931 850 2229 908 misione"

732 946 796 999 l2
851 942 1228 1014 apostolorum
1292 943 1362 998 ad
1428 941 1846 1013 predicandum,
1905 940 2029 996 data
2095 941 2231 1011 ipsis

721 1039 989 1106 potestate
1027 1032 1431 1089 immundorum
1468 1032 1779 1103 spirituum.

722 1227 867 1280 nem,
901 1217 957 1268 et
985 1212 1054 1267 de
1091 1212 1242 1282 virga
1272 1210 1543 1281 portanda
1568 1215 1623 1265 et
1651 1223 1762 1265 non
1793 1209 2084 1279 portanda.

722 1301 798 1356 De
830 1299 1210 1370 predicatione
1240 1297 1443 1354 Christi
1481 1302 1607 1368 post
1637 1297 1953 1352 missionem
1989 1294 2054 1349 l2
2089 1308 2231 1366 apo-

721 1389 1015 1455 stolorum,
1057 1394 1112 1444 et
1142 1388 1255 1445 ﬁlio
1282 1387 1462 1444 viduae
1511 1387 1861 1453 resuscitato,
1895 1393 1950 1442 et
1987 1386 2055 1441 de
2093 1386 2232 1442 mis-

724 1482 883 1537 sione
913 1480 1146 1536 duorum
1185 1478 1582 1549 discipulorum
1613 1492 1644 1534 a
1671 1478 1918 1535 Johanne
1947 1478 2132 1533 vincto
2163 1476 2231 1532 ad

724 1572 932 1626 Jesum.

728 1662 804 1715 De
850 1657 1107 1728 phariseo
1154 1661 1384 1728 rogante
1430 1655 1719 1713 Dominum
1767 1656 1835 1712 ad
1882 1668 2145 1723 mensam,
2178 1659 2233 1711 et

726 1747 890 1804 Maria
919 1746 1253 1818 Magdalena,
1285 1752 1340 1802 et
1368 1746 1438 1802 de
1467 1745 1727 1802 albastro.

668 1880 683 1896 .
730 1839 805 1893 De
851 1838 1081 1892 Domino
1140 1835 1507 1906 exprobrante
1565 1835 1896 1903 civitatibus,
1928 1842 1985 1891 et
2012 1829 2410 1893 confes-B65.

731 1927 909 1993 sione,
942 1930 998 1981 et
1026 1924 1095 1981 de
1124 1925 1293 1995 spicis
1322 1925 1378 1980 in
1409 1924 1621 1981 sabato.

732 2017 807 2072 De
855 2028 1017 2071 manu
1055 2014 1209 2070 arida
1256 2020 1442 2069 sanata
1484 2015 1639 2084 juxta
1685 2014 2037 2072 concordiam
2087 2028 2227 2084 qua-

731 2111 859 2161 tuor
886 2103 1335 2175 evangelizarum.

730 2196 807 2250 De
845 2193 1115 2264 phariseis
1144 2197 1199 2248 et
1235 2191 1584 2261 Herodianis,
1617 2196 1673 2248 et
1710 2191 2059 2250 demonatico
2098 2206 2232 2250 ceco

733 2290 788 2340 et
816 2289 966 2340 muto
995 2288 1208 2339 sanato.

730 2376 808 2430 De
846 2374 1065 2430 Herode
1114 2378 1169 2428 et
1206 2372 1463 2443 passione
1511 2372 1686 2428 sancti
1732 2372 1959 2428 Joannis
1978 2372 2232 2442 baptizaz,

731 2464 802 2519 de
832 2462 1099 2519 miraculo
1125 2463 1369 2531 quinque
1400 2474 1599 2531 panum
1632 2466 1688 2517 et
1715 2462 1948 2518 duorum
1979 2462 2231 2531 piscium,

732 2552 802 2607 de
841 2551 1064 2621 pascha,
1097 2556 1154 2606 et
1181 2549 1250 2605 de
1280 2550 1405 2606 loco
1435 2550 1823 2607 decollationis
1851 2556 1907 2607 et
1934 2550 2234 2621 sepulturae

729 2638 1015 2695 Johannis.

733 2729 809 2783 De
858 2725 1228 2783 ambulatione
1277 2728 1492 2784 Domini
1540 2735 1596 2784 et
1642 2730 1790 2784 Petri
1837 2744 2006 2800 super
2060 2729 2236 2785 undas

733 2817 1052 2888 navigantes
1097 2823 1250 2873 trans
1294 2816 1494 2874 fretum
1542 2819 1783 2875 Genesar
1834 2818 2106 2890 [quarta83
2146 2819 2233 2874 vi-

734 2907 863 2979 gilia
912 2908 1112 2975 noctis,
1146 2912 1203 2963 et
1252 2906 1322 2964 de
1369 2908 1574 2979 pascha
1623 2915 1679 2965 et
1723 2909 1988 2965 miraculo
2037 2922 2235 2980 panum

735 3002 791 3052 et
828 2997 1102 3066 piscium].

676 3127 692 3143 .
736 3086 812 3141 De
833 3086 1086 3141 Cananea
1112 3083 1342 3140 muliere
1371 3089 1428 3140 et
1455 3084 1565 3140 ﬁlia
1589 3087 1708 3155 ejus
1736 3092 1944 3151 sanata,
1970 3085 2038 3142 de
2068 3087 2238 3144 surdo

738 3179 794 3228 et
841 3178 1012 3239 muto,
1045 3175 1101 3226 et
1146 3170 1446 3228 refectione
1478 3152 1715 3242 quatuor
1753 3173 1982 3229 millium
2031 3175 2100 3231 de
2142 3190 2235 3230 se-
2258 3152 2411 3233 Cl69.

739 3266 888 3331 ptem
940 3260 1176 3330 panibus
1221 3266 1277 3316 et
1324 3261 1513 3331 paucis
1564 3262 1825 3332 piscibus,
1875 3269 1931 3319 et
1976 3264 2046 3321 de
2103 3279 2235 3321 ceco

738 3349 1068 3417 illuminato,
1107 3348 1409 3406 secundum
1446 3352 1704 3407 Marcum.

739 3440 817 3495 De
845 3439 1280 3511 interrogatione
1313 3441 1550 3507 Domini,
1583 3440 1651 3496 de
1682 3440 1971 3510 discipulis
1998 3441 2135 3510 suis,
2169 3441 2237 3497 de
2317 3442 2412 3501 70.

740 3528 1177 3585 contradictione
1206 3529 1375 3596 Petri,
1409 3535 1465 3585 et
1492 3529 1973 3601 transfiguratione
2002 3530 2236 3595 Domini,

740 3617 809 3675 de
838 3618 995 3674 Moisi
1025 3624 1080 3675 et
1109 3618 1285 3685 Helia,
1318 3624 1374 3675 et
1403 3618 1668 3675 lunatico.
2319 3622 2380 3675 7t

737 3709 814 3764 De
842 3708 1079 3765 adventu
1106 3709 1323 3764 Domini
1352 3722 1382 3763 a
1411 3707 1613 3765 Galilea
1643 3710 1699 3765 in
1735 3709 2000 3779 Judazam,
2059 3715 2115 3765 et
2171 3710 2240 3766 de

741 3809 912 3853 uxore
941 3796 1300 3853 demittenda.

741 3887 818 3941 De
866 3885 1105 3955 parvulis
1148 3891 1204 3941 et
1232 3886 1481 3954 operaris
1512 3887 1569 3941 in
1607 3886 1840 3957 vineam,
1879 3888 1947 3945 de
1986 3888 2155 3956 bono,
2188 3896 2243 3945 et

742 3974 1058 4030 reversione
1089 3973 1303 4029 Domini
1333 3974 1390 4029 in
1417 3974 1696 4032 Galileam.

747 4512 1028 4581 Hiericho,
1088 4518 1143 4569 et
1201 4513 1419 4570 duobus
1472 4514 1620 4570 cecis
1675 4515 1881 4570 sanatis
1943 4516 2245 4572 secundum

750 4690 888 4749 cheo
908 4690 951 4723 ³³
982 4696 1037 4748 et
1068 4692 1364 4763 parabulis.

2307 761 2402 819 58.

2310 938 2406 994 59.

2311 1030 2406 1084 60.

2311 1117 2404 1176 61.

2310 1207 2406 1262 62.

2313 1476 2409 1531 63.

2312 1655 2407 1713 64.

2313 2370 2410 2429 66.

2315 2642 2409 2700 67.

2324 4244 2420 4299 78.

2448 598 2545 639 sex
2591 582 2710 638 dies
2765 582 3004 652 paschae,
3055 587 3111 638 et
3157 583 3392 639 crastino
3448 583 3503 638 in
3555 585 3724 651 palmis
3767 587 3858 644 luna

2451 672 2661 728 decima
2699 672 2755 727 in
2795 668 3156 728 Hierusalem;

2451 763 2526 817 De
2572 762 2741 832 gestis
2789 761 2980 831 primae
3010 766 3065 816 et
3094 760 3349 816 secundae
3402 761 3722 833 tertiaque“
3750 762 3859 820 feria

2446 853 2601 921 juxta
2634 850 2884 907 ordinem
2904 851 2964 918 “,
2997 850 3228 920 aliisque
3259 849 3461 905 multis.

2453 942 2528 995 De
2558 940 2726 996 biduo
2756 944 2883 995 ante
2912 939 3151 1010 paschae,
3186 938 3241 994 id
3270 941 3355 995 est
3382 945 3565 1008 quarta
3600 937 3732 996 feria.

2452 1031 2529 1085 De
2561 1029 2737 1100 primo
2767 1029 2856 1085 die
2886 1030 3202 1095 azimorum,
3235 1028 3340 1084 hoc
3369 1033 3452 1084 est
3479 1028 3653 1098 quinta
3677 1027 3799 1085 feria.

2454 1121 2529 1174 De
2559 1132 2693 1175 cena
2720 1119 2958 1175 Domini.

2454 1211 2529 1264 De
2561 1207 2772 1264 imno“
2811 1208 2961 1264 dicto
3014 1212 3070 1263 et
3114 1220 3339 1277 egressu
3384 1207 3589 1262 Domini
3638 1207 3688 1262 in
3725 1208 3864 1262 Getsa-

2454 1298 2599 1353 mani
2638 1298 2730 1353 ubi
2779 1304 2964 1354 tentus
2993 1303 3096 1363 est,
3131 1294 3199 1352 de
3250 1296 3421 1367 gestis
3458 1295 3680 1366 ejusdem
3718 1298 3864 1362 noctis,

2454 1392 2510 1443 et
2538 1387 2900 1459 denegatione
2929 1387 3077 1443 Petri
3104 1389 3259 1458 juxta
3289 1386 3555 1442 ordinem.

2457 1478 2533 1532 De
2562 1477 2733 1547 gestis
2765 1477 2875 1533 diei
2908 1477 3181 1547 passionis
3204 1476 3409 1532 Christi
3438 1482 3492 1531 et
3511 1474 3766 1545 sepultura:
3788 1477 3869 1544 ejus

2456 1573 2511 1623 et
2542 1566 3011 1623 lintheaminibus.

2456 1658 2532 1712 De
2574 1660 2929 1713 monumento
2966 1655 3203 1723 Domini,
3235 1660 3293 1711 et
3332 1653 3636 1710 mulieribus
3661 1658 3704 1709 et
3729 1660 3862 1710 custo-

2458 1745 2621 1801 dibus
2648 1745 2907 1816 sepulcri.

2458 1837 2533 1891 De
2569 1849 2798 1906 vespere
2828 1834 3039 1891 sabbati
3065 1848 3189 1904 quae
3220 1832 3455 1889 lucescit
3482 1832 3535 1889 in
3566 1833 3712 1904 prima
3742 1833 3862 1888 sabati

2453 1930 2609 1981 sexto
2659 1921 2749 1980 die
2808 1924 3173 1980 Kalendarum
3221 1923 3508 1992 Aprilium,
3548 1922 3660 1979 luna
3697 1922 3862 1990 septima

2453 2015 2686 2082 decima,
2718 2014 2774 2069 in
2816 2030 2924 2084 qua
2970 2014 3221 2070 Christus
3278 2012 3576 2068 resurrexit
3607 2026 3634 2067 a
3678 2009 3857 2074 mortuis,

2462 2108 2517 2159 et
2555 2103 2623 2159 de
2661 2104 2831 2174 gestis
2875 2103 3050 2172 ipsius
3092 2101 3225 2165 diei,
3274 2101 3524 2158 ordinate
3566 2100 3689 2155 sicut
3726 2102 3862 2154 tractat

2456 2199 2678 2248 sanctus
2722 2192 3058 2263 Augustinus
3107 2192 3260 2261 juxta
3322 2189 3654 2247 concordiam
3692 2195 3861 2259 quatuor

2456 2282 2909 2353 evangelizarum.

2457 2373 2532 2427 De
2588 2371 2906 2427 testimonio
2964 2368 3401 2440 evangelizarum
3458 2375 3511 2425 et
3568 2365 3715 2423 sancti
3759 2362 3862 2419 Pauli

2458 2459 2694 2532 apostoli
2753 2460 2809 2515 in
2859 2458 3091 2529 epistola
3141 2458 3210 2513 ad
3259 2459 3584 2515 Corintheos
3631 2458 3677 2513 in
3723 2468 3860 2525 apam-

2458 2549 2671 2608 tione‘3
2708 2549 2943 2616 Domini,
2973 2549 3127 2618 juxta
3166 2548 3544 2619 Augustinum.

2458 2643 2535 2697 De
2573 2638 2943 2695 ambulatione
2989 2636 3204 2694 Domini
3235 2637 3295 2693 in
3335 2637 3532 2695 Galilea
3566 2633 3859 2706 corporaliter,

2460 2734 2729 2786 tractante
2766 2727 3091 2798 Augustino.

2399 2860 2411 2873 .
2458 2821 2601 2888 Quot
2638 2818 2850 2873 vicibus
2888 2823 3013 2886 post
3042 2816 3509 2873 resurrectionem
3536 2828 3667 2871 suam
3691 2814 3736 2867 in
3764 2816 3863 2865 terra

2461 2914 2516 2963 et
2561 2908 2618 2963 in
2663 2906 2798 2963 caelo
2837 2905 3015 2962 vissus
3062 2913 3147 2961 est
3191 2906 3486 2973 Dominus,
3532 2908 3757 2960 tractante
3791 2902 3867 2953 Au-

2458 2996 2678 3068 gustino
2720 2997 2875 3066 juxta
2920 3000 3157 3065 quatuor
3211 2994 3557 3067 evangelizas
3599 2996 3868 3058 sanctumque

2460 3085 2707 3142 Paulum.

2459 3177 2536 3232 De
2600 3173 2846 3230 misterio
2910 3173 3200 3230 verborum
3267 3174 3491 3230 Domini
3552 3170 3722 3242 quibus
3774 3163 3868 3219 dixit

2461 3283 2491 3316 «
2513 3263 2826 3320 Praecedam
2856 3276 2952 3319 vos
2991 3263 3048 3318 in
3095 3262 3388 3331 Galileam,
3424 3282 3451 3315 »
3484 3266 3717 3317 tractante
3732 3258 3866 3311 sancto

2458 3354 2786 3425 Augustino.

2463 3445 2537 3499 De
2568 3442 2823 3514 passione
2852 3440 3027 3498 sancti
3058 3442 3202 3497 Petri
3230 3446 3284 3497 et
3308 3442 3388 3498 de
3412 3440 3723 3499 ordinatione
3746 3428 3866 3489 sancti

2462 3531 2778 3589 Clementis.

2404 3665 2416 3679 .
2465 3624 2538 3678 De
2564 3621 2819 3691 passione
2850 3619 3024 3675 sancti
3055 3618 3207 3674 Pauli
3241 3619 3499 3689 [apostoli
3522 3618 3595 3689 “j.

2320 3710 2416 3766 72.

2321 3799 2417 3854 73.

2325 3890 2418 3945 74.

2322 3978 2418 4035 75.

2322 4067 2417 4125 76.

2324 4155 2420 4209 77.

2466 3713 2539 3767 De
2571 3710 2824 3781 passione
2852 3708 3029 3765 sancti
3057 3707 3290 3764 Andreae
3318 3707 3571 3780 [apostoli
3589 3704 3660 3776 “j.

2465 3802 2540 3855 De
2572 3799 2825 3869 passione
2855 3796 3031 3853 sancti
3065 3796 3255 3852 Jacobi
3293 3796 3531 3868 apostoli
3570 3792 3655 3850 illii
3685 3781 3866 3846 Zebedei.

2467 3891 2540 3945 De
2571 3887 2960 3945 dormitatione
2989 3887 3164 3942 sancti
3181 3886 3454 3944 Johannis
3479 3881 3775 3955 evangelizae.

2468 3981 2543 4034 De
2574 3977 2827 4047 passione
2856 3975 3032 4031 sancti
3060 3975 3261 4046 Philipi
3291 3974 3529 4046 apostoli
3552 3973 3607 4028 ".

2467 4069 2542 4122 De
2572 4066 2827 4136 passione
2853 4066 3029 4120 sancti
3060 4058 3414 4121 Bartolomei.

2468 4157 2543 4211 De
2573 4156 2826 4224 passione
2855 4154 3030 4210 sancti
3060 4153 3303 4209 Thomas.

2469 4247 2543 4300 De
2575 4244 2828 4315 passione
2858 4242 3187 4299 sanctissimi
3216 4242 3438 4299 Mathei.

2471 4336 2546 4390 De
2585 4334 2839 4404 passione
2867 4333 3042 4388 sancti
3070 4333 3260 4388 Jacobi
3291 4331 3480 4388 fratris
3506 4325 3713 4386 Domini.

2470 4425 2545 4479 De
2575 4423 2830 4493 passione
2858 4422 3034 4478 sancti
3063 4422 3274 4477 Tathei.

2473 4514 2547 4569 De
2579 4513 2834 4583 passione
2863 4512 3038 4567 sancti
3068 4511 3306 4567 Simonis
3328 4507 3619 4566 Cannanei.

2471 4605 2547 4659 De
2576 4603 2731 4660 obitu
2761 4602 2936 4658 sancti
2966 4601 3182 4657 Mathiae
3211 4599 3471 4670 apostoli.

2471 4695 2546 4749 De
2574 4698 2783 4764 septem
2814 4691 3141 4748 diaconibus
3170 4690 3440 4747 ordinatis
3467 4687 3533 4744 ab
3560 4678 3786 4756 apostolis
3800 4672 3843 4724 “-

1523 4838 1952 4899 INCIPIUNT
1998 4839 2401 4899 CAPITULA
2441 4838 2667 4898 LIBRI
2709 4836 2987 4897 TERTII
3028 4831 3071 4871 47

689 5014 702 5029 .
749 4971 825 5027 De
864 4969 1145 5027 nativitate
1173 4969 1410 5036 Domini,
1444 4975 1501 5027 et
1528 4971 1597 5028 de
1634 4973 1805 5028 annis
1823 4973 1941 5043 ejus
1970 4972 2064 5043 qui
2106 4986 2248 5028 sem-

751 5072 851 5130 per
906 5058 1090 5117 mineo
1146 5058 1335 5117 colore
1390 5060 1797 5129 inscribuntur,
1853 5067 1910 5118 et
1965 5060 2035 5117 de
2091 5061 2252 5118 annis

2473 4970 2753 5029 Octaviani
2796 4969 3039 5027 Cessaris
3084 4968 3244 5040 nigro
3289 4966 3474 5023 colore
3520 4958 3667 5018 simul
3701 4950 3884 5010 ordinate

2476 5061 2530 5116 in
2589 5074 2863 5118 concursu
2921 5057 3273 5129 conscriptis,
3323 5054 3424 5113 sub
3461 5047 3750 5110 consulibus
3792 5046 3887 5107 PW‘

1963 5188 2183 5244 VARLE
2242 5188 2517 5244 LECTION
2526 5189 2622 5243 ES.

680 5301 723 5334 ³⁵
761 5302 801 5375 i.
833 5316 881 5357 ε.
914 5300 1164 5375 muliere.
1242 5301 1284 5333 ³⁸
1322 5301 1600 5375 Belzpub;
1638 5307 1824 5375 postea
1854 5300 2032 5359 littera
2061 5305 2102 5358 E
2126 5303 2206 5358 bis
2232 5303 2597 5375 suprascripta
2626 5302 2797 5375 esti.
2865 5300 2918 5375 ’7‘
2938 5299 3286 5375 demissione
3319 5297 3364 5354 l.
3439 5293 3480 5324 ³⁸
3503 5286 3709 5375 incinat}
3734 5282 3827 5375 ml
3853 5273 3887 5375 ξπ

611 5373 855 5446 margine
882 5373 1053 5430 altera
1082 5341 1238 5446 ηἷαηζι
1266 5341 1600 5430 αάιῖιῖῖανεαηὶ
1634 5341 2204 5446 1"."“53'13333557
2232 5341 2597 5446 οἷδ’
2626 5341 2762 5430 2de
2875 5341 3324 5446 AVBFHE'HEEHEn
3351 5341 3575 5435 margine
3596 5360 3703 5446 ρίξξι
3721 5341 3883 5446 ﬁt:

1180 5444 1223 5476 “
1253 5460 1352 5517 pro
1382 5446 1750 5517 apparitione.

1845 5445 1889 5477 “
1923 5453 2039 5517 post
2081 5446 2209 5502 add.
2259 5445 2428 5503 altera
2473 5445 2629 5502 mam:
2665 5447 2713 5501 l.

2790 5425 2831 5476 λέ
2869 5444 2981 5501 haec
2995 5425 3403 5516 ‘primhiﬁmnnu
3425 5425 3612 5516 εᾶηιηξό
3646 5425 3889 5516 ζημιζιαξρξξξ

614 5498 822 5591 adjecta
844 5498 1164 5591 auita—signo
1199 5498 1371 5591 posito
1385 5498 2045 5591 "ﬁJsi'biﬁi'iXXIii'II:
2084 5498 2147 5549 ’ίδῄ
2158 5498 3212 5591 hwcvprimd'indnuinﬁmovin?margine
3236 5514 3439 5591 adjecto
3461 5508 3592 5591 sunt,

614 5564 819 5598 --,—.~~~
852 5564 989 5586 νην,
1017 5564 1158 5587 ws.--
1199 5564 1365 5589 ,υννην
1403 5564 1523 5590 ,ηπ
1555 5564 1673 5591 -..ιν-
1705 5564 2011 5575 ..----...-.
2168 5564 2274 5574 .-.νυ
2691 5564 2859 5589 ..-,...--
2981 5564 3204 5586 ωηεν.--
3238 5564 3415 5585 ην--
3580 5564 3589 5569 ,
3665 5564 3680 5568 -
3773 5564 3782 5573 ,
3828 5564 3836 5567 _
3877 5569 3884 5581 ,

612 5592 735 5669 in“:
769 5588 977 5669 quam
1021 5587 1365 5669 γεώδηέοραθ
1392 5605 1518 5646 3W8
1545 5595 1855 5669 monstretur
1883 5592 1929 5647 l.
2008 5589 2047 5622 ⁵⁷
2085 5591 2370 5662 Sequentia
2415 5591 2572 5647 etiam
2608 5590 2662 5647 in
2688 5589 2722 5644 3
2753 5589 3010 5659 leguntur,
3050 5587 3121 5643 ibi
3150 5586 3311 5643 multa
3340 5581 3609 5640 mutantur.
3637 5564 3884 5633 Insmptw-

614 5659 894 5728 Incipiunt
917 5660 1155 5729 capitula
1186 5660 1311 5715 libri
1337 5663 1639 5731 sequentis.
