4040 6170
249 289 344 346 629

373 411 503 485 priis
539 411 583 445 ⁸⁸
617 413 917 470 secundum
957 414 1363 482 Cassiodorum,
1404 417 1682 488 gestisque
1730 414 1926 477 cer-A
1980 416 2041 472 8ο

371 502 437 557 tis
465 503 897 572 uniuscujusque
928 503 1054 558 anni
1105 519 1278 575 usque
1326 505 1380 560 in
1422 512 1651 563 mortem
1699 512 1868 566 Octa-
1982 506 2042 563 9.

368 591 528 658 viani,
573 598 627 648 et
655 592 696 623 ⁵⁹
727 600 855 649 tunc
887 599 1012 649 ante
1042 595 1317 650 Tiberium
1347 595 1492 651 sicut
1519 605 1645 654 ante
1675 614 1867 655 unum-

368 696 638 752 quemque
677 697 861 754 regem
903 690 1091 753 postea
1149 685 1442 742 habebitur
1486 703 1696 745 summa
1743 691 1866 746 col-
1952 683 2043 740 10-

369 771 505 828 lecta
573 786 838 829 annorum
895 775 1290 831 incarnationis
1336 791 1366 831 a
1415 778 1696 834 nativitate
1752 781 1864 836 Do-
1953 772 2040 831 ll.

368 863 498 918 mini
530 877 704 933 usque
742 863 799 919 in
837 863 998 920 ﬁnem
1039 866 1193 936 regni
1242 867 1486 936 ejusdem
1534 870 1680 940 regis
1728 871 1867 926 titu-
1953 861 2043 923 l2.

366 950 526 1006 latus.

269 1042 324 1101 2.
356 1042 430 1096 De
470 1041 690 1098 Tiberio
739 1043 965 1112 ejusque
1018 1044 1176 1099 annis
1215 1044 1372 1115 nigro
1421 1045 1629 1115 colore,
1682 1049 1865 1107 domi-

366 1131 506 1186 nicis
534 1137 714 1187 autem
745 1131 903 1188 annis
933 1133 1114 1189 mineo
1163 1134 1350 1191 colore
1397 1137 1499 1191 sub
1545 1139 1867 1196 consulibus

365 1229 416 1278 et
456 1222 627 1293 gestis
684 1223 926 1292 propriis
977 1223 1171 1279 ordine
1221 1225 1471 1294 predicto
1511 1227 1865 1299 uniuscujus-
1956 1223 2045 1284 l3.

363 1327 472 1382 que
524 1313 654 1367 anni
686 1327 857 1383 usque
897 1314 952 1368 in
982 1327 1185 1369 annum
1217 1328 1420 1370 nonum
1461 1316 1732 1374 decimum
1783 1320 1868 1375 in-

361 1401 720 1468 carnationis,
779 1402 984 1458 Tiberii
1041 1417 1170 1458 vero
1229 1405 1472 1472 tertium,
1530 1407 1624 1462 ubi
1671 1407 1868 1479 incipit

361 1489 672 1547 incarnatio
705 1492 861 1561 juxta
900 1493 1151 1548 cronicas
1177 1494 1398 1550 Eusebii
1430 1500 1483 1551 et
1513 1495 1674 1552 Bedze
1706 1511 1868 1566 pres-

361 1581 592 1649 speteri,
647 1585 703 1635 et
759 1595 935 1650 usque
993 1583 1047 1636 in
1104 1595 1304 1638 annum
1352 1584 1701 1655 vigessimum
1750 1592 1866 1642 ter-

362 1668 497 1723 tium
575 1669 1008 1737 incarnationis,
1079 1670 1281 1726 Tiberii
1345 1687 1474 1728 vero
1541 1675 1863 1744 septimum,

362 1757 457 1812 ubi
525 1757 724 1828 incipit
781 1759 1086 1815 incarnatio
1165 1762 1465 1818 secundum
1532 1753 1933 1820 DionissiumB

360 1861 488 1916 qua:
518 1847 648 1902 inde
700 1847 857 1919 nigro
897 1848 1083 1904 colore
1127 1851 1500 1907 conscribitur
1546 1853 1600 1908 in
1652 1867 1872 1925 marga-

362 1949 436 1990 no
477 1935 520 1966 ⁸⁰
557 1950 775 2006 semper
813 1937 914 1992 sub
953 1938 1176 1993 dextera
1216 1953 1396 1996 manu.
1442 1943 1618 2012 Reges
1647 1956 1869 2012 quoque
1957 1936 2044 1996 16.

362 2027 416 2080 in
478 2025 668 2081 eadem
716 2026 1097 2083 incarnatione
1147 2029 1420 2099 inscripti,
1475 2032 1618 2087 sicut
1664 2046 1868 2088 secun-

359 2115 492 2170 dum
551 2116 771 2171 Eusebii
837 2117 1110 2187 Bedzeque
1166 2120 1420 2174 cronicas
1479 2127 1864 2192 regnaverunt,

359 2204 616 2260 ordinate
646 2220 675 2260 e
707 2205 932 2275 regione
979 2206 1047 2261 ad
1097 2221 1272 2264 annos
1318 2209 1568 2278 singulos
1616 2211 1870 2266 incarna-

359 2294 533 2350 tionis
557 2295 712 2363 juxta
761 2295 1046 2350 historiam
1099 2297 1242 2352 sacri
1296 2299 1562 2369 evangelii
1611 2301 1668 2356 in
1720 2315 1868 2356 mar-

360 2397 504 2454 gano
569 2397 789 2454 semper
852 2385 954 2439 sub
1011 2385 1237 2441 sinistra
1296 2401 1478 2455 manu,
1548 2395 1602 2444 et
1677 2396 1868 2446 contra

366 2472 644 2541 predictos
683 2473 906 2529 eosdem
935 2489 1095 2545 reges
1126 2476 1181 2530 in
1212 2475 1313 2531 bac
1346 2491 1568 2546 quoque
1618 2478 1870 2534 incarna-

369 2561 515 2616 tione
571 2561 890 2632 inscriptos,
962 2562 1105 2619 sicut
1165 2578 1292 2620 vere
1349 2573 1732 2636 regnaverunt,
1799 2568 1868 2624 ad

366 2649 771 2706 ostendendum
819 2650 857 2682 '“
911 2653 1118 2708 erroris
1175 2655 1518 2711 cronicarum
1575 2670 1870 2712 annorum-

362 2754 470 2809 que
531 2740 926 2797 incarnationis
968 2744 1123 2812 juxta
1179 2744 1530 2811 Dionissium,
1584 2751 1640 2802 et
1695 2761 1868 2817 usque

361 2829 427 2883 ad
486 2843 691 2884 annum
751 2831 1003 2900 quintum
1053 2831 1325 2888 decimum
1373 2833 1591 2904 imperii
1641 2835 1866 2890 Tiberii.

305 2918 434 2974 .De
499 2931 644 2975 anno
701 2920 895 2990 quinto
952 2920 1167 2977 decimo
1215 2923 1439 2990 Tiberii,
1499 2923 1567 2978 de
1621 2923 1870 2980 Johnane

359 3013 412 3063 et
443 3008 681 3064 Domino
721 3009 788 3065 ab
828 3023 895 3065 eo
937 3009 1232 3078 babtizato,
1281 3013 1585 3068 secundum
1633 3018 1873 3082 quatuor

1956 1489 2019 1544 l4

1954 1669 2043 1729 15.

1957 2294 2045 2348 17.

1958 2472 2044 2527 18.

1955 2655 2046 2711 19.

1951 2833 2044 2891 20.

1951 2923 2046 2982 21.

1702 291 2108 349 CHRONICON.

3483 302 3591 359 630

2087 419 2162 474 De
2189 416 2403 475 Othone
2441 423 2497 474 et
2535 418 2653 489 ejus
2681 418 2914 490 imperio
2945 424 3001 476 et
3039 425 3235 478 morte.

2090 508 2165 563 De
2200 507 2440 574 Vitellio,
2473 507 2542 564 de
2573 508 2805 578 imperio
2845 509 3111 581 obituque
3150 513 3416 582 ejusdem,
3450 522 3589 575 teste

2085 598 2324 667 Josepho
2356 604 2486 652 tunc
2517 603 2791 668 presente.

2089 687 2163 742 De
2193 687 2523 756 Vespasiano
2561 686 2623 755 ⁸³,
2657 693 2711 743 et
2741 688 3116 746 destructione
3155 690 3514 751 Hierusalem.

2089 777 2163 830 De
2202 777 2321 833 Tito
2361 782 2415 832 et
2444 777 2762 833 consulibus
2791 778 3068 849 gestisque
3099 781 3200 835 sub
3233 780 3374 851 ipso.

2091 867 2165 921 De
2207 866 2511 922 Domitiano
2552 867 2903 936 imperatore,
2964 869 3032 924 de
3087 870 3316 927 Ancleto
3359 887 3497 943 papa
3537 881 3592 930 et

2091 955 2461 1011 decretalibus
2491 956 2742 1026 epistolis
2790 959 2928 1027 ejus,
2981 957 3049 1013 de
3097 966 3288 1016 sancto
3342 963 3592 1020 Johanne

2092 1046 2148 1101 in
2201 1045 2461 1101 ferventis
2516 1046 2624 1102 olei
2665 1046 2872 1102 dolium
2929 1048 3094 1105 misso
3134 1055 3189 1105 et
3245 1051 3474 1123 religato
3531 1055 3589 1110 in

2093 1134 2372 1190 Pathmum
2403 1136 2660 1203 insulam,
2690 1137 2783 1191 ubi
2813 1137 3167 1207 apocalipsim
3207 1139 3362 1195 vidit.

2091 1225 2164 1279 De
2229 1225 2403 1279 Nerva
2468 1224 2822 1293 imperatore,
2891 1225 2959 1280 de
3027 1227 3342 1284 reversione
3417 1231 3592 1287 sancti

2087 1312 2353 1368 Johannis
2409 1312 2464 1366 in
2520 1313 2792 1384 Ephesum
2857 1314 3128 1371 scribiens
3187 1317 3480 1388 eugelium,
3541 1326 3596 1376 et

2091 1401 2159 1458 de
2189 1401 2524 1458 martiribus.

2093 1493 2166 1546 De
2231 1492 2463 1547 Traiano
2523 1491 2874 1561 imperatore,
2917 1490 2986 1548 de
3051 1492 3382 1552 dormitione
3419 1498 3595 1553 sancti

2087 1580 2372 1647 Johannis,
2415 1587 2471 1636 et
2508 1579 2576 1636 de
2607 1580 2943 1636 martiribus.

2094 1672 2168 1726 De
2197 1671 2438 1727 Adriano
2479 1671 2833 1740 imperatore,
2893 1669 2961 1726 de
3019 1671 3170 1727 Sixto
3223 1686 3360 1742 papa
3401 1679 3455 1729 et
3492 1673 3594 1730 dc-

2096 1767 2249 1816 creto
2281 1762 2401 1830 ejus
2438 1759 2493 1814 in
2523 1760 2706 1825 missa,
2749 1759 2817 1815 de
2853 1759 3172 1816 Thelesforo
3222 1776 3362 1832 papa
3400 1768 3455 1818 et
3495 1763 3600 1818 de-

2095 1855 2248 1904 creto
2289 1850 2428 1918 ejus,
2461 1856 2515 1904 et
2545 1849 2614 1904 de
2644 1848 2980 1904 martiribus.

2094 1939 2169 1993 De
2209 1937 2486 1994 Antonino
2516 1938 2869 2008 imperatore,
2920 1943 2976 1994 et
3031 1937 3099 1994 de
3137 1939 3291 2010 Igino
3351 1953 3490 2010 papa
3545 1947 3601 1996 ct

2093 2027 2318 2083 decreto
2349 2029 2487 2096 ejus,
2529 2027 2597 2082 de
2647 2027 2742 2083 Pio
2782 2041 2942 2097 papa,
2994 2033 3049 2083 et
3092 2028 3160 2082 de
3205 2036 3466 2100 precepto
3504 2043 3600 2085 an-

2092 2116 2270 2187 gelico
2311 2116 2378 2171 de
2428 2115 2651 2186 pascha,
2684 2116 2752 2172 de
2805 2117 3034 2172 Aniceto
3089 2131 3228 2187 papa
3281 2124 3336 2174 et
3373 2118 3599 2175 decreto

2093 2220 2230 2274 ejus.

2091 2295 2166 2350 De
2199 2294 2378 2349 Marco
2418 2293 2769 2362 imperatore,
2827 2293 2896 2349 de
2935 2293 3171 2351 Sothero
3232 2309 3370 2365 papa
3409 2301 3465 2352 et
3503 2295 3600 2352 de-

2092 2391 2245 2440 creto
2276 2385 2394 2452 ejus
2423 2389 2477 2438 et
2505 2383 2574 2438 de
2604 2383 2940 2438 martiribus.

2092 2475 2167 2528 De
2231 2472 2530 2529 Commodo
2595 2472 2947 2542 imperatore,
2994 2473 3064 2529 de
3119 2473 3338 2532 Victore
3377 2488 3518 2546 papa
3546 2481 3603 2531 et

2091 2566 2318 2622 decreto
2343 2567 2481 2636 ejus,
2515 2570 2568 2621 et
2600 2565 2668 2620 de
2709 2565 2929 2633 pascha.

2091 2657 2167 2712 De
2207 2655 2364 2712 Helio
2393 2656 2724 2727 imperatore
2755 2659 2811 2710 et
2848 2655 2917 2711 de
2955 2655 3277 2712 consulibus
3324 2659 3380 2712 et
3429 2656 3600 2727 gestis

2093 2745 2194 2800 sub
2225 2746 2347 2815 ipso

2094 2835 2169 2890 De
2206 2833 2422 2889 Juliano
2462 2832 2816 2902 imperatore,
2851 2838 2990 2888 teste
3021 2833 3236 2889 Orosio.

2094 2925 2170 2979 De
2208 2924 2409 2979 Severo
2473 2923 2826 2993 imperatore,
2873 2922 2943 2978 de
2993 2923 3299 2993 Zepherino
3348 2936 3487 2994 papa
3535 2927 3591 2979 et

2097 3013 2322 3070 decreto
2354 3013 2492 3082 ejus.

357 3097 721 3167 evangelizas,
753 3099 1056 3169 Augustino
1088 3104 1248 3166 teste,
1300 3101 1369 3156 de
1411 3103 1626 3172 jejunio
1673 3105 1714 3134 δ’
1762 3088 2037 3161 Do-C22.
2073 3104 2144 3158 De
2171 3101 2416 3158 Carcalla
2443 3101 2486 3131 ⁸³
2514 3101 2846 3171 imperatore
2887 3105 2942 3156 et
2971 3099 3191 3156 nomine
3221 3101 3360 3170 ejus.

355 3187 491 3241 mini
536 3193 590 3242 et
632 3187 862 3243 victoria
902 3189 1040 3257 ejus,
1091 3188 1161 3242 de
1210 3188 1455 3257 diabulo,
1506 3191 1574 3246 de
1617 3193 1866 3262 predica-
1947 3189 2044 3248 23.

356 3275 513 3330 tione
576 3275 800 3343 Christi,
863 3283 918 3332 et
972 3277 1226 3346 passione
1281 3278 1548 3335 Johannis
1588 3281 1862 3337 babtistm.

258 3361 309 3414 4.
355 3364 428 3419 De
491 3364 749 3434 passione
806 3367 1022 3421 Domini
1081 3373 1135 3421 et
1163 3367 1442 3423 miraculis
1479 3367 1536 3422 in
1576 3369 1858 3439 passione,
1947 3368 2041 3427 24.

355 3451 421 3508 de
444 3453 800 3510 ordinatione
830 3456 1021 3512 Jacobi
1048 3456 1207 3524 primi
1238 3457 1590 3528 episcopi,de
1611 3459 1865 3528 passione
1946 3459 2041 3516 25.

356 3543 538 3598 sancti
577 3543 862 3614 Stephani,
923 3550 978 3599 et
1033 3545 1399 3602 conversione
1457 3547 1632 3602 sancti
1690 3547 1862 3614 Pauli,

357 3639 409 3687 et
445 3631 690 3688 adventu
729 3635 848 3703 ejus
885 3633 941 3688 in
982 3635 1344 3701 Ilierusalem,
1394 3649 1622 3692 manens
1648 3637 1794 3706 apud
1825 3638 1866 3670 ⁵³

356 3729 611 3777 sanctum
669 3723 888 3777 Petrum
938 3721 1136 3778 diebus
1182 3723 1519 3792 quindecim,
1561 3732 1615 3781 et
1654 3726 1866 3796 reliqua

357 3823 538 3880 usque
568 3810 636 3865 ad
675 3809 981 3866 Claudium.

299 3944 310 3955 .
358 3900 430 3955 De
473 3899 728 3964 Claudio,
761 3900 828 3955 de
859 3899 998 3956 fame
1029 3904 1084 3956 et
1114 3899 1369 3970 passione
1395 3901 1607 3960 Jacobii
1636 3903 1732 3958 ﬁlii
1771 3905 1866 3960 Ze-

358 3989 545 4054 bedei,
600 3989 668 4045 de
727 4003 948 4044 carcere
1013 3991 1188 4046 sancti
1254 3992 1421 4057 Petri,
1491 3992 1560 4048 de
1624 3994 1865 4050 secunda

357 4078 687 4134 ascensione
736 4079 911 4135 sancti
977 4079 1127 4134 Pauli
1193 4079 1249 4134 in
1316 4079 1655 4136 Hierusalem
1720 4095 1864 4138 anno

356 4174 560 4237 quarto
601 4168 816 4224 decimo
856 4168 1231 4224 conversionis
1285 4183 1400 4224 sum
1457 4169 1692 4240 loquens
1742 4185 1864 4226 cum

355 4263 554 4312 saneto
614 4259 798 4325 Petro,
858 4257 926 4313 de
965 4258 1202 4313 adventu
1241 4257 1416 4313 sancti
1455 4259 1604 4314 Petri
1642 4258 1709 4314 ad
1749 4261 1864 4316 Ro-

356 4362 522 4412 mam,
557 4353 614 4401 et
642 4347 853 4417 reliqua
883 4362 1054 4417 usque
1095 4347 1161 4402 ad
1194 4349 1486 4402 Neronem.

297 4478 308 4490 .
356 4437 430 4491 De
461 4438 707 4503 Nerone,
759 4443 815 4491 et
858 4444 1048 4492 sancto
1097 4437 1262 4492 Paulo
1300 4437 1485 4492 vincto
1531 4436 1599 4492 ad
1638 4419 1929 4493 RomamD

354 4526 549 4591 misso,
617 4525 686 4581 de
746 4525 997 4595 passione
1049 4525 1223 4580 sancti
1279 4525 1470 4581 Jacobi
1530 4524 1716 4580 fratris
1753 4528 1864 4583 Do-

356 4615 517 4680 mini,
568 4614 638 4670 de
705 4615 1113 4670 resurrextione
1153 4614 1352 4670 Christi
1422 4613 1478 4668 in
1527 4619 1720 4669 octavo
1762 4617 1866 4670 Ka-

356 4703 645 4759 lendarum
675 4704 941 4773 Aprilium
981 4704 1124 4758 sicut
1164 4704 1306 4758 Beda
1353 4709 1527 4773 putat,
1577 4703 1646 4758 de
1684 4705 1863 4761 Marco

355 4792 668 4863 evangeliza
723 4799 776 4848 et
835 4792 1088 4861 passione
1143 4785 1283 4862 ejus,
1343 4793 1411 4848 de
1472 4793 1726 4863 passione
1765 4795 1864 4849 Pe-

356 4882 432 4936 tri
463 4888 520 4938 et
548 4881 722 4945 Pauli,
755 4881 824 4937 de
862 4881 1140 4937 Clemente
1181 4895 1318 4951 papa
1344 4887 1398 4936 et
1437 4881 1700 4938 decretali
1739 4882 1862 4952 epi-

1947 3637 2043 3694 26.

1946 3815 2041 3873 27.

1947 3995 2040 4053 28.

1946 4352 2040 4411 29.

1946 4530 2041 4586 30.

1944 4706 2038 4763 31.

1944 4795 2038 4852 32.

359 4971 505 5026 stola
573 4973 692 5040 ejus
747 4971 815 5025 ad
871 4977 1117 5025 sanctum
1155 4970 1415 5026 Iacobum
1473 4970 1694 5027 fratrem
1758 4974 1864 5028 Do-

357 5060 516 5126 mini,
558 5059 626 5115 de
663 5059 982 5115 martiribus
1036 5059 1137 5115 sub
1174 5061 1391 5116 Nerone
1431 5061 1624 5132 passis,
1685 5066 1740 5118 et
1794 5061 1864 5118 de

357 5155 540 5204 morte
578 5149 832 5205 Neronis.

250 5235 308 5293 7.
357 5237 436 5292 De
475 5237 640 5293 Galba
669 5238 953 5308 ipsiusque
981 5235 1216 5308 imperio
1245 5242 1301 5293 et
1330 5243 1526 5295 morte.

1944 5149 2041 5209 33.

2091 3192 2165 3247 De
2199 3192 2439 3247 Macrino
2470 3191 2823 3262 imperatore,
2865 3190 2934 3246 de
2973 3190 3176 3246 Calisto
3217 3204 3356 3261 papa
3403 3194 3459 3247 et
3505 3189 3601 3246 de-

2091 3286 2243 3336 creto
2273 3281 2410 3350 ejus.

2091 3372 2164 3424 De
2198 3371 2378 3424 Marco
2407 3367 2629 3424 Aurelio
2661 3367 3015 3436 imperatore.

2092 3461 2165 3514 De
2229 3457 2450 3513 Aurelio
2510 3455 2818 3512 Alexandro
2877 3456 3229 3524 imperatore,
3271 3454 3339 3510 de
3379 3455 3598 3512 Urbano

2090 3561 2228 3618 papa
2258 3554 2313 3602 et
2343 3547 2567 3602 decreto
2598 3547 2736 3615 ejus,
2772 3549 2826 3600 et
2855 3544 2924 3599 de
2954 3543 3291 3599 martiribus.

2088 3639 2162 3692 De
2211 3637 2501 3692 Maximino
2559 3636 2907 3704 imperatore,
2968 3633 3037 3688 de
3083 3635 3288 3689 Antero
3346 3647 3488 3703 papa
3544 3641 3600 3691 et

2090 3727 2315 3782 decreto
2347 3727 2486 3794 ejus,
2518 3724 2586 3780 de
2617 3724 2855 3780 Fabiano
2905 3737 3044 3794 papa
3091 3729 3147 3778 et
3185 3721 3412 3779 decreto
3452 3725 3591 3793 ejus.

2091 3818 2166 3871 De
2203 3815 2477 3872 Gordiano
2517 3815 2868 3884 imperatore,
2903 3813 2971 3870 de
3001 3811 3322 3869 consulibus
3351 3816 3408 3868 et
3431 3814 3602 3883 gestis

2090 3906 2192 3961 sub
2223 3918 2310 3961 eo.

2091 3997 2166 4050 De
2242 3992 2535 4062 Philippho
2628 3992 2864 4062 primum
2938 3991 3268 4061 imperatore
3343 3990 3604 4047 credente

2089 4084 2327 4151 Christo,
2377 4083 2444 4138 de
2503 4094 2646 4136 anno
2703 4080 3020 4136 millessimo
3077 4079 3412 4136 conditionis
3449 4081 3604 4136 urbis

2089 4176 2278 4230 Romae
2316 4173 2417 4228 sub
2458 4173 2578 4241 ipso
2609 4170 2905 4240 completo,
2940 4175 3078 4225 teste
3119 4183 3278 4225 omne
3307 4169 3598 4234 historico,

2091 4264 2158 4319 de
2199 4263 2424 4318 decreto
2455 4259 2677 4316 Fabiani
2717 4273 2892 4328 papae.

2089 4354 2165 4407 De
2222 4352 2386 4406 Decio
2437 4350 2788 4418 imperatore,
2825 4346 2894 4401 de
2932 4344 3189 4401 Cornelio
3229 4359 3368 4415 papa
3407 4350 3464 4402 et
3501 4346 3600 4403 de-

2090 4449 2241 4496 creto
2273 4447 2327 4496 et
2357 4439 2611 4509 passione
2641 4438 2778 4506 ejus,
2812 4442 2867 4490 et
2904 4435 2972 4489 de
3013 4433 3345 4490 martiribus.

2089 4531 2163 4585 De
2191 4529 2342 4586 Gallo
2381 4533 2436 4584 et
2475 4526 2768 4583 Volusiano
2821 4523 3265 4594 imperatoribus,
3316 4523 3385 4580 de
3433 4523 3599 4580 Lucio

2090 4632 2228 4688 papa
2259 4623 2313 4672 et
2342 4617 2567 4672 decreto
2599 4617 2718 4685 ejus
2746 4621 2800 4670 et
2832 4613 3086 4683 passione
3117 4613 3256 4681 ejus.

2088 4709 2162 4762 De
2192 4706 2456 4762 Emiliano
2487 4705 2816 4776 imperatore
2851 4703 3015 4758 trium
3046 4700 3335 4756 mensium.

2089 4799 2161 4851 De
2195 4795 2478 4851 Valeriano
2543 4801 2600 4850 et
2679 4793 2924 4849 Gallieno
3001 4789 3446 4861 imperatoribus,
3528 4788 3598 4846 de

2086 4884 2362 4954 Stephano
2419 4897 2554 4954 papa
2603 4889 2658 4938 et
2704 4881 2928 4936 decreto
2978 4885 3032 4935 et
3071 4877 3325 4950 passione
3363 4879 3482 4947 ejus
3545 4882 3598 4934 et

2087 4973 2261 5028 sancti
2302 4971 2576 5028 Laurentii
2615 4984 2739 5027 cum
2777 4969 2920 5035 aliis,
2971 4969 3040 5024 de
3077 4967 3326 5025 Dionisio
3366 4980 3506 5037 papa
3545 4973 3600 5022 et

2089 5063 2312 5118 decreto
2341 5063 2480 5131 ejus,
2513 5067 2568 5117 et
2595 5061 2664 5116 de
2694 5059 3029 5116 martiribus.

2087 5153 2160 5206 De
2215 5151 2442 5206 Claudio
2499 5151 2852 5220 imperatore,
2895 5154 2950 5203 et
3005 5148 3073 5203 de
3130 5146 3299 5203 Felici
3338 5160 3478 5218 papa
3546 5150 3603 5202 et

2086 5241 2311 5297 decreto
2350 5241 2487 5310 ejus,
2522 5239 2673 5296 etde
2713 5237 3042 5294 marteribus
3069 5236 3130 5292 ³⁸.

1590 5339 1814 5394 VARI/Ii
1853 5341 2219 5396 LECTIONES

291 5431 331 5462 ⁵⁸
371 5432 517 5506 deest
554 5433 608 5488 2.
684 5433 728 5506 θ’
770 5433 942 5506 prima
993 5448 1176 5506 manus
1218 5437 1337 5504 post
1384 5436 1662 5492 Octaviani

218 5501 255 5532 "
319 5505 615 5561 ostendam
679 5505 725 5561 l.
770 5501 787 5506 ⁷
819 5505 862 5536 ⁵⁸
903 5505 1061 5628 junio
1114 5501 1254 5560 corr.
1300 5506 1512 5575 jejunio
1549 5506 1596 5560 1.

219 5571 259 5602 ⁸⁸
290 5573 549 5628 caricalla
577 5576 631 5628 3.
708 5575 751 5608 ⁵⁸
789 5577 865 5628 ita
934 5616 948 5628 .
980 5575 1067 5628 ubi
1096 5591 1216 5628 can.
1246 5575 1335 5628 33.
1368 5579 1539 5628 prima
1578 5594 1596 5628 (λ

219 5571 259 5602 ⁸⁸
290 5573 549 5631 caricalla
577 5576 631 5633 3.
708 5575 751 5608 ⁵⁸
789 5577 865 5633 ita
903 5571 948 5630 Ι.

1745 5438 1875 5506 ergit
1912 5445 2065 5504 tunc,

1764 5513 1882 5579 post
1931 5509 2060 5564 add.

2153 5442 2298 5494 estea
2350 5436 2524 5492 littera
2573 5451 2602 5492 e
2659 5434 2874 5505 adjecta
2913 5439 3016 5491 est.
3111 5434 3154 5465 ⁵ο
3193 5449 3292 5506 pro
3331 5433 3594 5505 margine.

2249 5508 2292 5540 ⁸⁵
2346 5509 2667 5578 Vespasino,
2716 5522 2746 5562 a
2788 5513 2908 5580 post
2962 5507 3371 5580 superscriptum
3417 5511 3494 5562 est
3547 5506 3568 5559 l

980 5575 1067 5631 ubi
1096 5591 1216 5649 cap.
1246 5575 1335 5632 33.
1366 5579 1539 5649 prima
1578 5593 1732 5633 manu
1764 5575 1822 5634 'in
1859 5581 2095 5650 margine
2134 5575 2469 5652 adscriptum
2496 5585 2592 5636 est.
