4000 6158
513 279 611 334 631
1921 267 2203 325 MARIANI
2240 267 2474 324 SCOTTI
3710 280 3790 336 53.2

509 405 603 462 34.
653 406 726 459 De
773 402 1036 470 Quintilio
1097 401 1425 469 imperatore
1488 394 1548 449 l7
1597 396 1829 462 dierum,
1880 395 1950 450 de
1995 391 2220 453 Euti-A
2375 391 2463 448 his
2494 389 2835 460 temporibus
2863 394 3086 446 sanctus
3110 391 3370 448 Patricius
3413 394 3622 467 refulget
3660 403 3787 457 virtu-

689 492 887 548 chiano
918 496 973 546 et
1003 491 1226 545 decreto
1258 489 1395 557 ejus.
2369 481 2518 536 tibus
2546 480 2603 534 in
2635 479 2917 535 Hibernia.
2961 480 3306 537 Sanctissima
3350 483 3493 555 virgo
3535 487 3707 558 Brigita
3742 492 3781 547 iu

507 582 600 639 35.
650 584 725 636 De
755 581 1048 636 Aureliano
1083 581 1432 648 imperatore,
1465 582 1520 631 et
1556 574 1687 630 Gaio
1719 587 1856 644 papa
1913 578 1969 629 et
1997 586 2144 628 mar-
2369 569 2631 625 Hibernia
2661 568 3006 624 mirabilibus
3035 567 3196 624 ludit.

649 669 880 724 toribus.
2227 658 2324 717 52.
2371 661 2445 714 De
2493 658 2834 715 Theodossio
2882 659 3233 728 imperatore,
3281 660 3346 716 de
3385 662 3568 731 pascha
3601 668 3705 721 anni
3733 670 3790 724 vi-

505 760 597 816 36.
647 760 720 813 De
761 757 946 811 Tacito
1005 755 1333 824 imperatore
1373 757 1426 807 et
1475 751 1795 808 consulibus
1859 756 1915 806 et
1978 748 2148 821 gestis
2370 748 2592 820 gessimi
2631 749 2794 819 primi
2838 749 2976 818 ejus,
3024 748 3091 803 de
3140 749 3366 818 epistola
3411 753 3678 811 Pascassini
3708 759 3790 828 epi-

647 848 749 904 sub
780 861 868 902 eo,
2371 838 2528 908 scopi
2590 837 2658 892 ad
2716 851 2911 908 papam
2962 839 3221 906 Leonem,
3271 839 3337 895 de
3374 842 3560 911 pascha
3599 846 3790 915 ejusdem

505 940 600 995 37.
648 941 724 993 De
755 936 1008 993 Floriano
1039 934 1370 1004 imperatore
1403 932 1698 1002 nonaginta
1730 929 1965 986 dierum.
2371 927 2522 994 anni,
2593 932 2647 983 et
2713 928 2781 983 de
2849 927 3172 984 consulibus
3235 931 3359 984 anni
3423 933 3586 1001 quarti
3638 934 3790 991 decimi

505 1030 600 1084 :38.
649 1029 723 1082 De
780 1025 960 1081 Probo
1019 1024 1350 1094 imperatore
1400 1029 1454 1077 et
1509 1019 1830 1077 consulibus
1868 1025 1922 1074 et
1978 1018 2148 1090 gestis
2366 1016 2682 1082 Theodosii,
2753 1031 2925 1086 usque
2993 1017 3060 1072 ad
3117 1019 3440 1075 Marcianum
3499 1021 3555 1074 ⁶¹.
3611 1024 3790 1080 Cronica

648 1117 749 1172 sub
780 1129 866 1172 eo,
2371 1105 2592 1161 Eusebii
2666 1105 2749 1161 vel
2814 1106 2974 1162 Bedze
3050 1107 3429 1164 contradicunt
3498 1110 3790 1169 incarnationi

505 1207 599 1263 39.
647 1208 722 1261 De
751 1207 888 1260 Caro
911 1207 967 1258 et
986 1202 1183 1259 Carino
1214 1200 1642 1271 imperatoribus
1662 1206 1717 1255 et
1745 1198 2065 1255 consulibus
2095 1204 2149 1253 et
2373 1195 2675 1251 secundum
2742 1194 3030 1252 historiam
3094 1198 3271 1254 sancti
3324 1198 3590 1270 evangelii,
3641 1201 3791 1259 deinde

650 1295 821 1367 gestis
846 1295 948 1349 sub
980 1293 1080 1348 eis.
2374 1285 2746 1340 consentiunt.

506 1386 601 1440 40.
649 1388 724 1440 De
780 1383 1121 1440 Diocletiano
1187 1381 1540 1450 imperatore,
1600 1379 1669 1434 de
1723 1377 1854 1433 Gaio
1915 1391 2054 1447 papa
2095 1385 2150 1433 et
2229 1373 2325 1428 53.
2372 1375 2448 1429 De
2513 1373 2786 1429 Marciano
2853 1373 3226 1445 imperatore,
3287 1375 3355 1430 de
3419 1375 3714 1446 consulibus,
3755 1386 3790 1432 et

647 1474 873 1530 decreto
913 1474 1050 1542 ejus,
1084 1469 1151 1525 de
1181 1468 1495 1524 Marcellino
1535 1482 1673 1539 papa
1719 1473 1884 1538 atque
1915 1468 1983 1523 de
2013 1468 2150 1522 Mar-
2375 1461 2576 1532 pascha
2607 1463 2738 1518 anni
2768 1463 2950 1534 quarti
2990 1468 3044 1520 et
3082 1464 3262 1534 quinti
3313 1471 3367 1520 et
3413 1467 3544 1520 sexti
3577 1467 3791 1532 Marciani,

648 1563 789 1620 cello
821 1576 960 1632 papa
990 1567 1045 1616 et
1074 1560 1299 1615 decreto
1331 1560 1469 1628 ejus.
2374 1558 2513 1607 teste
2559 1559 2751 1609 sancto
2800 1566 2939 1623 papa
2997 1554 3200 1621 Leone,
3253 1559 3309 1609 et
3351 1554 3643 1623 predatione
3685 1555 3794 1612 urbis

503 1655 598 1708 41.
646 1655 721 1709 De
777 1651 991 1707 Galerio
1057 1650 1408 1718 imperatore,
1449 1653 1505 1702 ct
1534 1647 1602 1702 de
1642 1645 1891 1702 Milciade
1922 1659 2060 1716 papa
2093 1651 2148 1700 et
2375 1643 2583 1699 Romae.

647 1743 872 1797 decreto
903 1741 1040 1809 ejus,
1083 1743 1137 1793 et
1165 1737 1234 1792 de
1265 1737 1610 1792 marteribus.
2161 1725 2209 1784 B
2229 1729 2325 1787 54.
2373 1731 2448 1786 De
2478 1731 2660 1788 Leone
2691 1731 3024 1804 imperatore
3057 1736 3114 1788 et
3142 1731 3465 1789 consulibus
3491 1735 3542 1787 et
3565 1732 3704 1802 gestis
3724 1734 3794 1788 sub

504 1834 599 1887 42.
647 1834 722 1887 De
761 1828 1120 1886 Constantino
1177 1827 1530 1896 imperatore,
1591 1825 1658 1880 de
1698 1825 1959 1880 Silvestro
2010 1837 2149 1893 papa
2372 1825 2515 1894 ipso.

648 1927 703 1976 et
723 1919 948 1975 decreto
979 1918 1118 1985 ejus,
1148 1915 1217 1971 de
1246 1915 1453 1970 Niceno
1477 1913 1713 1970 concilio
1744 1919 1799 1969 et
1827 1913 1933 1968 ﬁde
1964 1912 2151 1968 catho-
2227 1911 2323 1966 55.
2372 1914 2446 1968 De
2485 1914 2667 1969 Leone
2692 1911 2914 1982 juniore
2944 1911 3304 1982 imperatore,
3337 1919 3470 1970 teste
3497 1914 3696 1971 Iordane
3719 1913 3798 1984 Cpi-

650 2011 756 2066 lica
783 2009 839 2063 in
871 2014 1117 2076 tempore
1149 2005 1400 2070 istorum,
1455 2004 1523 2059 de
1562 2002 1852 2058 Theodoro
1884 2002 2147 2073 episc0po
2371 2016 2542 2072 scopo
2581 2001 2676 2071 qui
2707 2009 2836 2057 tunc
2867 2001 3144 2057 cronicam
3174 2004 3532 2073 compossuit.

648 2098 925 2154 scribente
957 2095 1387 2151 ecclesiasticam
1426 2092 1730 2159 historiam,
1783 2092 1850 2147 de
1889 2106 2054 2148 cruce
2094 2099 2150 2148 et
2228 2091 2325 2152 56.
2375 2093 2447 2147 De
2477 2094 2756 2147 Stennone
2787 2091 3116 2162 imperatore
3157 2096 3211 2148 et
3249 2093 3563 2150 consulibus
3595 2099 3642 2149 et
3677 2093 3798 2164 gestis

649 2189 718 2244 de
757 2190 933 2242 morte
987 2184 1110 2240 Arri
1169 2183 1419 2249 heretici,
1479 2182 1547 2238 de
1603 2181 1834 2252 epistola
1890 2180 2149 2236 Athanasi
2370 2181 2472 2236 sub
2504 2193 2590 2236 eo.

648 2277 896 2348 episcopi
928 2275 996 2331 ad
1035 2277 1272 2330 Marcum
1313 2287 1506 2343 papam
1565 2281 1620 2327 et
1676 2272 1744 2328 de
1784 2272 2147 2342 rescriptione
2229 2269 2324 2327 57.
2372 2271 2448 2324 De
2475 2269 2763 2326 Anastasio
2802 2268 3134 2340 imperatore
3173 2272 3496 2328 consulibus
3530 2278 3578 2328 et
3609 2271 3742 2342 gestis
3761 2278 3799 2326 et

647 2368 810 2424 Marci
850 2367 917 2422 ad
955 2364 1329 2432 Athanasium,
1371 2371 1430 2418 et
1473 2363 1541 2418 de
1588 2363 1741 2418 obitu
1781 2361 2145 2418 Constantini.
2374 2360 2549 2429 papis.

505 2458 600 2517 43.
647 2461 722 2514 De
752 2455 1112 2514 Constantino
1144 2460 1200 2510 et
1228 2453 1550 2508 Constantio
1603 2457 1658 2508 et
1704 2454 2002 2508 Constante
2041 2453 2147 2507 im-
2227 2450 2322 2507 58.
2373 2451 2447 2504 De
2476 2448 2691 2506 Iustino
2721 2447 3074 2519 imperatore,
3108 2455 3164 2506 et
3193 2451 3514 2508 consulibus
3540 2458 3588 2507 et
3610 2451 3742 2522 gestis
3763 2454 3801 2505 et

649 2544 1017 2616 peratoribus,
1058 2547 1113 2598 et
1141 2542 1210 2598 de
1251 2541 1568 2597 testimonio
1609 2542 1784 2597 sancti
1822 2541 1931 2596 Iuli
1969 2556 2145 2612 papae,
2372 2539 2548 2610 papis.

647 2635 716 2690 de
745 2647 888 2689 anno
929 2637 1125 2703 quarto
1165 2645 1355 2687 eorum
1403 2629 1712 2686 indictione
1764 2636 1936 2698 sexta,
1988 2637 2043 2686 et
2081 2631 2148 2687 de
2229 2629 2327 2684 59.
2376 2631 2448 2685 De
2479 2628 2789 2684 Iustiniano
2819 2629 3150 2700 imperatore
3183 2630 3455 2700 annisque
3491 2630 3698 2702 quinque
3721 2629 3805 2698 ejus

649 2730 823 2780 morte
897 2721 1098 2778 Antoni
1158 2719 1451 2788 monachi,
1520 2720 1588 2776 de
1654 2720 1826 2776 sacris
1900 2720 2151 2792 reliquiis
2373 2718 2475 2774 sub
2506 2717 2846 2784 consulibus,
2890 2722 2947 2773 et
2973 2718 3143 2788 gestis
3173 2733 3355 2788 usque
3405 2719 3471 2775 ad
3517 2718 3683 2776 ciclum
3714 2717 3802 2772 Dio-

647 2812 824 2868 sancti
853 2810 1122 2867 Timothei
1163 2815 1217 2866 et
1255 2810 1432 2866 sancti
1486 2809 1719 2866 Andreae
1774 2809 2151 2880 apostolorum
2377 2807 2529 2874 nissi,
2571 2807 2626 2863 id
2667 2814 2750 2864 est
2799 2807 2866 2863 ad
2907 2813 3118 2864 sextum
3156 2822 3366 2866 annum
3413 2809 3452 2840 ⁶²
3497 2809 3638 2879 hujus
3673 2805 3800 2861 Iusti-

649 2907 704 2957 et
769 2900 943 2955 sancti
1010 2898 1333 2969 evangelizze
1398 2899 1558 2954 Lucae
1619 2898 2150 2968 Constantinopolim
2377 2897 2546 2964 niani,
2580 2903 2718 2952 teste
2750 2895 2913 2952 Beda.

651 2989 901 3054 invectis,
944 2987 1012 3041 de
1050 2987 1205 3041 obitu
1243 2987 1606 3054 Constantini,
1637 2986 1939 3043 secundum
1968 2986 2149 3042 Theo-
2190 2987 2330 3055 U60.
2380 2989 2453 3043 De
2501 2993 2655 3042 sexto
2702 3000 2846 3043 anno
2892 2985 3206 3055 Iustiniani,
3254 2996 3319 3045 et
3374 2987 3656 3044 testimonio
3686 2984 3802 3042 Beda

653 3077 847 3132 dorum
878 3076 1195 3144 episcOpum
1228 3075 1556 3144 predictum.
1592 3053 1596 3054 ν
2175 3053 2218 3112 C
2377 3078 2532 3147 juxta
2562 3075 2784 3132 Eusebii
2815 3082 2869 3132 et
2896 3090 3049 3132 suam
3089 3053 3398 3146 cronicam,
3439 3077 3577 3149 quod
3616 3081 3684 3132 est
3720 3075 3804 3143 ipse

513 3166 609 3221 44.
656 3167 730 3220 De
762 3163 980 3219 Iuliano
1015 3163 1368 3232 imperatore,
1402 3163 1469 3218 de
1499 3163 1724 3234 Templo
1773 3163 2155 3222 Hierusolimis
2379 3165 2524 3221 idem
2554 3180 2729 3221 annus
2761 3166 3186 3223 ducentissimus
3217 3169 3673 3240 quadragessimus
3699 3168 3806 3220 octa-

654 3255 828 3324 ipsius
857 3258 1120 3323 precepto
1149 3253 1206 3308 in
1237 3251 1423 3308 odium
1460 3251 1662 3308 Christi
1711 3259 2049 3322 constructo,
2101 3262 2157 3310 et
2377 3270 2476 3311 vus
2540 3255 2863 3311 Diocletiani
2919 3255 3292 3326 imperatoris,
3365 3259 3432 3314 de
3494 3252 3806 3328 supputatione

657 3344 725 3400 de
755 3341 1034 3398 miraculis
1069 3341 1220 3408 inde,
1277 3340 1344 3396 de
1402 3340 1734 3397 misserrima
1791 3349 1966 3399 morte
2013 3345 2154 3414 ejus,
2381 3345 2607 3400 istorum
2640 3344 3002 3400 ducentorum
3041 3346 3410 3416 quadraginta
3439 3354 3557 3404 octo
3583 3354 3806 3404 annorum.

657 3440 793 3489 teste
827 3431 1117 3488 Theodoro
1150 3431 1434 3500 episcopo.
2380 3448 2446 3490 ex
2485 3434 2606 3504 ipso
2655 3433 2850 3489 eodem
2897 3447 3040 3489 anno
3094 3442 3250 3491 sexto
3301 3436 3603 3502 Iustiniani,
3638 3435 3722 3490 hoc
3749 3433 3808 3484 est

512 3526 607 3579 45.
657 3525 731 3579 De
767 3522 994 3579 Ioviano
1024 3521 1065 3551 ⁸⁷
1095 3521 1429 3590 imperatore
1478 3526 1531 3577 et
1576 3520 1729 3577 obitu
1777 3522 1916 3592 ejus,
1970 3523 2153 3580 Theo-
2381 3523 2557 3593 primo
2587 3536 2731 3578 anno
2785 3523 3048 3580 ciclorum
3106 3524 3374 3593 Dionissi,
3434 3541 3463 3582 a
3501 3525 3643 3582 nobis
3689 3531 3807 3590 supra

654 3615 792 3670 doro
822 3613 1084 3683 episcopo
1120 3611 1275 3682 [teste
1303 3610 1386 3681 ⁵⁸].
2381 3627 2570 3668 versus
2625 3627 2799 3682 usque
2855 3612 2923 3668 ad
2970 3613 3377 3671 Diocletianum
3425 3617 3571 3686 juxta
3618 3609 3809 3668 cronicas

511 3703 607 3757 46.
653 3705 728 3759 De
760 3702 1141 3758 Valentiniano
1171 3701 1522 3772 imperatore,
1555 3699 1623 3757 de
1663 3702 1962 3769 Monachis,
1995 3709 2051 3758 et
2081 3702 2149 3759 de
2381 3702 2658 3774 predictas
2687 3702 2908 3758 Eusebii
2947 3710 3002 3758 et
3027 3703 3209 3771 Bedte,
3245 3709 3416 3776 atque
3464 3720 3494 3760 a
3538 3700 3810 3760 Diocletiano

656 3793 809 3848 obitu
854 3791 1236 3857 Valentiniani,
1288 3796 1427 3846 teste
1465 3790 1756 3848 Theodoro
1797 3793 2080 3862 episcopo.
2165 3781 2172 3786 ’
2380 3793 2578 3848 iterum
2635 3797 2938 3847 retrorsum
2978 3807 3152 3862 usque
3209 3792 3264 3849 in
3310 3809 3509 3851 annum
3553 3791 3810 3864 praedictum

511 3882 606 3934 47.
655 3883 729 3936 De
776 3880 1002 3936 Valente
1051 3879 1383 3950 imperatore
1423 3884 1478 3935 et
1525 3880 1844 3937 consulibus
1890 3888 1944 3938 et
1986 3883 2157 3953 gestis
2379 3885 2591 3936 sextum
2636 3881 2929 3936 Iustiniani
2975 3882 3278 3938 secundum
3339 3883 3685 3941 testimonium
3717 3875 3815 3932 scri-

656 3970 758 4024 sub
799 3982 884 4024 eo.
2382 3977 2555 4040 ptume
2612 3975 2668 4026 et
2705 3985 2968 4042 paparum
3033 3977 3088 4028 et
3144 3973 3534 4045 episc0porum
3593 3969 3674 4042 qui
3721 3973 3813 4022 tunc

512 4058 606 4116 48.
655 4061 729 4114 De
758 4057 1015 4114 Gratiano
1055 4057 1384 4128 imperatore
1424 4063 1480 4114 et
1515 4059 1837 4116 consulibus
1884 4066 1940 4116 et
1987 4061 2156 4131 gestis
2378 4062 2668 4128 vixerunt,
2735 4061 2829 4117 ubi
2893 4066 3103 4132 septem
3167 4063 3300 4118 anni
3376 4063 3703 4120 inveniuntur
3749 4052 3815 4124 qui

655 4148 758 4204 50b
789 4147 933 4217 iPSO-
2377 4150 2577 4205 desunt
2634 4150 2690 4205 in
2748 4150 3014 4221 predictis
3080 4152 3323 4208 cronicis
3362 4168 3462 4224 per
3517 4157 3634 4209 octo
3689 4143 3817 4202 ciclos

511 4238 605 4291 49.
655 4238 729 4292 De
777 4235 1087 4292 Theodosio
1125 4234 1458 4306 imperatore
1497 4243 1551 4294 et
1605 4237 1759 4295 obitu
1817 4238 1955 4308 ejus,
2015 4243 2156 4297 teste
2380 4239 2912 4309 decennovennales,
2953 4240 3060 4297 hoc
3099 4244 3183 4297 est
3219 4256 3251 4297 a
3289 4241 3640 4300 Constantino
3673 4238 3818 4305 Magno

652 4326 942 4383 Theodoro
972 4325 1254 4396 episcopo.
2378 4343 2551 4399 usque
2581 4329 2649 4384 ad
2689 4330 3017 4386 Marcianum
3068 4336 3124 4386 et
3172 4336 3368 4401 postea
3415 4332 3650 4390 ordinate
3689 4334 3818 4393 usque

509 4417 604 4473 50.
655 4419 729 4472 De
759 4416 992 4474 Arcadio
1030 4417 1364 4487 imperatore
1392 4415 1453 4472 ³⁵³.
2171 4403 2220 4462 D
2381 4418 2448 4474 ad
2475 4419 2769 4475 Iustinum.

509 4505 607 4562 51.
655 4508 730 4562 De
785 4507 1029 4564 Honorio
1087 4507 1441 4576 imperatore,
1483 4514 1538 4562 et
1576 4506 1891 4565 testimonio
1931 4509 2154 4566 Luciani
2238 4509 2335 4565 61.
2382 4511 2456 4565 De
2494 4509 2708 4566 Iustino
2738 4509 3070 4580 imperatore
3101 4514 3156 4564 et
3183 4510 3358 4580 gestis
3385 4509 3488 4567 sub
3518 4522 3599 4565 eo.

653 4595 886 4650 viventis
943 4601 1095 4662 tunc,
1155 4594 1222 4650 de
1279 4609 1424 4651 anno
1481 4596 1716 4666 septimo
1773 4598 2024 4666 Honorii,
2087 4599 2155 4655 de
2237 4597 2332 4656 62.
2381 4599 2454 4654 De
2493 4597 2714 4654 Tiberio
2751 4597 3104 4667 imperatore.

653 4686 971 4741 testimonio
1037 4683 1395 4740 Paschassimi
1461 4685 1706 4756 episcopi
1759 4687 1840 4766 ad
1907 4696 2153 4745 sanctum
2236 4687 2330 4747 63.
2381 4690 2455 4744 De
2485 4687 2736 4744 Mauritio
2766 4688 3117 4757 imperatore,
3161 4691 3216 4742 et
3253 4686 3323 4743 de
3369 4700 3514 4744 anno
3551 4687 3659 4756 ejus
3699 4677 3823 4737 tertio

655 4790 847 4846 papam
889 4778 1144 4842 Leonem,
1178 4774 1246 4831 de
1287 4774 1604 4831 consulibus
1634 4781 1688 4832 et
1725 4778 1926 4846 pascha
1957 4784 2012 4834 et
2051 4780 2151 4835 mi-
2378 4777 2592 4834 decimo
2622 4776 2926 4833 indictione
2955 4776 3117 4832 tertia
3138 4776 3371 4844 decima,
3404 4789 3649 4846 annoque
3675 4775 3825 4827 octavo

655 4866 844 4922 raculo
875 4866 930 4922 in
964 4865 1165 4936 pascha
1195 4878 1338 4921 anno
1372 4878 1519 4922 nono
1550 4867 1778 4923 Honorii
1808 4868 1910 4924 sub
1940 4870 2152 4927 Zosimo
2379 4868 2594 4924 decimo
2632 4865 2937 4923 indictione
2967 4871 3181 4937 quarta,
3214 4872 3354 4922 teste
3385 4865 3549 4933 Beda,
3581 4864 3644 4919 de
3676 4862 3826 4916 sancto

657 4969 818 5027 papa,
850 4955 919 5012 de
948 4954 1222 5012 Celestino
1264 4968 1403 5026 papa
1450 4959 1505 5012 et
1553 4955 1778 5013 decreto
1827 4959 1946 5028 ejus
1991 4959 2051 5014 ⁸ο.
2095 4961 2153 5015 1n
2376 4956 2642 5028 Gregorio
2681 4969 2821 5027 papa
2860 4959 2915 5012 et
2963 4955 3191 5012 decreto
3239 4957 3359 5026 ejus
3399 4955 3456 5011 in
3507 4953 3678 5011 missa.
3711 4947 3827 5003 Tunc

1882 5086 2104 5141 VARIzE
2143 5085 2528 5143 LECTIONES.

585 5207 625 5236 ⁸⁷
666 5206 851 5263 lviano
881 5206 1237 5278 suprascripto
1268 5219 1320 5262 ο.
1363 5206 1444 5278 1η
1490 5206 1532 5237 ⁸⁸
1569 5206 1739 5263 altera
1761 5222 1924 5278 manu
1949 5212 2068 5278 post
2096 5206 2222 5262 add.
2267 5207 2317 5261 in
2367 5207 2598 5275 margine
2653 5204 2699 5260 1.
2795 5204 2844 5278 ⁵⁹ν
2873 5204 3251 5278 primumut-anu
3297 5205 3349 5260 in
3397 5202 3626 5278 margine
3668 5193 3831 5278 adsfrjf

509 5285 655 5358 ptum
693 5283 782 5358 est.
826 5265 1251 5358 Ιιρσξείῳὶιιιίιιιῃ.
1286 5279 1332 5334 l.
1429 5277 1702 5358 ‘°___I_nﬁmo
1750 5277 1803 5333 in
1861 5265 2092 5358 margine
2135 5279 2338 5358 signum
2378 5265 2504 5358 post
2546 5279 2684 5348 ejus,
2732 5265 2940 5358 posito,
2985 5276 3303 5358 adjiciuntur
3347 5265 3535 5358 prisz
3570 5265 3832 5358 mcaujgc

517 5334 716 5406 'verba:
767 5349 823 5404 in
874 5349 960 5404 his
999 5334 1341 5420 temporibus
1369 5380 1440 5390 ——
1469 5334 1750 5414 Hibernia,
1786 5355 1904 5421 post
1942 5334 2208 5406 Hibernia
2250 5334 2396 5421 novof
2434 5334 2593 5419 signo.
2624 5334 2816 5420 posito,
2857 5334 2940 5421 cui
2977 5334 3537 5421 in_'conte.ztu_itulluin
3572 5334 3831 5421 respondgl.

520 5421 784 5500 adduntur
820 5416 1234 5500 eademmtinu:
1275 5423 1636 5500 _Sanctissim_a
1683 5416 1951 5500 virg'on—
1998 5421 2162 5500 ludit1
2253 5420 2290 5452 ⁶¹
2344 5416 2672 5500 cianumhet
2708 5419 2976 5500 sequentia
3019 5419 3286 5500 _legu-ntur_
3311 5419 3364 5473 in
3408 5429 3601 5500 summa

515 5492 693 5622 p332
720 5508 876 5622 πέζα
903 5497 1130 5623 ,ΞΖ-ἆθλα,
1161 5500 1208 5618 eli
1238 5494 1385 5564 signa
1417 5495 1654 5566 apposito
1686 5486 1993 5563 osténditur,
2026 5492 2115 5549 ubi
2143 5493 2285 5552 locus
2323 5507 2500 5549 eorum
2537 5491 2603 5548 sit
2657 5492 2701 5547 1.
2775 5486 2839 5522 ’θ’
2887 5491 3028 5548 deest
3077 5486 3131 5546 in
3178 5496 3339 5560 textu,
3383 5493 3506 5561 post
3550 5487 3600 5541 in
3645 5486 3834 5548 morm“

523 5581 552 5622 a
850 5580 883 5621 τι
1019 5580 1145 5621 tum
1216 5607 1229 5619 .

523 5578 693 5622 auara
728 5579 883 5622 manu
909 5578 1145 5622 aaauum
1181 5578 1229 5619 ι.
