4000 6158
90 1777 93 1782 ’
209 1794 295 1852 71.

233 283 328 342 633

1482 295 1889 352 CHRONICON.
1927 326 2000 337 —
2038 295 2164 354 LIB.
2207 299 2298 354 Ill.

3475 304 3582 361 634

358 415 576 502 sanctus
622 416 778 502 pater
831 413 1200 472 Columbanus
1256 431 1322 472 ex
1371 423 1557 474 nostra
1611 421 2036 484 sanctis-A77.
2084 425 2159 479 De
2205 424 2387 480 Leone
2434 422 2789 494 imperatore,
2837 429 2894 481 et
2941 426 3009 483 de
3045 429 3307 499 Gregorio
3355 445 3494 502 papa
3524 435 3581 487 et

354 500 485 554 sima
535 500 712 557 insula
768 503 1055 570 Hibernia,
1105 520 1228 576 quae
1274 507 1453 563 insula
1493 510 1782 566 Scotorum
1812 511 1854 542 ⁸³

356 587 688 656 nominatur,
742 605 864 646 cum
912 599 1104 650 sancto
1155 595 1305 651 Gallo
1364 603 1419 652 et
1455 596 1577 653 aliis
1607 599 1854 669 probatis

355 677 639 750 discipulis
680 680 737 736 in
775 683 1140 753 Burgondiam
1180 686 1348 754 venit,
1388 693 1443 743 et
1487 688 1543 743 in
1593 689 1680 744 his
1709 694 1852 746 tem-

353 767 580 837 poribus
609 768 712 825 tuit
740 771 1002 828 Columba
1040 774 1345 845 Baetinique
1375 775 1417 806 ⁸⁸
1453 776 1509 832 in
1539 777 1741 834 Scotia.

224 856 309 916 64.
353 859 426 914 De
455 861 632 916 Focca
669 861 999 932 imperatore
1030 869 1086 919 et
1114 864 1202 896 “*
1229 867 1465 938 imagine
1497 870 1634 938 ejus.

225 946 310 1005 65.
354 948 428 1002 De
469 947 510 979 ⁸⁸
566 949 818 1007 Heraclio
876 952 1228 1022 imperatore,
1297 963 1352 1012 et
1412 957 1481 1013 de
1541 972 1686 1015 anno
1735 960 1853 1030 ejus

350 1042 505 1094 sexto
563 1037 776 1096 decimo
814 1040 1117 1099 indictione
1170 1044 1362 1115 quinta
1420 1047 1654 1115 decima,
1711 1056 1852 1106 teste

349 1127 515 1183 Beda.

218 1216 304 1275 66.
347 1217 421 1272 De
443 1215 487 1246 ⁸³
516 1218 769 1274 Heraclio
799 1219 1151 1291 imperatore,
1187 1229 1242 1279 et
1272 1223 1340 1281 de
1371 1224 1651 1284 hereticis.

214 1313 299 1370 67.
344 1315 418 1369 De
445 1313 489 1346 ⁸³
527 1316 885 1376 Constantino
915 1320 1268 1389 imperatore.

214 1409 299 1470 68.
343 1413 418 1467 De
461 1415 820 1471 Constantino
884 1416 1238 1486 imperatore,
1295 1424 1350 1475 et
1406 1420 1474 1477 de
1525 1435 1670 1480 anno
1729 1425 1849 1494 ejus

344 1514 494 1558 nono
526 1503 829 1560 indictione
857 1507 1112 1576 septima,
1153 1512 1293 1564 teste
1322 1509 1489 1566 Beda.

213 1597 297 1655 69.

210 1695 296 1752 70.

343 1600 416 1655 De
448 1601 807 1658 Constantino
837 1603 1169 1674 imperatore
1198 1613 1254 1662 et
1272 1621 1370 1663 sex
1398 1608 1629 1665 sinodis.

342 1699 416 1753 De
446 1700 756 1756 Justiniano
780 1700 1134 1772 imperatore.

341 1797 415 1853 De
446 1799 630 1854 Leone
661 1799 1014 1869 imperatore.

339 1896 415 1951 De
463 1881 683 1953 Tiberio
730 1899 1085 1969 imperatore,
1135 1905 1190 1956 et
1227 1901 1296 1958 de
1335 1903 1649 1961 testimonio
1683 1906 1844 1965 Bedae

341 1984 397 2039 in
452 1999 596 2041 anno
655 1987 1054 2044 incarnationis
1090 1991 1392 2049 secundum
1433 1994 1748 2066 Dionysium
1788 2001 1844 2052 et

207 1893 296 1948 72.

337 2073 641 2132 indictione
672 2079 848 2148 quinti
879 2079 1008 2134 anni
1041 2079 1266 2136 Tiberii.

201 2169 286 2227 73.
335 2171 412 2227 De
441 2175 748 2232 Justiniano
779 2176 1131 2246 imperatore.

192 2268 280 2326 74.
329 2271 405 2326 De
436 2272 711 2342 Philipico
737 2274 1092 2345 imperatore.

183 2365 274 2424 75.
325 2369 405 2424 De
425 2372 719 2428 Anastasio
749 2373 1100 2444 imperatore.
1133 2381 1188 2433 et
1208 2377 1277 2433 de
1305 2378 1568 2450 Gregorio
1600 2394 1739 2452 papa
1780 2387 1837 2438 et

326 2458 570 2516 decreto
600 2463 739 2530 ejus.

171 2554 268 2612 76.
318 2555 397 2612 De
445 2556 754 2616 Theodosio
783 2559 1133 2631 imperatore.

1869 1752 2030 1820 B89.

1919 2119 2015 2174 93.

2078 512 2303 569 decreto
2337 513 2474 581 ejus.

1934 600 2028 659 78.
2078 604 2152 658 De
2179 602 2376 673 Pipino
2403 603 2731 673 imperatore
2757 604 2924 660 etiam
2955 619 3021 661 ex
3050 605 3274 663 Francis
3304 607 3500 677 primo.

1932 690 2026 749 79.
2075 693 2150 748 De
2182 692 2383 748 Karulo
2415 694 2605 764 Magno
2635 694 2986 764 imperatore.

1933 780 2028 834 80.
2076 783 2150 837 De
2179 782 2475 838 Ludowico
2515 784 2868 852 imperatore,
2901 785 3015 841 ﬁlio
3046 786 3252 842 Karuli.

1933 867 2030 924 81.
2075 871 2150 926 De
2181 871 2447 927 Luthorio
2479 871 2834 942 imperatore,
2865 873 2977 929 ﬁlio
3009 874 3306 932 Ludowici.

1933 957 2026 1012 82.
2073 961 2149 1016 De
2197 960 2512 1028 Ludowico,
2565 962 2660 1031 qui
2699 966 2754 1017 et
2798 963 3113 1029 Lothorius,
3153 964 3264 1020 ﬁlio
3303 964 3572 1028 Lothorii,

2075 1055 2130 1105 et
2155 1050 2433 1119 quomodo
2464 1050 2604 1106 obiit
2641 1051 2897 1108 vendicta
2926 1054 3178 1124 corporis
3205 1053 3430 1111 Christi.

1931 1137 2028 1198 83.
2073 1140 2148 1195 De
2179 1139 2472 1196 Ludowico
2502 1139 2857 1210 imperatore,
2884 1141 2996 1198 ﬁlio
3026 1145 3165 1214 ejus.

1930 1227 2022 1286 84.
2071 1230 2148 1285 De
2194 1229 2391 1285 Karalo
2421 1229 2640 1285 seniore
2691 1230 3044 1301 imperatore,
3086 1238 3143 1290 et
3171 1233 3239 1290 de
3278 1231 3570 1290 Ludowico

2072 1317 2260 1382 Balbo,
2293 1317 2405 1374 ﬁlio
2437 1321 2576 1388 ejus.

1929 1405 2024 1464 85.
2071 1408 2146 1463 De
2175 1406 2372 1463 Karan
2399 1407 2621 1478 juniore
2652 1407 3008 1479 imperatore.

1929 1495 2023 1554 86.
2073 1497 2146 1553 De
2178 1496 2403 1554 Arnolfo
2434 1497 2787 1568 imperatore.

1928 1586 2027 1642 87.
2071 1589 2146 1643 De
2175 1587 2471 1644 Ludowico
2500 1588 2854 1659 imperatore,
2876 1588 2991 1648 ﬁlio
3011 1592 3150 1662 ejus.

1928 1675 2023 1733 88.
2071 1677 2145 1732 De
2176 1677 2430 1734 Cunrado
2459 1677 2812 1748 imperatore.

2077 1766 2152 1821 De
2181 1766 2442 1823 Heiurico
2472 1766 2822 1837 imperatore.

1927 1852 2024 1909 90.
2070 1856 2144 1911 De
2173 1856 2373 1911 Ottone
2404 1856 2757 1926 imperatore.

1925 1943 2020 1996 91.
2067 1945 2142 2000 De
2171 1946 2369 2001 Ottone
2400 1944 2754 2016 imperatore,
2787 1945 2900 2002 ﬁlio
2931 1947 3070 2017 ejus.

1923 2031 2020 2092 92.
2066 2035 2141 2090 De
2170 2035 2369 2091 Ottone
2401 2036 2565 2092 tertio
2608 2036 2963 2106 imperatore,
2997 2037 3109 2094 ﬁlio
3139 2038 3389 2094 secundi.

2061 2124 2138 2178 De
2170 2123 2428 2180 Heinrico
2448 2123 2490 2154 ⁸⁸
2519 2124 2852 2194 imperatore
2873 2124 2935 2180 ⁸⁷.

2062 2211 2138 2264 De
2169 2211 2460 2268 Cuonrado
2490 2212 2823 2282 imperatore
2853 2212 2915 2269 ⁸⁸.

2065 2301 2139 2355 De
2170 2299 2430 2356 Heinrico
2460 2300 2792 2372 imperatore
2813 2301 2875 2370 ⁸³,
2909 2301 3022 2358 ﬁlio
3056 2303 3194 2372 ejus.

2061 2390 2138 2446 De
2169 2390 2428 2448 Heinrico
2459 2390 2811 2462 imperatore,
2842 2391 2956 2448 ﬁlio
2985 2391 3148 2462 hujus
3169 2391 3230 2446 7°.

2063 2480 2144 2536 Ab
2183 2480 2352 2537 Adam
2400 2481 2686 2554 hucusque
2733 2495 2928 2540 omnes
2972 2481 3102 2538 anni
3152 2479 3403 2538 ordinate
3441 2485 3571 2536 sunt

2063 2571 2387 2641 conscripti.
3496 2590 3501 2595 ‘

1920 2208 2017 2267 94.

1921 2297 2016 2356 95.

1919 2387 2015 2446 96.

1142 2681 1452 2746 Primum
1485 2691 1545 2745 et
1579 2684 1939 2750 secundum
1973 2683 2218 2751 librum.
2249 2688 2613 2753 omisimus.

775 2799 1167 2885 INCIPIT
1225 2802 2074 3003 TER’l‘IUS(}.}Bll(B)JII{)
2131 2807 2761 2894 INDICTIONE
2826 2809 2986 2894 XII

260 3021 349 3076 42.
423 3022 629 3093 (illum)
695 3022 941 3080 Lentulus
996 3025 1035 3056 ⁷⁸
1102 3030 1151 3081 et
1205 3025 1444 3084 Messala
1499 3042 1548 3082 υ.
1605 3026 1738 3083 clar.
1790 3032 1840 3083 et

196 3111 387 3167 consul.
457 3112 717 3179 Quirinus
781 3128 848 3168 ex
913 3115 1145 3172 consilio
1210 3121 1434 3172 senatus
1497 3116 1554 3172 in
1592 3117 1836 3173 Iudaeam

197 3202 408 3266 missus,
441 3215 643 3257 census
671 3201 952 3258 hominum
985 3205 1503 3276 possessionumque
1533 3206 1822 3264 describit.

2067 3029 2201 3100 [cod.
2243 3031 2296 3085 in
2343 3032 2596 3101 margine,
2629 3033 2813 3089 Ciclus
2835 3034 2876 3065 ⁷²
2923 3033 3160 3090 decenn.
3191 3032 3388 3104 incipit
3417 3033 3563 3091 indi-

1918 3118 2101 3176 ctione
2137 3119 2228 3175 14a
2257 3134 2476 3192 unoque
2507 3123 2916 3194 concurrente.]

1987 3211 2041 3262 4.
2108 3207 2199 3264 45.
2257 3209 2452 3281 (Ηιειι.)
2517 3213 2781 3282 Augustus
2847 3215 3038 3270 Cessar
3097 3212 3187 3268 13°
3233 3218 3283 3270 et
3347 3213 3564 3270 Paulus.

195 3291 394 3347 Cristus
422 3291 741 3362 concipitur
777 3291 912 3348 feria
941 3270 1197 3351 6'octavo
1228 3270 1499 3352 Kalendas
1525 3296 1699 3366 April,
1732 3298 1831 3352 Jo-
1855 3270 2164 3355 C:Ilerodes
2221 3270 2344 3355 cum
2383 3270 2980 3358 Christivnativitatem
3031 3315 3312 3373 magorum
3358 3302 3567 3358 indicio

197 3381 394 3437 hannes
426 3381 667 3438 babtista
697 3382 942 3438 nascitur
961 3383 1014 3439 8.
1043 3384 1161 3439 Kal.
1185 3385 1335 3449 Julii,
1360 3383 1559 3454 (Cass)
1582 3386 1834 3441 Dominus

195 3476 358 3526 noster
401 3474 558 3528 Jesus
603 3471 856 3539 Christus,
909 3473 1049 3544 ﬁlius
1094 3475 1209 3538 Dei,
1262 3474 1342 3529 his
1385 3473 1678 3529 consulibus
1707 3477 1836 3531 Cas-

193 3560 392 3615 siodoro
413 3564 548 3616 teste
575 3560 630 3615 in
657 3559 883 3616 Betelem
918 3562 1070 3618 Iuda:
1099 3565 1279 3617 octauo
1311 3562 1395 3616 die
1431 3561 1558 3618 Kal.
1590 3562 1838 3618 Januarii

195 3649 443 3707 dominica
494 3655 648 3706 nocte
701 3651 955 3706 nascitur.
1009 3650 1250 3721 (Euang.)
1319 3652 1513 3708 Octauo
1559 3652 1716 3706 etiam
1752 3651 1837 3706 die

195 3737 439 3796 dominico
471 3740 881 3796 circumciditur.
939 3740 1110 3796 Tertio
1160 3739 1356 3795 decimo
1401 3739 1486 3794 die
1525 3737 1678 3794 stella
1707 3739 1838 3794 duce

196 3843 226 3881 a
262 3831 422 3900 magis
482 3830 764 3886 adoratur.
815 3829 1257 3898 Quadragessimo
1297 3830 1382 3884 die
1419 3845 1453 3884 a
1505 3829 1749 3886 Simeone
1786 3833 1837 3884 et

194 3921 334 3976 Anna
371 3920 697 3991 agnoscitur.
739 3920 936 3974 Deinde
989 3923 1230 3990 precepto
1296 3918 1550 3974 dominico
1597 3919 1654 3972 in
1698 3919 1837 3989 Egi-

189 4011 320 4072 Plum
346 4014 573 4082 propter
608 4013 795 4064 metum
823 4009 1052 4065 Herodis
1081 4007 1374 4064 deducitur.

255 4095 305 4152 2.
370 4097 463 4154 43.
541 4098 741 4170 (Hm-1a.)
793 4101 1057 4168 Augustus
1114 4099 1305 4155 Cessar
1373 4095 1463 4150 12°
1509 4100 1559 4152 et
1612 4095 1830 4152 Paulus.

190 4185 341 4242 Cesar
367 4187 671 4244 amicitiam
719 4202 842 4243 cum
889 4187 1104 4244 Parthis
1147 4186 1298 4244 facit.
1329 4187 1525 4242 Sextus
1578 4179 1834 4258 Phitago-

193 4274 326 4330 ricus
357 4277 732 4348 philosophus
762 4277 979 4333 claruit.

253 4363 303 4418 3.
341 4367 432 4422 44.
476 4367 688 4440 (HIER.)
729 4369 918 4424 Cossus
956 4364 1204 4422 Lentulus
1241 4370 1289 4420 et
1335 4365 1508 4421 Pisso.
1553 4367 1831 4436 Augustus

193 4451 452 4513 Tiberium
525 4463 582 4512 et
633 4457 926 4528 Agrippam
985 4456 1042 4512 in
1107 4455 1251 4511 ﬁlios
1305 4452 1607 4524 ad0ptavit.
1665 4453 1835 4509 Judas

193 4542 418 4602 Galileus
456 4545 533 4603 ad
573 4546 947 4602 rebellandum
977 4546 1184 4602 Judeos
1212 4543 1555 4602 cohortatur.

1917 3387 2284 3457 cognovisset,
2360 3389 2648 3446 universos
2722 3391 3001 3446 Bethelem
3078 3389 3334 3460 parvulos
3401 3389 3568 3458 jussit

1916 3475 2174 3530 interﬁci.

1986 3562 2042 3617 5.
2083 3561 2174 3616 46.
2221 3562 2433 3633 (Hum)
2480 3563 2686 3618 Vincius
2736 3569 2785 3618 et
2831 3562 3069 3634 Alfenus.
3101 3563 3360 3619 Asiniuus
3389 3563 3565 3619 Pollio

1917 3656 2106 3707 orator
2134 3658 2190 3707 et
2217 3651 2546 3716 consularis,
2577 3653 2672 3721 qui
2713 3653 2782 3707 de
2811 3651 3090 3707 Dalmatiis
3127 3653 3463 3722 triumpavit,
3495 3651 3568 3706 7O

1916 3740 2098 3796 aetatis
2125 3755 2239 3796 suae
2269 3754 2413 3796 anno
2442 3741 2498 3796 in
2528 3741 2657 3796 villa
2690 3741 2993 3797 Tusculana
3028 3742 3186 3798 obiit.

1987 3829 2040 3886 6.
2117 3829 2208 3884 47.
2289 3829 2497 3903 (HIER.)
2575 3830 2830 3888 Seruilius
2904 3835 2954 3887 et
3027 3832 3234 3887 Lamia.
3316 3831 3566 3888 Herodes

1916 3920 2110 3977 morbo
2158 3921 2449 3977 intercutis
2503 3936 2645 3992 aque
2686 3928 2742 3979 et
2790 3923 3132 3979 scatentibus
3170 3926 3288 3980 toto
3327 3935 3564 3994 corpore

1914 4010 2189 4066 vermibus
2217 4010 2635 4068 misserabiliter
2663 4019 2718 4068 et
2756 4012 2920 4084 digne
2952 4012 3204 4069 moritur-

1983 4099 2040 4153 7.
2083 4099 2169 4155 48.
2205 4098 2400 4171 (Ηιειι.)
2439 4099 2612 4156 Elius
2651 4104 2700 4156 et
2729 4101 2963 4158 Sentius.
3014 4103 3074 4157 In
3113 4100 3350 4158 Herodis
3379 4099 3560 4157 locum

1913 4187 2200 4244 Archilaus
2249 4188 2316 4244 ab
2365 4191 2609 4259 Augusto
2658 4190 3012 4246 substituitur
3058 4204 3160 4260 per
3205 4202 3381 4246 annos
3409 4190 3464 4256 7,
3506 4195 3562 4246 et

1912 4277 2206 4334 tetrarchae
2253 4277 2391 4333 ﬁunt
2435 4277 2632 4335 fratres
2687 4280 2827 4348 ejus,
2879 4277 3127 4334 Herodes
3180 4282 3237 4333 et
3274 4278 3562 4346 Antipater

1915 4371 1970 4422 et
2035 4367 2207 4423 Lisias
2278 4374 2334 4423 et
2397 4368 2702 4438 Philippus.
2766 4367 3013 4436 (Euang.)
3078 4369 3237 4422 Jesus
3311 4365 3561 4421 Christus

1915 4454 2171 4511 dominus
2207 4460 2398 4511 noster
2453 4470 2520 4512 ex
2558 4456 2776 4528 Egipto,
2830 4455 3010 4527 angeli
3049 4453 3298 4526 angelico
3347 4453 3390 4485 ⁷³
3427 4467 3559 4524 pre-

1915 4547 2078 4613 cepto
2125 4542 2427 4600 reducitur.

1539 4641 1760 4696 VARI/ﬁ
1818 4640 2204 4696 LECTIONES.

257 4741 296 4774 ⁸³
366 4743 511 4801 Séo'r
582 4744 628 4796 l.

198 4811 490 4885 baetiinque
559 4819 650 4870 aut
712 4811 1035 4885 baetririque
1123 4815 1169 4868 l.

198 4884 263 4958 ita
315 4882 734 4958 suprascribitur
787 4887 841 4941 in
895 4882 991 4942 ms.
1042 4886 1370 4950 Cottoniano,
1415 4884 1489 4958 in_
1525 4898 1624 4958 quo
1661 4882 1891 4958 solo‘ltaz

201 4954 237 4983 “
308 4959 334 4984 *
373 4953 428 5014 et
457 4960 498 5014 i.
544 4972 594 5012 e.
625 4963 741 5029 post
770 4958 934 5027 add.,
964 4958 1056 5014 sed
1080 4958 1252 5029 prima
1282 4971 1440 5012 manu
1475 4953 1738 5029 [Ἰδαίῳ.
1781 4953 1868 5008 65.

197 5042 381 5098 summa
412 5025 653 5098 margine
687 5029 734 5086 1.
768 5025 978 5085 Littera:
1002 5025 1162 5098 paulo
1202 5029 1428 5083 minores
1473 5030 1611 5098 sunt,
1643 5025 1750 5098 sed
1787 5025 1968 5098 eadem
2017 5040 2174 5080 manu
2219 5025 2655 5098 expressewqua
2702 5025 2895 5082 textus.

731 4743 836 4798 uad
913 4739 1553 4823 sanctorumﬁlegendum
1609 4754 1746 4823 esse.
1786 4739 2007 4795 videtur.
2064 4740 2350 4823 Scotorum
2427 4755 2574 4823 _corr.
2609 4745 2954 4823 .sapctorum
3021 4741 3074 4796 2.
3129 4739 3218 4823 f“
3264 4741 3341 4796 ita
3386 4745 3556 4823 aut:

1229 4812 1559 4895 Bethinique
1615 4811 1669 4864 2.
1727 4811 1783 4896 in
1817 4825 1974 4896 cujus
2037 4811 2339 4896 apographo
2427 4811 2637 4896 Kratisl.
2688 4812 2939 4896 legitur:
3007 4830 3054 4896 μ’
3095 4811 3556 4896 ρὴοιοῃλζιοίιιὶδ,

1894 4897 1922 4937 c
1937 4888 2217 5007 gmstrema
2272 4882 2508 4964 clausula
2545 4883 2764 4939 habetur
2811 4898 2924 4954 quae
2968 4883 3171 4939 videtur
3195 4882 3484 4965 subdititia.
3515 4904 3556 4964 _w

1901 4953 1934 5006 6
1980 4996 1992 5009 .
2033 4953 2146 5009 67..
2187 4956 2335 5009 siuna
2365 4959 2531 5009 posito
2562 4961 2676 5009 nost
2705 4969 2821 5009 can.
2852 4954 2942 5009 64.
2986 4961 3102 5009 nost
3138 4955 3322 5009 addita
3357 4960 3477 5009 sunt
3505 4969 3556 5009 ιη

2033 4953 2146 5021 67.,
2187 4956 2335 5024 signo
2359 4955 2531 5026 posito
2561 4961 2676 5026 post
2705 4953 2833 5026 cap.
2852 4954 2942 5024 64,
2970 4961 3102 5058 ‘post
3138 4955 3322 5038 addita
3357 4960 3477 5010 sunt
3505 4956 3561 5009 in

2033 5040 2174 5080 nanu
2219 5040 2502 5084 expressa.
2553 5042 2655 5084 aua
2702 5030 2895 5082 textus.
2991 5026 3012 5058 ⁶
3041 5028 3108 5082 Η.
3144 5029 3243 5084 Ριο
3272 5025 3326 5081 2.
3402 5025 3444 5057 ⁸⁷
3480 5027 3558 5081 De

199 5097 254 5173 _ll.
285 5099 332 5173 _i.
367 5095 800 5173 Babin'bergensi
833 5102 927 5170 qui
974 5095 1204 5173 absque;
1240 5099 1367 5154 ﬁliis
1414 5098 1553 5173 obiit
1572 5095 1671 5173 _3._
1712 5096 1784 5173 σξ-
1809 5097 1853 5173 ὶ.
1880 5097 2158 5173 Spirensi‘
2169 5095 2451 5173 quomodo
2482 5095 2704 5173 eligitur
2749 5098 2803 5173 in
2835 5111 3060 5173 regnum
3094 5097 3149 5153 3.
3225 5096 3267 5128 ⁵⁸
3295 5097 3333 5152 i.
3375 5099 3449 5153 H°
3497 5097 3553 5173 3.

197 5166 233 5196 "
267 5169 334 5224 de
364 5166 716 5229 Hiltihrando
746 5166 885 5242 papa
915 5179 970 5228 et
999 5166 1238 5228 decretis
1258 5173 1376 5240 ejus
1406 5171 1530 5226 add.
1565 5169 1621 5223 2.
1642 5170 1716 5225 De
1737 5170 1803 5242 Η.
1838 5168 1876 5223 i.
1920 5166 2009 5224 Ill.
2029 5175 2092 5242 et
2130 5166 2242 5242 ﬁlio
2264 5171 2383 5242 ejus
2411 5166 2688 5242 quomodo
2719 5170 2768 5225 ei
2802 5166 3159 5242 rebellaverat
3189 5174 3243 5225 et
3265 5169 3558 5242 quomodo

194 5252 396 5298 veneno
436 5243 581 5299 obiit
609 5246 664 5300 in
697 5239 850 5300 Italia
881 5249 936 5299 et
965 5244 1033 5300 de
1065 5239 1450 5298 Heldebrando
1482 5256 1621 5312 papa
1651 5247 1705 5297 et
1735 5241 1959 5296 decreto
1990 5241 2108 5309 ejus
2151 5240 2204 5295 3.
2237 5240 2408 5311 ibique
2436 5241 2546 5312 haec
2565 5241 2866 5312 adduntur:
2896 5241 2986 5295 97.
3019 5243 3092 5296 De
3123 5239 3394 5297 Ruodolfo
3427 5256 3555 5312 rege

201 5317 251 5390 et
282 5314 581 5373 Hernanuo
612 5331 740 5397 rege
771 5315 1049 5397 quomodo
1079 5315 1321 5397 Sasones
1359 5311 1651 5397 eos‘super
1678 5327 1738 5397 se
1763 5312 2169 5397 constituerunt
2193 5317 2254 5395 _et
2278 5311 2558 5397 quomodo
2589 5311 3049 5397 interfectiIsunt.
3074 5312 3164 5396 98.
3194 5314 3270 5368 De
3317 5311 3556 5397 lien'rico

200 5380 527 5453 imperatore
559 5393 613 5443 et
642 5380 756 5444 ﬁlio
783 5380 902 5457 ejus
933 5385 1212 5458 quomodo
1244 5385 1314 5458 ei,
1340 5380 1699 5458 rebellaverat
1727 5390 1782 5440 et
1810 5383 2091 5458 quomodo
2121 5380 2364 5458 privatus
2393 5389 2477 5440 est
2505 5396 2673 5458 regno
2703 5383 2936 5458 consilio
2956 5384 3274 5458 principum
3289 5390 3362 5458 _et
3390 5384 3557 5442 ﬁlium

201 5466 359 5522 super
413 5471 500 5533 se_
534 5473 714 5531 regem
775 5454 1224 5533 consti'tuerunt._
1281 5456 1317 5488 ⁷¹
1338 5459 1486 5533 _Quaa
1540 5455 1720 5533 littera
1784 5455 1998 5533 obliqua
2051 5455 2360 5533 excutienda
2415 5456 2708 5533 curauimus
2763 5457 2820 5511 in
2873 5455 3074 5533 codice_
3110 5454 3161 5513 l.
3199 5454 3375 5533 rubro
3413 5463 3560 5533 atra-

197 5525 774 5601 mentoscripta'sunt.
858 5531 898 5562 τ’
937 5533 1064 5587 Haec
1101 5534 1150 5585 et
1177 5526 1396 5599 singulis
1426 5528 1578 5584 annis
1605 5529 1758 5596 signa
1796 5527 1867 5584 ad
1899 5525 2084 5583 ciclum
2106 5525 2333 5584 solarem
2359 5527 2652 5598 spectantia
2688 5541 2846 5583 manu
2881 5527 3108 5584 secunda
3144 5527 3329 5586 addita
3353 5533 3473 5586 sunt
3507 5527 3553 5586 l.

197 5592 449 5655 "itali
