4000 6158
512 350 620 405 635

1918 345 2198 404 MARIANI
2238 345 2466 401 SCOTTI

3731 351 3814 406 636

585 476 638 533 8.
680 475 772 532 49.
837 477 1033 549 (111m)
1093 478 1258 535 Cinna
1313 481 1361 532 et
1429 474 1682 531 Valerius.
1725 476 1916 531 Fames
1967 470 2489 531 RomaeAcarnatio
2537 470 2733 541 incipit
2774 471 2930 540 juxta
2976 469 3226 526 cronicas
3283 470 3490 526 Eusebii
3545 471 3620 527 vel
3660 475 3806 533 Beda.

444 573 448 576 '
514 568 588 622 ita
637 566 854 638 ingens,
916 573 976 622 ut
1014 566 1257 636 quinque
1304 564 1472 620 modii
1518 565 1890 621 venderentur
1917 561 2159 619 denariis

510 656 702 727 viginti
733 662 946 726 septem
989 658 1175 712 semis.
1209 654 1460 711 Philistio
1493 655 1904 725 mimographus
1933 654 2156 709 natione

514 747 732 816 Magnes
761 746 1022 800 Assianus
1051 744 1089 776 ⁷⁵
1121 747 1293 800 Rome
1315 744 1495 800 clarus
1517 744 1771 800 habetur.

585 835 641 888 9.
681 833 771 888 50.
818 833 1023 904 (1111211.)
1081 834 1308 904 Lepidus
1357 838 1404 888 et
1447 835 1729 889 Aruncius.
1782 831 2034 888 Tiberius
2064 845 2160 887 ce-

517 938 608 980 sar
653 922 923 979 Dalmatas
952 924 1334 993 Sarmatasque
1381 924 1437 978 in
1483 925 1780 978 Romanam
1825 921 2026 992 redigit
2055 933 2164 991 po-

517 1017 793 1069 testatem.

595 1101 676 1155 10.
708 1101 797 1154 51':
831 1099 1027 1171 (Hum)
1071 1099 1310 1157 Caecilius
1341 1103 1389 1155 el
1417 1100 1678 1156 Lenicius.
1719 1098 2163 1155 Anthemodorus

515 1190 835 1246 Tharsensis
862 1189 1070 1245 stoicus
1101 1189 1465 1259 philosophus
1494 1189 1725 1259 insignis
1745 1189 1998 1244 habetur.

593 1278 677 1332 ll.
735 1277 824 1334 52.
892 1281 1094 1347 (111133.)
1163 1280 1354 1333 Furius
1409 1284 1458 1332 et
1518 1279 1744 1335 Nonius.
1810 1279 1880 1333 Μ.
1941 1277 2164 1333 Verrius

516 1366 744 1424 Flaccus
773 1368 1159 1439 grammaticus
1187 1367 1387 1422 clarus.

593 1455 676 1509 12.
725 1455 814 1512 53.
877 1455 1075 1527 (111311.)
1125 1454 1391 1527 Sulpicius
1430 1459 1478 1510 et
1506 1457 1834 1527 Poppaucus.
1868 1455 2165 1511 Athenien-

515 1559 606 1600 ses
653 1559 741 1601 res
788 1559 958 1600 novas
989 1550 1180 1600 contra
1215 1546 1491 1600 Romanos
1523 1545 1814 1600 molientes
1843 1544 2163 1615 opprimun-

519 1640 631 1700 tur,
663 1636 982 1691 auctoribus
1011 1635 1302 1690 seditionis
1327 1634 1576 1689 occissis.

596 1723 679 1777 13.
726 1723 816 1778 54.
876 1725 1019 1792 (Luc.
1079 1739 1143 1788 11,
1190 1723 1280 1788 42,
1329 1722 1439 1794 46.)
1488 1722 1762 1779 Dolabella
1819 1729 1867 1779 el
1919 1723 2158 1781 Silanus.

2239 561 2374 616 Dum
2413 565 2771 617 numerantur
2815 559 2945 616 anni
2992 560 3154 616 nobis
3181 573 3367 615 versus
3403 575 3559 630 supra
3585 576 3735 633 usque
3758 566 3808 620 ad

2239 663 2440 705 annum
2493 650 2969 721 quadragesimum
3043 648 3340 704 secundum
3388 650 3646 706 Octaviani
3708 655 3811 710 Ces-

2240 753 2396 795 saris.

2312 828 2401 882 20.
2441 827 2496 882 4.
2530 829 2729 896 (Hum)
2770 829 3086 899 Pomponius
3124 831 3173 882 et
3222 825 3407 884 Celius.
3446 827 3650 883 Ovidius
3691 837 3814 898 poeta

2243 917 2299 972 in
2330 917 2494 974 exilio
2526 917 2683 986 obiit,
2721 924 2776 972 et
2825 919 2980 987 juxta
3039 917 3302 986 oppidum
3349 918 3541 972 Tomus
3583 919 3816 987 sepelitur.

2312 1007 2402 1062 21.
2442 1008 2496 1062 5.
2532 1006 2731 1077 (1111211.)
2770 1008 2934 1063 Cesar
2969 1011 3020 1062 et
3061 1006 3401 1062 Germanicus
3429 1021 3613 1061 cessar.
3639 1008 3816 1062 Germa-

2244 1095 2400 1151 nicus
2429 1109 2584 1151 cesar
2613 1095 2682 1151 de
2720 1094 2936 1149 Parthis
2966 1092 3265 1149 triumiavit
3299 1093 3360 1147 ⁷⁶.
3391 1094 3656 1149 Tredecim
3692 1095 3820 1150 urbes

2243 1189 2406 1240 terrae
2464 1192 2615 1240 motu
2673 1187 3022 1249 corruerunt,
3075 1183 3130 1237 id
3189 1188 3273 1237 est
3329 1182 3586 1252 Ephesus,
3630 1185 3815 1253 Magnes,

2241 1275 2484 1341 Asardis,
2543 1275 2844 1338 Mostuene,
2902 1275 3034 1346 Age,
3097 1273 3284 1334 lliero,
3345 1274 3584 1338 Cesarea,
3630 1272 3817 1328 Filadel-

2244 1363 2392 1433 phia,
2459 1363 2712 1429 Tmolus,
2773 1364 3007 1428 Temus,
3085 1360 3494 1428 Cimemirhina,
3565 1361 3816 1431 Apollonia,

2243 1452 2607 1508 Diahircania.

2313 1541 2402 1597 22.
2427 1541 2481 1595 6.
2509 1541 2715 1613 (111113.)
2730 1539 2948 1598 Silanus
2968 1544 3016 1595 et
3030 1538 3340 1597 Norbanus.
3364 1538 3670 1604 Fenestella,
3689 1537 3818 1592 histo-

2244 1629 2447 1686 riarum
2495 1630 2735 1700 scriptor
2783 1635 2838 1684 et
2884 1629 3206 1694 carminum,
3249 1627 3678 1698 septuagenarius
3700 1625 3817 1691 obiit,

2245 1719 2620 1790 sepeliturque
2654 1718 2896 1774 Chumis.
2940 1717 3177 1788 Cyculus
3207 1731 3437 1787 magnus
3483 1714 3818 1786 pascalisinci-

517 1815 651 1868 Cum
696 1816 841 1868 esset
887 1814 1046 1868 Jesus
1075 1825 1340 1868 annorum
1371 1813 1664 1869 duodecim
1708 1814 1829 1884 [hoc
1860 1819 1962 1879 est,
2013 1801 2221 1870 sicutB
2245 1811 2325 1881 pit
2380 1809 2531 1875 hinc,
2596 1809 2652 1863 in
2702 1809 2860 1877 cujus
2915 1820 3060 1862 anno
3091 1805 3342 1862 secundo
3377 1807 3527 1874 juxta
3553 1803 3816 1860 Dionissium

517 1901 884 1971 Hieronymus
930 1901 1085 1966 dicit,
1122 1916 1242 1956 cum
1283 1902 1586 1971 compleret
1623 1916 1797 1958 annos
1828 1902 2159 1974 duodecim],

516 1990 772 2046 inventus
818 1996 901 2046 est
939 1991 992 2046 in
1046 1990 1272 2060 templo,
1312 1991 1512 2047 sedens
1542 1992 1687 2047 inter
1717 1992 1976 2048 doctores
2004 1993 2160 2063 legis,

518 2081 866 2151 interrogans
903 2086 958 2136 et
1004 2080 1235 2136 audiens
1281 2080 1427 2136 illos.
1473 2080 1667 2150 (111nm)
1720 2081 1944 2136 Messala
1975 2083 2164 2138 Corvi-

517 2183 622 2226 nus
670 2175 858 2225 orator
886 2176 1010 2223 ante
1060 2170 1339 2224 biennium
1382 2184 1542 2239 quam
1592 2170 1887 2226 moriretur
1941 2171 2017 2226 ita
2056 2185 2164 2226 me-

518 2257 744 2313 moriam
784 2272 848 2312 ac
877 2271 1096 2313 sensum
1131 2259 1388 2323 ammisit,
1422 2264 1482 2314 ut
1510 2258 1597 2314 vix
1627 2273 1799 2329 pauca
1828 2260 1994 2315 verba
2025 2273 2162 2316 con-

511 2349 790 2418 jungeret,
824 2352 879 2402 et
907 2347 974 2402 ad
997 2355 1321 2416 extremum,
1355 2349 1540 2404 ulcere
1571 2349 1718 2405 circa
1765 2351 1979 2420 spinam
2011 2356 2162 2414 nato,

516 2436 700 2491 inedia
729 2451 788 2492 se
819 2435 1077 2506 confecit,
1119 2438 1296 2492 sitatis
1324 2437 1396 2492 72
1426 2451 1592 2494 anno.

595 2523 678 2578 l4.
717 2524 808 2578 55.
843 2525 1040 2596 (ΗΠ-ΖΒ.)
1093 2526 1318 2597 Lepidus
1348 2532 1396 2582 et
1424 2525 1690 2582 Statilius.
1730 2528 2005 2596 Augustus
2041 2540 2163 2583 cum

518 2613 739 2669 Tiberio
786 2614 899 2669 lilio
938 2627 1039 2670 suo
1070 2629 1293 2670 censum
1323 2616 1510 2670 Romae
1540 2615 1771 2685 agitans,
1813 2615 2021 2672 invenit
2057 2616 2163 2672 ho-

520 2701 725 2757 minum
763 2704 1060 2774 nonaginta
1110 2710 1194 2759 ter
1244 2711 1476 2761 centena
1515 2710 1570 2760 et
1605 2704 1947 2775 septuaginta
1994 2703 2161 2759 milia.

596 2789 678 2845 15.
728 2789 819 2846 56.
851 2790 1055 2863 (Ηιειι.)
1101 2794 1264 2849 Cesar
1300 2797 1348 2848 et
1394 2793 1659 2849 Fonteius.
1702 2794 1863 2849 Socio
1913 2792 2162 2862 philoso-

521 2881 663 2952 phus
689 2881 1111 2948 Alexandrinus,
1143 2890 1439 2954 preceptor
1467 2886 1712 2951 Senecae,
1746 2883 1946 2939 clarus.

597 2970 680 3023 l6.
711 2969 800 3025 57.
839 2971 1050 3042 (8111111.)
1088 2970 1314 3027 Plancus
1364 2977 1413 3026 et
1463 2972 1648 3028 Silius.
1691 2972 1996 3039 Archilaus,
2051 2985 2163 3027 non

520 3058 824 3114 ferentibus
859 3060 1050 3114 Judeis
1099 3060 1197 3114 sed
1237 3061 1625 3115 accusantibus
1675 3061 1819 3130 apud
1862 3063 2163 3131 Augustum

2250 1899 2571 1970 [indictione
2602 1898 2764 1953 tertia
2785 1897 2851 1967 ⁷⁷]
2887 1902 3048 1952 natus
3078 1902 3162 1952 est
3189 1897 3474 1952 Dominus.

2321 1988 2474 2059 [Cod.
2521 1989 2578 2042 in
2606 1987 2857 2056 margine.
2899 1987 3082 2042 Ciclus
3109 1985 3313 2042 solaris
3350 1985 3539 2055 incipit
3563 1984 3688 2040 sicut
3710 1995 3816 2037 sem-

2246 2092 2345 2148 per
2382 2076 2731 2132 bisextilibus
2762 2083 2998 2145 quatuor
3023 2074 3542 2143 concurrentibus}

2316 2167 2406 2221 23.
2454 2167 2508 2220 7.
2569 2163 2668 2237 [1.]
2707 2164 2900 2233 (1111511.)
2951 2162 3185 2218 Valerius
3240 2168 3292 2218 et
3338 2163 3591 2218 Aurelius.
3627 2159 3816 2215 Tiberius

2247 2255 2449 2311 multos
2480 2267 2639 2324 reges
2682 2252 2749 2307 ad
2781 2267 2840 2307 se
2872 2266 2972 2322 per
3001 2251 3304 2306 blanditias
3335 2257 3579 2307 evocatos
3605 2259 3815 2317 nunquam

2247 2344 2522 2410 remissit;
2555 2343 2611 2397 in
2643 2341 2844 2412 quibus
2873 2348 2929 2397 et
2962 2341 3296 2397 Archelaum
3334 2339 3681 2410 Cappadocem
3705 2335 3814 2392 occi-

2247 2433 2404 2500 dens,
2438 2439 2494 2488 et
2539 2446 2710 2503 regno
2759 2433 2877 2501 ejus
2907 2432 2962 2486 in
3010 2431 3352 2501 provinciam
3402 2443 3571 2495 verso,
3614 2429 3812 2482 Mazacam

2247 2520 2642 2578 nobilissimam
2673 2520 2947 2575 civitatem
2996 2519 3306 2574 Cessariam
3336 2517 3585 2588 appellari
3612 2511 3813 2585 precepit.

2248 2608 2622 2667 Incarnatio"
2669 2609 2970 2664 secundum
3001 2608 3314 2665 Dionisium
3354 2607 3542 2676 incipit
3582 2601 3813 2660 indictione

2246 2707 2441 2770 quarta
2495 2698 2828 2769 [conscripta
2847 2695 2888 2727 7°
2937 2711 3037 2766 per
3084 2697 3346 2753 ordinem
3395 2711 3425 2752 e
3461 2695 3661 2766 regione
3691 2693 3819 2746 incar-

2247 2789 2488 2844 nationis
2511 2789 2668 2858 juxta
2697 2786 3077 2856 evangelium]

2315 2876 2407 2933 24.
2458 2877 2512 2931 8.
2569 2875 2664 2947 [11.]
2727 2875 2931 2947 (HIER.)
2963 2877 3124 2933 Cesar
3160 2880 3209 2930 et
3237 2877 3452 2932 Drusus
3478 2887 3627 2930 cesar.
3655 2867 3818 2937 Pompei

2246 2968 2518 3024 theatrum
2549 2966 2857 3022 incensum.

2315 3058 2407 3112 25.
2449 3056 2502 3110 9.
2538 3061 2669 3122 [111.]
2715 3053 2922 3126 (1111211.)
2953 3054 3233 3110 Harterius
3280 3061 3342 3111 et
3397 3053 3654 3127 Sulpicius.
3699 3046 3816 3103 Tibe-

522 3145 866 3202 ferocitatem
897 3149 1036 3216 ejus,
1083 3147 1140 3201 in
1183 3150 1446 3203 Viennam
1497 3150 1687 3204 urbem
1733 3149 1917 3205 Galliae
1948 3150 2164 3220 relega-
2185 3134 2230 3197 Ο
2249 3146 2364 3201 rius
2393 3148 2626 3201 Drusum
2656 3150 2971 3200 consortem
3003 3144 3159 3214 regni
3188 3141 3351 3200 facit.

522 3242 649 3302 tus;
683 3242 737 3291 et
767 3235 834 3291 ad
874 3236 1226 3292 minuendam
1253 3237 1463 3293 Judaici
1495 3238 1650 3308 regni
1689 3240 1989 3308 potentiam
2019 3239 2168 3295 inso-

520 3323 855 3394 lentiamque
885 3325 1278 3390 domitandam,
1309 3333 1547 3396 quatuor
1584 3326 1782 3383 fratres
1821 3329 1940 3397 ejus
1968 3341 2068 3398 pro
2099 3341 2166 3384 eo

519 3419 651 3469 sunt
688 3415 985 3470 tetrarcha;
1021 3417 1212 3482 creati,
1264 3417 1533 3483 Herodes,
1566 3417 1660 3487 qui
1690 3422 1746 3473 et
1773 3418 2020 3488 Antipas,
2050 3421 2166 3474 An-

521 3502 741 3573 tipater,
782 3504 955 3560 Lisias
982 3510 1036 3560 et
1066 3505 1373 3575 Philippus.

598 3591 681 3646 l7.
751 3592 798 3646 l.
862 3594 1242 3665 (Cass-Ilum.)
1299 3594 1573 3665 Pompeius
1629 3601 1677 3651 et
1730 3595 2004 3667 Apuleius.
2071 3595 2168 3651 His

519 3681 862 3748 consulibus,
912 3689 1052 3740 teste
1118 3684 1468 3751 Cassiodoro,
1518 3686 1844 3741 Octavanius
1891 3688 2168 3757 Augustus

525 3771 581 3826 in
611 3773 905 3842 Campania
937 3773 1028 3840 76,
1070 3773 1248 3828 aetatis
1294 3787 1409 3828 suae
1438 3787 1604 3837 anno,
1653 3774 1827 3830 Atelle
1873 3776 2167 3844 Campania

520 3857 738 3928 imperii
803 3874 947 3917 anno
1005 3860 1486 3932 quinquagessimo
1543 3869 1722 3926 sexto,
1789 3864 1938 3919 senis
2004 3863 2163 3928 obiit,

523 3959 710 4003 mense
758 3948 943 4016 quassi
999 3950 1342 4018 Septembri;
1413 3949 1790 4020 sepeliturque
1845 3952 1901 4006 in
1972 3965 2166 4022 campo

521 4035 735 4089 Martio.
767 4035 863 4089 Cui
896 4037 1163 4091 successit
1191 4037 1461 4092 Tiberius.

481 4190 488 4195 _
593 4124 945 4178 Romanorum
971 4124 1012 4155 ⁷⁵
1059 4123 1113 4179 3.
1164 4126 1401 4194 regnavit
1452 4124 1708 4193 Tiberius,
1751 4127 2021 4198 privignus
2057 4130 2167 4183 Au-

521 4211 678 4281 gusti,
729 4211 827 4267 hoc
873 4217 948 4268 est
993 4212 1156 4268 Libiae
1194 4214 1380 4269 uxoris
1436 4214 1546 4284 ejus
1585 4214 1751 4280 ﬁlius,
1783 4229 1849 4271 ex
1879 4217 2165 4285 superiore

520 4299 739 4370 genitus
789 4301 1045 4372 conjuge,
1098 4303 1258 4358 annis
1304 4303 1494 4373 viginti
1548 4303 1726 4358 tribus
1781 4308 1836 4359 et
1886 4303 2166 4374 aliquibus

521 4389 736 4456 diebus,
796 4394 935 4446 teste
984 4391 1264 4460 Josepho;
1321 4397 1376 4446 et
1423 4391 1528 4448 hoc
1581 4397 1665 4447 est
1706 4407 1881 4463 usque
1938 4393 2007 4449 ad
2040 4394 2160 4450 Kal.

2316 3235 2408 3291 26.
2460 3236 2543 3288 10.
2581 3235 2692 3306 [1v.]
2749 3234 2945 3303 (ΗΙΕΒ.)
2996 3234 3212 3289 Asinius
3258 3239 3318 3291 et
3365 3233 3618 3290 Antistius.
3667 3229 3816 3283 Drusus

2246 3337 2457 3380 veneno
2505 3324 2666 3380 obiit.
2727 3325 2790 3391 ρ.
2849 3322 3127 3390 Atherius,
3170 3330 3465 3394 promptus
3515 3327 3565 3378 et
3607 3312 3817 3390 popularis

2248 3420 2457 3482 orator,
2511 3427 2686 3484 usque
2735 3413 2803 3468 ad
2853 3411 2924 3466 9O
2961 3425 3162 3468 annum
3211 3427 3395 3484 prope
3450 3412 3502 3467 in
3553 3419 3727 3464 summo
3748 3403 3817 3458 ho-

2249 3518 2384 3560 nore
2415 3503 2786 3560 consenescit.

2320 3594 2410 3648 27.
2449 3593 2532 3648 ll.
2590 3591 2679 3662 [v.]
2717 3588 2912 3662 0111511.]
2972 3587 3241 3647 Cornelius
3305 3595 3355 3646 et
3419 3586 3650 3644 Vicellius.
3683 3581 3817 3638 Sevius

2249 3683 2492 3750 Plautus,
2537 3681 2785 3751 corrupti
2841 3679 2938 3735 ﬁlii
2987 3694 3136 3746 reus,
3184 3685 3367 3736 semet
3392 3679 3448 3734 in
3481 3675 3666 3748 judicio
3690 3673 3814 3728 inter-

2247 3771 2398 3828 fecit.

2317 3861 2407 3915 28.
2465 3858 2548 3914 12.
2604 3855 2718 3930 [v1.]
2773 3857 2969 3926 (111311.)
3019 3855 3232 3912 Asinius
3269 3862 3326 3912 et
3365 3859 3545 3914 Cossus
3594 3845 3812 3910 Cornelius.

2248 3950 2534 4019 Philippus
2562 3947 2838 4004 tetrarcha
2879 3945 3186 4012 Paneaden,
3239 3945 3300 4000 in
3341 3961 3446 4017 qua
3477 3943 3704 4016 plurimas
3725 3935 3816 3992 edes

2248 4045 2651 4103 construxerat,
2710 4038 2995 4093 Cesaream
3043 4035 3328 4106 Philipphi
3375 4035 3595 4100 vocavit,
3623 4037 3669 4086 et
3697 4023 3815 4082 Julia-

2248 4128 2372 4184 dem
2403 4128 2562 4183 aliam
2593 4126 2888 4181 civitatem.

2319 4216 2407 4272 29.
2457 4215 2540 4270 13.
2576 4219 2724 4281 [v11.]
2765 4211 2975 4285 (111113.)
3004 4212 3294 4270 Caluissius
3327 4219 3375 4270 et
3424 4210 3681 4270 Getulicus.
3720 4200 3817 4258 Pila-

2250 4313 2336 4362 tus
2367 4310 2692 4377 procurator
2719 4303 2908 4358 Judeae
2939 4317 2971 4356 a
3000 4302 3218 4357 Tiberio
3258 4302 3514 4358 mittitur.

2317 4393 2408 4448 30.
2473 4392 2556 4447 14.
2618 4396 2782 4457 [11111.]
2843 4392 3038 4462 (1111311.)
3091 4391 3213 4446 Piso
3262 4395 3315 4445 et
3363 4393 3590 4448 Crassus.
3621 4381 3818 4438 Votienus

519 4479 769 4545 Octobr.,
827 4479 883 4535 in
932 4493 1076 4536 anno
1125 4481 1319 4550 quinto
1378 4488 1504 4550 post
1552 4483 1864 4551 passionem
1923 4464 2535 4540 Domini.DMontanus
2579 4481 2953 4537 Narbonensis
2998 4485 3187 4537 orator
3232 4480 3289 4534 in
3331 4477 3653 4535 Baleatribus
3677 4463 3819 4525 insulis

518 4569 632 4624 Sub
688 4581 799 4638 quo
856 4569 912 4624 hi
981 4569 1238 4625 consules
1284 4567 1526 4638 fuerunt,
1597 4575 1736 4627 teste
1811 4572 2162 4629 Cassiodoro.

519 4657 715 4731 (Hum)
756 4658 919 4713 Gaius
954 4658 1174 4714 Asinius
1232 4659 1415 4715 Gallus
1463 4665 1670 4726 orator,
1719 4662 1898 4718 Assini
1957 4663 2166 4720 Pollio-

518 4747 605 4802 nis
655 4745 820 4811 ﬂlius,
878 4748 1035 4817 cujus
1101 4747 1264 4802 etiam
1329 4747 1585 4818 Virgilius
1643 4750 1910 4819 meminit,
1963 4750 2165 4817 clarus,

517 4834 656 4891 diris
685 4849 717 4890 a
745 4835 963 4891 Tiberio
995 4835 1284 4906 suppliciis
1314 4842 1594 4892 enecatur.

595 4923 678 4980 18.
727 4923 782 4979 2.
825 4926 1026 4979 Drusus
1064 4939 1215 4980 cesar
1251 4929 1300 4981 et
1345 4924 1649 4982 Norbanus.
1683 4925 1870 4982 Libius
1899 4927 2164 4986 historio-

518 5013 760 5085 graphus
783 5015 987 5071 Patavii
1019 5015 1177 5072 obiit.

595 5104 678 5158 19.
719 5104 772 5159 3.
816 5104 1010 5177 (Hum)
1043 5106 1300 5162 Sisennas
1350 5103 1554 5160 Titilius
1599 5107 1648 5160 et
1694 5104 2020 5163 Scribonius.
2070 5109 2164 5164 1n-

2249 4573 2502 4640 moritur,
2553 4571 2684 4627 illuc
2738 4586 2768 4626 a
2807 4570 3026 4626 Tiberio
3080 4568 3143 4622 15
3190 4581 3338 4625 anno
3387 4568 3631 4637 religatus
3657 4554 3814 4631 (BEN)-

2251 4663 2498 4718 Herodes
2562 4660 2837 4716 tetrarcha
2914 4659 3175 4729 princeps
3236 4657 3582 4719 Judaeorum,
3641 4653 3819 4741 regnetis

2249 4753 2408 4808 annis
2436 4750 2526 4813 24,
2559 4751 2613 4806 in
2653 4750 2921 4804 honorem
2967 4748 3168 4803 Tiberii
3217 4752 3273 4802 et
3319 4747 3505 4802 matris
3550 4744 3654 4812 ejus
3692 4734 3815 4791 bibis

2249 4841 2591 4898 Tiberiadem
2631 4837 2881 4895 condidit
2919 4843 2974 4893 et
3003 4835 3303 4892 Libiadem.
3668 4908 3749 4918 Α,

2317 4929 2408 4984 31.
2441 4929 2523 4983 15.
2553 4928 2640 5001 [1x]
2666 4926 2883 4985 Silanus
2911 4931 2959 4981 el
2989 4925 3175 4983 sum.
3208 4923 3411 4981 Αιιηοθο
3437 4907 3820 5001 ιὸίιηρθτίίτίδθῒ

2249 5021 2318 5077 rii
2347 4998 2571 5087 cesaris,
2604 5019 2728 5075 sub.
2763 5016 2998 5088 princip.
3039 5018 3195 5072 Anna
3238 5019 3295 5072 et
3339 4998 3818 5098 Cepha,iactutueS1

2246 5111 2472 5167 verbum
2508 5109 2723 5166 Domini
2770 5121 2938 5178 super
2987 5105 3313 5173 Iohannem,
3369 5098 3627 5158 Zacharia:
3669 5089 3816 5147 ﬁlium.

1887 5233 2111 5291 VARL’E
2149 5237 2534 5293 LECTIONES.

591 5353 739 5432 fita
775 5355 842 5432 l._
881 5355 1117 5432 asiamus
1162 5355 1651 5432 [2.1nagnesiamus
1678 5358 1855 5432 Hier;
1903 5358 1945 5391 ⁷⁵
1994 5361 2051 5415 in
2091 5363 2326 5432 margine
2371 5377 2528 5418 manu
2574 5359 2805 5416 secunda
2851 5358 3104 5415 additur:
3144 5355 3394 5432 Tiberius

1817 5425 1858 5461 ⁷⁸
1921 5432 2112 5489 sirium
2151 5425 2282 5490 facit
2313 5435 2357 5488 1.
2436 5434 2477 5464 ⁷⁷
2532 5433 2588 5487 in
2617 5447 2786 5500 marg,
2816 5446 2924 5486 sec.
2955 5445 3114 5486 manu
3142 5429 3270 5500 add.
3308 5427 3353 5480 1.

521 5511 659 5572 anno
697 5499 894 5570 scripta
920 5505 1039 5556 sunt
1070 5507 1189 5572 post
1217 5499 1471 5557 Aurelius
1500 5505 1548 5556 cl
1587 5500 1688 5555 hoc
1725 5499 1838 5556 loco
1884 5503 1930 5556 l.
2006 5505 2047 5536 7”
2102 5506 2197 5562 hoc
2225 5506 2337 5562 loco
2375 5504 2610 5561 secunda
2645 5499 2804 5559 manu
2842 5502 2968 5558 add.
3008 5502 3056 5556 1.

523 5426 716 5492 XXIV;
748 5431 796 5482 et
824 5428 902 5484 ita
931 5428 995 5484 de
1033 5429 1267 5485 omnibus
1293 5426 1713 5492 irnperatoribus.

3449 5340 3678 5419 regnavit
3695 5330 3815 5419 .3"???

3428 5403 3470 5453 vi
3485 5403 3638 5475 ’Ἦιεσ
3662 5409 3726 5466 bis
3747 5403 3816 5458 hoc

3150 5475 3210 5531 δεῖ
3217 5475 3353 5556 “1.10—0-
3378 5506 3509 5550 anno
3545 5490 3595 5543 in
3637 5475 3817 5544 margW

517 5567 784 5647 scriptum
803 5556 901 5647 est
934 5556 1348 5647 primamanus
1388 5572 1697 5647 Incarnatio
1727 5573 1940 5630 Domini
1987 5556 2329 5634 sicu'tnBeda
2352 5556 2624 5647 perbibet,
2648 5556 3034 5631 ieiunium
3065 5587 3260 5628 manu:
3319 5568 3524 5625 Primus
3548 5565 3702 5616 annus
3724 5556 3815 5618 P’e‘

521 5639 818 5699 dicationis
845 5639 1087 5711 Christi;
1120 5644 1302 5700 eadem
1339 5659 1394 5699 a.
1424 5643 1531 5700 34:
1564 5646 1799 5713 Quartus
1825 5660 2003 5705 annus
2031 5639 2428 5720 predicationis
2453 5639 2679 5706 Christi.
