4000 6158
243 301 343 356 637

1501 317 1907 374 CHRONICON.
1944 349 2018 360 —-
2054 322 2181 379 LIB.
2220 325 2311 380 111.

3489 338 3600 394 638

241 429 292 521 in
342 427 593 521 deserto:
629 431 697 521 Et
740 432 890 487 venit
938 432 994 489 in
1042 448 1259 493 omnem
1301 439 1582 510 regionem
1609 441 2040 503 IordanisAdie
2087 447 2205 504 Kal.
2238 449 2435 521 April.,
2467 452 2611 508 sicut
2660 453 2822 511 etiam
2870 462 3096 513 sanctus
3143 458 3489 520 1heronimus
3535 464 3592 520 in

240 516 372 586 (Luc.
430 533 512 584 111,
578 517 705 588 1-3).
755 521 1001 578 Matheus
1050 524 1131 580 sic
1165 546 1177 581 :
1214 545 1242 578 ‹‹
1281 528 1431 583 Tunc
1490 531 1639 586 venit
1693 533 1871 601 Iesus,

239 612 293 661 ut
318 605 688 676 baptizaretur
732 610 801 665 ab
854 625 920 667 eo
951 613 1006 667 in
1054 614 1293 672 Iordane
1336 616 1523 687 (Matii.
1566 634 1650 687 111,
1719 619 1801 690 13)
1843 639 1871 672 ››

235 698 286 748 ει
333 694 566 766 reliqua.
613 699 952 768 Augustinus
997 703 1078 757 sic
1131 703 1295 774 (119).
1336 707 1491 773 Quod
1529 713 1711 764 autem
1757 710 1873 765 Ma-

235 782 385 839 tbeus
411 785 491 840 ait
523 806 535 840 :
573 804 601 839 «
640 788 792 844 Tunc
820 789 971 845 venit
997 792 1157 847 Iesus
1185 808 1216 848 a
1244 794 1489 863 Gallilea,
1531 805 1592 853 ut
1620 798 1871 868 baptiza-

232 879 377 929 retur
422 887 455 928 a
503 874 779 931 Johanne.
838 898 863 927 ι)
924 880 1040 935 Ηοε
1093 889 1179 937 εει
1221 885 1524 941 secundum
1569 887 1873 944 Iohannem

232 962 607 1032 evangelizam.
651 982 681 1015 «
717 964 901 1022 Altera
930 974 1111 1024 autem
1142 969 1253 1038 die,
1287 991 1316 1023 »
1355 980 1412 1029 et
1440 975 1671 1046 reliqua.
1725 978 1870 1032 Mar-

229 1066 321 1107 cus
365 1053 680 1123 evangeliza
725 1055 807 1110 sic
853 1075 865 1111 :
915 1073 944 1108 «
983 1059 1051 1112 Et
1087 1058 1394 1129 baptizatus
1441 1071 1525 1120 est
1557 1079 1587 1120 a
1623 1066 1872 1122 Iohanne

224 1142 413 1212 (Marc.
460 1157 501 1208 1,
542 1141 619 1212 9).
654 1160 683 1195 »
716 1144 986 1201 Eusebius
1013 1147 1095 1202 sic
1114 1147 1153 1179 ⁸¹
1190 1169 1203 1204 :
1391 1169 1419 1203 «
1451 1155 1517 1209 Et
1562 1153 1681 1225 ipse
1716 1157 1874 1211 Iesus

229 1236 339 1285 erat
392 1231 670 1302 incipiens
727 1234 883 1303 quasi
949 1234 1021 1288 30
1074 1250 1344 1295 annorum
1402 1241 1648 1313 (Luem,
1689 1243 1797 1314 23).
1840 1260 1869 1298 »

227 1320 349 1375 Haec
376 1321 576 1376 Lucas.
610 1322 728 1377 Hoc
775 1328 859 1378 est
904 1337 1017 1381 non
1057 1326 1254 1396 plenus
1280 1328 1351 1383 30
1379 1344 1669 1401 annorum,
1710 1348 1870 1390 men-

225 1407 359 1464 sium
396 1408 485 1476 l2,
528 1409 625 1465 sed
655 1413 959 1468 secundum
1008 1415 1383 1474 Hieronimum
1431 1427 1488 1477 et
1533 1424 1734 1479 Lucam
1778 1437 1875 1479 an-

225 1513 345 1554 num
393 1499 699 1570 incipiebat
739 1501 829 1569 30,
867 1503 1122 1574 [quando
1170 1507 1477 1578 baptizatus
1523 1518 1627 1579 est,
1658 1514 1715 1569 in
1745 1514 1867 1585 die]

228 1586 504 1645 dominico
542 1589 795 1660 epifaniae
837 1592 967 1657 [die
1005 1594 1068 1648 13
1096 1597 1226 1651 anni
1254 1599 1339 1653 sui
1370 1598 1500 1671 30].
1561 1603 1872 1659 Secundum

222 1682 395 1732 autem
475 1678 687 1734 solares
741 1694 918 1737 annos
974 1687 1105 1740 tunc
1164 1685 1467 1756 incipiebat
1520 1704 1721 1747 annum
1778 1691 1868 1746 31.

1959 536 2321 609 martirilogio
2370 546 2603 597 testatur
2658 544 2821 612 (120).
2853 546 2921 600 Et
2967 544 3024 601 in
3072 548 3355 619 evangelio
3395 550 3600 607 dicitur

1957 626 2105 694 quod
2136 642 2309 699 prope
2348 636 2474 686 ante
2522 632 2724 701 pascha
2755 647 2949 703 passus
2976 642 3060 691 est
3086 636 3386 706 Iohannes,
3420 639 3599 708 pridie

1957 715 2138 771 Nonas
2192 719 2414 789 Aprilis,
2474 721 2529 776 in
2586 723 2798 789 sabato,
2848 724 2911 777 14
2964 724 3092 781 luna
3145 726 3306 796 primi
3372 729 3597 784 mensis.

1954 804 2210 861 Nostrum
2241 822 2373 864 vero
2404 810 2606 880 pascha
2636 813 2809 869 Nonis
2836 814 3038 883 Aprilis
3067 821 3203 884 erat,
3236 816 3281 872 si
3313 816 3497 887 esset.]
3568 876 3579 885 κ

2023 892 2114 948 34.
2188 894 2269 949 18.
2327 899 2466 970 [x11.]
2525 900 2739 974 (Cass)
2816 903 3051 959 Tiberius
3108 907 3271 962 σίδαν
3315 921 3365 961 υ.
3423 922 3596 962 conss.

1954 982 2318 1041 Cassiodorus
2366 988 2448 1043 sic
2482 1008 2494 1043 :
2531 1009 2559 1042 «
2604 992 2701 1046 His
2744 993 3066 1050 consulibus
3118 994 3373 1051 dominus
3411 1001 3602 1052 noster

1952 1071 2111 1127 Iesus
2148 1073 2397 1131 Christus
2426 1091 2619 1146 passus
2648 1087 2752 1148 est,
2785 1088 2979 1139 octavo
3010 1083 3100 1140 die
3130 1084 3248 1140 Kal.
3280 1085 3451 1155 April.
3478 1105 3492 1153 ;
3545 1092 3602 1142 et

1955 1158 2209 1219 deﬁ‘ectio
2240 1163 2375 1220 solis
2404 1164 2544 1223 facta
2575 1176 2679 1235 est,
2716 1171 2896 1240 qualis
2925 1178 3085 1229 antea
3119 1173 3201 1229 vel
3234 1178 3425 1244 postea
3461 1187 3601 1231 nun-

1955 1262 2118 1318 quam
2148 1251 2271 1307 fuit.
2305 1272 2333 1304 »
2366 1255 2565 1329 (Hum)
2603 1260 2761 1314 Iesus
2806 1261 3076 1328 Christus,
3110 1262 3253 1319 ﬁlius
3302 1264 3417 1331 Dei,
3445 1265 3599 1334 juxta

1956 1341 2261 1410 profhetias
2290 1357 2414 1413 qua:
2457 1345 2525 1401 de
2556 1360 2623 1402 eo
2668 1346 2884 1404 fuerant
2934 1351 3254 1419 prelocutae,
3289 1367 3481 1422 passus
3519 1360 3604 1409 est

1956 1438 2150 1488 octavo
2181 1433 2271 1488 die
2302 1433 2419 1488 Kal.
2446 1434 2644 1505 April.,
2674 1435 2802 1492 luna
2856 1436 2966 1505 158,
2992 1440 3147 1508 juxta
3179 1446 3417 1510 quatuor
3444 1456 3602 1498 evan-

1954 1519 2117 1590 gelia,
2150 1522 2207 1576 in
2237 1536 2381 1578 anno
2416 1522 2506 1577 18°
2532 1525 2748 1595 imperii
2778 1526 2982 1582 Tiberii
3012 1530 3263 1584 caessaris
3298 1530 3600 1586 secundum

1954 1610 2295 1681 evangelium
2324 1615 2499 1669 sancti
2526 1614 2830 1684 Johannis;
2871 1621 3037 1687 atque
3068 1618 3159 1673 die
3191 1619 3377 1684 tertio,
3428 1619 3484 1674 id
3518 1625 3602 1676 est

1954 1704 2110 1755 sexto
2141 1700 2231 1756 die
2262 1701 2381 1756 Kal.
2424 1703 2621 1773 April.,
2655 1705 2782 1760 luna
2818 1703 2929 1776 17°,
2974 1707 3276 1762 secundum
3308 1708 3597 1765 historiam

220 1767 402 1866 Annus
431 1767 579 1822 enim
609 1767 829 1836 solaris,
871 1771 929 1826 in
959 1774 1119 1843 cujus
1157 1773 1264 1831 ﬁne
1294 1782 1454 1834 natus
1482 1788 1587 1847 est,
1620 1778 2126 1844 nativita—Bsancti
2158 1790 2424 1862 evangelii
2454 1767 2488 1847 ἐ
2514 1793 2747 1849 mortuis
2795 1767 3117 1851 resurrexit.
3162 1796 3328 1866 Flego
3347 1795 3390 1827 ³³
3422 1797 3601 1853 histo-

222 1856 289 1910 tis
325 1858 446 1926 ejus
474 1871 653 1914 annus
678 1865 781 1914 est.
821 1862 1009 1917 Annus
1038 1868 1220 1920 autem
1259 1867 1439 1923 aetatis
1465 1883 1580 1926 suae
1616 1869 1681 1924 1'2
1717 1886 1869 1928 men-

222 1944 378 2013 sium,
415 1948 561 2003 sicut
592 1949 646 2003 in
678 1948 785 2005 ﬁne
814 1951 943 2006 anni
991 1952 1153 2022 primi
1185 1957 1485 2014 nativitatis
1522 1960 1750 2031 incepit,
1792 1963 1869 2018 ita

221 2034 274 2090 in
305 2036 412 2092 ﬁne
442 2040 572 2094 anni
618 2041 847 2097 secundi
898 2043 1197 2102 nativitatis
1223 2047 1354 2103 'sive
1392 2049 1591 2106 solaris
1628 2053 1870 2124 comple-

220 2125 310 2180 vit.
363 2128 624 2184 Marcus:
660 2148 689 2181 «
746 2132 811 2185 Et
856 2132 1041 2189 statim
1093 2142 1220 2204 post
1263 2137 1592 2195 babtismum
1640 2143 1869 2211 spiritus

216 2214 445 2283 expellit
475 2230 599 2271 eum
647 2218 703 2271 in
753 2219 1033 2276 desertum
1082 2223 1271 2293 (Marc.
1319 2225 1367 2292 1,
1406 2226 1512 2294 l2).
1550 2247 1579 2281 ››
1620 2231 1738 2286 Hoc
1785 2237 1869 2288 est

207 2302 522 2359 secundum
574 2306 844 2362 Matheum
877 2328 891 2363 :
926 2324 956 2364 tt
994 2311 1153 2367 Iesus
1190 2312 1388 2382 plenus
1415 2317 1623 2386 Spiritu
1650 2327 1864 2388 sancto,

1952 1877 2102 1933 ricus
2149 1877 2230 1933 sic
2272 1898 2285 1933 :
2332 1899 2359 1927 α
2417 1880 2620 1946 Quarto
2668 1894 2812 1937 anno
2860 1881 2967 1936 202
3011 1881 3334 1953 Olimpiadis
3380 1883 3478 1955 [id
3516 1891 3601 1940 est

1951 1967 2254 2022 secundum
2283 1969 2544 2034 Graecos]
2583 1984 2777 2040 magna
2827 1977 2885 2027 et
2920 1972 3198 2027 excellens
3234 1973 3380 2029 inter
3408 1987 3600 2029 omnes

1951 2070 2076 2126 quae
2105 2065 2234 2113 ante
2282 2071 2399 2113 eam
2438 2059 2754 2115 acciderant
2802 2059 3040 2118 defectio
3092 2062 3227 2117 solis
3273 2061 3453 2131 facta;
3487 2062 3599 2119 diei

1950 2144 2087 2199 hora
2141 2151 2294 2201 sexta
2351 2147 2427 2201 ita
2484 2148 2539 2202 in
2598 2148 2945 2204 tenebrosam
3005 2156 3224 2206 noctem
3281 2166 3489 2218 versus,
3540 2155 3601 2207 ut

1952 2234 2130 2290 stellae
2162 2235 2216 2289 in
2247 2235 2389 2292 caelo
2418 2236 2578 2292 vissaa
2617 2238 2749 2292 sint.
2781 2239 3077 2308 Terracque
3115 2246 3297 2295 motus
3324 2241 3381 2295 in
3421 2241 3598 2296 Bithi-

1950 2323 2041 2379 nia
2068 2324 2293 2380 Nicena;
2321 2325 2476 2381 urbis
2504 2324 2705 2381 multas
2732 2326 2865 2382 cdes
2894 2327 3180 2383 subvertit.
3205 2347 3233 2379 »
3268 2330 3380 2384 Hec
3410 2330 3598 2399 Flego.

203 2405 506 2488 regressus
533 2396 565 2488 ιι
592 2394 854 2488 Iordane,
896 2402 953 2451 et
978 2399 1245 2468 agebatur
1272 2401 1329 2456 in
1367 2404 1565 2472 spiritu
1600 2407 1656 2461 in
1687 2408 1870 2465 deser—
1946 2414 2220 2483 Iosephus
2249 2414 2434 2485 etiam,
2469 2415 2796 2471 vernaculus
2842 2416 3143 2473 Iudeorum
3173 2418 3414 2488 scriptor
3430 2394 3603 2475 histo-

199 2483 315 2533 tum
345 2478 406 2533 in
453 2480 650 2535 diebus
676 2480 747 2535 40
776 2482 922 2551 (Luc.
964 2500 1040 2552 1v,
1086 2487 1154 2554 1),
1187 2507 1215 2540 ι)
1248 2494 1305 2545 ει
1342 2492 1575 2563 reliqua.
1607 2496 1869 2553 Dominus

192 2580 329 2637 ergo
360 2565 516 2623 feria
563 2570 804 2626 secunda
855 2572 1061 2644 incepit
1097 2577 1392 2649 jejunium,
1433 2587 1488 2636 et
1534 2583 1869 2655 quadrages-

193 2656 336 2712 simo
386 2657 516 2723 die,
574 2656 709 2713 feria
756 2666 930 2730 sexta,
988 2661 1052 2715 15
1096 2665 1216 2720 Kal.
1273 2668 1429 2724 Mart.
1500 2671 1556 2726 in
1614 2673 1741 2743 gula
1805 2689 1869 2730 ac

196 2760 336 2801 vana
379 2745 572 2817 gloria
619 2754 785 2818 atque
836 2752 1062 2809 avaritia
1109 2755 1389 2814 diabolum
1446 2763 1762 2831 superavit;
1811 2765 1867 2819 in

205 2836 407 2905 quibus
462 2836 518 2890 in
566 2837 755 2893 eadem
806 2839 942 2896 feria
973 2842 1228 2901 diabolus
1257 2848 1492 2916 primum
1527 2851 1699 2907 Adam
1737 2866 1870 2909 con-

213 2921 383 2977 trivit.
423 2924 549 2993 Ipse
606 2925 863 2983 dominus
908 2930 1067 2986 Iesus
1112 2933 1363 2991 Christus
1424 2936 1586 3009 [hinc]
1648 2941 1869 3011 populis

1949 2502 2119 2570 ricus,
2150 2504 2217 2559 ad
2266 2503 2388 2561 haec
2418 2512 2812 2562 commemorat
2844 2526 2855 2562 :
2890 2505 2981 2562 die
3030 2512 3380 2576 pentecostes
3421 2521 3601 2563 sacer-

1951 2589 2110 2646 dotes
2158 2593 2390 2661 primum
2433 2595 2857 2650 commotionem
2915 2595 3163 2651 locorum
3220 2604 3276 2652 et
3332 2596 3598 2666 quosdam

1949 2680 2164 2735 sonitus
2214 2683 2453 2739 sensisse
2501 2689 2794 2752 testantur,
2827 2684 3028 2740 deinde
3081 2684 3370 2741 ex‘atio“
3398 2685 3590 2756 templi

1951 2769 2295 2839 repentinam
2333 2771 2517 2827 subito
2547 2773 2796 2843 erupisse
2825 2786 3014 2829 vocem
3037 2775 3338 2831 dicentium
3364 2794 3377 2830 :
3402 2776 3598 2830 Trans-

1949 2858 2246 2929 migremus
2275 2874 2342 2915 ex
2372 2859 2459 2916 bis
2495 2861 2741 2918 sedibus.
2782 2863 3014 2933 Scripsit
3060 2877 3282 2934 quoque
3327 2864 3602 2934 Iosephus

1949 2947 2099 3016 quod
2149 2949 2341 3005 eodem
2401 2964 2547 3006 anno
2602 2951 2853 3007 Philatus
2897 2966 3089 3022 preses
3144 2959 3361 3009 secreto
3419 2954 3600 3010 noctis

220 3010 520 3114 predIicavit
547 3014 841 3114 salutarem
871 3018 1207 3114 viam,-teste
1237 3030 1429 3081 sancto
1461 3028 1623 3085 Petro
1648 3071 1663 3097 ,
1719 3010 1863 3087 sicut
1895 3103 1931 3114 _
1953 3010 2246 3109 imaginem
2276 3040 2482 3096 cesaris
2511 3040 2566 3096 in
2615 3042 2820 3111 templo
2869 3010 3143 3108 statuerit,
3192 3047 3248 3098 et
3284 3043 3388 3099 hec
3425 3044 3599 3114 prima

219 3100 272 3190 in
309 3102 584 3160 electione
613 3107 811 3163 Mathei
840 3111 1080 3179 apostoli
1114 3132 1128 3168 :
1164 3133 1189 3162 α
1229 3116 1461 3185 Oportet
1506 3133 1639 3190 ergo
1679 3135 1745 3177 ex
1783 3100 2245 3183 hiscseditionis
2275 3134 2330 3184 et
2359 3129 2641 3186 turbarum
2668 3100 2860 3186 Iudeis
2888 3145 3052 3187 causa
3090 3100 3353 3188 extetirit.

217 3189 343 3245 viris
390 3192 485 3261 qui
537 3194 823 3251 nobiscum
870 3204 998 3254 sunt
1044 3206 1361 3273 congregati
1409 3204 1467 3260 in
1526 3189 1675 3265 omni
1732 3216 1869 3267 tem-

228 3292 377 3347 pore,
419 3295 532 3351 qua
560 3284 781 3340 intravit
811 3292 866 3342 et
890 3289 1055 3345 exivit
1092 3290 1238 3348 inter
1264 3307 1367 3350 nos
1404 3295 1661 3354 dominus
1687 3301 1867 3368 Iesus,

226 3367 495 3439 incipiens
526 3386 556 3427 a
586 3373 915 3443 baptismate
951 3379 1237 3449 Iohannis,
1276 3397 1451 3453 usque
1482 3386 1539 3441 in
1572 3388 1717 3444 diem
1757 3367 1869 3460 quo

225 3465 536 3549 assumptus
577 3469 661 3518 est
706 3478 736 3518 a
782 3466 945 3522 nobis
980 3468 1037 3523 in
1069 3470 1266 3525 coelum
1304 3474 1445 3535 (Act.
1476 3490 1515 3540 1,
1547 3475 1639 3543 21,
1688 3478 1798 3549 22),
1841 3497 1870 3531 ››

226 3552 277 3601 ει
327 3548 566 3619 reliqua.
627 3550 870 3625 (Evang.)
912 3555 1094 3628 Signis
1139 3565 1194 3614 et
1242 3559 1538 3618 virtutibus
1584 3579 1712 3620 vera
1751 3581 1872 3623 esse

226 3640 549 3708 comprobat
576 3655 639 3697 ea
668 3657 792 3712 quae
823 3644 977 3712 dicit,
1011 3660 1080 3702 ex
1117 3648 1318 3718 quibus
1355 3665 1529 3720 pauca
1558 3654 1613 3709 in
1644 3668 1875 3727 evange-

224 3724 307 3781 liis
351 3728 638 3801 leguntur,
687 3733 971 3801 apostolos
1026 3742 1187 3792 vocat
1242 3745 1296 3794 et
1352 3740 1420 3796 ad
1480 3724 1873 3812 predicandum

226 3817 401 3873 mittit.
447 3818 675 3891 (ΒΕοΑ.)
709 3823 891 3893 Usque
911 3823 954 3854 ⁸²
991 3824 1049 3881 in
1080 3839 1282 3883 annum
1313 3828 1563 3899 quintum
1602 3832 1873 3890 decimum

221 3905 416 3964 Tiberii
461 3909 540 3965 ab
584 3911 756 3967 Adam
802 3914 1102 3971 secundum
1133 3916 1361 3985 Ebreos,
1417 3920 1562 3977 sicut
1606 3924 1877 3981 Eusebius

226 4002 277 4056 in
305 3999 553 4054 cronicis
598 4000 713 4055 suis
769 4002 970 4077 signat,
1018 4005 1124 4075 tria
1180 4005 1332 4062 milia
1382 4022 1649 4066 annorum
1703 4012 1877 4069 adno-

226 4085 403 4153 tanda,
446 4087 606 4158 quod
654 4090 712 4144 in
758 4091 953 4160 quinto
984 4092 1199 4151 decimo
1237 4109 1382 4152 anno
1410 4098 1614 4154 Tiberii
1663 4101 1876 4170 princi-

228 4171 366 4240 pium
411 4176 588 4233 fuerit
650 4181 1036 4251 septuagesimi
1096 4185 1258 4253 primi
1299 4186 1509 4255 jobelei
1566 4190 1868 4248 secundum

228 4261 459 4333 Ebreos;
501 4266 610 4321 tria
638 4268 783 4323 enim
813 4269 961 4325 milia
998 4274 1277 4343 sexaginta
1302 4275 1511 4345 jobelei
1541 4287 1687 4334 sunt.

290 4352 374 4408 3'2.
419 4355 513 4409 16.
587 4356 683 4427 [x.]
742 4357 937 4429 (1111211.)
997 4361 1260 4418 Rubellius
1324 4371 1373 4419 el
1427 4367 1635 4424 Fusius.
1680 4371 1873 4435 [Euse-

230 4440 468 4519 biussic
516 4464 531 4500 :
575 4447 979 4518 «Principium
1036 4453 1393 4523 octuagesimi
1451 4457 1611 4524 primi
1662 4429 1935 4529 jobeleiD

228 4531 528 4591 secundum
575 4536 805 4605 Ebreos,
867 4557 895 4589 »
936 4539 1042 4596 hoc
1100 4548 1183 4596 est
1236 4542 1305 4597 ab
1361 4543 1529 4600 Adam
1587 4561 1761 4618 usque
1817 4551 1873 4605 in

231 4632 537 4703 presentem
586 4637 787 4681 annum
832 4626 975 4683 4000
1002 4643 1291 4687 annorum.
1323 4633 1481 4689 Iobel
1519 4641 1699 4692 autem
1728 4638 1873 4708 apud

232 4709 429 4779 Ebreos
464 4715 976 4786 quinquagenarius
1013 4732 1189 4776 annus
1226 4727 1517 4788 vocatur.]

195 4856 205 4865 ,
296 4788 385 4858 33.
429 4801 518 4858 17.
564 4804 676 4874 [χι]
728 4806 956 4862 Vinicius
987 4813 1036 4864 et
1065 4810 1296 4868 Cassius.
1328 4812 1608 4869 Iohannes
1636 4814 1875 4872 babtista

233 4885 556 4948 decollatur.
593 4892 898 4964 [Scriptum
929 4902 1012 4952 est
1058 4898 1115 4953 in
1164 4900 1418 4969 passione
1466 4904 1643 4959 sancti
1684 4903 1875 4961 Valen-

235 4976 329 5033 tini
366 4981 520 5051 quod
550 4981 846 5041 decollatio
876 4988 1219 5056 precursoris
1246 4989 1462 5046 Domini
1490 4991 1563 5047 sit
1600 4992 1655 5048 in
1683 4998 1874 5051 octavo

2023 3219 2228 3285 (1111111.)
2258 3219 2517 3286 Iacobus,
2568 3218 2738 3276 frater
2784 3220 3021 3287 Domini,
3051 3221 3316 3278 :ecclesia:
3347 3221 3601 3277 Hierusa-

1951 3305 2215 3362 lemarum
2263 3307 2472 3377 primus
2510 3308 2806 3378 episcopus
2842 3310 2911 3364 ab
2948 3309 3218 3377 apostolis
3255 3309 3596 3378 ordiutur‘,

1952 3396 2030 3450 Ex
2066 3395 2173 3451 hoc
2204 3395 2328 3452 loco
2366 3396 2829 3451 considerandum
2878 3402 3100 3465 quantae
3148 3397 3414 3466 deinceps
3459 3396 3602 3452 cala-

1953 3482 2171 3538 mitates
2196 3483 2510 3538 Iudaeorum
2540 3489 2757 3553 gentem
2785 3488 3201 3552 oppresserunt.

2242 3568 2355 3641 (fol.
2412 3568 2532 3635 102,
2563 3573 2619 3625 in
2672 3570 2911 3639 margine
2965 3571 3236 3641 superiore
3281 3585 3438 3625 manu
3491 3586 3599 3626 sec.

2236 3639 2485 3712 scriptum
2533 3646 2610 3697 est
2646 3662 2663 3695 :
2690 3642 2947 3709 Iacobus,
2999 3639 3168 3698 frater
3222 3641 3475 3708 Domini,
3543 3641 3601 3697 id

2241 3718 2325 3767 est
2388 3713 2571 3769 Maria:
2636 3713 2848 3769 sororis
2902 3714 3092 3768 matris
3140 3713 3378 3780 Domini,
3446 3713 3605 3783 cujus

2238 3783 2362 3840 Ioh.
2418 3784 2580 3840 etiam
2620 3784 2886 3851 meminit,
2939 3783 3085 3840 ﬁlius
3129 3782 3269 3852 fuit;
3322 3784 3416 3855 qui
3474 3782 3602 3856 pOSt

2240 3855 2551 3925 passionem
2601 3856 2815 3912 Domini
2863 3857 3044 3912 statim
3083 3856 3151 3912 ab
3197 3855 3603 3926 apostolis’or-

2238 3926 2479 3994 dinatus,
2511 3927 2582 3983 30
2610 3928 2769 3983 annis
2792 3928 3175 3985 Hierusolimaa
3206 3928 3403 3984 relexit
3427 3928 3593 3985 aecle-

2241 3999 2397 4054 siam.
2431 4002 2546 4055 Hoc
2589 4008 2673 4055 est
2720 4014 2891 4069 usque
2938 4000 3006 4056 ad
3037 4001 3328 4070 septimum
3366 3999 3601 4058 Neronis

2242 4083 2465 4149 annum.
2506 4071 2657 4149 _Beda
2699 4086 2867 4149 supe_r
2914 4077 3042 4149 acta
3097 4071 3498 4149 apostolorum_
3522 4074 3600 4127 ita

2243 4142 2379 4198 dicit
2426 4143 2518 4208 (ad
2565 4158 2611 4197 ο.
2644 4143 2773 4212 x111).
2807 4144 3010 4200 Eadem
3053 4142 3209 4198 manu
3251 4144 3362 4199 haec
3391 4142 3599 4199 addun-

2241 4218 2325 4269 tur
2353 4233 2371 4268 :
2402 4216 2633 4269 Lazarus
2683 4215 3043 4270 resuscitatur
3096 4215 3164 4269 ab
3212 4215 3423 4281 inferis,
3483 4215 3597 4283 epi-

2240 4298 2443 4355 scopus
2482 4287 2643 4356 Cypri
2672 4284 2889 4340 futurus
2918 4292 2973 4339 et
3016 4284 3288 4356 24_anni_s
3330 4285 3594 4340 victurus.

2238 4358 2309 4411 Et
2343 4353 2403 4436 in
2450 4353 2707 4436 inferiore
2746 4355 2980 4423 margine
3035 4353 3129 4424 Ῑοι.
3186 4354 3287 4407 102
3319 4373 3335 4436 ς
3364 4356 3599 4436 Eazarus

2242 4428 2462 4482 nomine
2492 4427 2804 4494 sussitatur,
2838 4439 2906 4480 ne
2954 4438 3145 4480 omnes
3200 4427 3400 4480 mortui
3435 4437 3599 4495 coge-

2243 4504 2435 4553 rentur
2481 4500 2631 4554 exire
2681 4498 2749 4553 de
2799 4495 3036 4563 inferno,
3078 4495 3278 4551 clamat
3314 4502 3493 4551 tamen
3527 4496 3595 4551 ad

2242 4576 2674 4635 monumentum,
2707 4568 2931 4624 turbant
2966 4582 3026 4623 se
3074 4565 3254 4633 inferi,
3306 4573 3597 4636 expectant

2241 4641 2553 4696 audentiam
2607 4654 2799 4696 omnes
2854 4638 3078 4704 mortui,
3128 4638 3452 4707 quaerebant
3495 4651 3593 4693 sua

2243 4711 2466 4792 nomina
2510 4712 2740 4792 vocitari
2773 4731 2787 4792 ε
2815 4726 2895 4792 ..αᾲ
2920 4709 3451 4792 Ne_,.inquiunt,n_et.
3488 4722 3598 4792 nos

2238 4784 2502 4839 Dominus
2565 4782 2898 4839 suscitabit?
2954 4780 3270 4846 ubicunque
3325 4779 3595 4846 Christus,

2239 4855 2781 4934 steterat,‘patebant
2825 4851 3072 4934 inferi.»
3104 4851 3299 4934 Subito
3344 4864 3451 4907 una
3492 4864 3599 4907 vox

2241 4926 2536 5006 intercepit
2577 4932 2815 5006 ceteros,
2856 4926 2978 5006 jam
3016 4924 3600 5006 ﬁuescentiun‘inmem:

2242 4994 2471 5054 brorum
2523 4994 2867 5054 teterrimus’
2898 5003 3210 5053 ceterorum
3266 4994 3598 5066 prohibebat

1595 5092 1819 5148 VARJE
1855 5093 2237 5151 LECTIONES.

300 5172 592 5251 8ili‘usebii
643 5179 803 5251 verba
857 5196 962 5237 non
1012 5181 1268 5251 leguntur.
1327 5186 1597 5246 Eusebius
1654 5191 1738 5247 sic
1783 5191 1967 5248 desunt
2012 5192 2066 5248 2.
2126 5191 2181 5248 3.

236 5241 276 5273 ⁸³
311 5246 508 5305 Flacco
558 5248 613 5306 3.
690 5250 733 5282 ⁸³
770 5250 882 5323 lege
914 5273 926 5309 :
960 5241 1147 5325 adyto.

2285 5190 2330 5225 ⁸³
2368 5194 2499 5248 Hazc
2561 5191 2618 5247 in
2680 5206 2850 5263 marg.
2916 5206 3074 5247 manu
3126 5190 3299 5264 prima
3353 5189 3480 5247 add.
3547 5191 3596 5246 1.

1799 5362 2014 5418 NOTAE.
2086 5386 2099 5395 κ

308 5442 465 5514 (119)
507 5447 682 5503 Verba
720 5463 843 5518 quae
881 5458 1191 5526 sequuntur
1240 5465 1369 5526 num
1416 5456 1700 5526 Augustini
1766 5459 1876 5516 sint

2036 5458 2183 5529 (120)
2223 5461 2283 5516 1n
2334 5457 2726 5532 Hartyrologio
2770 5473 2806 5532 _a
2860 5459 3130 5515 Dacherio
3187 5458 3336 5516 edito
3391 5457 3597 5532 (Spicil.

242 5522 581 5603 Efﬂuitnon
617 5527 803 5603 patet;
838 5529 1004 5603 certe
1032 5523 1088 5578 in
1120 5523 1261 5603 libro
1290 5525 1365 5581 De
1404 5522 1677 5585 consensu
1704 5544 1873 5587 evan-
1958 5522 2050 5589 ed.
2090 5522 2254 5601 2,11,
2289 5546 2342 5601 p.
2391 5531 2450 5600 6)
2474 5522 2598 5587 hac
2627 5522 2738 5587 non
2768 5529 3045 5603 leguntur.

240 5582 548 5650 gelistarum
578 5582 641 5646 ea
670 5582 915 5650 invenire
943 5607 1054 5651 non
1092 5596 1267 5665 potui.
