4000 6158
430 346 536 402 639

724 545 834 600 situ
877 552 1185 600 marcentes
1227 545 1554 601 resedebant
1593 546 1760 614 oculi,
1795 548 1909 616 jam
1947 547 2081 602 deﬁ-

727 615 909 671 ciebat
956 617 1166 671 narium
1215 617 1526 683 mollitudo,
1580 619 1692 686 jam
1751 615 1923 673 rictus
1969 618 2084 674 oris

728 687 986 743 dentibus
1014 686 1232 742 nudatis
1259 687 1540 757 horrebat,
1568 691 1680 758 jam
1727 690 1930 745 nudata
1960 697 2086 746 cute

728 758 848 814 laxa
902 759 1229 832 timporibus
1276 761 1489 816 cerebri
1529 759 1768 827 sedes”,
1827 761 2086 832 tegimine

728 836 1010 902 attenuato
1058 829 1383 899 pallescens,
1419 832 1632 902 capillis
1669 829 1908 888 subinde
1939 847 2088 889 rare-

724 901 1006 956 scentibus
1052 902 1369 970 apparebat.
1414 905 1529 958 Jam
1560 905 1723 959 Maria
1761 910 1813 959 et
1853 904 2081 972 Martha,

726 972 820 1043 qui
867 972 1140 1044 Christum
1182 972 1503 1044 frequenter
1540 976 1891 1031 resussitasse
1940 989 2087 1032 mor-

728 1049 854 1099 tuos
909 1043 1213 1112 videbant,
1274 1043 1495 1102 fratrem
1553 1062 1709 1103 suum
1768 1047 2085 1103 resuscitari

729 1114 950 1184 penitus
999 1128 1109 1170 non
1159 1116 1478 1172 credebant.
1530 1119 1611 1173 lbi
1666 1133 1796 1174 vero
1835 1119 2086 1174 Christus

729 1185 996 1256 probatur
1025 1201 1145 1242 esse
1184 1189 1346 1244 Deus.
1380 1189 1460 1243 lbi
1493 1194 1701 1245 tantum
1733 1190 1882 1256 fecit,
1915 1204 2088 1261 quan-

726 1263 841 1313 tum
887 1271 1019 1312 ausa
1056 1272 1168 1314 non
1199 1264 1282 1315 est
1313 1261 1475 1316 etiam
1506 1261 1642 1317 ﬁdes
1680 1263 1799 1331 ipsa
1830 1261 2081 1332 optare.)

513 1361 605 1420 35.
673 1362 756 1418 19.
816 1363 976 1435 [11111.]
1054 1365 1271 1422 Uniciu-s
1334 1372 1385 1424 et
1429 1369 1712 1438 Longinus.
1772 1369 1801 1396 ’τ
1856 1371 2088 1425 Sanctus

441 1455 726 1524 Zeppanus
781 1469 974 1524 passus
1021 1460 1075 1510 et
1123 1461 1347 1512 sanctus
1403 1458 1602 1514 Paulus
1658 1472 1958 1514 conversus
2005 1464 2089 1514 est

439 1543 598 1614 (Acta
653 1559 742 1615 ap.
801 1541 1014 1615 Hilam).
1075 1544 1294 1601 Cassius
1350 1547 1523 1602 Verus
1588 1553 1777 1604 orator
1837 1548 2089 1620 egregius

441 1645 584 1690 anno
633 1646 864 1688 suae"...
891 1631 934 1663 ⁸⁸
984 1635 1146 1689 etatis
1185 1634 1241 1689 in
1291 1649 1546 1705 suprema
1575 1636 1764 1707 in0pia
1809 1637 1968 1705 obiit,
1999 1637 2089 1693 vix

442 1734 624 1793 panno
672 1721 951 1792 pudienda
991 1729 1301 1780 contextus.
1333 1725 1579 1782 Philatus
1625 1741 1838 1782 sacrum
1872 1727 2090 1783 thesau-

446 1825 588 1879 rum,
620 1811 714 1882 qui
745 1816 800 1868 et
841 1812 1059 1869 Corbon
1092 1818 1337 1883 vocatur,
1370 1815 1428 1870 in
1476 1816 1864 1888 aquaeductum
1895 1816 2152 1875 Hieru-B

442 1900 758 1958 solimarum
807 1903 1148 1973 expendens,
1199 1905 1457 1962 secundae
1525 1905 1816 1964 seditionis
1872 1906 2093 1978 prebuit

446 2003 673 2046 semina.

736 2079 1026 2156 [Hociloco
1059 2082 1220 2156 signa
1262 2085 1434 2156 posito
1481 2100 1640 2140 manu
1673 2084 1903 2140 secunda
1940 2090 2092 2142 nota-

731 2159 862 2226 tur:
895 2154 1133 2223 chuire
1176 2155 1230 2210 in
1263 2154 1533 2212 'secundo
1591 2157 1762 2213 latere
1807 2158 2091 2226 sequentis

733 2223 861 2300 foli.
921 2227 1157 2300 Sequens
1212 2225 1392 2296 folium
1449 2243 1570 2283 vero
1641 2229 1722 2298 (/.
1770 2223 1914 2298 103)
1970 2234 2091 2300 post

732 2295 969 2370 additam
1007 2295 1219 2370 :ibique
1292 2300 1468 2370 prima
1537 2295 1738 2370 pagina
1818 2295 2089 2368 cruci/iacio

733 2367 926 2425 Christi
989 2367 1252 2424 deli-neata
1293 2367 1394 2425 ‘cst
1413 2391 1432 2437 ;
1501 2367 1670 2426 altera
1727 2385 1848 2426 vero
1889 2367 2091 2441 pagina

730 2453 888 2495 manu
965 2441 1195 2512 secunda
1276 2443 1476 2512 scripta
1558 2442 1781 2512 continet
1844 2457 2090 2498 numeros

731 2525 984 2583 annorum
1030 2511 1216 2583 35-82.
1273 2511 1480 2582 (19.22.
1546 2511 1698 2565 1-14.
1764 2511 1951 2583 1-25.).
2017 2513 2090 2566 92

731 2581 822 2654 94,
856 2585 953 2635 etc.
994 2582 1080 2636 Ad
1127 2597 1292 2637 annos
1334 2582 1522 2650 35-57,
1553 2583 1664 2638 hac
1699 2584 1898 2654 scripta
1915 2581 2083 2640 sunt:

729 2653 960 2708 Sanctus
1010 2653 1319 2723 Stephanus
1375 2668 1587 2724 passus,
1619 2653 2086 2712 Saulo’hortante

729 2729 784 2780 et
821 2729 1095 2794 presente.
1136 2725 1290 2794 Quod
1333 2726 1534 2781 Paulus
1560 2727 1617 2781 in
1647 2727 1754 2782 hoc
1784 2740 1928 2783 anno
1958 2741 2088 2783 con-

729 2793 918 2851 verSus
947 2793 1068 2862 fuit,
1101 2797 1176 2853 ita
1200 2798 1268 2853 ad
1297 2798 1512 2854 Galatas
1531 2798 1816 2855 conﬁrmat
1849 2819 1860 2853 :
1897 2817 1926 2850 «
1953 2800 2084 2855 Cum

725 2868 939 2941 vocavit
993 2882 1096 2941 me
1144 2871 1285 2925 Deus
1353 2885 1452 2939 per
1523 2872 1750 2941 gratiam
1797 2884 1974 2937 suam,
2027 2877 2086 2925 ut

730 2939 999 3012 revelaret
1025 2939 1193 2996 ﬁlium
1241 2956 1397 3012 suum
1435 2941 1492 2996 in
1522 2939 1627 3007 me,
1662 2948 1722 2997 ut
1749 2941 2086 3012 evangeliza-

732 3025 846 3065 rem
871 3010 1036 3082 illum
1066 3011 1362 3080 gentibus,‘
1383 3014 1647 3069 continuo
1687 3027 1796 3068 non
1826 3010 2081 3082 adquievi

730 3081 1164 3153 carni_sanguini
1196 3082 1392 3153 (Galat.
1425 3099 1463 3150 1,
1502 3083 1584 3150 l5,
1633 3084 1790 3153 16).»
1831 3081 2086 3140 Hieroni.

1853 348 2138 406 MARIANI
2180 349 2408 406 SCOTTI

721 485 1023 539 accessum,
1061 475 1170 543 jam
1218 473 1274 528 in
1313 459 1567 529 concavis
1619 474 1848 530 orbibus
1891 474 2148 538 tabidoA

3708 341 3804 396 640

2446 469 2795 528 Heerusalem
2843 468 3031 526 videre
3079 470 3317 535 Petrum,
3351 471 3408 525 et
3457 466 3636 523 mansi
3668 467 3801 536 apud

2451 558 2574 599 eum
2608 543 2805 599 diebus
2861 542 2945 608 l5,
2989 540 3156 596 alium
3201 547 3382 596 autem
3436 538 3809 609 apostolorum

2448 615 2561 671 vidi
2659 615 2936 670 neminem
3003 619 3190 683 preter
3254 612 3516 668 Jacobum
3593 609 3808 666 fratrem

2450 686 2684 743 Domini.
2724 688 2838 754 Que
2887 689 3065 741 autem
3114 684 3238 739 dico
3281 685 3440 739 vobis
3466 697 3597 739 ecce
3629 695 3808 754 coram

2451 760 2562 814 Deo
2611 753 2758 828 quia
2790 756 3198 828 non_mentior
3256 754 3400 828 (Gal.
3444 753 3741 828 1,718.20).
3784 773 3810 804 ι)

2448 826 2838 900 Anno—igitur
2909 826 2984 900 38,
3045 827 3440 882 incarnationis
3475 827 3812 900 rhospitatus

2451 908 2535 957 est
2595 897 2793 956 Pau'lus
2849 899 2994 970 apud
3034 901 3254 954 Petrum
3313 900 3369 953 in
3420 897 3808 962 Hierusalem;

2448 971 2671 1038 deinde,
2703 972 2758 1027 id
2794 977 2878 1026 est
2915 977 3040 1040 post
3079 971 3358 1040 predictos
3377 983 3551 1025 annos
3572 975 3629 1024 et
3662 975 3808 1038 gesta

2453 1044 2719 1114 predicta,
2753 1043 2886 1098 dicit
2933 1043 3050 1097 sic:
3081 1059 3110 1095 ‹‹
3151 1042 3284 1114 Veni
3324 1043 3378 1098 in
3419 1046 3603 1114 partes
3645 1041 3810 1114 Syriae

2452 1111 2508 1171 et
2543 1115 2789 1183 Ciliciae;
2823 1129 2969 1171 eram
3001 1120 3183 1168 autem
3221 1113 3442 1184 ignotus
3478 1111 3618 1168 facie
3641 1112 3813 1167 eccle-

2451 1188 2550 1242 siis
2586 1187 2740 1242 Judaa
2797 1201 2921 1255 quae
2977 1192 3134 1240 erant
3189 1184 3244 1239 in
3301 1185 3555 1249 Christo;
3602 1190 3807 1239 tantum

2452 1263 2632 1314 autem
2707 1257 2952 1313 auditum
3027 1256 3302 1311 habebant
3374 1256 3635 1327 quoniam
3721 1255 3809 1324 qui

2454 1329 2890 1400 persequebatur
2937 1341 3038 1382 nos
3092 1327 3411 1400 aliquando,
3455 1341 3600 1382 nunc
3659 1340 3814 1400 evan-

2452 1398 2652 1472 gelizat
2685 1401 2867 1466 ﬁdem,
2909 1414 3071 1472 quam
3109 1399 3404 1469 aliquando
3443 1398 3810 1472 expugnabat,

2454 1414 2647 1472 geuzat
2685 1414 2867 1466 nuem,
2909 1414 3071 1469 quam
3109 1414 3404 1469 aliquando
3443 1414 3810 1525 expugnabat,

2454 1477 2509 1528 et
2547 1473 2604 1527 in
2659 1486 2745 1528 me
2801 1471 3175 1527 clariﬁcabant
3211 1473 3401 1527 Deum.
3443 1471 3575 1526 Dein
3621 1484 3652 1525 e
3693 1475 3815 1539 post

2453 1558 2627 1600 annos
2707 1542 2770 1596 14
2835 1557 3049 1598 rursum
3107 1543 3328 1598 ascendi
3371 1541 3813 1598 .Hierosolimam

2455 1630 2577 1670 cum
2616 1615 2881 1681 Barnaba,
2940 1619 3182 1669 assumto
3230 1621 3285 1669 et
3340 1614 3459 1669 Tito
3503 1611 3714 1683 (Galat.
3773 1628 3811 1678 ι,

2455 1686 2658 1754 21-24;
2710 1702 2770 1750 11,
2817 1685 2870 1755 l)
2914 1705 2942 1736 ››
2984 1693 3038 1740 et
3076 1685 3308 1754 reliqua.
3356 1685 3710 1740 Hieronimus
3738 1683 3814 1737 sic

2457 1757 2816 1840 perhibetlglt.
2841 1771 2898 1840 p.
2929 1755 3126 1840 2‘38)":‘
3166 1773 3194 1839 ε(
3225 1758 3294 1839 .ln
3316 1757 3589 1840 principio
3629 1774 3659 1806 ι)
3701 1768 3812 1840 suae

2454 1827 2888 1886 conversationis
2926 1834 2981 1884 et
3007 1827 3184 1883 «ﬁdei
3224 1828 3278 1883 in
3319 1828 3552 1882 transitu
3594 1833 3815 1896 apostu—

2457 1900 2541 1957 los
2569 1901 2706 1956 vidit
2736 1919 2763 1952 »
2796 1901 2852 1954 in
2893 1899 3251 1967 Hierusalem,
3293 1899 3399 1955 hoc
3431 1904 3516 1954 est
3543 1905 3674 1968 post
3704 1903 3813 1953 tres

2456 1986 2632 2028 annos
2670 1975 2958 2041 postquam
3015 1985 3313 2026 conversus
3370 1969 3492 2026 fuit.
3537 1985 3566 2022 tt
3606 1969 3814 2024 Deinde

2455 2051 2582 2113 post
2635 2057 2830 2107 annos,
2876 2049 2938 2098 ut
3000 2042 3118 2112 ipse
3197 2042 3397 2097 Paulus
3463 2041 3744 2112 perhibet,
3783 2058 3808 2090 ι)

2457 2115 2872 2184 quatuordecim
2933 2129 3099 2183 supra
3145 2114 3427 2184 predictos
3458 2113 3676 2183 priores
3705 2119 3812 2167 tres

2454 2200 2649 2254 annos,
2674 2187 2779 2242 hoc
2800 2192 2903 2251 est,
2931 2203 2957 2236 «
2981 2189 3106 2255 post
3125 2185 3315 2241 decem
3335 2193 3546 2254 septem
3565 2197 3743 2239 annos
3755 2202 3809 2255 ί»,

2453 2272 2568 2314 suae
2625 2254 3021 2324 conversionis,
3093 2275 3121 2307 «
3171 2256 3332 2326 plene
3387 2271 3510 2311 cum
3549 2254 3813 2326 apostulis

2454 2329 2700 2400 loquitur
2732 2349 2760 2378 »
2792 2329 2846 2384 in
2878 2327 3216 2400 Hierusalem
3249 2347 3276 2380 ‹‹
3309 2333 3363 2384 et
3390 2343 3450 2383 se
3479 2327 3809 2400 humiliat,_»

2454 2397 2795 2471 et‘reliqua.
2858 2402 2970 2455 Hec
3019 2399 3156 2454 dixit
3205 2401 3574 2456 Hieronimus.
3609 2397 3812 2453 Deinde

2454 2473 2649 2528 Petrus
2695 2472 2842 2527 venit
2872 2473 3117 2536 Romam,
3160 2471 3254 2525 ubi
3294 2471 3587 2540 predicans
3647 2483 3811 2525 evan-

2453 2542 2657 2614 gelium
2702 2543 2772 2598 25
2809 2543 2987 2607 annis,
3041 2542 3321 2614 mensibus
3359 2543 3412 2609 5,
3448 2542 3672 2614 diebus
3733 2540 3811 2606 13,

2453 2612 2750 2685 episcopus
2779 2614 3025 2684 ejusdem
3057 2613 3299 2669 civitatis
3339 2612 3564 2683 prefuit,
3597 2613 3706 2668 hoc
3738 2618 3816 2668 est

2451 2700 2626 2755 usque
2676 2687 2732 2741 in
2783 2686 3031 2742 ultimum
3072 2699 3271 2740 annum
3319 2686 3574 2749 Neronis,
3608 2685 3666 2739 in
3710 2697 3814 2752 quo

2452 2772 2574 2812 cum
2605 2762 2798 2813 sancto
2820 2758 2988 2812 Paulo
3029 2771 3222 2827 passus
3242 2758 3334 2822 sit,
3365 2757 3467 2812 sub
3498 2756 3815 2812 consulibus

2448 2829 2689 2885 Sillvano
2722 2836 2778 2885 et
2805 2829 2969 2895 Otho,
3002 2834 3142 2884 teste
3172 2828 3503 2884 Cassiodoro
3536 2835 3810 2884 senatore.

2237 2953 2444 3020 Postea,
2479 2969 2534 3009 α.
2576 2951 2648 3006 58
2693 2984 2764 2994 -
2800 2953 2890 3010 76.
2915 2953 3092 3009 vacuis
3112 2953 3330 3022 relictis,
3359 2953 3468 3008 haec
3485 2957 3808 3025 sequuntur:

2233 3041 2324 3096 77.
2391 3041 2481 3097 25.
2540 3042 2903 3099 Cassiodorus
2974 3043 3055 3098 sic
3121 3042 3259 3098 dixit
3314 3062 3326 3098 :
3389 3041 3707 3098 «Silvanus
3765 3048 3813 3096 et

729 3129 2302 3224 Hdé'izfti)'?1£'ia‘Esi'éihé’rﬁaia'ﬁésiré‘iéigt'ft.como
2331 3132 2435 3186 viri
2466 3131 2599 3187 clari
2651 3131 2908 3188 consules
2938 3146 2968 3186 a
2997 3133 3234 3188 Nerone.
3282 3152 3307 3181 η
3353 3132 3451 3187 His
3497 3130 3813 3188 consulibus

728 3235 872 3296 nem_
904 3222 1106 3296 Christi
1163 3237 1273 3278 non
1307 3226 1487 3296 exivit
1535 3226 1603 3280 ad
1652 3222 1969 3296 apostolos,
2029 3233 2085 3282 et

730 3291 1116 3348 revelationem
1163 3295 1376 3350 Domini
1424 3291 1758 3353 conferendo
1806 3313 1928 3353 cum
1957 3291 2085 3355 'ho-

725 3365 983 3430 minibus,
1015 3365 1111 3420 sed
1151 3366 1350 3422 abierit
1396 3366 1453 3422 in
1494 3369 1768 3436 Arabiam,
1801 3377 1856 3425 et
1895 3384 2085 3426 rursus

727 3437 796 3492 de
861 3436 1060 3491 Arabia
1118 3451 1370 3511 reversus
1427 3446 1510 3495 est
1565 3442 1904 3508 Damascum,
1959 3446 2085 3511 post

726 3513 840 3562 tres
875 3521 1051 3580 annos
1099 3509 1438 3580 evangelium
1488 3512 1806 3580 predicarit,
1849 3520 1904 3569 et
1951 3509 2082 3569 tunc

727 3580 944 3656 demum
975 3579 1032 3635 in
1061 3579 1398 3656 Hierusalem
1439 3579 1590 3638 venit
1630 3585 1718 3654 (ad
1742 3579 1861 3640 Gal.
1887 3599 1978 3656 op.
2004 3600 2080 3651 1v,

727 3666 785 3726 ρ.
823 3650 1029 3726 2341)
1091 3670 1119 3703 ››
1151 3654 1272 3726 ipso
1317 3654 1392 3708 ita
1435 3659 1574 3710 teste
1606 3650 1684 3710 ;’‹‹
1715 3658 1902 3726 Neque
1926 3650 2082 3712 'veni

722 3722 1257 3798 Hierusolimamad
1307 3733 1688 3798 antecessores
1739 3722 1892 3784 meos
1956 3743 2085 3798 apo-

721 3793 916 3863 stolos,
949 3795 1046 3849 sed
1085 3795 1195 3850 abii
1243 3796 1299 3851 in
1349 3797 1622 3863 Arabiam,
1656 3804 1711 3854 et
1753 3799 1949 3856 iterum
1994 3793 2084 3855 re-

723 3879 912 3942 versus
961 3880 1078 3919 sum
1136 3868 1454 3942 Damascum
1509 3868 1714 3942 (Gaiat.
1781 3872 1827 3938 1,
1894 3870 2007 3942 l7).
2051 3890 2078 3921 »

720 3939 836 4012 Que
874 3942 935 4012 ut
979 3950 1113 4012 vera
1154 3938 1451 4012 credantur
1479 3938 1547 3994 ab
1577 3941 1898 3997 absentibus
1921 3985 1934 4012 ,
1958 3938 2082 3997 'sub

723 4006 1018 4081 testatione
1083 4007 1177 4061 Dei
1209 4009 1543 4081 conﬁrmat,
1611 4012 1803 4068 dicens
1835 4033 1847 4068 :
1886 4006 2082 4081 «'Quaz

725 4083 906 4131 autem
963 4077 1089 4132 dico
1135 4078 1312 4145 vobis,
1361 4094 1491 4136 ecce
1532 4077 1731 4138 'coram
1787 4086 1899 4140 Deo
1955 4077 2084 4140 sunt

724 4147 909 4216 digna,
943 4147 1068 4217 quia
1107 4155 1235 4204 sunt
1261 4151 1562 4208 verissima.
1606 4171 1634 4205 »
1677 4155 1770 4209 lsti
1813 4162 1926 4211 tres
1955 4157 2082 4211 anni

723 4225 872 4287 sunt,
905 4233 1046 4288 quos
1075 4221 1247 4275 Lucas
1293 4222 1413 4277 dies
1442 4223 1644 4279 multos
1681 4225 1817 4281 dicit
1856 4229 1911 4282 in
1951 4228 2083 4282 acti-

722 4291 826 4368 bus
852 4291 1237 4368 apostolorum
1285 4293 1526 4368 (Act._1x,
1568 4294 1678 4365 23),
1713 4298 1913 4368 quibus
1944 4301 2077 4355 Pau-

723 4362 811 4441 lus
849 4361 1196 4441 in‘Damasco
1217 4361 1563 4441 evangelium
1593 4361 1860 4424 audenter
1887 4370 2082 4441 loque-

723 4434 885 4510 batur
915 4434 1180 4510 (HIEx._p.
1211 4434 1611 4510 235).’Certum
1642 4447 1725 4494 est
1755 4442 1920 4510 enim,
1962 4434 2081 4498 'sta-

725 4505 822 4582 tim
861 4497 941 4573 uti.
967 4497 1273 4582 habtiiatus
1301 4497 1374 4563 sit
1410 4515 1463 4564 et
1491 4517 1720 4581 accepto
1761 4497 1920 4582 pane,
1941 4497 2079 4571 con-
2099 4497 2149 4556 D

722 4575 968 4657 fOrtatus
1001 4576 1213 4657 fuisset,
1266 4593 1389 4636 eum
1451 4575 1922 4657 cum__'disci'pulis
1985 4586 2080 4657 qui

724 4654 881 4727 erant
934 4650 1179 4727 Damasci
1257 4665 1380 4727 esse
1433 4667 1532 4727 per
1570 4653 1690 4710 dies
1737 4650 1967 4727 aliquot,
2002 4650 2082 4713 'et

725 4721 1076 4796 stupentibus
1104 4723 1319 4796 cunctis
1365 4721 1445 4778 in’
1469 4725 1748 4796 sinagogis
1782 4721 2081 4784 Judeo'rum

724 4791 1038 4863 predicasse
1078 4793 1226 4862 quod
1253 4795 1411 4850 Jesus
1459 4791 1620 4852 esset'
1649 4791 1794 4854 ﬁlius
1837 4801 1970 4864 Dei;
2023 4806 2080 4856 et

724 4871 855 4919 tunc
908 4863 1016 4920 isse
1063 4865 1121 4920 in
1175 4865 1450 4936 Arabiam,
1510 4873 1566 4924 et
1645 4869 1714 4926 de
1776 4863 1974 4927 Arabia
2019 4873 2077 4927 in

721 4937 1040 4991 Damascum
1089 4937 1417 5004 revertisse;
1486 4944 1541 4995 et
1596 4940 1672 4996 ibi
1718 4939 1849 4997 fecit
1909 4945 2078 4999 trien-

723 5007 895 5084 niu_m,
928 5020 1069 5084 quos
1098 5007 1218 5084 dies
1252 5008 1465 5084 multos
1478 5010 1629 5084 dicit
1657 5013 1930 5084 scriptura
1958 5016 2075 5071 sic:

726 5096 754 5128 «
797 5079 1011 5151 Etcum
1043 5079 1406 5151 implerentur
1434 5081 1554 5138 dies
1585 5079 2083 5151 multifvoluerunt

723 5149 1189 5236 ludeiooccidere
1238 5166 1360 5236 eum
1402 5151 1684 5236 (Ibid.),.»
1744 5149 1800 5212 et
1846 5157 2077 5236 reliqua.

724 5220 1072 5302 Accipientes
1113 5232 1250 5302 ergo
1293 5220 1748 5302 discipuli'ejus.
1770 5233 1933 5284 nocte
1967 5220 2082 5302 'per

726 5307 940 5348 murum
995 5293 1320 5350 dimiserunt
1387 5293 1530 5364 eum,
1571 5293 2079 5360 su‘bmittentes'in

725 5369 933 5442 sporta,
973 5364 1096 5442 ipso
1143 5367 1218 5422 ita
1257 5371 1418 5424 teste.
1455 5388 1466 5423 :
1506 5370 1779 5442 «Deinde
1827 5379 1953 5442 post
1989 5389 2081 5432 an-

725 5449 828 5493 nos
856 5441 970 5494 tres
999 5455 1027 5489 »
1061 5437 1168 5496 hoc
1197 5444 1280 5495 est
1299 5438 1676 5498 conversionis
1705 5437 1860 5512 meai,
1896 5460 1926 5500 ι(
1955 5449 2079 5505 veni

2166 3219 2493 3277 Cassiodoro
2524 3225 2664 3277 teste
2693 3222 2888 3277 Petrus
2918 3221 3228 3292 Paulusque
3270 3220 3416 3290 passi
3463 3225 3613 3276 sunt.
3667 3221 3808 3276 Nero

2166 3309 2403 3378 turpiter
2430 3310 2618 3365 vivens
2647 3324 2768 3366 cum
2820 3325 2851 3366 a
2898 3316 3092 3366 senatu
3137 3314 3464 3380 quereretur
3490 3309 3560 3364 ad
3594 3323 3805 3378 penam,

2166 3410 2195 3452 e
2224 3397 2432 3455 Palatio
2461 3398 2677 3471 fugiens
2718 3399 2786 3455 ad
2845 3405 3097 3470 quartum
3144 3399 3307 3456 Urbis
3353 3398 3668 3464 miliarium,
3729 3413 3808 3454 su-

2165 3487 2406 3543 rurbano
2452 3488 2494 3520 ⁸⁷
2549 3491 2890 3546 Numentana
2953 3489 3039 3546 via
3113 3503 3236 3545 sese
3313 3487 3595 3544 interfecit
3668 3502 3807 3544 anno

2164 3578 2344 3633 aetatis
2389 3577 2505 3634 32°.
2556 3578 2655 3634 Cui
2699 3579 2968 3635 successit
2994 3577 3181 3648 Galba,
3210 3577 3302 3648 qui
3334 3578 3582 3648 regnavit
3620 3577 3808 3633 mensi-

2165 3666 2268 3722 bus
2296 3673 2528 3737 septem.

2233 3755 2324 3811 78.
2366 3757 2497 3812 Post
2526 3755 2672 3812 hunc
2702 3757 2844 3813 Otho
2876 3757 3122 3828 regnavit
3151 3755 3434 3812 mensibus
3472 3755 3670 3811 tribus.

2234 3845 2325 3900 79.
2366 3846 2497 3902 Post
2529 3860 2692 3916 quem
2727 3867 2751 3895 «
2787 3846 3038 3902 Vitellius
3078 3845 3322 3918 regnavit
3359 3846 3643 3900 mensibus
3689 3852 3807 3901 octo

2165 3938 2220 3988 et
2249 3933 2466 3990 diebus.
2498 3935 2599 4002 Qui
2630 3948 2822 3991 omnes
2870 3935 3007 3990 infra
3049 3936 3388 4005 prescriptos
3435 3934 3577 3990 duos
3624 3948 3809 3989 consu-

2165 4021 2245 4076 les
2288 4022 2682 4093 'regnaverunt.
2720 4044 2746 4073 ι
2809 4025 2938 4080 Haec
2969 4023 3107 4080 dixit
3154 4023 3534 4080 Cassiodorus.
3567 4023 3808 4078 Vitellius

2163 4123 2295 4166 vero
2321 4112 2539 4167 occisus
2604 4112 2676 4167 sit
2714 4113 2884 4169 tertio
2936 4113 3025 4169 die
3093 4112 3295 4168 mensis
3339 4112 3612 4180 Octobris,
3667 4114 3808 4167 Jose-

2169 4199 2277 4270 pho
2311 4202 2404 4270 (De
2433 4199 2565 4256 bello
2594 4201 2716 4257 Jud.
2761 4217 2812 4256 v.
2879 4201 2960 4272 13)
3017 4207 3157 4258 teste
3199 4201 3486 4268 historico,
3529 4202 3626 4272 qui
3681 4208 3805 4257 tunc

2165 4287 2433 4345 interfuit.

2235 4377 2325 4434 80.
2349 4378 2714 4448 Vespasianus
2733 4385 2788 4436 et
2808 4379 2980 4436 Titus.
3006 4379 3368 4436 Cassiodorus
3405 4379 3485 4434 sic
3509 4379 3762 4450 perhibet
3789 4399 3799 4433 :

2235 4466 2325 4522 81.
2371 4485 2398 4518 «
2437 4469 2802 4538 Vespasianus
2855 4468 2908 4524 2.
2965 4475 3021 4524 et
3065 4469 3217 4524 Titus
3264 4469 3316 4522 2.
3359 4469 3454 4524 His
3494 4469 3806 4525 consulibus

2166 4557 2530 4626 Vespasianus
2569 4560 2813 4628 suscepit
2859 4558 3147 4628 imperium
3196 4571 3324 4613 ann.
3365 4557 3420 4623 9,
3456 4572 3530 4613 m.
3576 4559 3656 4624 ll,
3698 4557 3806 4613 die-

2162 4646 2266 4702 bus
2293 4646 2383 4702 22.
2425 4647 2537 4702 Sub
2568 4661 2678 4717 quo
2708 4652 3004 4718 sequentes
3033 4647 3292 4705 consules
3319 4645 3563 4704 fuerunt.
3608 4668 3633 4696 ν

2267 4735 2359 4790 82.
2398 4737 2764 4806 Vespasianus
2801 4751 2931 4792 ann.
2981 4737 3061 4793 10.

2264 4825 2353 4881 92.
2395 4827 2550 4882 Titus
2577 4826 2630 4892 2,
2673 4840 2746 4882 m.
2794 4826 2846 4880 2.

2263 4913 2353 4969 94.
2395 4913 2734 4972 Domitianus
2773 4914 2860 4983 15,
2909 4928 2982 4972 m.
3023 4915 3080 4970 5.

2241 5002 2358 5059 llO.
2399 5005 2573 5060 Nerva
2618 5005 2666 5072 1,
2708 5019 2781 5060 m.
2822 5004 2876 5059 5.

2239 5091 2358 5146 111.
2399 5094 2663 5163 Trajanus
2707 5093 2790 5161 19,
2833 5107 2904 5150 m.
2945 5094 3002 5148 7.

2241 5180 2360 5235 130.
2399 5181 2672 5239 Adrianus
2709 5181 2802 5247 21,
2841 5197 2914 5240 m.
2955 5183 3012 5237 9.

2239 5269 2356 5326 152.
2398 5270 2526 5326 Pius
2563 5285 2691 5328 ann.
2733 5271 2822 5328 23.

2237 5358 2356 5416 175.
2396 5361 2608 5416 Marcus
2644 5361 2727 5428 19,
2769 5375 2840 5416 m.
2888 5360 2934 5415 l.

2245 5448 2364 5506 195.
2406 5449 2741 5509 Commodus
2784 5449 2867 5507 13.

1784 5571 2008 5629 VARI/i3
2064 5575 2350 5633 LECTION
2354 5577 2450 5634 ES.

519 5651 561 5684 ⁸³
597 5665 705 5710 ses.
753 5653 800 5710 l.
877 5654 921 5688 ⁸⁸
955 5657 1259 5717 vocabulum
1288 5676 1494 5720 erasum
1523 5670 1617 5723 est.
1694 5665 1716 5698 ³
1751 5667 1826 5725 ita
1862 5668 1910 5737 1,
