4000 6158
200 221 287 275 641

261 345 381 404 208.
429 346 619 404 Helius
645 362 718 405 m.
750 349 804 406 6.

426 437 678 494 Julianus
707 453 781 494 m.
802 439 858 494 7.

429 526 662 582 Severus
698 526 781 583 18.

427 615 670 671 Carealla
697 617 753 670 7.

427 706 700 762 Macrinus
743 707 790 760 l.

428 796 684 852 Aurelius
713 795 768 850 4.

424 885 733 942 Alexander
768 885 849 941 13.

427 977 750 1033 Maximinus
786 989 914 1032 ann.
947 975 1000 1032 3.

427 1067 734 1122 Gordianus
761 1079 890 1122 ann.
920 1065 976 1122 6.

429 1155 720 1227 Philippus
749 1169 878 1212 ann.
909 1155 964 1212 7.

428 1246 628 1303 Decius
667 1260 792 1303 ann.
843 1247 889 1315 1,
921 1261 994 1302 m.
1027 1245 1082 1300 3.

427 1336 616 1392 Gallus
645 1345 700 1392 et
729 1337 848 1393 Vol.
881 1337 936 1405 2,
969 1351 1041 1392 m.
1073 1336 1128 1390 4.

425 1425 704 1482 Gallienus
732 1441 860 1482 ann.
909 1426 993 1482 15.

427 1514 688 1572 Claudius
731 1515 780 1584 1,
814 1531 886 1572 m.
921 1516 975 1572 9.

422 1605 720 1672 Quintilius
747 1604 916 1662 frater
952 1603 1141 1661 Claudi
1173 1618 1245 1659 m.
1285 1602 1332 1658 1.

252 1692 379 1753 287.
425 1695 754 1751 Aurelianus
780 1694 837 1762 5,
869 1710 940 1750 m.
974 1695 1028 1750 6.

253 1781 382 1838 292.
429 1785 651 1840 Tacitus
679 1799 752 1840 m.
785 1785 838 1840 6.

253 1870 380 1931 293.
431 1874 645 1930 Probus
674 1873 728 1942 6,
772 1888 844 1931 m.
877 1873 932 1929 4.

430 1963 717 2020 Florianus
756 1962 1036 2020 mensibus
1071 1961 1126 2018 3.

251 2049 381 2108 300.
429 2054 599 2108 Carus
636 2067 764 2113 ann.
805 2053 860 2107 2.

248 2139 379 2199 302.
428 2142 802 2199 Diocletianus
831 2156 960 2199 ann.
993 2141 1084 2198 20.

243 2228 375 2286 322.
424 2234 818 2289 Constantinus
857 2245 1086 2304 magnus
1123 2244 1251 2286 ann.
1285 2229 1376 2299 30,
1409 2229 1690 2286 mensibus
1723 2227 1814 2288 10.

241 2319 503 2376 Cronicae
556 2335 686 2376 vero
754 2321 1048 2391 perhibent
1102 2320 1378 2375 Tiberium
1435 2333 1692 2391 regnasse
1736 2319 1823 2374 vi-

166 2407 303 2476 ginti
339 2408 530 2464 tribus
559 2409 735 2474 annis,
769 2409 876 2465 hoc
906 2416 989 2465 est
1027 2409 1271 2480 quinque
1320 2407 1478 2462 annis
1528 2414 1653 2478 post
1691 2422 1821 2477 pas-

160 2496 415 2563 sionem,
479 2496 667 2551 Gaium
716 2505 953 2566 quatuor
998 2497 1177 2565 annis,
1233 2497 1518 2553 Claudium
1565 2503 1826 2567 quatuor-

159 2582 377 2638 decem.
410 2585 810 2654 Neronemque
841 2585 1270 2655 quatuordecem
1300 2600 1476 2642 annos
1504 2586 1823 2656 imperasse,

165 2674 652 2742 pretermittentes
676 2689 909 2746 superos
947 2689 1184 2743 menses,
1226 2676 1428 2746 quibus
1457 2690 1626 2745 super
1653 2688 1828 2731 annos

170 2776 325 2833 reges
383 2771 808 2833 regnaverunt,
867 2771 922 2819 et
978 2764 1263 2820 intervalla
1319 2773 1628 2835 temporum
1683 2765 1829 2820 inter

180 2865 354 2922 reges,
425 2858 487 2906 et
549 2853 686 2908 fines
750 2866 1019 2909 annorum
1085 2868 1214 2924 sepe
1279 2854 1337 2909 in
1405 2854 1606 2925 quibus
1669 2868 1829 2925 reges

189 2940 563 2996 moriebantur
625 2941 708 2996 vel
773 2955 944 3012 regno
1014 2942 1365 2999 defecissent.
1452 2945 1612 2998 Juxta
1695 2957 1826 3015 ergo

259 524 382 584 209.

258 614 382 670 226.

257 703 379 762 233.

259 793 381 852 235.

253 883 354 938 239
365 925 378 939 .

254 973 382 1029 251.

254 1062 380 1120 255.

254 1152 380 1213 260.

253 1243 356 1298 267
365 1287 379 1299 .

251 1333 375 1393 269.

251 1423 377 1482 270.

252 1513 378 1568 285.

1447 219 1856 279 CHRONICON.
1892 247 1964 258 —-
2000 217 2128 274 LIB.
2170 217 2261 274 Ill.

1833 349 2016 413 Atem
2063 343 2438 416 apostolorum
2486 345 2758 402 neminem
2805 347 2939 416 vidi,
2985 350 3089 406 nisi
3125 354 3389 412 Jacohum
3435 356 3544 414 fra-

3437 230 3545 285 642

1902 439 2043 489 trem
2084 434 2339 502 Domini;
2391 448 2515 504 qua:
2554 441 2734 491 autem
2775 437 2959 493 scribo
2995 439 3152 495 vobis
3197 455 3326 499 ecce
3358 459 3540 502 coram

1901 523 2014 577 Deo
2062 523 2191 592 quia
2237 536 2348 578 non
2394 523 2649 591 mentior,
2681 544 2709 577 »
2763 532 2818 581 et
2864 525 3096 598 reliqua.
3132 529 3276 586 Beda
3317 533 3398 588 sic
3441 533 3539 604 (cf.

1900 611 2132 666 Retraet.
2174 611 2229 666 in
2273 611 2397 667 Act.
2459 626 2508 668 c.
2570 617 2640 680 1x)
2698 632 2710 668 :
2783 633 2811 665 «
2869 617 3092 673 Constat
3139 633 3269 690 ergo
3319 621 3541 678 Paulum

1902 704 2028 768 post
2069 711 2245 754 annos
2291 704 2403 755 tres
2451 701 2828 759 conversionis
2857 719 2970 761 suae
2999 707 3210 763 venisse
3243 708 3543 766 Hierusoli-

1902 800 2080 854 mam,
2141 792 2197 842 et
2252 789 2628 857 apostolorum
2687 806 2915 849 numero
2962 795 3266 866 sociatum,
3315 798 3423 856 hoc
3460 805 3545 856 est

1903 875 2162 946 quoniam
2219 878 2393 932 Lucas
2439 879 2520 934 sic
2577 879 2713 936 dicit
2764 881 2820 938 in
2878 885 3091 942 actibus
3144 888 3540 958 apostolorum,

1903 966 2202 1021 Barnabam
2231 967 2636 1036 apprehensum
2664 970 2818 1027 illum
2849 971 3068 1030 duxisse
3097 975 3166 1031 ad
3187 979 3487 1048 apostolos.
3513 999 3541 1032 »

1904 1057 2035 1111 Haec
2063 1055 2228 1111 Beda.

1973 1143 2063 1200 38.
2102 1144 2191 1200 22.
2228 1143 2377 1215 [κη]
2417 1144 2640 1219 (ΒευΑ.)
2677 1148 2860 1205 Gallus
2889 1156 2937 1207 et
2965 1154 3260 1212 Nonianus.
3283 1156 3542 1229 Agrippa,

1905 1235 2000 1304 qui
2030 1239 2084 1290 et
2115 1233 2380 1302 Herodes,
2416 1235 2561 1292 illius
2588 1237 2889 1296 Aristobuli
2920 1241 3018 1298 lilii
3061 1244 3294 1300 Herodis
3345 1247 3543 1318 Magni,

1903 1330 2193 1380 accusator
2239 1324 2475 1380 Herodis
2513 1327 2826 1397 tetrarchm,
2875 1331 3100 1387 Romam
3147 1335 3457 1405 profectus,
3516 1353 3546 1392 a

1905 1413 2126 1470 Tiberio
2156 1414 2212 1469 in
2242 1414 2458 1470 vincula
2491 1417 2825 1486 conjicitur;
2877 1419 2972 1476 ubi
2997 1421 3261 1491 plurimos
3285 1425 3390 1482 sibi
3413 1427 3550 1483 asci-

1905 1501 1982 1556 vit
2027 1501 2095 1556 ad
2135 1502 2428 1558 amicitiam
2459 1509 2514 1559 et
2541 1506 2772 1561 maxime
2800 1509 3108 1566 Germanici
3137 1511 3307 1568 tilium
3337 1515 3545 1571 Gaium.

1909 1590 2122 1662 (HIER.)
2167 1592 2340 1648 Pilato
2390 1592 2458 1649 de
2506 1593 2929 1652 Christianorum
2980 1598 3232 1671 dogmate
3271 1602 3340 1658 ad
3388 1605 3548 1661 Tibe-

1841 1679 2050 1744 Brium
2102 1679 2396 1748 referente,
2454 1682 2704 1739 Tiberius
2755 1684 2944 1741 retulit
2998 1687 3066 1742 ad
3124 1695 3372 1746 senatum
3412 1699 3472 1748 ut
3507 1692 3550 1724 ⁸⁹

1907 1769 2053 1824 inter
2099 1777 2301 1826 caatera
2348 1784 2504 1827 sacra
2553 1773 2950 1842 reciperentur.
3000 1777 3197 1833 Verum
3244 1793 3368 1835 cum
3397 1780 3438 1811 ⁹⁰
3483 1797 3551 1838 ex

1906 1857 2141 1915 consilio
2188 1864 2403 1930 patrum
2453 1860 2784 1919 christianos
2832 1864 3101 1922 eliminari
3153 1867 3221 1923 ab
3260 1869 3395 1925 urbe
3434 1870 3550 1942 pla-

1906 1948 2130 2004 cuisset.

1975 2037 2066 2091 39.
2134 2035 2224 2092 23.
2298 2036 2463 2108 [ηιμ]
2532 2037 2733 2110 (Hilam)
2801 2039 3071 2098 Gallienus
3118 2050 3167 2100 et
3211 2045 3545 2104 Plautianus.

1905 2126 2158 2182 Tiberius
2195 2125 2231 2156 "
2282 2141 2383 2196 per
2412 2126 2653 2183 edictum
2683 2133 3096 2188 accusatoribus
3125 2133 3548 2194 Christianorum

1907 2215 2270 2271 comminatus
2326 2221 2409 2272 est
2464 2224 2718 2273 mortem.
2774 2220 2978 2274 Scribit
3027 2223 3394 2280 Tertullianus
3449 2226 3547 2297 (Cf.

1907 2306 2038 2360 Eus.
2089 2305 2228 2360 Hist.
2270 2303 2396 2361 eecl.
2449 2321 2508 2374 ιι,
2560 2306 2636 2374 2).
2686 2308 2838 2364 Multi
2877 2317 3190 2368 senatorum
3223 2323 3277 2370 et
3305 2319 3551 2386 equitum

1905 2396 2276 2451 Romanorum
2323 2395 2621 2452 interfecti.
2675 2397 2773 2452 His
2829 2401 3168 2471 consulibus,
3221 2405 3551 2465 Cassiodoro

1907 2489 2070 2552 teste,
2120 2499 2263 2541 anno
2301 2484 2398 2538 23°
2445 2487 2664 2557 imperii
2711 2488 2818 2556 sui,
2861 2491 3040 2546 aatatis
3085 2491 3179 2544 78°
3209 2494 3348 2550 obiit
3379 2495 3552 2567 [Tibe-

1909 2574 2025 2629 rius
2051 2574 2109 2644 ³³]
2170 2588 2382 2630 veneno
2440 2575 2497 2630 in
2545 2578 2838 2647 Campania
2899 2578 3005 2650 (Cf.
3065 2583 3258 2650 ans.,
3317 2599 3416 2654 v11,
3474 2587 3546 2658 4),

1911 2662 2097 2732 quassi
2145 2677 2331 2718 mense
2379 2665 2720 2733 Septembre.
2773 2668 2892 2730 [Cui
2941 2667 2982 2698 ⁹²
3037 2673 3305 2728 successit
3343 2675 3546 2746 Gaius].

1983 2753 2334 2807 Romanorum
2361 2751 2403 2783 ³³
2441 2752 2494 2807 4.
2531 2753 2714 2820 Gaius,
2747 2755 2833 2824 qui
2863 2760 2912 2810 et
2960 2756 3219 2827 Caligula,
3264 2763 3320 2816 in
3373 2765 3550 2819 eodem

1909 2855 2047 2894 anno
2095 2855 2193 2911 quo
2239 2840 2362 2896 obiit
2397 2841 2631 2897 Tiberius
2672 2843 2942 2915 incipiens,
2987 2846 3263 2920 [regnavit]
3307 2853 3467 2908 annis
3493 2853 3548 2922 4,

1913 2929 2193 2984 mensibus
2228 2927 2310 2996 10,
2345 2931 2540 2986 diebus
2577 2930 2630 3000 8,
2673 2938 2812 2988 teste
2860 2935 3096 2992 Eusebio
3127 2945 3182 2992 et
3211 2939 3354 2997 Beda
3389 2961 3401 2996 :
3443 2941 3550 2998 hoc

194 3029 437 3085 cronicas
499 3031 647 3086 inter
714 3032 987 3102 passionis
1051 3046 1251 3088 annum
1318 3039 1373 3088 et
1437 3019 1995 3103 VespasianumCest
2043 3033 2215 3088 usque
2273 3018 2392 3074 Kal-
2436 3020 2684 3090 Augusti,
2743 3021 2799 3076 in
2852 3036 2996 3080 anno
3049 3025 3113 3078 10
3168 3034 3295 3096 post
3341 3032 3549 3100 passio-

194 3124 312 3172 sunt
357 3119 488 3173 anui
529 3119 750 3189 triginta
799 3126 1030 3190 septem,
1064 3122 1426 3192 quadraginta
1455 3137 1584 3178 vero
1615 3130 1826 3191 septem

190 3207 330 3273 juxta
395 3215 647 3265 sanctum
712 3209 936 3265 Paulum
969 3253 985 3279 ,
1042 3217 1180 3266 teste
1245 3217 1436 3267 sancto
1503 3211 1824 3268 llieronimo

193 3310 348 3367 super
393 3312 520 3353 eum
563 3298 631 3353 ad
675 3299 895 3356 Paulam
943 3306 998 3356 et
1044 3301 1414 3357 Eustochiam.
1464 3301 1661 3357 Decem
1712 3302 1822 3356 ita-

194 3400 288 3454 que
339 3387 468 3442 anni
521 3387 722 3444 desunt
767 3388 825 3444 in
872 3390 1113 3446 cronicis
1159 3391 1216 3445 in
1265 3397 1418 3446 tanto
1465 3392 1666 3460 spatio.
1716 3390 1822 3446 Sed

193 3478 356 3531 tamen
386 3477 498 3532 alio
533 3477 762 3549 vestigio
791 3480 1074 3548 sequimur
1102 3479 1354 3534 cronicas
1382 3478 1489 3534 hoc
1520 3477 1707 3534 modo.

255 3565 442 3632 Quibus
481 3567 664 3638 finitis,
695 3567 843 3635 signo
883 3571 932 3621 et
962 3567 1133 3622 verbis
1173 3587 1189 3621 :
1229 3567 1476 3622 Vinicius
1525 3572 1580 3622 et
1618 3567 1826 3637 Longi-

194 3666 285 3709 nus
326 3663 378 3712 et
429 3656 636 3726 reliqu.
691 3672 877 3712 manus
938 3656 1170 3712 secunda
1227 3657 1298 3712 ad
1348 3657 1574 3727 primum
1629 3661 1825 3712 textum

194 3741 415 3800 lectorem
444 3745 682 3801 remittit.

254 3832 335 3889 36.
383 3835 473 3891 20.
536 3833 679 3905 [xm]
728 3833 926 3905 (HIER).
977 3832 1242 3906 Sulpicius
1287 3839 1336 3890 et
1382 3834 1544 3891 Silia.
1596 3834 1827 3905 Sejanus

194 3922 452 3990 prefectus
492 3925 726 3992 Tiberii,
767 3924 862 3994 qui
909 3923 1055 3994 apud
1087 3937 1210 3980 eum
1259 3923 1552 3994 plurimum
1583 3931 1820 3994 poterat,

195 4009 576 4069 instantissime
641 4011 1037 4068 conhoartatur
1091 4009 1135 4041 ⁸⁸
1199 4017 1260 4067 ut
1323 4016 1540 4083 gentem
1609 4011 1824 4068 Judaao-

195 4112 297 4155 rum
342 4103 551 4172 deleat,
599 4103 742 4158 sicut
784 4101 902 4158 Filo
950 4101 1086 4158 dicit
1113 4100 1170 4157 in
1209 4100 1351 4159 libro
1400 4102 1694 4174 legationis
1739 4116 1824 4158 se»

196 4190 390 4248 cundaa.

254 4278 336 4336 37.
379 4280 470 4335 21.
531 4279 661 4350 [xv.]
713 4278 910 4350 (Hum)
947 4278 1160 4334 Priscus
1191 4284 1240 4336 et
1297 4279 1560 4337 Vitellius.
1604 4279 1826 4336 Persius

197 4367 400 4426 Flaccus
445 4370 709 4426 satiricus
756 4376 919 4439 poeta
964 4368 1266 4424 Volaterris
1307 4371 1570 4425 nascitur.
1621 4362 1887 4426 PaulusD

194 4457 262 4512 sic
289 4459 351 4515 ad
378 4461 602 4516 Galatas
640 4459 706 4530 (c.
756 4460 798 4522 l,
853 4457 1033 4524 15-20)
1071 4478 1084 4514 :
1143 4479 1168 4507 α
1220 4459 1354 4514 Cum
1404 4463 1585 4514 autem
1615 4459 1824 4530 placuit

196 4547 238 4600 ei
261 4550 347 4617 qui
373 4566 456 4606 me
489 4547 802 4619 segregavit
831 4562 898 4603 ex
934 4553 1094 4604 utero
1133 4547 1324 4603 matris
1353 4561 1510 4616 meai,
1558 4553 1614 4603 et
1654 4562 1822 4605 voca-

195 4636 259 4692 vit
311 4653 405 4708 per
449 4639 686 4712 gratiam
733 4652 883 4693 suam
933 4641 992 4692 ut
1040 4637 1307 4693 revelaret
1345 4637 1512 4692 lilium
1562 4651 1719 4692 suum
1765 4637 1823 4693 in

198 4738 306 4795 me,
353 4736 411 4784 ut
458 4727 891 4799 evangelizarem
920 4727 1075 4783 illum
1110 4727 1167 4782 in
1205 4727 1463 4798 gentibus
1495 4769 1509 4794 ,
1561 4727 1824 4782 continuo

197 4825 291 4871 non
339 4819 598 4888 adquievi
647 4817 797 4872 carni
847 4825 902 4871 et
947 4817 1220 4888 sanguini,
1253 4831 1431 4886 neque
1462 4815 1584 4871 veni
1632 4817 1827 4872 Hieru-

198 4904 426 4962 solimam
463 4906 536 4962 ad
585 4909 968 4962 antecessores
1014 4919 1165 4960 meos
1214 4905 1518 4976 apostolos,
1569 4905 1666 4961 sed
1714 4905 1824 4960 abii

198 4990 245 5046 in
288 4996 559 5063 Arabiam,
608 5001 664 5051 et
720 4995 918 5050 iterum
973 5008 1225 5050 reversus
1279 5009 1400 5050 sum
1464 4996 1822 5061 Damascum;

199 5078 381 5139 deinde
438 5090 566 5156 post
613 5097 788 5140 annos
838 5089 952 5139 tres
998 5083 1122 5139 veni
1179 5082 1598 5140 Hierusolimam
1637 5083 1822 5139 videre

199 5167 398 5228 Petrum
424 5216 438 5237 ,
490 5180 548 5230 et
598 5173 773 5229 mansi
819 5172 964 5244 apud
996 5186 1120 5228 eum
1150 5171 1344 5228 diebus
1388 5172 1488 5243 15;
1531 5173 1696 5229 alium
1726 5188 1822 5229 au-

1910 3121 2055 3162 nem.
2116 3107 2227 3165 Sub
2282 3121 2392 3179 quo
2439 3108 2496 3165 hi
2543 3109 2800 3167 consules
2853 3110 3075 3171 fuerunt
3127 3115 3284 3186 [teste
3339 3121 3552 3178 Cassio-

1909 3197 2092 3253 dorol.
2178 3204 2190 3213 ‘

1975 3210 2046 3252 iro
2080 3240 2092 3252 .
2178 3204 2190 3213 ”

1975 3201 2070 3342 4οἶ
2107 3285 2154 3340 1.
2197 3285 2366 3358 [xvm]
2408 3286 2661 3342 Proculus
2697 3293 2747 3344 et
2791 3290 3061 3347 Nicrinus.
3095 3294 3328 3350 Sanctus
3354 3296 3519 3351 Petru

1907 3375 1964 3430 in
2019 3388 2164 3430 anno
2201 3381 2358 3431 sexto
2407 3382 2533 3444 post
2588 3377 2920 3446 passionem,
2976 3381 3154 3448 primo
3212 3395 3356 3438 anno
3411 3385 3548 3450 Gaii,

1907 3464 2223 3519 cathedram
2285 3464 2593 3520 Antiochia
2659 3465 2930 3532 ecclesiae,
2999 3472 3188 3522 octava
3255 3469 3545 3526 Kalendar.

1907 3553 2106 3618 Martii,
2137 3557 2287 3607 tenet
2316 3565 2417 3620 per
2445 3565 2619 3606 annos
2647 3552 2701 3608 7.
2742 3554 2770 3579 *
2819 3552 3028 3626 (BEDA.)
3077 3555 3239 3611 Gaius
3276 3559 3549 3615 Herodem

1907 3642 2221 3711 Agrippam,
2253 3640 2486 3696 amicum
2531 3655 2710 3709 suum,
2751 3642 2986 3698 vinculis
3022 3643 3333 3714 liberatum,
3366 3661 3549 3719 regem

1905 3730 2060 3787 Judze
2091 3728 2242 3797 facit,
2275 3730 2433 3785 annis
2460 3729 2515 3784 7.

2120 3817 2379 3892 f__[Manu
2411 3817 2640 3872 secunda
2685 3819 2743 3873 in
2788 3819 3023 3892 margine
3069 3820 3180 3876 hac
3213 3822 3547 3881 scribuntur-

2120 3890 2470 3944 lvlieronimus
2520 3909 2532 3944 :
2601 3892 2734 3945 Cum
2801 3890 2996 3946 Petrus
3059 3894 3299 3950 venisset
3361 3898 3552 3954 Antio-

2122 3961 2330 4029 chiam,
2389 3959 2712 4018 adﬁrmante
2759 3963 2960 4029 Paulo,
3022 3963 3150 4020 hinc
3212 3967 3548 4026 credendum

2119 4033 2191 4087 sit
2228 4033 2284 4087 in
2331 4031 2525 4088 faciem
2585 4033 2663 4088 illi
2729 4033 2953 4089 Paulum
3019 4038 3315 4095 resistisse.
3360 4059 3387 4091 »
3447 4041 3547 4107 (Cf.

2120 4103 2191 4158 ad
2239 4103 2358 4158 Gal.
2409 4119 2481 4158 Iv.
2517 4118 2571 4158 D.
2602 4104 2751 4158 242.)
2779 4135 2852 4145 —
2880 4106 3081 4158 Eadem
3113 4124 3269 4158 manu
3309 4112 3404 4158 sed
3442 4113 3547 4158 alin

2120 4106 2191 4158 ad
2239 4106 2358 4159 Gal.
2409 4119 2481 4172 IV,

2121 4175 2671 4252 atramento_additur
2703 4197 2716 4232 :
2766 4177 2926 4252 Beda
2957 4193 3125 4252 super
3162 4189 3289 4252 acta,
3330 4191 3552 4252 aposto-

2122 4245 2298 4302 lorum
2353 4246 2441 4317 (ad
2487 4263 2534 4300 ο.
2595 4246 2628 4316 ι)
2666 4267 2678 4301 :
2724 4265 2752 4298 «
2802 4245 3041 4302 Mathias
3080 4245 3380 4318 apostolus'
3422 4262 3550 4309 ante

2122 4324 2484 4388 pentecosten
2533 4318 2842 4383 ordinatur,
2890 4325 3101 4386 septem
3150 4335 3280 4376 vero
3328 4322 3550 4379 diaconi

2123 4396 2250 4458 post
2309 4395 2669 4458 pentecosten
2730 4389 3112 4458 apostolorum
3177 4391 3430 4448 oratione
3496 4401 3552 4449 et

2119 4473 2312 4515 manus
2357 4461 2718 4529 impositione
2787 4459 3146 4516 ordinantur.
3202 4482 3226 4510 ιο
3297 4462 3552 4520 Stefanus

2117 4533 2287 4585 Grece
2361 4532 2554 4587 Latine
2630 4543 2836 4587 corona
2911 4531 3328 4601 interpretatur.
3396 4536 3550 4591 Unde

2120 4601 2388 4675 Eusebius
2425 4603 2561 4658 dicit
2603 4602 2768 4674 (Hist.
2823 4601 2948 4675 eccl.
3001 4618 3061 4670 ιι,
3111 4603 3161 4674 ι)
3197 4623 3209 4658 :
3266 4622 3294 4655 «
3334 4606 3548 4675 Statim,

2122 4673 2348 4742 inquit,
2424 4679 2551 4744 post
2615 4673 3018 4730 Ordinationem
3083 4673 3235 4729 suam
3301 4673 3553 4734 Stefanus

2121 4745 2396 4814 lapidatus
2442 4753 2526 4801 est
2572 4746 2640 4800 ab
2689 4747 2775 4800 his
2805 4747 2898 4815 qui
2930 4752 2985 4801 et
3023 4747 3310 4802 Dominum
3334 4750 3554 4805 occide-

2123 4823 2270 4871 runt.
2317 4836 2343 4868 »
2396 4845 2469 4856 —
2523 4815 2644 4872 Alio
2693 4821 2981 4871 atramento
3035 4820 3205 4887 pergil
3256 4838 3268 4872 :
3338 4821 3552 4876 Statue-

2123 4894 2251 4943 runt
2289 4893 2349 4943 ut
2394 4888 2760 4943 ascenderent
2807 4887 3007 4942 Paulus
3044 4895 3100 4943 et
3152 4890 3426 4946 Barnabas
3481 4892 3550 4948 ad

2121 4959 2424 5028 apostolos,
2457 4975 2486 5014 »
2537 4964 2591 5014 et
2639 4959 2849 5027 reliqua
2883 4957 3028 5028 (Act.
3061 4975 3150 5026 xv,
3183 4961 3253 5031 2).
3287 4962 3431 5018 Beda
3461 4978 3552 5019 su-

2123 5046 2221 5100 per
2284 5039 2404 5086 acta
2468 5031 2843 5100 apostolorum
2882 5031 2962 5086 sic
3015 5031 3107 5093 (ad
3163 5049 3210 5086 ο.
3268 5034 3354 5097 xv)
3411 5054 3424 5090 :
3477 5037 3551 5090 De

2120 5103 2222 5158 hac
2273 5103 2597 5158 ascensione
2652 5116 2750 5158 sua
2807 5101 3006 5157 Paulus
3061 5103 3181 5172 ipse
3236 5105 3430 5160 scribit
3482 5106 3551 5162 ad

2115 5174 2350 5242 Galatas,
2400 5173 2592 5230 dicens
2638 5194 2650 5230 :
2699 5191 2728 5225 «
2774 5173 2981 5230 Deinde
3031 5188 3130 5244 per
3167 5188 3341 5232 annos
3375 5176 3438 5230 14
3467 5191 3552 5233 as-

1541 5272 1766 5328 VARhE
1803 5271 2188 5328 LECTIONES.

261 5363 301 5397 ⁸⁸
327 5368 698 5426 céhoartatur.
733 5368 780 5424 l.
806 5368 847 5424 ἱ.
878 5383 923 5423 e.
959 5365 1282 5440 cohortatur
1304 5437 1339 5440 μ
1370 5367 1412 5398 ⁸⁹
1446 5374 1568 5440 post
1593 5369 1720 5424 add.
1761 5369 1808 5425 1.

200 5444 334 5512 sunt.
424 5440 466 5471 "
508 5447 625 5512 post
655 5441 780 5496 add.
814 5455 920 5495 sec.
951 5453 1109 5512 manu
1144 5439 1190 5492 l.

204 5505 282 5564 lex
307 5510 430 5570 data
460 5505 565 5582 es't,
596 5514 662 5570 ιε
690 5526 722 5569 a
752 5510 1160 5570 resurrectione
1189 5510 1420 5583 spiritus
1457 5510 1655 5570 missus
1685 5517 1789 5569 est.

1903 5369 1946 5400 90
1974 5371 2017 5400 Ἡ

1370 5368 1412 5398 ⁸³
1446 5374 1563 5440 post
1593 5369 1720 5424 add.
1761 5369 1808 5425 1.
1903 5369 1946 5400 ⁹⁰
1974 5371 2110 5426 Vum
2142 5368 2189 5425 1.
2283 5368 2322 5400 ⁹¹
2354 5369 2484 5424 Haec
2509 5383 2624 5424 cum
2653 5369 2984 5425 antecedente
3024 5383 3161 5424 anno
3191 5373 3550 5440 conjungenda

1391 5441 1526 5522 Hoc.
1551 5439 1664 5496 loco
1694 5441 1761 5522 in-
1786 5443 2021 5513 margine
2049 5456 2208 5498 manu
2241 5456 2348 5497 sec.
2378 5441 2626 5510 scriptum
2656 5445 2770 5496 est:
2804 5443 2868 5496 ιλιι
2898 5441 2987 5497 die
3018 5440 3087 5496 ab
3117 5441 3399 5501 occisione
3430 5445 3550 5515 agri

2283 5368 2322 5400 ⁹¹
2354 5369 2484 5424 Haec
2509 5383 2624 5424 cum
2653 5369 2984 5425 antecedente
3024 5383 3161 5424 anno
3191 5373 3550 5440 conjungenda

2517 4118 2571 4174 p.
2602 4104 2751 4175 242.)
2779 4135 2852 4145 -
2880 4106 3081 4161 Eadem
3113 4124 3269 4165 manu
3309 4112 3404 4166 sed
3442 4104 3550 4168 alio
3642 4119 3648 4123 ’
