4040 6170
449 240 556 298 643

1864 236 2146 294 MARIANI
2185 238 2412 297 SCOTTI

3671 252 3762 308 644

659 363 822 441 gendi
849 364 909 422 in
938 361 1359 441 Hierusolimam
1404 376 1526 441 cum
1559 361 1807 441 Barnabo
1836 360 2088 441 adsumto
2111 364 2165 423 A
2248 342 2597 423 Romanorum
2646 366 2701 421 5.
2760 366 3009 424 Claudius
3062 368 3293 438 regnavit
3340 371 3484 428 annis
3533 374 3608 441 l4,
3648 392 3766 433 metu»

660 438 803 506 Tito,
862 443 918 492 et
975 435 1183 492 contuli
1244 448 1366 491 cum
1419 433 1887 506 illis__eugelium,
1940 432 2089 502 quod

663 503 891 583 predico
921 508 978 562 in
1006 507 1263 583 gentibus
1310 510 1443 583 ﬁtﬁt
1488 503 1719 583 reliqua.
1768 504 1880 583 Ubi
1902 517 2092 559 nume-

662 576 756 637 i'us
784 580 903 650 ipse
935 576 1041 648 qua
1072 578 1117 609 ⁸⁵
1162 576 1375 648 possuit
1402 576 1775 650 recensendus
1805 581 1889 632 est
1917 588 2090 631 anno-

661 647 865 709 rum.'«
893 647 1104 707 Scimus
1133 647 1277 704 enim
1307 650 1528 703 Petrum
1548 655 1605 705 et
1623 647 1848 704 Paulum
1870 655 2093 717 aposto-

665 724 749 780 los
795 736 940 778 anno
987 727 1113 791 post
1144 720 1452 790 passionem
1483 721 1697 776 Domini
1726 719 1817 787 38,
1849 719 1907 775 id
1937 725 2022 774 est
2047 716 2089 748 "

663 795 857 851 ultimo
885 790 1118 848 Neronis
1147 805 1312 859 anno,
1348 805 1538 861 passos
1565 790 1732 847 fuisse
1763 791 2089 857 martirium,

661 874 716 922 et
764 866 983 921 beatum
1040 866 1258 918 Petrum
1313 864 1485 918 Rome
1541 863 1611 917 25
1667 865 1826 918 annis
1881 863 2091 918 sedisse

662 936 1030 1008 epismpalem
1046 933 1397 1008 cathedram,
1438 939 1494 1008 et
1529 934 1600 988 25
1630 935 1759 990 anni
1788 940 1844 990 et
1878 933 1943 1008 l_4
1980 947 2092 988 non

661 1004 730 1063 38
776 1004 874 1063 sed
921 1005 992 1060 39
1038 1004 1263 1078 faciunt.
1315 1007 1574 1075 Sequitur
1621 1020 1752 1078 ergo
1802 1011 1863 1078 ut
1887 1005 2095 1078 beatus

661 1083 855 1136 Petrus
876 1078 1069 1134 eodem
1096 1076 1161 1130 14
1190 1081 1315 1147 post
1344 1079 1653 1147 passionem
1685 1076 1899 1133 Domini
1923 1089 2091 1142 anno,

664 1165 773 1222 (Ιυο
796 1164 919 1205 eum
947 1148 1005 1222 in
1036 1149 1416 1222 Hierusolimis
1436 1149 1735 1220 alloquitur
1753 1148 2013 1222 Claudius
2028 1147 2092 1215 ’⁸,

661 1220 858 1293 quarto
907 1220 1099 1276 Claudi
1140 1220 1379 1293 cessaris
1416 1234 1595 1293 anno,
1626 1224 1851 1277 Romam
1880 1220 2095 1293 venisse

662 1291 971 1359 credamus,
993 1291 1288 1362 simulque,
1321 1292 1425 1347 nisi
1455 1291 1637 1361 fallor,
1658 1307 1723 1348 ac
1751 1292 2096 1362 expositione

664 1364 886 1421 Paulum
916 1363 1226 1434 apostolum
1257 1363 1452 1435 eodem
1483 1378 1593 1435 quo
1622 1365 1886 1421 Dominus
1905 1377 2098 1433 passus

660 1442 755 1564 ﬁstt
774 1442 831 1493 et
858 1436 1187 1579 res]urrexit.
1209 1480 1224 1497 .
1244 1479 1293 1493 ..
1333 1434 1374 1466 ’7
1423 1434 1515 1492 ad’
1536 1436 1699 1492 ﬁdem
1727 1436 1940 1493 venisse
1972 1448 2101 1506 pro-

701 1522 731 1564 a
758 1523 842 1564 ur.
880 1527 909 1561 ))

701 1514 842 1564 atur.
880 1527 909 1561 »

2173 453 2317 509 sibus
2361 456 2414 524 7,
2465 456 2646 512 diebus
2689 456 2782 527 28,
2815 465 2871 513 et
2908 457 3015 514 hoc
3044 464 3326 529 estusque
3364 461 3478 516 Kal.
3505 464 3683 533 April.,
3717 467 3763 522 iu

2172 558 2318 600 anno
2378 544 2670 617 vigessimo
2737 548 2934 617 quinto
3000 553 3124 616 post
3189 550 3510 618 passionem.
3576 553 3762 626 (Cass)

2173 634 2283 690 Sub
2314 648 2424 704 quo
2456 636 2512 691 hi
2544 636 2802 693 consules
2829 634 3087 693 fuerunt:

2243 722 2334 778 45.
2382 723 2428 777 l.
2467 724 2658 796 [χχιιι.]
2700 724 2914 797 (ΗιΕιι.)
2967 725 3218 783 Claudius
3264 741 3410 782 cesar
3437 728 3488 783 2.
3539 734 3584 784 et
3610 730 3769 786 Satur-

2173 813 2345 869 ninus.
2395 815 2497 871 Hic
2535 821 2621 871 est
2665 815 2943 882 Claudius,
2997 820 3224 886 patruus
3268 816 3470 885 Drussi,
3518 820 3605 889 qui
3647 820 3768 890 apud

2174 903 2573 972 Magantiacum
2611 909 3025 962 monumentum
3054 904 3239 961 habet.

2245 991 2336 1048 46.
2386 992 2441 1048 2.
2496 994 2685 1065 [χχιχ]
2735 994 2952 1066 (illam)
3003 994 3323 1052 Saturninus
3358 994 3413 1050 2.
3452 1000 3499 1052 et
3536 997 3768 1053 Venustus.

2176 1082 2448 1138 Eusebius
2475 1083 2557 1139 sic
2598 1103 2610 1138 :
2661 1085 2856 1140 Petrus
2893 1083 3200 1154 apostolus,
3232 1098 3355 1140 cum
3382 1085 3582 1155 primus
3605 1086 3771 1142 Antio-

2177 1172 2356 1228 chiam
2401 1173 2691 1229 ecclesiam
2737 1173 3059 1244 fundasset,
3119 1177 3347 1232 Romam
3400 1176 3653 1242 mittitur;
3697 1176 3773 1230 ubi

2179 1263 2521 1335 evangelium
2569 1265 2862 1334 predicans
2910 1264 2981 1318 25
3024 1265 3203 1333 annis,
3237 1266 3527 1336 episcopus
3567 1263 3775 1335 ejusdem

2180 1354 2334 1410 urbis
2362 1360 2694 1424 perseverat.

2251 1442 2342 1498 47.
2391 1442 2445 1500 3.
2502 1443 2661 1514 [xxv.]
2712 1442 2910 1514 (HIER.)
2970 1443 3206 1500 Tiberius
3252 1446 3303 1499 et
3348 1441 3546 1500 Gallus.
3599 1443 3780 1498 Marcus

2183 1532 2536 1603 evangelista,
2586 1532 2863 1602 interpres
2913 1533 3083 1602 Petri,
3123 1532 3344 1604 [Egipto
3399 1539 3453 1588 et
3497 1531 3779 1587 Alaxaudria

520 1597 610 1653 41.
662 1597 717 1653 2.
763 1596 910 1669 [x1x.]
958 1595 1153 1668 (Ηιιιιι.)
1190 1594 1431 1653 Julianus
1469 1602 1518 1653 et
1545 1599 1834 1669 Asprenas.
1874 1593 2102 1652 Flaccus

2189 1593 2457 1678 Christum
2487 1593 2754 1692 predicat.
2783 1624 2998 1679 Primus
3024 1593 3336 1680 Antiochiae
3365 1622 3642 1693 episcopus
3656 1620 3779 1678 ordi-

449 1685 658 1742 Acilius
688 1684 966 1756 prefectus
993 1685 1175 1756 Egipti
1203 1686 1410 1742 Judeos
1439 1684 1840 1741 calamitatibus
1873 1684 2093 1755 premit,
2111 1694 2157 1752 Β
2184 1719 2346 1767 natur
2373 1684 2631 1767 Εγοξιίηε,

452 1776 836 1832 consentiente
866 1774 1212 1835 Alexandria:
1261 1775 1466 1846 populo
1515 1780 1570 1831 et
1611 1775 1808 1832 crebro
1838 1774 2100 1830 adversus

454 1880 552 1923 eos
581 1864 916 1922 clamoribus
939 1870 1295 1935 personante,
1329 1867 1618 1938 sinagogas
1647 1879 1869 1936 quoque
1908 1877 2099 1920 eorum

456 1955 804 2027 imaginibus,
853 1955 1075 2011 statutis
1107 1952 1170 2022 ³⁸,
1212 1954 1323 2009 aris
1371 1961 1427 2010 et
1455 1955 1692 2011 victimis
1730 1953 1948 2024 polluit.
1982 1952 2099 2009 Filo

456 2044 651 2101 scribit
697 2045 754 2099 in
804 2043 969 2110 libro,
1001 2042 1095 2112 qui
1127 2048 1182 2098 et
1212 2042 1460 2111 Flaccus,
1508 2043 1609 2099 hec
1651 2043 1834 2099 omnia
1881 2056 1940 2097 se
1982 2055 2102 2112 pre-

457 2137 613 2188 sente
642 2137 817 2204 gesta,
849 2131 920 2188 ob
960 2146 1083 2201 quae
1116 2131 1280 2187 etiam
1310 2131 1642 2201 legationem
1668 2130 1738 2187 ad
1766 2130 1954 2187 Gaium
1983 2130 2101 2200 ipse

456 2223 721 2292 suscepit.
767 2220 984 2295 (Βιιυχ.)
1032 2221 1280 2278 Herodes
1329 2220 1606 2277 tetrarcha
1644 2225 1700 2276 et
1744 2220 1863 2290 ipse
1921 2219 2104 2275 amici-

457 2311 586 2367 tiam
631 2310 749 2367 Gaii
796 2317 1012 2382 petens,
1045 2315 1242 2382 agente
1288 2310 1601 2367 Herodiade
1638 2324 1736 2366 sua
1767 2324 1960 2376 uxore,
2000 2309 2106 2364 Ro-

455 2412 594 2455 mam
631 2399 801 2467 venit,
860 2400 958 2456 sed
1015 2404 1305 2456 accusatus
1351 2400 1420 2455 ab
1467 2400 1707 2470 Agrippa
1754 2398 2102 2454 tetrarchiam

457 2489 737 2559 perdidit;
778 2488 1104 2559 fugiensque
1138 2490 1195 2544 in
1243 2488 1559 2558 Hispaniam
1608 2502 1730 2544 cum
1769 2486 2100 2563 Herodiade,

456 2591 671 2634 merore
738 2578 905 2647 periit
964 2576 1093 2647 [pro
1154 2576 1329 2633 letitia
1383 2577 1441 2633 in
1503 2576 1875 2634 decollatione
1926 2575 2104 2633 sancti

452 2666 721 2723 Johannis
746 2665 1027 2737 baptiste].

527 2782 668 2848 [cod.
717 2783 773 2838 in
818 2782 1074 2852 margine,
1123 2780 1306 2838 Ciclus
1347 2781 1625 2838 secundus
1670 2780 1795 2839 dec.
1838 2781 2035 2853 incipit

971 2871 1277 2929 indictione
1306 2872 1581 2943 septima.]

2250 1799 2340 1857 48.
2390 1800 2444 1854 4.
2501 1798 2680 1871 [xxv1.]
2717 1799 2914 1872 (ΙΙιΕιι.)
2954 1799 3223 1871 Crispinus
3253 1805 3304 1856 et
3337 1802 3549 1857 Taurus.
3581 1798 3780 1870 Agrippa

2183 1904 2281 1945 rex
2327 1889 2629 1946 Judeorum
2676 1890 2835 1945 annis
2881 1894 3093 1961 septem
3140 1890 3441 1960 imperans,
3474 1888 3636 1955 obiit;
3680 1895 3782 1958 post

2183 1994 2346 2050 quem
2402 1980 2546 2035 illius
2600 1995 2733 2036 suus
2783 1980 3023 2050 Agrippa
3082 1994 3115 2035 a
3177 1979 3410 2036 Claudio
3476 1980 3531 2034 in
3591 1990 3783 2049 regnum

2183 2069 2540 2126 constituitur
2561 2111 2576 2136 ,
2630 2067 2908 2124 Profhetia
2936 2068 3108 2139 Agabi
3131 2110 3147 2137 ,
3197 2083 3311 2139 qua
3339 2068 3395 2123 in
3424 2068 3556 2124 actis
3583 2067 3637 2098 ¹⁰²
3668 2080 3782 2136 apo-

2183 2159 2453 2216 stolorum
2502 2157 2697 2214 famem
2746 2159 2804 2214 in
2853 2164 2973 2214 toto
3010 2159 3147 2214 orbe
3195 2158 3415 2215 dixerat
3440 2156 3676 2223 futuram,
3701 2154 3783 2210 sub

2184 2248 2412 2306 Claudio
2441 2248 2711 2319 expletur.
2752 2250 2883 2305 Haec
2912 2247 3182 2305 Eusebius
3230 2249 3376 2314 [cod.
3419 2247 3473 2302 in
3510 2261 3664 2315 marg.
3688 2247 3783 2300 Au-

2184 2351 2289 2394 nus
2323 2336 2387 2391 l5
2433 2338 2638 2394 Tiberii
2684 2337 2987 2394 secundum
3026 2338 3307 2394 cronicam
3338 2336 3551 2393 Eusebii
3579 2342 3628 2390 et
3652 2333 3782 2389 Beda:

2185 2429 2526 2500 presbiteri.]
2564 2427 2710 2483 Beda
2759 2441 2892 2483 vero
2941 2427 3021 2484 sic
3063 2447 3076 2482 :
3129 2445 3157 2479 «
3206 2429 3417 2495 Quarto
3443 2439 3581 2482 anno
3608 2421 3783 2481 Claudii

2183 2518 2356 2575 fames
2382 2518 2721 2590 gravissima,
2755 2518 2915 2587 cujus
2959 2518 3134 2573 Lucas
3179 2517 3452 2585 meminit,
3489 2515 3621 2571 tacta
3646 2518 3783 2569 est.»

2185 2611 2317 2666 Haec
2373 2608 2538 2664 Beda.
2587 2610 2762 2664 Lucas
2805 2620 2936 2663 vero
2984 2606 3042 2662 in
3088 2613 3246 2663 actus
3297 2605 3655 2678 apostolorum
3689 2602 3785 2656 sic:

2190 2718 2219 2752 ‹‹
2274 2700 2336 2755 In
2393 2698 2589 2755 diebus
2644 2698 2755 2754 illis
2819 2703 3258 2769 supervenerunt
3319 2698 3387 2753 ab
3450 2690 3789 2752 Hierusolimis

2186 2786 2458 2860 prolheta:
2505 2787 2875 2854 Antiochiam,
2927 2794 2983 2844 et
3028 2801 3262 2859 surgens
3312 2800 3454 2844 unus
3496 2799 3561 2841 ex
3603 2784 3674 2839 eis
3713 2792 3789 2836 no-

2186 2879 2333 2935 mine
2404 2878 2623 2950 Agabus
2650 2919 2665 2946 ,
2743 2877 3069 2950 signiﬁcavit
3152 2892 3253 2949 per
3314 2877 3560 2948 spiritum
3627 2872 3788 2928 famem

524 2979 614 3033 42.
665 2978 722 3035 3,
792 2978 916 3049 [XL]
984 2978 1193 3050 (ΗΕΒ.)
1249 2978 1523 3035 publicata
1579 2984 1628 3035 ει
1682 2982 1883 3036 Nerva,
1943 2977 2438 3050 Gaiusnmagnam
2493 2967 2731 3026 futuram
2786 2969 2845 3025 in
2893 2968 3147 3024 universo
3197 2966 3338 3024 orbe
3379 2973 3653 3029 terrarum,
3689 2970 3789 3050 qua!

455 3032 921 3136 Memmii
2044 3032 2333 3122 uicfacta
2363 3064 2447 3114 est
2491 3059 2594 3115 sub
2641 3058 2892 3115 Claudio.
2944 3056 3209 3127 Discipuli
3245 3063 3452 3124 autem,
3484 3059 3637 3125 prout
3662 3049 3791 3137 quis-

456 3155 647 3211 uxoris
682 3168 798 3210 suae
828 3168 887 3209 se
935 3161 1145 3224 patrem
1196 3155 1486 3211 scriberet.
1536 3155 1752 3227 (Βιιοχ.)
1791 3156 2036 3211 Philatus
2063 3154 2106 3186 ”

454 3243 512 3298 in
563 3243 765 3299 multas
822 3242 1075 3299 incidens
1141 3242 1479 3300 calamitates
1535 3251 1591 3300 et
1646 3246 1926 3316 irrogante
1972 3245 2103 3301 Gaio

453 3333 776 3390 cohortatus
836 3332 898 3365 ¹⁰⁰
961 3338 1066 3400 est,
1137 3338 1198 3389 ut
1253 3346 1351 3388 sua
1414 3346 1604 3402 manu,
1666 3347 1773 3404 qua
1828 3334 2103 3391 Christum

453 3422 769 3495 ﬂagellavit,
822 3423 940 3493 ipsa
986 3427 1161 3479 semet
1217 3421 1470 3493 peremit.
1531 3423 1731 3491 (Ηιιιιι.)
1788 3422 1958 3479 Gaius
2010 3425 2105 3479 Pe-

454 3513 639 3569 tronio
705 3513 951 3583 prelecto
1019 3510 1192 3583 Syriae
1258 3510 1529 3581 precepit,
1595 3516 1657 3567 ut
1722 3511 2105 3569 Hierusolimis

454 3605 692 3658 statuam
739 3615 893 3658 suam
942 3601 1046 3657 sub
1094 3601 1316 3658 nomine
1362 3601 1513 3657 Jovis
1553 3600 1747 3671 Optimi
1780 3607 1835 3657 et
1882 3602 2103 3657 maximi

454 3696 709 3760 poneret.
757 3692 895 3747 Toto
934 3690 1070 3746 orbe
1117 3691 1386 3756 Romano,
1437 3689 1583 3745 sicut
1630 3689 1747 3746 Filo
1807 3691 2002 3746 scribit
2049 3696 2105 3746 et

336 3814 343 3817 -
449 3779 752 3850 Joseppus,
802 3780 859 3834 in
899 3778 1192 3849 synagogis
1227 3778 1528 3834 Judeorum
1569 3782 1765 3836 statua:
1813 3785 1868 3835 et
1916 3780 2103 3852 imagi-

451 3880 553 3923 nes
589 3873 646 3923 et
683 3881 794 3923 ara:
834 3867 951 3923 Gaii
982 3867 1216 3922 cessaris
1254 3874 1615 3924 consecratae.

521 3953 613 4008 43.
670 3955 726 4010 4.
791 3954 937 4025 [χχι]
1000 3954 1199 4026 (lima)
1257 3957 1438 4012 Cesar.
1488 3955 1715 4013 Plurimi
1757 3957 2027 4015 nobilium
2070 3973 2102 4015 a

448 4042 580 4098 Gaio
630 4042 944 4110 interfecti;
997 4058 1328 4115 sororesque
1383 4060 1539 4113 suas,
1594 4047 1796 4117 quibus
1851 4054 2101 4117 stuprum

451 4130 757 4200 intullerat,
797 4132 1101 4188 insularum
1131 4133 1297 4190 exilio
1337 4134 1687 4191 condemnat.
1737 4136 1902 4192 Gaius
1937 4137 2103 4207 jussit

453 4233 647 4277 omnes
676 4221 895 4278 exsules
924 4222 1184 4278 interﬁci.

519 4308 613 4364 44.
667 4311 722 4366 5.
769 4311 944 4382 [χχιι.]
994 4310 1205 4383 (ΒιιιιΑ.)
1259 4313 1441 4369 Cwsar
1478 4312 1536 4346 ¹⁰¹
1586 4317 1635 4368 et
1679 4311 1941 4369 Julianus.
1995 4315 2103 4370 Ma-

450 4398 612 4455 theus
676 4399 734 4455 in
797 4400 972 4456 Judea
1039 4400 1333 4470 predicans
1365 4444 1379 4467 ,
1448 4400 1789 4472 evangelium
1854 4403 2100 4472 scripsit.

2187 3160 2295 3217 que
2342 3146 2603 3215 habebat,
2652 3151 3061 3217 proposuerunt
3108 3144 3476 3200 ministerium
3520 3142 3715 3197 mittere
3748 3134 3791 3188 in

2185 3235 2414 3291 Judeam
2460 3235 2759 3301 fratribus;
2815 3233 2963 3304 quod
3014 3238 3070 3289 et
3115 3231 3393 3301 fecerunt,
3440 3231 3700 3287 mittentes
3738 3221 3792 3277 ad

2186 3325 2437 3380 seniores
2473 3338 2573 3394 per
2618 3338 2811 3379 manus
2856 3322 3230 3393 apostolorum
3272 3321 3534 3377 Barnabas
3570 3326 3621 3374 et
3648 3311 3790 3371 Pauli.

2186 3414 2392 3471 Eodem
2442 3420 2624 3469 autem
2677 3418 2922 3482 tempore
2970 3411 3148 3468 missit
3175 3412 3432 3468 Herodes
3458 3424 3551 3466 rex
3579 3416 3792 3464 manuus,

2186 3511 2246 3559 ut
2274 3503 2542 3575 afﬂigeret
2571 3500 2837 3573 quosdam
2867 3501 2936 3557 de
2967 3499 3220 3557 ecclesia.
3271 3500 3491 3556 Occidit
3532 3502 3696 3552 autem
3719 3493 3794 3546 Ja-

2186 3593 2425 3661 cobum,
2490 3590 2714 3647 fratrem
2768 3589 3062 3658 Johannis,
3119 3588 3330 3660 gladio.
3390 3588 3596 3645 Videns
3646 3587 3796 3638 autem

2185 3683 2333 3752 quod
2365 3682 2609 3752 placeret
2633 3680 2844 3747 Judeis,
2875 3680 3163 3750 appossuit
3189 3678 3606 3749 apprehendere
3632 3678 3683 3729 et
3717 3672 3797 3725 Pe

2184 3779 2350 3829 trum.
2397 3774 2565 3829 Erant
2610 3777 2790 3828 autem
2839 3769 2959 3827 dies
3003 3769 3326 3825 azimorum.
3375 3771 3542 3838 Quem
3579 3778 3690 3822 cum
3714 3774 3796 3829 ap-

2185 3862 2591 3935 prehendisset,
2636 3861 2815 3916 missit
2857 3860 2915 3915 in
2964 3873 3240 3916 carcerem
3298 3861 3436 3931 (Act.
3486 3874 3559 3925 χι,
3615 3849 3794 3912 27-30;

2183 3969 2281 4021 xu,
2321 3951 2458 4024 1-4),
2492 3969 2522 4004 »
2555 3954 2610 4006 et
2647 3949 2881 4020 reliqua.
2931 3948 3191 4019 Sequitur
3229 3949 3410 4005 Lucas
3438 3968 3451 4005 :
3486 3964 3514 4002 α
3543 3944 3798 4016 Segregate

2182 4043 2317 4099 mihi
2347 4041 2628 4098 Barnaban
2661 4039 2722 4070 ¹⁰³
2769 4045 2823 4095 et
2870 4038 3092 4093 Paulum
3133 4038 3191 4093 in
3233 4052 3400 4108 opus,
3433 4036 3576 4107 quod
3607 4042 3797 4088 assum-

2184 4133 2269 4204 psi
2326 4145 2422 4187 eos
2488 4130 2622 4200 (Act.
2681 4144 2802 4193 χιιι,
2850 4127 2934 4199 2).
2986 4143 3016 4183 »
3079 4127 3224 4183 Beda
3282 4129 3369 4184 sic
3424 4127 3521 4197 (ad
3565 4140 3610 4179 c.
3656 4116 3795 4187 xm):

2186 4240 2215 4274 ‹‹
2266 4219 2463 4276 Paulus
2503 4219 2659 4288 juxta
2703 4217 2953 4274 ordinem
2992 4216 3239 4273 historia:
3277 4215 3518 4284 l3,anno
3550 4218 3667 4284 post
3693 4220 3800 4278 pas-

2185 4310 2396 4367 sionem
2447 4307 2661 4365 Domini
2703 4306 3070 4376 apostolatum
3117 4319 3242 4362 cum
3288 4305 3537 4361 Barnaba
3572 4298 3799 4367 Paulique

2184 4399 2452 4470 accipisse
2498 4395 2844 4463 vocabulum,
2902 4393 2967 4448 l4
3007 4399 3189 4451 autem
3240 4409 3392 4452 anno
3450 4399 3575 4465 post
3625 4383 3800 4460 passio-

450 4487 665 4561 (sts.)
709 4489 805 4545 His
841 4489 1163 4547 consulibus
1186 4533 1200 4557 ,
1240 4489 1573 4546 Cassiodoro
1595 4471 1762 4547 iteste
1786 4534 1802 4559 ,
1851 4471 2015 4548 Gaius
2071 4508 2102 4548 a
2184 4504 2308 4546 nem
2333 4492 2488 4559 juxta
2517 4486 2831 4544 condictum
2878 4485 3090 4553 Jacobi,
3122 4484 3326 4555 Cephea
3357 4490 3414 4541 et
3447 4479 3718 4543 Johannis,
3745 4471 3801 4529 ad

448 4578 860 4649 protectoribus
888 4578 1004 4635 suis
1032 4578 1307 4635 occiditur
1341 4580 1398 4634 in
1441 4578 1649 4648 palatio
1673 4622 1687 4647 ,
1729 4595 1874 4638 anno
1920 4582 2103 4638 aetatis
2183 4580 2429 4653 gentium
2458 4576 2831 4649 magisterium
2861 4574 3029 4631 fuisse
3061 4574 3392 4645 proiectum.
3429 4594 3457 4625 »
3504 4575 3628 4629 Haec
3657 4565 3798 4623 Beda.

445 4681 560 4724 suae
618 4666 709 4737 24,
769 4681 957 4725 mense
1026 4668 1213 4739 quassi
1274 4667 1426 4725 Julii.
1493 4668 1592 4725 Cui
1650 4669 1911 4727 Claudius
1968 4687 2097 4729 suc-
2180 4673 2257 4727 De
2287 4670 2391 4725 hac
2420 4681 2552 4739 ergo
2581 4665 2903 4722 ascensione
2931 4678 3031 4720 sua
3060 4664 3116 4719 in
3148 4663 3511 4729 Hierusalem,
3544 4665 3800 4731 postquam

449 4756 636 4813 cessit
2181 4760 2340 4827 dixit,
2391 4764 2452 4814 ut
2496 4770 2664 4827 supra
2710 4754 2949 4811 diximus
2997 4752 3068 4825 (υ.
3101 4769 3156 4808 a.
3186 4752 3297 4820 35),
3341 4759 3471 4823 post
3520 4759 3629 4807 tres
3655 4755 3804 4802 annos

1807 4859 2032 4916 VARL‘E
2071 4857 2457 4919 LECTIONES.

517 4950 562 4983 “
590 4966 646 5023 q.
684 4950 913 5027 1.»_lege:
947 4965 1130 5027 quem.
1244 4950 1286 4983 ⁸⁸
1315 4951 1372 5027 in
1419 4950 1445 5027 l_
1473 4958 1498 5008 ?
1532 5025 1558 5027 _
1602 4952 1647 4984 “
1675 4951 1788 5023 lege
1810 4976 1826 5009 .-
1868 4958 2090 5015 Paulus.
2201 4957 2244 4988 ’7
2273 4954 2496 5027 supple:
2528 4966 2723 5027 anno._
2790 4949 2834 4981 ⁸³
2863 4949 3013 5019 lege:
3044 4949 3262 5027 statuis.

446 5021 624 5079 manu
645 5021 1256 5099 scribiturflfhilatus
1278 5023 1363 5079 vel
1411 5021 1934 5099 dehPontojinsula
1964 5030 2047 5085 vel
2095 5030 2165 5086 de
2212 5021 2442 5099 regione
2493 5039 2600 5095 qua
2650 5022 2754 5078 fuit
2802 5030 2965 5099 natus
3012 5023 3093 5077 sic
3135 5021 3478 5099 nominatus.

448 5101 746 5170 coartatus.
777 5165 791 5170 _
861 5095 1173 5170 ‘°‘__1_Vomen
1219 5096 1446 5170 Caesaris
1493 5093 1664 5170 litura!
1697 5096 1918 5170 deletum
1952 5084 2043 5156 1.77
2104 5084 2174 5132 λό’
2221 5084 2473 5170 scriptum
2509 5084 2655 5170 'erat,
2700 5099 2760 5170 ut
2803 5094 3026 5170 videtur,
3063 5093 3326 5170 ‘actubus‘.
3370 5091 3467 5145 sed
3491 5084 3808 5170 emendatum

448 5150 567 5238 est;
588 5150 743 5223 iactis
776 5165 825 5220 l.
921 5150 1008 5238 7m
1027 5181 1186 5221 manu
1213 5150 1319 5238 sec.
1342 5167 1406 5238 in
1432 5181 1600 5235 marg.
1624 5150 2150 5238 vfol.lO4.-_additur:
2185 5150 2764 5226 Eratrscenefactorim
2798 5166 2933 5220 artis
2949 5150 3025 5238 _B.
3057 5166 3249 5220 Scenae
3279 5150 3454 5218 Grece
3484 5150 3809 5238 tabernacula

444 5220 855 5310 ethimologiam
884 5237 965 5310 ab;
983 5220 1600 5310 umbrandoducentia,
1631 5220 1778 5309 apud
1796 5220 2851 5310 quas"E’Ebéﬁbéhé’diumr,‘scenae
2880 5235 2964 5310 vel
2996 5242 3315 5310 scenomata
3337 5232 3497 5310 quasi
3519 5220 3808 5310 umbracula

445 5293 666 5386 sonant,
685 5293 822 5386 quae
844 5293 1002 5386 sugis
1031 5293 1194 5386 lineis
1222 5293 1302 5364 vel
1337 5293 1511 5386 laneis
1539 5293 1637 5366 seu
1668 5293 1883 5367 ciliciis
1895 5293 2384 5386 Verginium
2413 5293 2708 5386 frondibus
2730 5315 2825 5363 aut
2853 5293 3805 5386 virgultiscomponebantur:1

447 5380 570 5452 _Non
599 5372 884 5451 prohibuit
910 5372 1175 5437 Dominus
1204 5380 1494 5451 providere
1525 5386 1580 5436 et
1620 5395 1918 5452 procurare
1950 5384 2190 5441 humano
2222 5397 2375 5440 more
2406 5382 2475 5438 de
2505 5380 2773 5448 crastino,
2807 5378 2906 5435 sed
2938 5372 3007 5435 ne
3036 5378 3163 5448 quis
3192 5372 3426 5452 propter
3454 5375 3558 5452 ista
3596 5372 3700 5452 Dee
3728 5377 3809 5452 1p}-

447 5436 786 5537 litet,'u‘t.in
816 5436 1234 5537 operibussuis
1262 5465 1378 5537 non
1404 5436 1637 5537 regnum
1662 5436 1775 5509 Dei
1796 5436 1913 5537 sed
1937 5436 2184 5513 {stertis
2218 5436 2650 5527 adquisitionem
2699 5436 3003 5519 intueatur,
3048 5436 3172 5507 cum
3192 5436 3317 5506 ἰιοὲ
3342 5444 3632 5517 providere
3665 5436 3809 5493 debe-

446 5536 587 5592 mus,
621 5527 681 5580 ut
708 5524 765 5581 iu
794 5523 989 5582 militia
1020 5537 1255 5596 regnum
1284 5524 1400 5591 Dei,
1434 5536 1544 5582 non
1569 5525 1676 5581 ista
1705 5525 2033 5597 cogitemus.

3360 4947 3405 4979 θ’
3436 4949 3492 5002 in
3523 4959 3688 5011 marg.
3715 4951 3803 4993 sec.

3366 5025 3478 5075 tus.
3596 5016 3653 5046 ¹⁰⁰
3678 5012 3803 5078 ιεθεε
