4000 6158
217 245 312 301 645

1470 239 1876 299 CHRONICON.
1915 239 2154 311 7—11.13.
2194 241 2286 297 ιιι

3460 249 3570 305 646

210 366 571 428 conversionis
623 381 740 424 sum
796 368 851 424 in
917 366 1262 424 Hierusalem
1317 367 1520 425 vidisse
1574 368 1827 432 Petrum,

1989 361 2081 420 53.
2121 363 2176 419 9.
2221 364 2409 436 [χχχι]
2456 364 2658 437 (Ηιιιιι.)
2699 366 2931 420 Veranus
2959 371 3008 423 et
3045 367 3252 425 Gallus.
3292 375 3565 432 Antonius

208 457 501 529 subjnuxit:
529 456 786 513 «Deinde
813 462 940 526 post
967 470 1144 514 annos
1163 456 1581 527 quatuordecim
1610 453 1835 510 ascendi

209 546 609 605 Hierusolimam
652 560 777 602 cum
826 548 1094 615 Barnaba,
1126 552 1407 616 assumpto
1458 550 1512 601 et
1560 544 1723 611 Tito;
1781 548 1838 598 et

207 636 400 694 contuli
429 650 554 691 cum
593 635 703 691 illis
742 636 1103 707 evangelium,
1135 636 1284 706 quod
1333 635 1560 706 predico
1591 634 1648 689 in
1696 645 1836 702 gen-

207 726 338 781 tibus
371 723 522 795 (Gal.
555 740 618 791 ιι,
656 723 712 795 1)
749 745 776 774 »
818 734 874 781 et
904 726 1136 795 reliqua.
1180 727 1246 781 Et
1274 725 1381 781 hoc
1411 730 1496 780 est
1531 722 1835 780 secundum

206 817 388 871 Lucam
422 834 434 870 :
471 832 501 866 α
541 815 861 870 Statuerunt
891 815 1093 871 Paulus
1132 820 1187 871 et
1232 814 1506 871 Barnabas
1545 820 1602 869 ut
1644 826 1835 868 ascen-

203 905 403 970 derent,
430 908 485 959 et
512 903 735 973 quidam
764 903 858 959 alii
889 918 957 960 ex
980 903 1112 971 illis,
1134 903 1201 959 ad
1229 903 1513 974 apostolos
1541 907 1596 959 et
1626 901 1836 972 presbi-

202 1001 338 1050 teros
364 992 424 1047 in
456 991 795 1049 Hierusalem
829 992 963 1064 (Luc
991 1008 1083 1061 xv,
1114 993 1202 1065 2),
1239 1015 1264 1043 »
1298 998 1354 1049 et
1383 993 1613 1063 reliqua.
1645 991 1835 1061 Sequi-

201 1087 284 1137 tur
318 1094 451 1152 ergo
490 1087 551 1137 ut
593 1081 813 1138 beatum
866 1083 1086 1137 Petrum
1135 1096 1247 1138 non
1294 1087 1422 1138 ante
1470 1080 1704 1138 eundem
1746 1078 1831 1134 14.

198 1183 385 1226 annum
437 1175 564 1241 post
612 1171 924 1241 passionem
962 1171 1199 1237 Domini,
1232 1185 1342 1241 quo
1393 1185 1517 1227 eum
1564 1169 1832 1225 Hierusa-

196 1259 330 1315 limis
374 1258 682 1329 alloquitur
717 1258 938 1327 Paulus,
969 1258 1078 1315 hoc
1116 1264 1200 1315 est
1238 1264 1437 1329 quarto
1476 1257 1668 1314 Claudi
1707 1271 1832 1313 ces-

195 1348 323 1404 saris
357 1361 527 1410 anno,
560 1348 787 1404 Romam
817 1347 1031 1404 venisse
1079 1347 1387 1405 credamus.
1420 1347 1524 1404 Ubi
1571 1360 1834 1403 numerus

195 1438 339 1508 ipse,
399 1451 566 1508 quem
619 1437 833 1507 possuit
887 1441 1111 1493 sanctus
1166 1437 1399 1504 Paulus,
1458 1436 1832 1494 recensendus

194 1532 269 1582 est
328 1540 623 1583 annorum.
698 1526 913 1582 Scimus
977 1526 1123 1583 enim
1197 1528 1417 1583 Petrum
1479 1532 1535 1582 et
1607 1524 1830 1581 Paulum

191 1615 468 1686 apostolos
504 1629 652 1672 anno
695 1614 787 1671 38.
822 1616 956 1688 [hoc
988 1621 1071 1673 est
1110 1623 1236 1686 post
1281 1629 1485 1672 annum
1532 1614 1827 1686 passionis,

1916 453 2184 510 Liberalis
2221 456 2446 511 Latinus
2483 454 2674 511 rethor
2710 453 3058 525 gravissimas
3097 456 3413 519 inimicitias
3440 478 3565 521 cum

1918 541 2209 600 Palemone
2240 543 2468 600 cxercit.
2515 543 2790 615 [Claudius
2818 556 3009 599 omnes
3034 545 3242 603 ludeos
3274 548 3561 608 discedere

1918 645 1949 686 a
1973 632 2145 688 Roma
2176 634 2444 704 precepit,
2478 641 2537 689 ut
2564 632 2835 704 Iosephus
2865 633 3002 689 dicit
3038 634 3206 704 (121).

1986 719 2078 774 54.
2124 720 2209 775 10.
2252 727 2466 788 [xxxu.]
2495 722 2696 794 (Ηιιιιι.)
2740 724 2891 777 Vetus
2921 727 2969 777 et
3000 724 3362 781 Neruilianus.
3403 729 3565 785 Fame

1915 804 2058 863 facta
2114 810 2170 865 in
2226 811 2457 877 Graecia,
2508 810 2729 867 modius
2779 823 2876 867 sex
2928 811 3168 883 dragmis
3219 815 3567 872 venundatus

1915 901 1996 953 θεῖ
2006 937 2020 951 .

1985 985 2077 1040 55.
2122 985 2204 1042 .‘1.
2247 987 2477 1058 [χχχιιι]
2516 988 2724 1060 (ΒευΑ.)
2757 988 3007 1046 Claudius
3035 995 3084 1047 et
3119 992 3332 1064 Orfitus.
3374 994 3564 1067 Magna

1914 1074 2074 1132 famis
2118 1078 2328 1133 Romae.
2379 1079 2593 1134 Marcus
2624 1080 2964 1151 evangelium
3004 1082 3153 1152 quod
3191 1084 3379 1142 Roma:
3418 1099 3560 1142 cou-

1914 1167 2158 1237 scripsit,
2189 1168 2353 1224 Petro
2378 1169 2629 1224 mittente
2659 1169 2877 1240 Egipto
2908 1170 3193 1240 praedicat.

1984 1254 2075 1311 56.
2124 1255 2207 1311 12.
2246 1255 2465 1329 [mm]
2500 1256 2753 1314 Siluanus
2781 1264 2830 1314 ct
2868 1258 3084 1316 Silvius.
3126 1260 3387 1319 Claudius
3423 1264 3564 1321 Feli-
3607 1250 3618 1258 '

1914 1357 2033 1400 cem
2081 1352 2495 1415 procuratorem
2539 1346 2768 1403 Judeam
2812 1347 2998 1415 mittit,
3032 1350 3176 1419 apud
3216 1365 3379 1421 quem
3417 1355 3565 1410 Pau-

1866 1467 1880 1479 ο
1913 1433 1999 1489 lus
2027 1434 2311 1504 apostolus
2347 1442 2658 1502 accusatus,
2693 1436 2749 1492 in
2781 1436 3158 1495 defensionem
3187 1441 3273 1496 sui
3314 1451 3556 1512 perorat.

1912 1524 2239 1580 Resurrectio
2288 1523 2479 1581 Christi
2523 1523 2559 1576 5
2612 1522 2743 1581 Kal.
2801 1524 3000 1597 Aprilis
3019 1570 3038 1595 ,
3105 1526 3231 1584 luna
3285 1529 3562 1599 uigessima

1905 1612 2103 1684 prima,
2132 1613 2414 1669 secundum
2440 1614 2780 1670 Dionissium.

188 1703 240 1759 id
267 1710 348 1761 est
394 1704 593 1761 ultimo
641 1704 816 1777 anno]
867 1706 1124 1773 Neronis,
1159 1718 1353 1776 passos
1397 1704 1585 1772 fuisse,
1618 1709 1674 1760 et
1702 1704 1895 1769 bea-B
1982 1701 2073 1756 57.
2121 1702 2203 1759 13.
2240 1703 2437 1775 [χχχιι]
2484 1703 2719 1760 Tiberius
2762 1702 2798 1757 3
2845 1708 2895 1759 et
2938 1706 3253 1763 Antoninus.
3306 1709 3562 1774 [Lazarus

189 1798 291 1849 tum
336 1795 561 1850 Petrum
611 1795 802 1851 Romae
846 1793 918 1850 25
965 1795 1143 1864 annis,
1201 1795 1483 1851 mensibus
1528 1793 1582 1862 2,
1633 1792 1830 1849 diebus

192 1880 268 1948 l3,
323 1897 355 1939 a
418 1882 484 1937 15
535 1882 654 1940 Kal.
714 1883 1019 1952 Februarii,
1052 1898 1192 1954 .quo
1249 1884 1568 1941 cathedram
1626 1882 1824 1949 tenuit,

186 1984 350 2040 usque
407 1970 443 2025 3
498 1972 618 2029 Kal.
675 1972 826 2040 Julii,
887 1987 999 2044 quo
1057 1987 1253 2043 passus
1303 1979 1426 2040 est,
1486 1971 1824 2043 predicasse.

189 2059 381 2129 Viginti
431 2067 616 2117 autem
663 2062 909 2132 quinque
938 2063 1069 2118 anni
1115 2063 1264 2118 Petri
1304 2069 1359 2119 et
1394 2061 1459 2115 14
1487 2062 1616 2118 anni
1651 2059 1827 2116 sancti

184 2144 329 2203 Pauli
386 2162 511 2206 cum
569 2164 714 2207 anno
771 2151 1046 2221 passionis
1099 2152 1317 2208 Domini
1367 2151 1506 2207 liunt
1556 2149 1626 2205 39
1673 2149 1825 2204 anni.

179 2235 581 2295 lncarnationis
618 2253 750 2310 ergo
779 2240 897 2309 45°,
940 2239 1133 2297 Claudi
1162 2254 1294 2297 vero
1325 2240 1505 2311 primo
1534 2251 1701 2305 anno,
1731 2238 1827 2293 Ja-

173 2323 344 2381 cobus
375 2325 557 2384 frater
600 2327 887 2394 Johannis,
917 2328 1101 2399 gladio
1132 2328 1441 2385 decollatur
1468 2329 1537 2384 ab
1584 2324 1826 2393 Herode,

164 2410 196 2465 8
233 2413 356 2469 Kal.
398 2417 654 2485 Augusti.
695 2417 890 2472 Petrus
927 2422 1108 2472 autem
1147 2431 1291 2473 anno
1329 2417 1575 2473 secundo
1613 2413 1825 2481 Claudi,

156 2499 213 2557 in
263 2502 485 2557 diebus
529 2516 861 2571 azemorum,
893 2504 951 2559 in
1009 2518 1287 2560 carcerem
1342 2505 1599 2573 mittitur,
1648 2503 1706 2559 id
1745 2506 1830 2558 est

154 2591 403 2661 quando
449 2592 719 2659 Herodes,
752 2593 847 2663 qui
879 2597 935 2649 et
979 2593 1240 2664 Agrippa,
1270 2594 1339 2650 ab
1386 2592 1585 2664 angelo
1623 2608 1828 2664 percu-

161 2681 323 2736 titur.
370 2681 617 2736 Sanctus
658 2694 789 2738 vero
835 2683 1034 2738 Petrus
1079 2695 1224 2739 anno
1276 2682 1340 2736 14
1387 2682 1681 2753 passionis,
1722 2683 1829 2740 hoc

175 2774 257 2823 est
309 2767 348 2821 4
404 2767 620 2835 Claudi,
674 2770 829 2838 juxta
889 2770 1179 2838 cronicas,
1254 2770 1317 2824 l3
1377 2771 1496 2827 Kal.
1564 2772 1825 2829 Februar.

176 2858 364 2913 Romae
422 2857 738 2914 cathedram
796 2858 992 2914 tenuit.
1032 2888 1106 2898 —
1165 2858 1378 2931 (Ηιειι.)
1441 2859 1702 2917 Claudius
1758 2862 1827 2920 de

179 2946 416 3002 Britanis
470 2945 828 3017 triumphavit
875 2952 931 3003 et
979 2946 1260 3004 Orchadas
1313 2948 1522 3005 insulas
1577 2950 1825 3008 Romano

180 3035 379 3105 adjecit
418 3035 671 3105 imperio.

244 3123 332 3179 49.
366 3123 421 3178 5.
466 3128 684 3190 [xxv11.]
738 3123 955 3196 (Ηιιςιι.)
1000 3125 1225 3180 Vinicius
1270 3130 1321 3181 et
1368 3124 1657 3183 Cornelius.
1709 3129 1827 3183 Do-

181 3213 360 3269 mitius
397 3218 589 3269 orator
617 3212 819 3281 clarus,
842 3214 937 3283 qui
965 3214 1069 3269 sub
1098 3215 1316 3270 Nerone
1346 3213 1684 3271 abundantia
1713 3216 1824 3272 cibi

179 3302 233 3357 in
259 3316 393 3358 cena
442 3302 603 3360 obiit.
645 3302 872 3359 Clodius
916 3303 1213 3371 Quirinalis
1259 3303 1453 3360 rethor
1487 3304 1825 3362 Arelatensis

181 3388 342 3446 Rome
372 3390 749 3461 insignissime
779 3390 961 3447 docet.
988 3392 1137 3448 Inter
1164 3392 1369 3448 Theras
1398 3397 1454 3449 et
1480 3393 1823 3451 Therassiam

182 3484 361 3534 exorta
391 3485 483 3535 est
513 3478 693 3555 insula
721 3479 931 3535 habens
959 3479 1137 3536 stadia
1162 3479 1253 3535 30.

319 3566 498 3642 [Cod._
526 3570 581 3625 in
626 3571 884 3637 margine,
936 3569 1007 3642 ad
1062 3584 1214 3625 oram
1256 3585 1399 3626 num.
1448 3569 1541 3639 50,
1589 3569 1681 3637 51,
1727 3570 1820 3638 52,

380 3640 571 3697 Ciclus
599 3642 796 3697 solaris
825 3641 1040 3710 incipit,
1073 3642 1153 3696 sic
1182 3654 1401 3711 semper
1428 3650 1825 3697 concurrentes

379 3713 680 3768 incurrunt
723 3713 779 3768 in
828 3725 1165 3782 unoquoque
1203 3712 1347 3767 eiclo
1385 3711 1552 3768 solari
1584 3713 1728 3768 sicut
1765 3713 1822 3767 in

377 3785 517 3841 isto.
552 3785 756 3856 [Annus
786 3783 1059 3856 passionis
1106 3784 1322 3856 Domini
1358 3783 1662 3839 secundum
1700 3797 1825 3840 cro-

381 3853 569 3912 nicam
598 3855 820 3911 Eusebii
850 3861 907 3910 et
942 3853 1143 3925 Beda]

382 3927 598 3999 [Annus
632 3926 698 3981 15
726 3926 929 3982 Tiberii
953 3927 1109 3996 juxta
1132 3924 1481 3997 Dionisium.]

241 4015 327 4073 50.
385 4019 445 4072 6.
517 4016 745 4088 [χχχιιι]
794 4014 1008 4088 (Ηιειι.)
1068 4016 1366 4072 Assiaticus
1428 4021 1477 4072 et
1529 4013 1819 4074 Cornelius.

181 4103 557 4177 Descriptione
599 4107 787 4162 Roma:
837 4104 999 4172 facta,
1034 4105 1256 4161 inventa
1285 4112 1415 4161 sunt
1456 4105 1655 4162 civium
1701 4106 1820 4161 Ro-

181 4206 454 4253 manorum
488 4195 560 4250 69
601 4201 834 4253 centena
864 4201 920 4251 et
946 4193 1018 4247 44
1048 4194 1218 4251 milia.
1258 4195 1449 4252 Tracia
1484 4195 1543 4251 in
1592 4194 1823 4265 provin-

181 4283 305 4340 ciam
336 4286 634 4357 redigitur.

1910 1797 1965 1847 et
2022 1792 2317 1863 episcopus
2371 1794 2538 1864 Cypri
2585 1793 2703 1849 obit
2758 1793 3000 1849 secunda
3045 1799 3244 1863 morte,
3302 1795 3431 1851 dum
3489 1797 3561 1850 24

1908 1882 2068 1936 annis
2123 1881 2274 1937 inter
2330 1881 2468 1938 duas
2523 1882 2658 1938 vixit
2713 1887 2942 1951 mortes,
3001 1883 3336 1940 Ammnlario
3397 1884 3555 1957 (122)

1907 1974 2094 2035 teste.]
2127 1970 2325 2041 (HIER.]
2367 1971 2480 2027 Sub
2510 1972 2692 2027 Felice
2723 1976 3084 2041 procuratore
3114 1973 3171 2028 in
3198 1973 3373 2030 Judea
3403 1979 3561 2030 exte-

1908 2062 2097 2114 terunt
2124 2058 2302 2126 multi,
2338 2060 2433 2130 qui
2474 2059 2739 2130 populum
2769 2060 2884 2116 suis
2921 2061 3374 2130 persuasionibus
3411 2062 3562 2119 deci-

1909 2154 2105 2216 perent
2132 2147 2360 2217 iniquis.
2392 2149 2459 2204 Et
2487 2148 2773 2219 Egyptius
2802 2148 3026 2219 quidam
3068 2150 3558 2221 pseudoprofhetis

1909 2236 2033 2304 luit,
2066 2237 2160 2307 qui
2192 2237 2460 2307 plurimos
2505 2238 2613 2294 sibi
2643 2239 2943 2306 associans,
2975 2239 3032 2293 in
3070 2239 3194 2309 ipso
3242 2255 3556 2312 magnarum

1910 2339 2094 2381 rerum
2142 2332 2382 2393 conatu,
2432 2340 2532 2396 per
2578 2326 2881 2383 exercitum
2937 2326 3136 2382 Felicis
3184 2330 3554 2398 opprimitur;

1909 2420 1970 2469 ut
2006 2414 2202 2471 scribit
2245 2414 2537 2485 Iosephus,
2588 2415 3395 2486 consentaniusapostolorum
3425 2417 3562 2475 acti-

1907 2501 2031 2571 bus,
2064 2503 2122 2559 in
2151 2504 2352 2574 quibus
2389 2504 2557 2560 Paulo
2588 2503 2794 2561 dicitur
2822 2519 2853 2560 a
2882 2504 3108 2561 tribuno
3143 2524 3156 2561 :
3203 2526 3229 2555 α
3261 2507 3456 2562 Nonne
3497 2512 3556 2562 tu

1910 2606 1971 2647 es
1997 2594 2301 2663 Egyptius,
2334 2595 2429 2664 qui
2457 2600 2586 2651 ante
2612 2594 2715 2651 hos
2743 2595 2863 2651 dies
2902 2594 3194 2652 concitasti
3223 2599 3280 2651 et
3317 2595 3557 2652 eduxisti

1910 2680 1966 2735 in
1997 2680 2276 2738 desertum
2304 2689 2541 2753 quatuor
2567 2684 2717 2741 milia
2744 2684 3082 2741 virorum?»

1979 2768 2071 2825 58.
2118 2769 2202 2824 14.
2247 2770 2466 2842 [χχχιιι]
2504 2771 2644 2843 (Jos.
2693 2776 2819 2829 Ant.
2869 2772 2993 2829 Jud.
3026 2788 3116 2839 χχ,
3176 2772 3285 2843 10.)
3339 2772 3559 2831 Silanus

1908 2862 1957 2913 et
1997 2858 2153 2914 Otho.
2205 2860 2525 2931 Agrippina,
2568 2863 2687 2931 ejus
2734 2874 2892 2929 uxor,
2933 2867 3224 2932 postquam
3272 2862 3556 2920 Claudium

1907 2960 2119 3003 veneno
2176 2948 2403 3016 occidit,
2464 2955 2523 3005 ut
2580 2949 2751 3005 tilium
2808 2964 2966 3005 suum
3020 2951 3295 3007 Neronem
3351 2950 3558 3008 faceret

1840 3031 2113 3105 Cregem,
2165 3036 2343 3092 missit
2407 3043 2636 3107 repente
2696 3040 2928 3094 Burrum
2981 3038 3192 3095 militiae
3250 3040 3557 3111 principem

1906 3139 2030 3180 cum
2079 3125 2318 3182 tribunis
2365 3127 2685 3197 potentibus
2714 3127 2784 3182 ad
2832 3133 3049 3197 castra;
3099 3133 3156 3184 et
3201 3128 3420 3198 ductus,
3452 3129 3556 3186 ad-

1903 3220 2093 3270 oratus
2121 3221 2205 3270 est
2252 3228 2405 3272 more
2453 3217 2744 3287 principis,
2777 3215 2863 3272 his
2902 3216 3245 3286 consulibus,
3279 3224 3420 3275 teste
3458 3221 3557 3276 Ca-

1904 3302 2151 3359 siodoro.
2210 3303 2300 3359 Sic
2346 3304 2606 3360 Claudius
2661 3306 2717 3360 in
2777 3304 3004 3375 palatio,
3055 3320 3201 3362 anno
3248 3306 3321 3360 64
3374 3307 3556 3363 aetatis

1904 3391 2062 3458 obiit,
2096 3404 2283 3448 mense
2314 3392 2499 3463 quassi
2537 3393 2753 3449 Martio.
2804 3394 2872 3448 Et
2916 3394 3064 3449 Nero
3103 3393 3394 3462 imperium
3433 3409 3554 3450 sus-

1906 3481 2076 3551 cepit.

1977 3572 2328 3625 Romanorum
2356 3569 2409 3624 6.
2460 3570 2605 3625 Nero
2651 3568 2889 3637 regnauit
2924 3566 2989 3620 14
3032 3583 3219 3637 annos,
3260 3583 3465 3624 menses
3494 3568 3552 3637 7,

1907 3657 2018 3713 dies
2045 3657 2136 3724 28,
2166 3656 2276 3711 hoc
2322 3662 2406 3711 est
2456 3670 2632 3725 usque
2678 3654 2797 3711 Kal.
2838 3655 3175 3725 Decembris,
3206 3658 3263 3714 in
3302 3670 3448 3713 anno
3485 3656 3557 3711 39

1908 3752 2037 3817 post
2074 3743 2387 3816 passionem
2416 3744 2655 3800 Domini.

1975 3828 2067 3886 59.
2115 3829 2162 3884 l.
2216 3831 2455 3903 [xxxviL]
2514 3829 2717 3902 (Ιὶιειι.)
2774 3829 2993 3888 Silanus
3038 3830 3074 3884 2
3128 3836 3177 3886 et
3232 3832 3569 3888 Antoninus.“

1905 3919 2079 3987 Hujus
2117 3919 2417 3976 avunculus
2453 3917 2557 3975 fuit
2583 3919 2747 3975 Gaius
2774 3918 3037 3989 Caligula.
3077 3919 3258 3976 Felice
3288 3927 3553 3992 regnante

1904 4007 1962 4063 in
1999 4008 2192 4076 Judea,
2226 4008 2426 4065 seditio
2474 4014 2592 4065 orta
2641 4013 2725 4065 est
2770 4008 2824 4064 in
2884 4010 3115 4065 Cesarea
3172 4008 3464 4078 Palestina,
3498 4015 3555 4068 et

1904 4110 2152 4167 magnam
2197 4097 2497 4153 Judeorum
2553 4096 2963 4153 multitudinem
3030 4098 3292 4168 perdidit.
3366 4099 3552 4170 [Linus

1904 4185 2302 4257 corepiscOpus
2346 4186 2451 4241 sub
2490 4186 2653 4242 Petro
2701 4185 2955 4256 apostolo
3012 4187 3288 4244 exteriora
3341 4188 3552 4244 curavit

1907 4289 2007 4346 per
2034 4288 2211 4332 annos
2240 4275 2518 4342 undecim,
2559 4288 2777 4331 menses
2806 4280 2940 4330 tres.

241 4371 326 4430 51.
364 4377 421 4433 7.
466 4374 657 4446 [χχιχ.]
711 4370 924 4443 (Hilam)
979 4371 1215 4429 Tiberius
1251 4371 1286 4424 2
1315 4378 1363 4428 et
1402 4370 1656 4429 Vitellius.
1703 4363 1882 4427 SubD
1974 4372 2063 4429 60.
2086 4374 2141 4428 2.
2168 4372 2431 4445 [xxxvuL]
2456 4371 2665 4444 (Πιειι.)
2691 4369 3034 4428 Marcellinus
3053 4369 3331 4425 etAviola.
3355 4371 3551 4426 Festus

182 4470 536 4528 procuratore
581 4461 771 4517 Judeae
818 4463 1082 4528 Cumano,
1130 4460 1188 4516 in
1236 4459 1434 4516 diebus
1482 4474 1817 4531 azymorum,

182 4553 317 4606 tanta
358 4560 445 4608 est
498 4548 881 4606 Hierusolimis
930 4555 1051 4606 orta
1100 4548 1322 4613 seditio,
1354 4548 1499 4604 utin
1538 4554 1819 4618 portarum

184 4638 338 4709 exitu,
386 4640 587 4713 populi
636 4643 951 4706 corruente,
991 4637 1063 4693 30
1092 4637 1174 4694 ηδ.
1232 4636 1531 4694 Judeorum
1587 4650 1820 4693 corrue-

183 4725 302 4783 rint.

244 4816 330 4874 52.
369 4819 425 4874 8.
464 4817 627 4891 [xxx.]
674 4815 890 4889 (HlER.)
940 4813 1170 4872 Vitellius
1214 4813 1249 4868 2
1296 4818 1345 4871 et
1390 4812 1680 4871 Publicola.
1725 4815 1825 4870 Pa-

186 4901 355 4962 lemon
408 4908 698 4964 Vicetinus
758 4900 990 4977 insignis
1052 4905 1438 4975 grammaticus
1492 4905 1682 4960 Romae
1728 4904 1824 4959 ha-

185 4989 355 5064 betur,
387 4996 488 5067 qui
533 4995 811 5066 quondam
860 4994 1233 5064 interrogatus
1265 4992 1398 5063 quid
1438 4993 1585 5047 inter
1621 4992 1821 5048 stillam

185 5086 236 5135 et
277 5090 486 5154 guttam
543 5085 837 5141 interesset
878 5103 891 5139 :
945 5101 974 5135 «
1016 5083 1197 5149 Gutta,
1248 5081 1448 5151 inquit,
1496 5085 1625 5148 stat,
1674 5080 1822 5137 stilla

189 5170 346 5228 cadit.
374 5192 405 5225 ι)

254 5355 315 5387 ¹⁰⁸
349 5357 533 5433 supple
555 5379 571 5414 :
600 5358 773 5416 milia.

1901 4463 2170 4519 successit
2217 4462 2409 4528 Felici,
2441 4461 2587 4532 apud
2635 4473 2798 4531 quem
2851 4464 3106 4529 prasente
3135 4458 3372 4528 Agrippa
3419 4472 3549 4529 rege

1908 4552 2041 4624 [cod.
2090 4552 2145 4606 in
2189 4551 2444 4621 margine,
2471 4550 2654 4607 Ciclus
2682 4548 2738 4603 3.
2770 4548 2893 4604 dec.
2937 4545 3126 4617 incip.]
3175 4546 3373 4602 Paulus
3417 4560 3551 4617 apo-

1904 4638 2082 4695 stolus
2136 4638 2422 4710 religionis
2477 4652 2591 4694 sua:
2648 4637 2916 4693 rationem
2975 4647 3277 4705 exponens,
3334 4634 3551 4690 vinctus

1905 4728 2133 4783 Romam
2186 4728 2459 4795 mittitur;
2503 4727 2592 4783 his
2638 4725 2960 4783 consulibus
3005 4729 3147 4781 teste
3194 4723 3547 4779 Cassiodoro.

1906 4820 2161 4872 —Anno
2199 4816 2235 4870 2
2270 4816 2525 4882 Neronis,
2571 4815 2626 4871 id
2672 4820 2755 4871 est
2809 4813 2880 4868 26
2928 4818 3054 4882 post
3108 4812 3444 4881 passionem,
3494 4818 3549 4867 et

1904 4910 2031 4975 post
2076 4905 2358 4961 biennium
2389 4905 2564 4961 libere
2591 4918 2707 4960 sua:
2737 4901 3027 4970 custodiat,
3054 4900 3123 4956 ad
3154 4899 3548 4970 predicandum

1904 4994 2047 5050 liber
2093 4993 2389 5050 dimittitur
2439 5006 2583 5049 anno
2630 4992 2666 5045 4
2722 4991 2993 5058 Neronis,
3057 4989 3303 5060 [Romani
3360 4988 3554 5044 dicunt

1907 5082 2126 5137 Petrum
2165 5080 2325 5136 annis
2366 5078 2517 5135 15in
2565 5079 2738 5135 Roma
2785 5075 2972 5145 fuisse,
3012 5084 3306 5146 antequam
3353 5073 3554 5131 Paulus

1907 5169 1977 5226 ad
2006 5171 2233 5227 Romam
2262 5168 2432 5225 venit.

1532 5286 1757 5344 VARIA']
1811 5285 2199 5343 LECTIONES.

1764 5428 1982 5485 NOTAE.

257 5525 398 5599 (121)
435 5530 563 5586 Ant.
592 5527 720 5586 Jud.
749 5540 912 5595 mu,
937 5523 1012 5593 7;
1053 5522 1152 5582 sed
1182 5523 1251 5581 de
1279 5522 1501 5582 Tiberio
1528 5523 1685 5583 dicit.

1911 5519 1920 5527 ’
1982 5522 2133 5595 (122)
2171 5520 2517 5580 Amalariust
