4000 6158
401 222 506 278 647

1819 213 2102 271 MARIANI
2139 213 2368 272 SCOTTI

3671 214 3776 268 648

472 347 563 404 61.
594 345 651 402 3.
681 343 899 419 [xum]
933 343 1135 419 (HIER.)
1166 344 1311 402 Nero
1341 345 1390 400 et
1430 343 1600 398 Vetus.
1633 338 1845 397 Probus
1873 340 2258 399 RomeAnon.
2308 340 2374 396 Et
2418 339 2558 396 hanc
2589 352 2711 395 esse
2749 342 2976 395 matrem
3021 338 3213 396 Jacobi
3257 343 3312 395 et
3347 339 3570 406 Iosetis,
3605 339 3661 396 id
3694 347 3774 396 est

404 436 810 494 eruditissimus
837 435 1242 507 grammaticus.

472 525 563 580 62.
604 527 659 580 4.
712 526 834 596 [xL.]
887 524 1086 597 (HIER.)
1137 526 1282 580 Nero
1313 519 1368 576 2.
1401 524 1450 576 et
1487 521 1660 576 Pisso.
1708 520 1913 576 Statius
1950 520 2048 575 Ur-

401 616 554 672 sulus
600 615 918 672 Tolosensis
973 611 1331 670 celeberrime
1379 613 1436 666 in
1487 609 1657 667 Gallia
1713 609 2045 666 rhetoricam

401 706 586 762 docet.

472 795 561 852 63.
594 794 649 850 5.
695 791 844 862 [XLL]
889 791 1084 862 (HIER.)
1131 793 1276 848 Nero
1306 789 1367 844 3°
1396 793 1444 844 et
1472 787 1702 848 Mesala.
1751 789 1896 844 Nero
1935 801 2046 842 ma-

401 894 542 944 trem
579 897 729 941 suam
768 881 1122 954 Agrippinam
1161 887 1217 937 et
1252 893 1500 937 sororem
1544 878 1717 950 patris
1744 876 2043 934 interfecit.

401 976 738 1033 Terrimotus
766 975 936 1029 Rome
970 976 1024 1028 et
1053 970 1294 1027 defectio
1334 969 1488 1026 solis.

471 1065 562 1121 64.
603 1064 657 1120 6.
701 1061 872 1133 [ηιμ]
926 1061 1126 1132 (Hum)
1184 1062 1328 1117 Nero
1367 1058 1422 1112 4.
1465 1060 1514 1112 et
1561 1054 1850 1114 Cornelius.
1899 1056 2044 1110 Nero

403 1163 570 1212 tanta
612 1153 845 1208 luxuria
893 1150 1016 1218 fuit,
1060 1155 1118 1205 ut
1165 1147 1382 1220 frigidis
1428 1154 1483 1202 et
1529 1146 1724 1201 calidis
1769 1145 2048 1201 labaretur

402 1243 677 1314 ungentis.
720 1243 882 1297 Festo
923 1239 1270 1310 procuratori
1297 1236 1487 1292 Iudea
1519 1235 1768 1291 succedit
1796 1233 2044 1290 Albinus.

406 1336 613 1400 (BEDA.)
669 1331 908 1387 Iacobus
956 1329 1101 1384 filius
1155 1326 1371 1398 Alphei,
1421 1324 1591 1380 frater
1636 1323 1872 1390 Domini,
1924 1337 2047 1378 cum

402 1422 472 1477 30
520 1422 678 1478 annis
734 1425 861 1491 post
907 1418 1218 1488 passionem
1268 1413 1760 1471 Ilierusolimorum
1817 1412 2050 1470 rexisset

407 1511 719 1578 ecclesiam,
771 1515 962 1566 Octavo
1011 1506 1130 1562 Kal.
1179 1504 1378 1576 April.,
1429 1509 1620 1560 sancto
1669 1503 1760 1559 die
1808 1502 2048 1572 pascha,

403 1615 434 1655 a
480 1598 670 1656 Iudeis
716 1597 1010 1666 lapidatur,
1043 1594 1386 1650 vindicantes
1423 1593 1480 1648 in
1526 1606 1613 1660 eo,
1647 1591 1796 1662 quod
1825 1590 2050 1647 Paulum

2128 429 2294 485 Maria
2331 428 2554 500 Cleope,
2605 443 2831 486 uxorem
2877 427 3092 499 Alphei,
3144 428 3285 485 hanc
3315 428 3514 484 dictam
3554 429 3771 485 Mariam

2125 520 2314 576 Jacobi
2369 520 2634 588 minoris;
2695 534 2820 590 qua
2867 524 2951 576 est
2996 524 3171 575 mater
3214 520 3406 576 Jacobi
3456 527 3513 576 et
3567 520 3771 591 Ioseph

2125 609 2427 665 secundum
2473 607 2785 678 Mathcum.]

2196 698 2286 753 6'5.
2326 699 2382 752 7.
2446 697 2630 769 [xum]
2697 696 2911 770 (HIER.)
2957 698 3084 752 Pius
3132 701 3181 753 et
3242 695 3567 770 Tupilianus.
3628 699 3769 754 Nero

2125 789 2296 844 Rome
2334 788 2545 844 cithara
2587 787 2951 844 contendens.

2197 877 2285 932 66.
2327 876 2380 932 8.
2427 876 2608 948 [x1.1v.]
2665 877 2859 948 (Onos.
2909 891 3006 943 v11,
3052 874 3114 946 7)
3167 875 3439 932 Macrinus
3477 880 3526 931 et
3564 875 3766 932 Gallus.

2125 967 2269 1023 Nero
2310 967 2520 1023 retibus
2567 967 2747 1023 aureis
2785 966 3109 1037 piscaretur,
3144 980 3268 1036 qua
3306 963 3527 1020 funibus
3566 980 3769 1036 purpu-

2127 1055 2238 1110 reis
2285 1055 2730 1113 extrahebantur.
2791 1057 2928 1112 Ante
2975 1067 3220 1111 mensam
3273 1053 3508 1110 Neronis
3567 1053 3765 1109 fulmen

2127 1144 2349 1201 cecidit.

2198 1233 2286 1289 67.
2328 1234 2382 1288 9.
2416 1233 2573 1306 [x1.v.]
2607 1235 2829 1290 Crassus
2859 1236 2908 1288 et
2937 1234 3156 1288 Bassus.
3191 1234 3404 1289 Marcus
3433 1232 3768 1304 evangelista

2129 1336 2293 1379 carne
2323 1324 2541 1380 exuitur
2568 1327 2758 1379 sancto
2789 1322 2879 1379 die
2909 1321 3150 1394 pascha,
3173 1322 3209 1374 7
3239 1322 3328 1378 die
3359 1322 3589 1378 Kalend.
3624 1323 3770 1390 Maii,

2130 1417 2191 1468 ut
2228 1412 2429 1483 legitur
2457 1414 2513 1469 in
2555 1411 2930 1482 martirologio
2961 1431 2973 1466 :
3010 1429 3039 1463 «
3069 1411 3234 1467 Marci
3275 1411 3598 1482 evangeliza
3639 1411 3774 1467 nati-

2129 1502 2269 1557 vitas
2297 1501 2332 1554 7
2361 1501 2478 1557 Kal.
2512 1502 2655 1557 Maii.
2681 1520 2709 1555 »
2741 1532 2812 1542 —
2840 1501 3065 1572 (EUSEB.
3097 1501 3237 1556 Hist.
3270 1499 3398 1555 eccl.
3431 1515 3491 1568 Π,
3533 1501 3618 1568 15,
3658 1501 3768 1573 16.)

2132 1591 2232 1646 Hic
2263 1590 2567 1662 discipulus
2595 1597 2651 1647 et
2689 1591 2964 1661 interpres
2992 1591 3168 1646 sancti
3198 1590 3346 1646 Petri
3385 1590 3649 1659 apostoli,
3693 1605 3773 1646 ro-

406 1688 716 1744 interticere
764 1699 876 1741 non
923 1688 1241 1754 potuerunt.
1294 1682 1369 1754 [Β.
1411 1696 1578 1752 super
1623 1687 1780 1737 actus
1824 1681 2290 1751 aposto-Bgatus
2322 1681 2508 1737 Roma
2547 1695 2577 1736 a
2616 1679 2896 1747 fratribus,
2928 1679 3151 1749 scripsit
3194 1679 3572 1751 evangelium;
3625 1679 3771 1750 quod

408 1777 631 1834 lorum:
679 1794 707 1828 ‹‹
754 1776 981 1830 Constat
1029 1773 1178 1844 quod
1244 1772 1439 1828 beatus
1483 1771 1722 1828 Iacobus
1774 1769 1872 1825 30°
1924 1775 2050 1840 post

408 1865 719 1936 passionem
765 1862 981 1920 Domini
1019 1875 1163 1917 anno
1203 1875 1361 1918 suum
1409 1861 1803 1917 consummavit
1848 1865 2052 1929 marty-

408 1957 569 2011 rium.
595 1973 622 2006 »
658 1956 852 2009 Petrus
879 1951 970 2006 38°
1000 1951 1056 2006 id
1087 1955 1170 2006 est
1198 1950 1390 2006 ultimo
1420 1962 1565 2005 anno
1594 1949 1830 2005 Neronis
1858 1961 2051 2018 passus

409 2050 511 2111 est,
536 2050 591 2099 et
622 2045 814 2099 Petrus
843 2041 899 2096 in
930 2039 1171 2096 secunda
1201 2053 1298 2095 sua
1327 2039 1549 2108 scripsit
1579 2037 1812 2109 epistola
1838 2057 1850 2093 :
1877 2055 1904 2090 «
1926 2038 2052 2094 Cer-

407 2140 496 2190 tus
542 2147 660 2189 sum
707 2130 856 2202 quod
886 2130 1044 2186 velox
1090 2130 1162 2185 sit
1209 2127 1484 2199 depositio
1533 2126 1871 2183 tabernaculi
1920 2126 2048 2194 mei,

405 2222 709 2279 secundum
751 2219 901 2291 quod
949 2225 1004 2284 et
1049 2218 1306 2274 dominus
1356 2223 1545 2273 noster
1597 2219 1757 2273 Iesus
1801 2216 2052 2274 Christus

406 2309 732 2382 signiﬁcavit
805 2308 938 2365 mihi
1013 2323 1112 2378 per
1185 2307 1575 2364 relevationem
1625 2306 1704 2362 ¹⁰⁶.
1759 2325 1788 2359 ››
1855 2306 2046 2362 Beda:

407 2416 437 2456 ι(
461 2401 636 2468 Unde,
670 2403 840 2471 patet,
872 2398 1191 2454 imminente
1221 2398 1478 2467 passione
1514 2396 1657 2452 hanc
1685 2396 1908 2466 scripsit
1936 2395 2052 2465 epi-

405 2489 622 2555 stolam,
655 2503 780 2545 cum
827 2487 999 2543 multo
1029 2492 1157 2542 ante
1206 2487 1446 2542 Iacobus
1489 2485 1740 2556 migravit
1767 2485 1836 2540 ad
1874 2486 2054 2541 Domi-

405 2591 536 2634 num
567 2577 647 2634 ¹⁰⁶.
679 2577 726 2648 n]
785 2577 1052 2645 Quoniam
1103 2575 1290 2646 itaque
1343 2582 1538 2632 octavo
1595 2574 1714 2630 Kal.
1772 2574 1945 2644 April.
1993 2575 2050 2630 in

405 2667 609 2739 pascha
657 2680 850 2737 passus
896 2667 968 2722 sit
1013 2665 1271 2732 Iacobus,
1305 2669 1361 2720 et
1399 2663 1506 2720 hoc
1545 2663 1602 2719 in
1640 2676 1785 2719 anno
1823 2661 1895 2717 30
1924 2669 2052 2734 post

407 2756 718 2827 passionem
766 2754 965 2811 factum
999 2760 1102 2822 est,
1146 2755 1300 2824 juxta
1349 2757 1515 2809 totam
1568 2752 1839 2809 aclesiam
1887 2758 2051 2823 atque

408 2860 600 2903 omnes
655 2845 953 2902 historicos
1007 2844 1142 2900 satis
1205 2848 1435 2914 apparet
1499 2843 1648 2913 quod
1713 2848 1869 2898 sexto
1928 2842 2048 2897 Kal.

405 2935 578 3006 April.
612 2936 852 2991 surrexit
880 2935 1161 2990 Dominus.
1195 2933 1296 2988 Hic
1326 2933 1510 3002 itaque
1541 2944 1717 2987 annus
1753 2931 1788 2983 5
1817 2931 2052 2987 Neronis

2133 1774 2338 1839 quanto
2378 1769 2580 1825 ceteris
2619 1768 2829 1825 tardius
2876 1767 3174 1835 inchoavit,
3227 1773 3380 1824 tanto
3419 1769 3475 1823 in
3525 1767 3773 1839 longiora

2132 1857 2429 1914 scribendo
2469 1861 2716 1928 tempora
2745 1858 3013 1928 porrexit.
3043 1857 3124 1912 Ab
3163 1855 3323 1912 initio
3364 1856 3508 1912 enim
3547 1871 3775 1928 evange-

2133 1946 2257 2003 lica
2295 1947 2712 2018 predicationis,
2746 1948 2894 2019 quod
2927 1961 3028 2017 per
3054 1948 3318 2004 Joannem
3349 1945 3573 2014 factum,
3607 1947 3773 2016 cepit.

2133 2050 2307 2106 usque
2337 2037 2405 2092 ad
2443 2041 2660 2108 tempus
2687 2050 2798 2108 quo
2827 2036 3064 2108 apostoli
3113 2035 3466 2106 predicavere
3505 2037 3769 2106 pervenit.

2133 2126 2289 2194 Quod
2346 2141 2470 2183 cum
2525 2129 2718 2183 Petrus
2775 2125 3037 2192 audisset,
3098 2125 3370 2196 probavit,
3420 2130 3476 2180 et
3543 2125 3775 2181 aclesiis

2134 2215 2426 2287 legendum
2491 2231 2591 2272 sua
2655 2216 2983 2273 auctoritate
3041 2215 3235 2272 edidit.
3310 2217 3428 2283 Quo
3494 2216 3776 2286 evangelio

2134 2310 2436 2375 assumpto,
2478 2304 2623 2361 idem
2660 2306 2890 2373 Marcus,
2925 2305 3174 2360 mittente
3222 2305 3407 2372 Petro,
3441 2305 3688 2375 perrexit
3723 2307 3773 2360 in

2133 2394 2441 2464 ngyptum,
2465 2397 2521 2450 et
2549 2394 2783 2464 primum
2810 2393 3155 2450 Alexandria
3185 2394 3460 2450 Christum
3494 2395 3772 2460 nuntians,

2135 2482 2422 2538 constituit
2493 2482 2787 2539 aclesiam.
2856 2485 2985 2539 Erat
3047 2490 3229 2539 autem
3302 2488 3455 2538 tanta
3520 2483 3777 2539 doctrina

2133 2573 2369 2642 vitaque
2408 2573 2769 2640 continentia,
2803 2577 2863 2628 ut
2893 2586 3084 2628 omnes
3131 2577 3434 2628 sectatores
3464 2572 3673 2628 Christi
3713 2572 3776 2628 ad

2135 2661 2441 2732 exemplum
2495 2676 2653 2718 suum
2709 2665 2951 2733 cogeret.
3011 2663 3179 2733 Cujus
3233 2663 3429 2718 Petrus
3485 2662 3542 2716 in
3606 2662 3778 2732 prima

2135 2750 2368 2820 epistola
2423 2752 2672 2807 meminit
2711 2755 2785 2819 (v,
2825 2751 2933 2820 l3),
2973 2752 3199 2807 Romam
3245 2751 3467 2807 nomine
3497 2750 3778 2807 Babilonis

2136 2840 2426 2896 nominans
2467 2861 2480 2896 :
2524 2859 2552 2893 «
2593 2840 2802 2897 Salutat
2831 2854 2928 2897 vos
2957 2855 3082 2912 qua
3122 2845 3205 2896 est
3242 2840 3298 2896 in
3348 2839 3612 2895 Babilone
3661 2839 3777 2896 col-

2134 2929 2296 2996 lecta,
2340 2935 2396 2986 et
2431 2931 2644 2985 Marcus
2680 2929 2825 2986 filius
2873 2944 3101 2986 meus.»
3132 2930 3343 2999 Quique
3374 2930 3697 2985 constitutis
3725 2935 3778 2984 et

406 3024 621 3079 ratione
675 3023 960 3092 temporis,
1010 3021 1311 3078 secundum
1358 3034 1490 3076 vero
1545 3019 1735 3075 falsam
1787 3020 2474 3090 supputa-econtirmatis
2523 3019 2758 3076 aclesiis
2798 3034 2898 3091 per
2943 3019 3171 3086 Libiam,
3205 3020 3480 3086 Maricam,
3515 3020 3774 3076 Hammo-

409 3112 614 3168 tionem
654 3110 1056 3181 Olympiadum,
1090 3125 1209 3179 ejus
1238 3114 1322 3186 est
1357 3111 1625 3179 septimus
1662 3109 1719 3186 in
1750 3123 1859 3180 quo
1889 3117 2048 3165 antea

401 3203 556 3272 juxta
583 3199 785 3256 Bedam
814 3213 878 3254 ac
906 3197 1268 3268 The0philum
1298 3185 1354 3252 in
1386 3203 1580 3254 octavo
1611 3185 1841 3252 Kalend.
1872 3196 2046 3266 April,

405 3289 694 3348 Dominum
751 3287 1118 3344 resurrexisse
1182 3286 1540 3342 narravimus.
1608 3286 2051 3342 Resurrectionem

406 3381 541 3436 enim
569 3379 760 3437 Christi
804 3380 863 3433 in
902 3377 999 3433 hoc
1038 3391 1174 3433 anno
1223 3381 1404 3432 octavo
1434 3375 1564 3432 Kal.
1589 3376 1790 3448 Aprilis
1834 3380 2050 3431 sanctus

404 3470 552 3526 Beda
597 3469 674 3525 sic
715 3473 889 3540 putat,
936 3471 1152 3539 propter
1195 3466 1612 3538 supputationem
1656 3466 1889 3536 iniquam
1935 3479 2052 3520 cro-

403 3560 556 3616 nicae
576 3558 638 3592 ¹⁰⁷
666 3557 901 3626 Eusebii,
934 3562 983 3612 et
1025 3561 1145 3628 post
1187 3571 1303 3612 eam
1347 3571 1498 3611 suam
1535 3556 1796 3611 cronica-m
1834 3570 2048 3626 compo-

401 3651 506 3705 suit
553 3647 619 3705 ab
664 3645 1027 3703 incarnatione
1057 3645 1284 3713 Domini,
1315 3645 1448 3701 sicut
1493 3645 1612 3714 ipse
1657 3644 1802 3700 dicit.
1842 3645 2049 3701 Iacobo

403 3751 535 3796 vero
584 3750 768 3808 passo,
808 3736 865 3791 in
914 3741 1132 3791 tronum
1192 3735 1312 3804 ejus
1371 3734 1639 3790 successit
1692 3749 1826 3790 suus
1880 3731 2051 3790 frater

404 3830 624 3885 Simeon
655 3825 749 3896 qui
797 3831 854 3881 et
889 3825 1078 3879 Simon
1127 3823 1454 3879 adsumitur.
1495 3824 1562 3880 Hi
1598 3823 1796 3880 fratres
1833 3823 2049 3880 Domini

405 3914 706 3980 dicuntur,
757 3913 886 3983 quia
933 3916 1107 3967 mater
1153 3925 1340 3967 eorum
1389 3913 1594 3981 Maria,
1645 3926 1783 3968 uxor
1827 3912 2044 3982 Alphei,

404 4016 566 4060 soror
621 4007 740 4059 erat
798 4001 1001 4066 Maria,
1061 4001 1250 4055 matris
1307 4001 1542 4058 Domini.
1604 4003 1772 4068 Quam
1829 4002 2048 4056 Mariam

402 4089 624 4162 Cleopa
653 4090 790 4147 dicit
816 4089 1114 4157 Johannes,
1137 4090 1222 4145 vel
1243 4090 1389 4160 quod
1415 4091 1659 4160 Alpheus
1688 4091 1940 4161 Cleopas,
1963 4089 2047 4145 vel

404 4186 532 4251 post
579 4183 765 4236 natum
802 4179 1064 4234 Iacobum
1109 4177 1369 4235 defuncto
1407 4179 1619 4249 Alpheo
1658 4179 1825 4234 Maria
1862 4179 2051 4248 nupsit

401 4270 643 4340 CleOpa,
667 4269 755 4325 cui
785 4269 1105 4339 Symeonem
1139 4268 1307 4324 lilium
1329 4269 1548 4339 genuit;
1581 4268 1675 4338 qui
1697 4269 1928 4338 Cleopas
1947 4266 2050 4322 fuit

2132 3108 2332 3178 nicam,
2383 3108 2784 3180 Pentaopolim,
2833 3108 3216 3166 Alexandriam
3270 3115 3437 3179 atque
3483 3109 3774 3180 Egyptum

2134 3199 2462 3268 universam,
2495 3199 2564 3256 ad
2595 3199 2844 3256 ultimum
2891 3204 3079 3256 tentus
3125 3203 3207 3255 est
3237 3213 3267 3254 a
3305 3199 3553 3271 paganis.
3605 3199 3775 3268 [Beda

2132 3287 2308 3359 mart.]
2350 3289 2446 3360 qui
2497 3293 2878 3346 remanserunt
2923 3289 2981 3344 in
3033 3286 3380 3344 Alexandria.
3430 3287 3533 3355 Qui
3579 3287 3773 3343 viden-

2133 3382 2218 3434 tes
2273 3391 2398 3434 eum
2452 3378 2646 3435 missas
2700 3377 3012 3445 facientem,
3073 3377 3162 3433 die
3218 3382 3410 3433 sancto
3463 3376 3695 3443 Pascha,
3743 3376 3773 3426 7

2135 3465 2253 3522 Kal.
2285 3467 2430 3534 Maii,
2463 3467 2760 3523 misserunt
2804 3465 2989 3522 funem
3037 3466 3094 3522 in
3144 3465 3345 3522 collum
3385 3466 3524 3536 ejus,
3567 3472 3624 3522 et
3673 3471 3775 3522 tra-

2133 3554 2337 3612 hebant
2374 3569 2498 3612 eum
2535 3555 2604 3612 ad
2633 3556 2756 3614 loca
2802 3555 3041 3613 Bucolia
3071 3569 3196 3626 qua
3235 3562 3392 3611 erant
3434 3556 3590 3624 juxta
3631 3569 3773 3611 mare

2134 3645 2236 3700 sub
2281 3646 2532 3716 rupibus,
2583 3645 2678 3702 ubi
2725 3651 2843 3702 erat
2897 3644 3114 3702 aclesia
3167 3651 3505 3712 constructa,
3565 3643 3776 3702 deﬂue-

2133 3735 2374 3805 bantque
2413 3748 2610 3792 carnes
2638 3737 2756 3806 ejus
2798 3735 2872 3807 [in
2903 3733 3146 3805 terram],
3181 3749 3245 3790 ac
3282 3749 3412 3790 saxa
3460 3733 3778 3791 inlicieban-

2132 3828 2224 3880 tur
2269 3823 2518 3896 sangine.
2567 3826 2806 3896 Vespere
2855 3828 3038 3880 autem
3088 3823 3254 3891 facto,
3312 3823 3613 3880 misserunt
3661 3839 3777 3881 eum

2132 3913 2188 3969 in
2219 3913 2506 3979 carcirem,
2539 3915 2632 3969 ubi
2679 3915 2826 3970 circa
2856 3912 3092 3969 mediam
3140 3917 3359 3969 noctem
3407 3913 3587 3983 primo
3620 3927 3779 3984 ange-

2132 4001 2292 4057 licam
2343 4003 2685 4059 vissitatione
2739 4002 3094 4058 confirmatus
3143 4007 3246 4058 est.
3294 4002 3363 4057 At
3419 4015 3602 4068 mane,
3657 4003 3779 4058 dum

2133 4091 2479 4148 tracheretur
2507 4091 2576 4147 ad
2607 4091 2729 4148 loca
2758 4091 3018 4158 Bucolia,
3041 4091 3245 4162 gratias
3273 4105 3443 4161 agens
3476 4091 3551 4161 [et
3573 4091 3777 4160 dicens]

2135 4200 2163 4234 ‹‹
2220 4181 2488 4249 Domine,
2557 4181 2614 4237 in
2679 4195 2871 4238 manus
2944 4188 3066 4237 tuas
3131 4180 3459 4236 commendo
3527 4181 3778 4250 spiritum

2132 4283 2332 4337 meum,
2366 4291 2392 4320 ι
2429 4270 2588 4338 obiit,
2624 4276 2679 4327 et
2707 4270 2956 4340 sepultus
2985 4274 3066 4325 est
3098 4269 3155 4324 in
3189 4269 3314 4325 loco
3347 4268 3549 4338 lapidis
3578 4269 3776 4326 excissi

399 4359 571 4416 frater
615 4357 860 4428 Iosephi.
915 4359 1282 4428 [Hieronimus
1313 4358 1455 4428 (adv.
1487 4356 1784 4413 Helvidium
1820 4359 1922 4426 0p.
1955 4359 2257 4427 IV,1)cum
2304 4360 2500 4431 gloria,
2552 4374 2582 4415 a
2627 4359 2760 4416 viris
2807 4360 3032 4426 sanctis,
3085 4363 3279 4416 octavo
3326 4373 3471 4416 anno
3520 4361 3775 4416 Neronis.

401 4465 462 4518 ιι,
497 4464 550 4520 p.
591 4447 708 4519 138)
733 4447 795 4479 ¹⁰⁸
825 4468 838 4504 :
870 4448 992 4518 Ipsa
1032 4448 1194 4503 etiam
1227 4447 1391 4502 Maria
1431 4451 1534 4512 est,
1568 4461 1691 4516 qua
1727 4446 1919 4502 Iacobi
1949 4447 2049 4502 mi-
2133 4451 2262 4505 Hac
2321 4450 2377 4505 in
2435 4449 2834 4521 martirologio.
2895 4448 3050 4517 Quod
3108 4454 3287 4504 autem
3346 4454 3621 4516 nostrum,
3673 4463 3778 4506 non

400 4538 554 4596 noris
590 4537 854 4593 scribitur
890 4541 1084 4602 mater,
1125 4534 1228 4590 fuit
1267 4549 1405 4590 uxor
1442 4535 1638 4604 Alphei
1667 4541 1722 4591 et
1749 4549 1910 4592 soror
1937 4550 2050 4592 ma-
2131 4540 2433 4596 Ebreorum
2481 4539 2684 4610 pascha
2732 4539 3050 4604 celebravit,
3108 4539 3321 4593 Marcus
3367 4539 3528 4593 testis
3575 4546 3684 4605 est,
3730 4547 3781 4594 et

399 4629 500 4685 tris
524 4629 740 4684 Domini
769 4647 783 4694 ;
834 4641 995 4697 quam
1029 4626 1247 4681 Mariam
1278 4625 1496 4697 Cleopa
1524 4625 1801 4682 Iohannes
1830 4626 1984 4695 dicit,
2017 4641 2048 4683 a
2133 4630 2296 4685 etiam
2344 4630 2489 4686 Beda
2537 4644 2705 4700 super
2733 4635 2854 4685 acta
2887 4627 3263 4698 apostolorum
3304 4627 3403 4682 ita'
3435 4647 3447 4682 :
3484 4645 3512 4679 «
3552 4630 3778 4683 Constat

399 4723 579 4790 patre,
610 4717 695 4774 vel
744 4731 774 4773 a
821 4716 1130 4789 gentilitate
1178 4715 1418 4784 familia,
1467 4715 1553 4771 vel
1596 4715 1702 4771 alia
1745 4730 1929 4784 causa,
1961 4716 2046 4772 vel
2127 4719 2238 4790 jam
2277 4719 2584 4790 apostolum
2635 4721 2852 4774 Petrum
2909 4719 3080 4773 Rome
3128 4717 3219 4772 die
3263 4716 3546 4772 dominico
3587 4732 3781 4773 resur-

398 4806 643 4864 binomia
672 4805 794 4862 fuit.
824 4835 897 4846 —
926 4807 1145 4860 Fratres
1173 4804 1390 4861 Domini
1429 4804 1778 4874 appellantur
1807 4804 1904 4860 filii
1933 4819 2048 4861 ma-
2131 4807 2397 4864 rectionis
2444 4808 2652 4864 domini
2699 4808 2876 4864 nostri
2929 4809 3057 4863 Iesu
3113 4806 3315 4862 Christi
3372 4805 3574 4876 pascha
3627 4804 3780 4860 cele-

399 4901 621 4953 tertera
654 4897 772 4966 ejus
809 4895 1012 4962 Maria,
1047 4895 1142 4965 qui
1172 4900 1332 4950 antea
1373 4908 1484 4950 non
1513 4895 1824 4962 credentes,
1857 4903 2049 4964 postea
2129 4894 2337 4952 brasse.
2398 4898 2623 4952 Constat
2679 4898 2840 4952 etiam
2904 4896 3029 4961 hoc,
3092 4894 3479 4966 evangelistam
3539 4895 3779 4950 Marcum

400 4985 796 5054 crediderunt;
837 4984 922 5040 vel
953 4997 1096 5040 unus
1125 4997 1314 5040 eorum
1345 4983 1529 5039 statim
1561 4983 1800 5039 credidit
1828 4983 1921 5038 alii
1952 4983 2047 5039 diu
2129 4983 2197 5038 ab
2255 4997 2322 5040 eo
2380 4984 2604 5040 missum
2660 4983 2916 5040 docuisse
2973 4984 3031 5039 in
3088 4984 3341 5054 Egypto.
3377 5003 3402 5030 ιο
3454 4982 3586 5037 Hac
3636 4983 3780 5037 Beda

1754 5160 1979 5216 VARIzE
2030 5160 2312 5217 [ΕΟΤίοΝ
2319 5161 2413 5217 ES.

475 5293 538 5328 ¹⁰³
576 5294 734 5367 lege:
775 5294 1187 5354 revelationem.
1264 5293 1326 5327 ¹⁰⁶
1364 5295 1494 5350 ΙΙωο
1532 5307 1646 5368 sec.
1687 5307 1860 5368 manu
1890 5293 1946 5348 in
1977 5307 2159 5368 _ma_rg.
2210 5295 2461 5367 inferiore
2503 5293 2601 5367 fol.
2653 5294 2774 5364 105,
2822 5295 3024 5368 scripta
3069 5298 3190 5368 sunt
3237 5291 3410 5368 ipique
3454 5297 3774 5368 sequuntur:

400 5366 598 5424 Beatus
624 5364 830 5440 Petrus
867 5368 1169 5426 secundum
1199 5373 1351 5440 gesta
1391 5365 1708 5440 pontiﬁcum
1741 5364 2016 5440 ordinavit
2055 5364 2196 5440 duos
2233 5364 2548 5438 episc0pos,
2577 5372 2697 5436 etc.,
2731 5382 2844 5440 qua
2870 5364 3015 5440 infra
3046 5367 3138 5440 ad.
3173 5382 3227 5421 α.
3252 5365 3322 5440 _71_
3358 5365 3544 5440 iterum
3580 5365 3776 5434 scripti

395 5443 596 5568 saliua.
617 5439 747 5570 mle
771 5445 956 5570 postea
996 5435 1228 5498 additum
1265 5435 1611 5496 esse‘videtur
1644 5436 1691 5493 1.
1770 5435 1833 5468 ¹⁰⁸
1868 5437 1923 5492 in
1950 5439 2189 5506 margine
2215 5435 2337 5496 saec.
2372 5435 2548 5495 manu.
2582 5441 2626 5496 A
2659 5435 2830 5495 verbis
2860 5435 3058 5496 fratres
3110 5437 3324 5495 Domini
3368 5435 3551 5492 eadem
3599 5449 3774 5497 manu,

396 5525 455 5566 se
577 5525 628 5568 to
658 5528 690 5570 a
715 5527 900 5571 ramen
923 5528 975 5570 ο.
