4000 6158
171 298 264 354 649

1418 288 1822 345 CHRONICON.
1863 316 1935 326 —
1975 287 2096 343 LIB.
2142 290 2230 344 111.

3401 299 3512 356 650

172 423 403 494 (Retract.
471 415 539 471 ad
600 432 650 472 c.
712 415 849 486 Im).
927 415 1189 483 Quoniam
1248 414 1416 484 igitur
1480 413 1784 468 indictione
1806 413 2017 472 Acuris
2062 413 2232 469 seculi
2296 413 2516 470 deditus
2559 415 2871 486 reperiaris,
2933 426 3016 474 set
3072 421 3416 481 solummodo
3446 441 3512 482 ac

171 510 358 566 decima
398 506 606 575 incepit
659 507 867 576 primus
921 517 1098 559 annus
1143 504 1399 568 Neronis,
1431 502 1487 556 in
1518 501 1608 556 22.
1641 515 1786 556 anno

169 606 276 671 post
304 597 628 667 passionem,
657 603 713 649 et
743 594 1046 650 indictione
1077 594 1259 659 tertia,
1287 598 1512 648 octavus
1541 591 1787 660 ejusdem

107 750 116 758 ,
165 701 321 743 annus
375 684 581 748 finitur,
643 683 697 737 in
738 697 883 738 anno
929 683 1020 736 33.
1062 689 1187 752 post
1217 681 1546 751 passionem,
1582 681 1636 733 in
1677 691 1788 748 quo

161 778 208 829 7.
239 774 349 829 Kal.
383 773 505 828 Maii
537 773 824 827 Deminico
857 772 946 827 die
987 772 1186 841 pascha
1213 785 1405 841 passus
1442 776 1526 824 est
1554 769 1786 835 Marcus,

163 872 210 919 et
238 863 422 932 pagani
469 875 663 916 carnes
702 863 822 930 ejus
889 861 943 915 in
987 868 1183 916 terram
1250 859 1557 924 radiebant,
1608 865 1788 912 tamen

161 952 325 1007 adhuc
353 951 606 1020 spiritum
644 951 890 1006 retinens
912 965 1084 1019 usque
1116 963 1272 1004 mane
1308 969 1320 1004 :
1355 961 1538 1002 nonne
1571 947 1788 1010 emicat,

161 1040 294 1111 quod
335 1039 585 1094 Christus
623 1039 676 1092 6.
726 1039 844 1095 Kal.
886 1039 1090 1108 Aprilis
1119 1039 1421 1094 resurrexit
1459 1051 1489 1092 a
1520 1035 1793 1091 mortuis?

159 1130 348 1184 Pascha
405 1129 578 1194 enim,
613 1129 668 1181 7.
721 1129 838 1182 Kal.
876 1128 998 1182 Maii
1049 1141 1156 1183 non
1197 1135 1323 1182 ante
1373 1125 1457 1180 vel
1498 1132 1621 1195 post
1662 1138 1792 1193 prc-

157 1220 347 1273 dictum
396 1231 599 1272 annum
651 1231 812 1286 quam
860 1217 930 1269 92
975 1217 1136 1271 annis
1174 1217 1427 1270 habetur.
1477 1245 1547 1253 —
1595 1215 1788 1282 (Ιιιειι.)

161 1309 275 1362 Post
331 1309 568 1361 Marcum
661 1305 1026 1376 evangelizam
1114 1306 1324 1374 primus
1409 1303 1793 1358 Alexandrinae

157 1396 378 1451 :eclesim
435 1395 727 1451 ordinatur
785 1395 1081 1465 episcopus
1128 1394 1392 1458 Anianus,
1443 1393 1538 1462 qui
1589 1390 1795 1461 prefuit

156 1485 304 1539 annis
333 1483 426 1538 22.

219 1574 304 1629 68.
354 1574 438 1627 10.
477 1572 633 1642 [XLVI]
687 1571 881 1642 [Ilium]
916 1571 1136 1628 Silanus
1161 1577 1208 1627 et
1255 1572 1528 1626 Paulinus.
1564 1571 1796 1624 Perseus

156 1663 285 1718 obiit
341 1676 492 1718 anno
541 1661 720 1717 aetatis
776 1661 866 1714 29.
916 1661 1181 1716 Thereme
1215 1659 1276 1690 ¹⁰⁹
1313 1674 1344 1714 a
1374 1662 1590 1715 Nerone
1623 1657 1797 1714 aedifi-

1871 503 2176 558 orationem
2237 512 2290 559 et
2344 505 2630 574 predicare
2688 506 2892 576 p0pu|o
2931 523 3124 564 vacare
3153 512 3335 567 stude.
3376 534 3402 564 »
3443 547 3511 555 —

1870 592 2067 647 Petrus
2114 593 2174 624 ¹¹³
2223 594 2496 649 ordinavit
2545 595 2684 650 duos
2726 600 3038 667 episcopos.
3087 600 3277 655 Linum
3309 611 3362 656 et
3393 605 3513 660 Cle-

1871 686 2006 753 tum],
2040 683 2134 750 qui
2185 684 2591 752 presentialiter
2636 699 2796 740 omne
2853 688 3215 744 ministerium
3256 693 3514 748 sacerdo-

1873 769 1978 824 tale
2027 770 2083 825 iII
2115 773 2250 826 urbe
2291 774 2460 827 Roma
2492 775 2696 842 populo
2717 775 2798 829 vel
2831 779 3331 844 supervenientium
3363 782 3516 837 exhi-

1872 861 2086 916 berent.
2121 862 2317 916 Beatus
2348 861 2407 892 ‘”
2445 870 2626 918 autem
2657 866 2850 919 Petrus
2879 866 2944 920 ad
2979 867 3282 923 orationem
3313 878 3367 925 et
3394 887 3517 941 pre.

1873 950 2202 1004 dicationem
2237 951 2498 1019 populum
2532 952 2792 1008 erudiens
2830 956 3074 1010 vacabat.
3097 988 3168 996 —
3190 958 3320 1028 (Lib.
3348 962 3515 1030 poni.)

1876 1038 2041 1092 Linus
2088 1036 2188 1091 fuit
2246 1045 2494 1108 tempore
2543 1041 2796 1106 Neronis,
2829 1057 2860 1096 a
2909 1045 3197 1100 consulatu
3237 1049 3516 1104 Saturnini

1875 1135 1930 1182 et
1977 1127 2252 1196 Scipionis
2280 1142 2454 1196 usque
2494 1128 2561 1182 ad
2605 1131 2871 1198 Capitone
2903 1138 2954 1186 et
2988 1134 3126 1190 Rufo
3157 1138 3514 1207 consulibus;

1876 1217 2121 1272 martirio
2169 1223 2467 1271 coronatus
2514 1224 2569 1272 et
2619 1219 2868 1287 sepultus
2918 1223 3073 1288 juxta
3123 1239 3327 1294 corpus
3371 1229 3514 1282 beati

1877 1307 2021 1361 Petri
2075 1307 2128 1360 in
2191 1307 2469 1368 Vaticano,
2528 1306 2582 1361 9.
2655 1308 2772 1362 Kal.
2831 1311 3106 1366 Octobris.
3168 1314 3354 1369 Cletus
3418 1316 3518 1372 fuit

1877 1396 2220 1464 temporibus
2272 1395 2589 1461 Vespasiani
2657 1403 2711 1451 et
2770 1399 2898 1464 Titi,
2931 1414 2960 1452 a
2991 1403 3278 1458 consulatu
3313 1407 3518 1475 Vespa-

1877 1485 2020 1540 siani
2063 1484 2121 1514 ¹¹⁵
2157 1483 2211 1539 7.
2245 1485 2299 1538 in
2341 1485 2648 1539 Domitiano
2690 1485 2749 1514 ¹¹⁶
2785 1485 2840 1537 5.
2882 1501 3055 1557 usque
3103 1490 3170 1545 ad
3212 1493 3520 1549 Domitiano

1880 1575 1937 1605 ¹¹⁷
1977 1580 2034 1628 et
2063 1572 2202 1628 Rufo
2261 1573 2599 1636 consulibus,
2669 1588 2860 1642 passus
2921 1583 2976 1630 et
3023 1580 3273 1647 sepultus
3310 1581 3364 1635 6.
3401 1583 3518 1637 Kal.

1878 1663 2000 1717 Maii
2034 1664 2188 1730 juxta
2237 1674 2440 1730 corpus
2479 1661 2622 1716 beati
2675 1663 2818 1716 Petri
2860 1664 2914 1717 in
2958 1666 3237 1722 Vaticano.
3271 1669 3524 1725 Clemens

156 1758 284 1806 catae
323 1765 463 1820 quas
493 1751 835 1805 Neronianas
862 1750 1156 1819 appelavit.
1189 1751 1333 1804 Nero
1366 1751 1533 1804 Rome
1564 1748 1620 1802 in
1659 1747 1986 1805 cita-Bfuit
2025 1750 2368 1820 temporibus
2411 1749 2575 1805 Galbe
2633 1757 2687 1804 et
2745 1753 3080 1820 Vespasiani,
3148 1769 3179 1809 a
3235 1757 3520 1812 consulatu

156 1840 381 1894 rizarum
441 1853 617 1910 agone
675 1845 1005 1894 contentens
1046 1838 1124 1907 “°,
1165 1845 1396 1892 cunctos
1441 1841 1684 1906 supcrat.
1727 1836 1794 1888 M.

153 1932 368 1984 Anneus
437 1931 688 1984 Lucanus
726 1927 1102 1983 Cordubensis
1148 1934 1332 1997 poeta.
1383 1927 1438 1982 in
1481 1925 1797 1980 Pissoniana

154 2019 532 2085 conjuratione
581 2017 982 2086 deprehensus,
1025 2016 1311 2071 brachium
1389 2015 1456 2070 ad
1526 2013 1798 2084 seqandas

152 2120 310 2161 venas
343 2107 567 2176 prebuit
596 2105 832 2162 medico.
883 2107 1027 2160 Nero
1076 2110 1136 2160 ut
1176 2103 1589 2159 similitudinem
1621 2103 1797 2156 Troia:

150 2196 399 2250 ardentis
483 2196 788 2264 inspiciret,
871 2195 1158 2264 plurimam
1254 2199 1464 2262 partem
1540 2194 1799 2247 Romana

150 2285 298 2339 urbis
331 2286 610 2340 accendit.
644 2287 702 2340 In
740 2286 912 2339 Assiaa
952 2289 1066 2338 tres
1096 2283 1264 2338 urbes
1293 2290 1457 2338 terrae
1487 2289 1637 2338 motu
1668 2294 1801 2335 con-

146 2373 433 2438 ciderunt,
516 2373 814 2436 Laudacia,
902 2371 1231 2440 Hiarapolis,
1299 2371 1542 2426 Colasse.
1602 2370 1800 2424 Albino

139 2463 407 2517 succedit
459 2461 674 2524 Florus,
717 2460 819 2514 sub
873 2473 984 2528 quo
1043 2459 1202 2513 Judei
1269 2465 1462 2514 contra
1527 2461 1804 2513 Romanos

139 2550 586 2604 rebellaverunt.
625 2549 819 2602 Junius
860 2547 1055 2612 Gallio,
1088 2546 1258 2602 frater
1294 2548 1511 2611 Senice,
1553 2546 1805 2615 egregius

134 2639 518 2702 declamator,
571 2637 792 2706 propria
845 2651 906 2691 se
963 2650 1124 2691 manu
1181 2635 1480 2691 interfecit.
1553 2636 1672 2688 Non
1723 2641 1806 2688 est

141 2733 264 2781 acta
308 2732 446 2780 ante
514 2727 786 2781 Neronem
853 2725 908 2779 in
967 2739 1117 2780 suam
1169 2731 1481 2794 presentem
1532 2724 1588 2754 ¹¹¹
1631 2723 1804 2778 delle-

145 2819 324 2869 rente.

206 2902 302 2955 69.
348 2901 439 2956 ιι.
479 2902 664 2972 [XLVII]
720 2899 936 2971 (Hunc)
989 2901 1239 2956 Ceusinus
1275 2905 1323 2956 et
1353 2899 1625 2970 Apuleius.
1675 2900 1805 2952 Duas

145 2999 356 3046 tantum
403 2991 508 3046 sub
548 2993 766 3046 Nerone
807 2990 1106 3058 provincia:
1171 2989 1352 3055 factae,
1405 2991 1610 3044 Pontus
1641 2987 1803 3042 Pole-

1880 1840 2092 1909 Tragali
2127 1846 2181 1894 et
2211 1839 2382 1893 Italici
2424 1853 2596 1908 usque
2627 1839 2692 1893 ad
2734 1841 3067 1909 Vespasiano
3107 1857 3254 1899 nono
3285 1852 3339 1900 et
3379 1846 3519 1902 Tito.

2062 1929 2208 1998 [ϐοά.
2237 1929 2289 1982 in
2310 1942 2474 1996 marg.
2505 1929 2683 1982 Prima
2715 1931 3026 1997 persecutio
3066 1933 3378 1998 aacclesize.]

1949 2017 2040 2071 72.
2101 2016 2182 2069 l4.
2238 2016 2297 2086 [L]
2345 2016 2546 2087 (IIII-3n.)
2595 2015 2843 2071 Silvanus
2885 2025 2932 2073 et
2987 2019 3135 2074 Otho.
3175 2021 3287 2090 [llis
3317 2037 3525 2079 consu-

1883 2107 2047 2170 libus,
2107 2111 2245 2160 teste
2293 2105 2646 2171 Cassiodoro,
2688 2107 2830 2161 Nero
2881 2108 3099 2163 Petrum
3132 2117 3186 2164 et
3218 2111 3439 2168 Paulum
3471 2119 3526 2168 et

1883 2209 2005 2250 sese
2053 2192 2383 2263 interfecit.]
2419 2195 2478 2248 L.
2525 2194 2736 2248 Annius
2766 2195 2950 2260 Melas,
3001 2195 3172 2252 frater
3219 2201 3440 2255 Senecae
3471 2210 3526 2256 et

1883 2283 2165 2349 Gallionis,
2199 2282 2342 2336 bona
2375 2283 2575 2338 Lucani
2605 2289 2784 2351 poetae
2817 2284 2913 2338 filii
2947 2287 3032 2340 sui
3070 2301 3099 2340 a
3138 2289 3353 2342 Nerone
3394 2304 3526 2358 pro-

1887 2378 2147 2427 meretur.
2207 2371 2417 2440 (Βεω.)
2467 2371 2680 2426 Primus
2725 2374 2870 2428 Nero
2909 2388 3078 2443 super
3107 2377 3288 2430 omnia
3315 2367 3527 2432 Scelera

1885 2478 1983 2519 sua
2040 2463 2203 2516 etiam
2263 2450 2492 2531 primam
2568 2463 3008 2531 persecutionem
3077 2463 3133 2518 in
3191 2465 3530 2522 Christianos

1887 2552 2037 2616 facit,
2089 2552 2140 2605 in
2200 2565 2307 2620 qua
2364 2565 2471 2606 una
2519 2549 2608 2606 die
2640 2552 2832 2606 beatus
2872 2554 3066 2607 Petrus
3095 2554 3437 2625 crucifigitur
3475 2565 3530 2612 et

1889 2640 2086 2694 Paulus
2141 2640 2323 2710 gladio
2375 2641 2609 2706 ceditur,
2655 2639 2828 2711 [anno
2858 2641 2946 2697 38.
3001 2650 3124 2712 post
3177 2645 3526 2716 passionem].

1890 2728 2096 2797 alma.)
2137 2731 2338 2783 Contra
2392 2729 2618 2795 Judeos,
2675 2731 2769 2799 qui
2825 2731 2971 2786 Cesti
3030 2733 3195 2787 Florii
3253 2735 3530 2789 avaritiam

1889 2831 2001 2872 non
2058 2816 2298 2872 ferentes
2357 2817 2646 2881 rebellant,
2701 2819 3062 2888 Vespasianus
3119 2823 3378 2890 magister
3426 2824 3532 2877 mi-

1889 2905 2022 2960 litiae
2089 2920 2118 2959 a
2169 2907 2384 2962 Nerone
2441 2907 2851 2961 transmittitur.
2911 2910 3276 2977 Vespasianus
3338 2912 3535 2966 multas

1890 2995 2056 3049 urbes
2114 2994 2167 3048 in
2227 2995 2397 3049 Judea
2457 2995 2624 3064 capit.
2697 2995 2911 3050 Flavius
2965 2999 3238 3066 Josephus
3294 3001 3535 3068 scriptor

146 3082 353 3136 miacus
385 3087 446 3135 et
477 3080 641 3149 Alpes
686 3079 904 3145 Cottiis,
955 3079 1138 3134 Cottio
1170 3093 1296 3148 rege
1335 3077 1617 3132 defuncto.
1652 3075 1799 3130 Multi

1886 3083 2202 3147 historicus,
2265 3082 2375 3138 dux
2433 3083 2563 3138 belli
2628 3084 2949 3148 Judeorum,
3006 3101 3128 3141 cum
3194 3102 3224 3141 a
3274 3089 3533 3144 Romanis

144 3169 415 3224 nobilium
467 3170 637 3223 Rome
678 3181 708 3222 a
747 3169 964 3222 Nerone
994 3165 1292 3222 interfecti.
1334 3168 1477 3221 Nero
1517 3166 1572 3220 in
1611 3165 1799 3234 Olym-

146 3258 300 3325 piade
363 3263 692 3313 coronatur.
776 3256 1016 3322 Cericas,
1099 3255 1436 3321 citharistas,
1497 3253 1796 3324 tragwdos,

143 3347 357 3417 aurigas
397 3347 556 3401 vario
587 3345 885 3400 certamine
916 3359 1204 3414 superans.

206 3436 297 3488 70.
349 3434 418 3488 12
487 3434 684 3504 [XLVIII]
729 3433 932 3502 (IIII-2R.)
973 3434 1157 3504 Capito
1205 3438 1253 3486 et
1283 3434 1465 3503 Rufus.
1499 3433 1558 3487 L.
1593 3433 1801 3487 Annius

144 3525 342 3579 Seneca
403 3523 808 3589 Cordubensis,
872 3527 1167 3592 preceptor
1205 3521 1441 3576 Neronis
1488 3527 1544 3575 et
1575 3527 1802 3588 patruus

144 3613 341 3668 Lucani
385 3619 599 3683 poetae,
652 3611 925 3666 incisione
982 3624 1240 3665 venarum
1291 3616 1346 3664 et
1376 3609 1572 3664 veneni
1604 3608 1801 3662 haustu

147 3704 324 3769 periit.
368 3705 616 3758 Rursum
668 3703 814 3757 Nero
863 3699 1111 3764 Sthimia,
1155 3698 1392 3763 Phithia,
1452 3697 1605 3752 Actia
1651 3696 1805 3750 cele-

143 3791 322 3859 brans,
368 3795 529 3848 inter
586 3793 816 3858 cericas,
879 3790 1159 3860 tragcedos
1207 3794 1258 3843 et
1309 3787 1600 3843 citharizas
1645 3799 1804 3842 coro-

147 3890 318 3938 natur.
357 3884 562 3954 [Linus
587 3881 674 3936 his
695 3880 1018 3936 consulibus
1048 3893 1260 3948 passus.
1292 3877 1348 3931 9.
1372 3877 1490 3932 Kal.
1523 3877 1800 3932 Octobris.

145 3971 323 4027 Cletus
352 3971 766 4040 corepiscopus
804 3969 1071 4024 successit
1100 3967 1259 4022 annis
1295 3966 1378 4031 12,
1421 3965 1560 4034 m...]

209 4060 298 4116 71.
375 4061 445 4115 13
527 4059 680 4130 [XLIX]
748 4056 963 4130 (liram)
1044 4055 1264 4112 Italicus
1328 4060 1376 4110 et
1446 4053 1800 4124 Turpilianus.

147 4150 281 4206 Nero
353 4151 412 4206 in
494 4161 762 4218 expensas
818 4147 1029 4202 centias
1092 4151 1325 4200 centena
1390 4143 1538 4197 milia
1576 4143 1804 4198 decretu

147 4245 363 4294 senatus
414 4252 608 4294 annua
646 4236 1044 4291 subministrat.
1078 4236 1222 4289 Nero
1279 4246 1402 4288 cum
1442 4233 1644 4287 ceteris
1673 4232 1806 4286 viris

151 4326 460 4398 insignibus
528 4332 584 4381 et
646 4326 921 4381 Octaviam
988 4335 1215 4378 uxorem
1285 4334 1436 4375 suam
1502 4319 1801 4386 interfecit,

1881 3171 2298 3227 interficiendus
2355 3178 2519 3235 esset,
2583 3174 2916 3242 Vespasiano
2957 3176 3196 3244 predixit
3245 3175 3312 3231 de
3356 3184 3531 3233 morte

1878 3261 2115 3316 Neronis
2143 3267 2199 3315 et
2228 3263 2348 3330 ejus
2370 3259 2624 3330 imperio.

1954 3352 2062 3404 Leo
2119 3350 2416 3415 secundus,
2458 3364 2750 3404 successor
2793 3352 3096 3420 Agathonis
3127 3367 3302 3420 papae,
3347 3353 3401 3405 in
3435 3367 3532 3406 sua

1883 3438 2145 3493 dccretali
2196 3437 2428 3506 epistola
2467 3438 2549 3491 sic
2593 3458 2604 3491 :
2641 3457 2669 3488 «
2719 3439 2772 3491 Si
2827 3447 3007 3492 autem
3049 3441 3245 3493 Petrus
3275 3439 3533 3507 princeps

1883 3527 2257 3594 apostolorum
2311 3525 2595 3592 adjutores
2639 3525 2744 3578 sibi
2793 3525 2954 3578 scivit
2991 3526 3181 3579 Linum
3215 3532 3269 3580 et
3297 3527 3530 3592 Cletum,

1886 3627 1995 3668 non
2045 3620 2226 3666 tamen
2276 3618 2602 3692 pptestatem
2636 3612 2924 3679 pontificii,
2965 3613 3174 3666 animas
3215 3612 3417 3682 ligandi
3448 3613 3531 3667 vel

1885 3701 2135 3756 solvendi
2186 3714 2452 3764 normam,
2505 3701 2585 3753 eis
2641 3700 2905 3767 tradidit;
2945 3700 3042 3754 sed
3092 3701 3358 3755 Clementi
3402 3717 3536 3757 suc-

1887 3791 2095 3848 cessori
2126 3801 2248 3853 suo,
2282 3788 2375 3856 qui
2406 3787 2592 3842 sedem
2633 3787 2992 3857 apostolicam
3036 3797 3160 3858 post
3190 3804 3311 3845 eum
3344 3798 3398 3844 et
3429 3805 3532 3860 po-

1887 3886 2139 3934 testatem
2209 3877 2600 3948 pontificalem,
2667 3877 2906 3932 tradenti
2974 3877 3080 3932 sibi
3149 3879 3310 3934 beato
3373 3882 3532 3936 Petro

1887 3968 2160 4038 apostolo,
2195 3974 2381 4022 tenere
2430 3967 2754 4036 promeruit.
2809 3968 2998 4023 Linum
3058 3982 3272 4038 nanque
3313 3977 3368 4024 et
3405 3969 3532 4026 Cle-

1888 4064 1999 4113 tum
2034 4057 2167 4111 nihil
2202 4057 2432 4127 legimus
2462 4069 2716 4124 umquam
2763 4056 2939 4126 egisse
2988 4071 3055 4112 ex
3085 4059 3384 4127 pontificali
3427 4060 3533 4114 mi-

1888 4147 2118 4202 nisterio
2159 4145 2504 4215 potestative,
2562 4145 2658 4200 sed
2708 4152 2971 4214 quantum
3006 4147 3086 4201 eis
3116 4161 3146 4201 a
3177 4147 3339 4203 beato
3371 4149 3533 4202 Petro

1888 4236 2318 4306 precipiebatur,
2378 4242 2586 4288 tantum
2637 4235 2984 4290 solummodo
3034 4237 3288 4304 agebant.
3336 4257 3360 4283 »
3405 4238 3533 4290 Ilaec

1888 4327 1997 4379 Leo
2031 4338 2188 4393 papa.
2239 4353 2309 4362 —
2340 4322 2593 4376 Clemens
2635 4336 2766 4391 ergo
2807 4337 2944 4390 papa
2986 4323 3195 4389 primus
3235 4329 3358 4390 post
3397 4323 3536 4390 peti-

151 4416 572 4486 Cornutumque
624 4414 952 4483 filosophum
1011 4419 1066 4467 et
1115 4416 1496 4480 preceptorem
1536 4410 1708 4464 Persii
1747 4411 2096 4476 inDtionem
2155 4413 2451 4466 Romanam
2506 4411 2777 4465 ecclesiam
2811 4410 3006 4474 tenuit,
3039 4409 3120 4463 vel
3161 4423 3281 4463 cum
3315 4409 3449 4463 Lino
3483 4416 3537 4462 et

153 4505 366 4562 exilium
423 4506 587 4574 fugat
635 4503 718 4556 ¹²².
787 4501 1070 4557 Musonius
1108 4506 1162 4555 et
1193 4497 1558 4553 Plutharchus
1615 4500 1807 4554 filosofi

153 4593 297 4648 clari.
364 4597 611 4666 [Petrus,
678 4592 825 4647 sicut
873 4592 928 4645 in
977 4588 1149 4660 gestis
1206 4586 1527 4657 pontificum
1577 4587 1813 4642 habetur

160 4681 234 4751 (in
263 4683 588 4754 quibusdam
645 4680 858 4750 codd.),
889 4679 1224 4735 Clementem
1265 4675 1585 4746 episcopum
1617 4691 1812 4732 conse-

157 4773 342 4837 cravit,
401 4773 573 4840 eique
617 4769 933 4826 cathedram
984 4775 1040 4823 et
1086 4779 1303 4822 omnem
1332 4765 1589 4820 eclesiam
1623 4766 1810 4834 dispo-

159 4861 390 4917 nendam
445 4861 746 4925 commisit,
779 4859 972 4913 dicens
1006 4877 1018 4911 :
1062 4872 1091 4910 a
1125 4856 1276 4911 Sicut
1307 4855 1439 4908 mihi
1469 4854 1811 4924 gubernandi

1893 4503 2048 4558 Cleto
2096 4502 2239 4555 sicut
2287 4514 2410 4554 cum
2458 4501 2619 4553 Petro
2669 4498 2865 4553 fuerat.
2917 4500 3045 4552 Post
3093 4499 3332 4562 Petrum,
3370 4499 3534 4552 immo

1895 4593 2058 4646 etiam
2125 4603 2246 4644 cum
2315 4591 2497 4653 Petro,
2554 4588 2762 4656 primus
2814 4603 2952 4657 papa
3000 4595 3223 4641 sanctus
3286 4587 3537 4642 Clemens

1895 4683 2190 4736 Romanam
2243 4679 2383 4747 regit
2433 4679 2725 4743 aeclesiam,
2769 4680 2889 4748 ipso
2941 4678 3015 4730 ita
3047 4685 3206 4731 teste.
3239 4676 3538 4731 Decretalis

1894 4768 2127 4838 epistola
2183 4767 2480 4822 Clementis
2538 4766 2766 4820 Romani
2836 4765 3112 4834 pontificis
3161 4780 3174 4816 :
3228 4764 3539 4818 «Clemens

1895 4861 2154 4914 Romanae
2213 4856 2447 4910 {eclesize
2508 4856 2712 4924 presul,
2768 4855 2974 4909 Jacobo
3009 4853 3294 4908 karissimo
3336 4853 3536 4907 Hieru-

159 4949 355 5005 tradita
429 4957 519 5004 est
585 4963 614 5002 a
663 4948 888 5003 domino
942 4959 1063 5001 meo
1115 4947 1242 5000 Jesu
1299 4943 1518 4998 Christo
1575 4951 1818 5012 potestas
1899 4949 2215 5001 solimarum
2257 4946 2522 5015 episcopo
2574 4945 2756 5012 (epist.
2792 4945 2845 5007 2,
2883 4944 3228 4997 LABB.C0n0.
3262 4943 3303 4995 I.
3340 4940 3536 5010 p.50).

159 5035 362 5107 ligandi
407 5038 796 5108 solvendique,
856 5037 932 5091 ita
988 5042 1042 5090 et
1099 5048 1200 5104 ego
1255 5033 1353 5087 tibi
1413 5033 1717 5101 committo,
1760 5043 1817 5089 ut
1899 5037 2185 5104 Quoniam,
2237 5037 2380 5089 sicut
2427 5049 2456 5088 a
2506 5035 2665 5088 bcato
2718 5036 2876 5087 Petro
2922 5033 3174 5102 apostolo
3206 5032 3538 5102 accepimus,

160 5128 428 5184 ordinans
505 5128 870 5198 dispositores
942 5126 1281 5180 diversarum
1347 5137 1654 5191 causarum,
1719 5139 1820 5194 per
1901 5127 2142 5184 omnium
2194 5124 2570 5194 apostolorum
2603 5123 2851 5193 principe
2909 5129 2964 5178 et
3019 5129 3196 5192 patre,
3241 5123 3335 5191 qui
3367 5120 3544 5176 claves

160 5230 297 5287 quos
355 5222 520 5272 actus
567 5216 942 5272 eclesiasticos
998 5213 1338 5283 profligatus,
1401 5218 1458 5266 tu
1508 5213 1728 5270 minime
1761 5216 1815 5271 in

1902 5217 2056 5288 regni
2087 5215 2308 5270 celestis
2367 5205 2602 5282 acéepit,
2645 5212 2931 5282 aequaliter
2960 5218 3149 5267 tenere
3181 5209 3446 5266 debemus
3475 5208 3543 5264 de

1539 5331 1762 5387 VARLE
1800 5333 2084 5390 LECTION
2090 5332 2168 5386 ES

231 5431 291 5463 m
329 5430 493 5501 lege:
555 5432 823 5487 Ther-mag,
903 5426 1158 5502 “°J_le_ge:
1220 5425 1584 5483 contendens.
1664 5431 1720 5461 ¹¹¹
1789 5431 1938 5502 lege:

958 5499 1018 5530 ¹¹¹δ
1047 5499 1242 5552 Petrus
1289 5511 1418 5552 vero
1463 5514 1648 5570 supra.
1681 5517 1735 5556 a.
1767 5499 1858 5558 64'.

161 5509 352 5570 guntur
405 5503 457 5556 I.
521 5517 569 5556 υ.
637 5519 691 5559 a.
750 5503 843 5557 64.

161 5574 409 5632 adoiano
450 5574 502 5625 l.

307 5681 558 5736 Parnm.
593 5681 838 5737 CXLVII.

2009 5428 2361 5500 presentiamﬁ.
2443 5426 2728 5500 “’Ufugati
2801 5425 2875 5500 lL
2929 5426 3002 5500 “’_
3039 5425 3236 5500 Eadem
3272 5440 3434 5500 supra
3474 5424 3548 5478 Ic-

1975 5496 2034 5534 ¹¹³
2065 5500 2296 5571 Vespani
2334 5499 2379 5552 I.
2495 5497 2554 5528 ¹¹⁶
2584 5497 2732 5566 lege:
2766 5504 2821 5552 et
2850 5496 3164 5552 Domitiani.
3282 5497 3340 5528 ¹¹⁷
3373 5511 3545 5566 usque

3301 5675 3365 5728 21
