4000 6158
487 233 590 290 651

1901 232 2183 290 MARIANI
2221 231 2452 290 SCOTTI

3767 237 3871 294 652

485 362 845 420 sacramentis
881 375 1005 434 quae
1055 365 1323 434 geruntur
1369 360 1426 416 in
1472 360 1698 428 sanctis,
1740 365 1794 416 te
1833 373 1901 416 ex
1932 358 2128 416 ordine
2148 358 2448 421 AMinistrl
2485 358 2676 415 altaris
2713 357 3022 428 prespeteri
3081 358 3196 414 sive
3235 357 3458 416 diaconi
3487 361 3556 417 ad
3587 363 3869 422 Dominica

489 468 594 512 nos
623 453 784 510 decet
811 453 1123 509 instituere.
1156 451 1352 507 Tribus
1380 449 1525 506 enim
1556 449 1819 521 gradibus
1848 451 2138 506 commissa

489 550 621 602 sunt
648 549 987 600 sacramenta
1035 541 1344 597 divinorum
1382 546 1746 606 secretorum,
1782 539 1837 596 id
1870 546 1954 595 est
1985 554 2138 610 pres-

492 640 708 705 petero,
741 633 976 688 diacono
1023 636 1078 686 et
1123 629 1518 694 subministro;
1579 629 1636 683 hi
1693 643 1816 684 cum
1861 629 2057 684 timore
2083 634 2138 684 et

492 727 733 778 tremore
790 721 1052 790 reliquias
1082 719 1336 788 corporis
1391 718 1660 773 Dominici
1719 717 1924 773 debent
1953 725 2138 773 custo-

492 811 612 868 dire
662 810 1108 882 fragmentorum,
1149 821 1330 877 neque
1379 807 1615 876 putredo
1665 808 1719 862 in
1777 807 2042 874 sacrario,
2083 813 2138 862 et

493 915 674 972 neque
729 905 920 970 agatur
950 897 1314 967 negligenter,
1359 910 1460 953 nec
1509 897 1756 966 portioni
1801 897 2054 966 corporis
2083 902 2138 952 et

493 990 777 1060 sanguinis
807 987 1021 1042 Domini
1053 988 1232 1058 gravis
1266 985 1534 1041 inferatur
1563 987 1780 1055 injuria.
1814 987 2136 1043 Communio

492 1080 637 1135 enim
693 1078 901 1134 domini
968 1078 1144 1133 nostri
1211 1077 1340 1130 Jesu
1415 1075 1615 1130 Christi
1673 1076 1719 1130 si
1793 1075 2137 1146 negligenter

485 1174 698 1238 agatur,
731 1172 787 1222 et
811 1181 921 1223 non
961 1173 1118 1222 curat
1150 1165 1446 1222 admonere
1489 1163 1688 1232 ofﬁcia,
1722 1167 1870 1235 gravi
1901 1165 2132 1220 anathe-

486 1263 630 1313 mate
689 1257 1000 1326 perculsus,
1058 1270 1158 1325 pro
1217 1254 1429 1325 judicio
1505 1254 1669 1324 digna
1735 1253 2134 1310 humiliationis

487 1345 646 1416 plaga
699 1345 989 1401 feriantur.
1047 1347 1208 1400 Certe
1275 1350 1426 1398 tanta
1482 1342 1536 1397 in
1595 1343 1753 1398 altari
1811 1343 2132 1399 holocausta

487 1435 809 1502 offerantur,
863 1441 1065 1505 quanta
1108 1433 1314 1504 populo
1345 1431 1597 1488 sufﬁcere
1629 1433 1871 1500 debent;
1905 1432 2054 1502 quod
2084 1433 2131 1488 si

487 1525 872 1591 remanserint,
945 1524 1001 1578 in
1060 1523 1358 1578 crastinum
1423 1535 1534 1578 non
1610 1531 1983 1590 reserventur,
2032 1523 2129 1578 sed

485 1627 610 1669 cum
659 1614 853 1669 timore
893 1618 948 1668 et
1005 1618 1242 1668 tremore
1309 1611 1637 1667 clericorum
1711 1618 2123 1667 consumantur.

2221 449 2358 504 tales
2386 449 2661 519 eligantur
2709 446 2909 515 ofﬁcia,
2951 447 3048 518 qui
3077 453 3205 504 ante
3235 449 3641 507 ordinationem
3675 458 3869 524 conju-

2219 552 2316 609 ges
2354 553 2480 593 suas
2529 537 2896 607 reliquerunt.
2962 537 3118 604 Quod
3173 538 3219 593 si
3279 545 3404 609 post
3462 542 3866 600 ordinationem

2220 627 2472 682 ministro
2503 626 2799 696 contigerit
2858 627 3097 695 propriae
3138 626 3396 683 invadere
3437 630 3619 685 cubile
3663 634 3866 695 uxoris,

2223 716 2450 770 sacrarii
2492 729 2601 771 non
2648 716 2817 770 intret
2855 715 3063 780 limina,
3098 729 3199 770 nec
3238 718 3442 772 sacrari
3485 721 3728 787 portitor
3758 723 3865 789 ﬁat,

2220 819 2323 859 nec
2351 805 2522 860 altare
2569 805 2872 875 contingat,
2909 819 3012 860 nec
3060 806 3128 860 ab
3169 805 3528 862 offerentibus
3557 808 3867 868 holocausti

2221 894 2558 950 oblationem
2589 894 2873 964 suscipiat,
2916 908 3018 949 nec
3059 894 3124 950 ad
3157 896 3425 950 Dominici
3457 900 3715 966 corporis
3745 915 3868 969 por-

2219 985 2426 1039 tionem
2472 984 2754 1054 [accedat],
2814 998 3009 1054 aquam
3067 985 3415 1040 sacerdotum
3447 988 3702 1042 manibus
3734 1003 3864 1058 por-

2219 1075 2380 1144 rigat,
2458 1074 2653 1134 ostiam
2729 1072 3038 1129 forinsecus
3112 1073 3350 1140 claudat,
3429 1076 3640 1131 minora
3718 1088 3866 1147 gerat

2217 1162 2418 1230 ofﬁcia,
2453 1177 2676 1218 urceum
2723 1177 2854 1218 sane
2902 1163 2971 1217 ad
3005 1163 3178 1219 altare
3208 1165 3291 1219 vel
3323 1164 3550 1220 calicem
3581 1180 3696 1222 non
3737 1182 3867 1239 sug-

2215 1256 2387 1321 gerat.
2453 1251 2508 1306 Si
2565 1250 2706 1306 forte
2763 1252 3034 1321 quispiam
3095 1253 3370 1322 prespiter
3425 1256 3538 1309 sive
3597 1255 3865 1312 diaconus

2213 1341 2441 1396 sacrarii
2470 1340 2558 1396 vel
2596 1341 2776 1396 velum
2825 1341 3157 1409 vendiderit,
3191 1344 3406 1398 noverit
3443 1358 3501 1399 se
3530 1344 3688 1400 Iudae
3729 1348 3859 1401 Sca-

2213 1429 2412 1484 riothis
2452 1437 2836 1499 suscepturum
2885 1445 3100 1499 penam.
3145 1450 3172 1483 »
3206 1433 3270 1486 Et
3302 1439 3492 1501 postea
3531 1433 3606 1487 ita
3640 1435 3864 1490 conclu-

2215 1517 2296 1573 dit
2323 1518 2575 1573 Clemens
2609 1539 2620 1573 :
2658 1537 2685 1570 «
2719 1519 2815 1574 liis
2853 1533 2985 1590 ergo
3033 1519 3173 1575 bene
3204 1528 3392 1590 parete
3423 1521 3483 1552 ¹¹⁹
3520 1527 3816 1580 sententiis
3847 1547 3856 1580 :

2219 1622 2288 1663 ne
2337 1608 2462 1677 quis
2506 1609 2624 1663 haec
2671 1613 2931 1679 precepta
2977 1609 3198 1665 minime
3246 1611 3434 1666 credat
3464 1612 3768 1682 implenda,
3810 1623 3859 1670 et

484 1703 587 1770 Qui
633 1708 814 1758 autem
871 1701 1090 1758 residua
1147 1702 1399 1770 corporis
1455 1701 1743 1768 Dominici,
1786 1716 1909 1771 qua:
1948 1701 2004 1756 in
2037 1696 2404 1767 sa-Bjudicii
2461 1697 2558 1752 Dei
2616 1698 2760 1768 ignis
2815 1699 3009 1754 mterni
3084 1705 3357 1755 tormenta
3415 1702 3709 1767 sustineat,
3769 1708 3854 1775 qui

486 1789 669 1846 crario
744 1791 937 1847 relicta
1013 1795 1162 1857 sunt,
1231 1796 1582 1856 consumunt,
1650 1804 1762 1846 non
1819 1790 2002 1846 statim
2060 1792 2128 1847 ad

487 1896 808 1939 communes
855 1880 1210 1951 accipiendos
1239 1881 1394 1935 cibos
1424 1881 1772 1947 conveniant,
1806 1894 1907 1936 nec
1938 1887 2131 1950 putent

481 1976 690 2028 sanctae
722 1971 966 2042 portioni
1026 1971 1385 2026 commiscere
1414 1971 1618 2037 cibum,
1651 1971 1744 2039 qui
1786 1984 1886 2039 per
1914 1969 2132 2039 aquali-

481 2061 639 2118 culos
698 2061 944 2131 digestus
999 2061 1056 2115 in
1114 2073 1388 2115 secessum
1455 2057 1795 2114 defunditur.
1855 2060 1909 2114 Si
1962 2060 2130 2129 igitur

480 2164 639 2207 mane
687 2149 970 2206 Dominica
1029 2163 1155 2218 pars
1203 2149 1536 2218 porrigatur,
1588 2163 1762 2217 usque
1809 2147 1877 2202 ad
1919 2155 2126 2203 sextam

476 2241 732 2310 jejunent
797 2239 1056 2304 ministri,
1109 2237 1202 2306 qui
1253 2252 1371 2293 eam
1429 2237 1908 2306 consumpserint;
1969 2244 2025 2292 et
2081 2239 2128 2294 si

477 2328 644 2384 tertia
671 2327 756 2383 vel
805 2332 999 2397 quarta
1038 2327 1172 2382 hora
1202 2327 1538 2396 acceperint,
1566 2327 1817 2396 jejunent
1846 2341 2018 2395 usque
2058 2327 2125 2382 ad

478 2431 792 2488 vesperum.
851 2417 940 2472 Sic
1004 2422 1218 2472 secreta
1274 2415 1708 2471 sanctiﬁcatione
1770 2422 1978 2471 aeterna
2033 2431 2128 2471 cu-

480 2505 774 2562 stodienda
802 2511 932 2560 sunt
972 2511 1332 2560 sacramenta.
1367 2507 1442 2560 De
1471 2505 1644 2560 vassis
1671 2505 1844 2559 sacris
1882 2519 2014 2561 sane
2051 2505 2126 2560 ita

482 2595 786 2666 gerendum
816 2600 900 2650 est
932 2614 945 2649 :
977 2594 1179 2650 Altaris
1217 2593 1381 2664 palla,
1423 2594 1703 2660 cathedra,
1737 2594 2126 2651 candelabrum

482 2691 538 2740 et
567 2684 767 2752 velum,
809 2685 854 2738 si
885 2683 1090 2740 fuerint
1119 2691 1388 2740 vetustate
1442 2691 1787 2753 consumpta,
1819 2685 2125 2740 incenden-

480 2780 609 2841 tur;
643 2773 905 2844 quoniam
954 2786 1064 2829 non
1116 2772 1248 2828 licet
1287 2787 1349 2828 ea
1389 2788 1512 2843 quat
1545 2773 1600 2828 in
1631 2775 1875 2829 sacrario
1906 2773 2128 2828 fuerunt

480 2862 622 2918 male
689 2864 950 2930 tractari;
1010 2863 1107 2918 sed
1173 2862 1558 2918 incendentur.
1612 2864 1838 2918 Cineres
1903 2877 2125 2932 quoque

481 2965 674 3007 eorum
708 2952 765 3006 in
799 2951 1123 3006 babtisterio
1155 2949 1479 3018 inferantur,
1518 2951 1610 3005 ubi
1652 2951 1836 3006 nullus
1862 2953 2126 3007 transitus

2212 1787 2559 1843 ecclesiastici
2590 1789 2776 1857 operis
2813 1803 2969 1844 sacra
2999 1789 3323 1860 neglexerit.
3356 1792 3485 1847 Haec
3515 1806 3672 1863 ergo,
3695 1793 3855 1850 frater

2209 1877 2434 1943 Jacobe,
2470 1876 2538 1932 de
2585 1890 2682 1932 ore
2729 1878 2906 1933 sancti
2941 1880 3086 1934 Petri
3121 1880 3368 1949 jubentis
3397 1882 3600 1936 audivi.
3644 1885 3700 1938 Si
3740 1885 3854 1954 quis

2211 1965 2331 2021 haec
2363 1971 2624 2035 precepta
2663 1979 2772 2022 non
2818 1968 3031 2038 integra
3079 1969 3426 2037 custodierit,
3469 1971 3542 2025 sit
3569 1973 3851 2028 anathema

2212 2070 2385 2125 usque
2415 2057 2483 2111 ad
2513 2056 2805 2112 adventum
2844 2057 3053 2113 domini
3093 2059 3267 2114 nostri
3294 2060 3422 2115 Jesu
3460 2061 3686 2117 Christi.
3730 2064 3851 2118 H1196

2211 2153 2472 2215 precepta
2512 2161 2542 2202 a
2595 2154 2787 2203 sancto
2846 2149 3008 2204 Petro
3068 2150 3320 2218 apostolo
3377 2151 3590 2220 accepi,
3633 2158 3688 2206 et
3735 2152 3849 2217 tibi,

2210 2235 2491 2291 karissime
2551 2234 2720 2291 frater
2773 2237 2996 2303 Jacobe,
3051 2238 3333 2294 insinuare
3391 2241 3597 2305 curavi,
3656 2247 3714 2294 ut
3745 2254 3852 2294 ser-

2208 2325 2321 2380 vari
2353 2325 2534 2380 omnia
2587 2325 2862 2395 precipias
2907 2327 3025 2381 sine
3078 2327 3307 2384 macula.
3358 2329 3412 2384 Si
3464 2330 3589 2399 quis
3623 2329 3851 2384 audierit

2209 2419 2284 2480 te,
2335 2414 2487 2469 utilis
2534 2415 2785 2470 minister
2823 2417 2929 2471 erit
2961 2419 3089 2471 Jesu
3119 2417 3342 2474 Christi.
3383 2419 3484 2485 Qui
3525 2426 3708 2474 autem
3746 2433 3846 2474 non

2208 2502 2446 2558 audierit
2475 2509 2548 2572 te,
2602 2497 2768 2561 im'mo
2816 2505 3132 2575 loquentem
3183 2508 3469 2563 Dominum
3501 2523 3600 2578 per
3631 2515 3707 2575 te,
3741 2509 3844 2578 ipse

2208 2592 2314 2647 sibi
2345 2592 2750 2649 damnationem
2790 2595 3050 2664 adquirit.
3083 2597 3443 2664 Omnipotens
3471 2598 3636 2664 Deus,
3689 2597 3846 2652 karis-

2209 2681 2344 2737 sime
2380 2680 2568 2749 frater,
2619 2688 2800 2738 suate
2833 2685 3179 2752 protectione
3227 2686 3522 2752 custodiat,
3573 2694 3741 2757 atque
3784 2687 3843 2741 ad

2209 2769 2430 2824 celestis
2468 2773 2966 2827 remunerationem
3015 2775 3208 2842 patriae
3249 2789 3369 2830 cum
3421 2776 3715 2846 multiplici
3743 2778 3848 2831 ani-

2208 2871 2416 2913 marum
2464 2858 2646 2914 fructu
2695 2861 2981 2929 perducat.
3033 2863 3177 2918 Deus
3207 2870 3262 2918 te
3308 2864 3508 2920 iterum
3544 2866 3847 2936 iterumque

2205 2947 2532 3004 incolomem
2564 2951 2858 3018 custodiat,
2895 2953 3333 3009 reverentissime
3365 2954 3552 3009 frater.
3584 2961 3777 3011 Amen.
3823 2977 3842 3004 ε

480 3038 770 3107 habeatur,
802 3047 897 3095 aut
947 3040 1004 3094 in
1036 3039 1244 3108 pariete
1288 3040 1372 3094 vel
1403 3040 1459 3094 in
1490 3038 1653 3095 fossis
1691 3043 2125 3110 pavimentorum
2145 3049 2186 3108 α
2206 3036 2324 3092 Alia
2355 3038 2649 3094 decretalis
2697 3040 2928 3110 epistola
2988 3042 3284 3098 Clementis
3324 3045 3553 3099 Romani
3584 3045 3847 3114 episcopi,

471 3129 773 3198 jactentur,
851 3142 920 3184 ne
994 3129 1390 3186 introeuntium
1454 3129 1688 3199 pedibus
1743 3132 2121 3201 inquinentur.

479 3218 652 3273 Nemo
684 3232 783 3288 per
828 3218 1192 3288 ignorantiam
1240 3218 1476 3274 clericus
1524 3220 1668 3289 palla
1700 3227 1974 3276 mortuum
2007 3237 2126 3277 cre-

479 3307 575 3364 dat
629 3306 1052 3374 obvolvendum,
1102 3307 1186 3363 vel
1236 3307 1490 3378 scapulas
1545 3311 1800 3379 operiere
1857 3311 2126 3367 diaconus

480 3397 632 3465 velit,
681 3396 749 3452 de
798 3397 885 3452 his
923 3411 1047 3467 quae
1111 3395 1313 3452 fuerint
1362 3399 1416 3452 in
1451 3398 1644 3454 altare.
1684 3399 1785 3467 Qui
1817 3398 2011 3455 fecerit
2039 3400 2123 3456 vel

477 3485 692 3553 leviter,
751 3486 798 3540 si
858 3485 1144 3552 diaconus,
1207 3486 1448 3542 triennio
1507 3492 1562 3542 et
1622 3501 1718 3542 sex
1774 3489 2057 3544 mensibus
2094 3503 2125 3544 a

473 3575 762 3631 Dominico
811 3575 916 3630 erit
954 3575 1134 3643 altari,
1193 3576 1341 3645 gravi
1402 3590 1698 3646 percussus
1753 3578 2120 3645 anathemate,

475 3663 862 3720 removendus.
895 3664 1050 3732 Quod
1101 3663 1148 3719 si
1179 3665 1414 3719 clericos
1481 3667 1757 3735 prespiter
1795 3680 1902 3722 non
1935 3667 2124 3723 admo-

474 3752 680 3816 nuerit,
724 3749 789 3802 10
835 3750 996 3804 annis
1025 3755 1081 3804 et
1109 3749 1144 3802 5
1185 3751 1466 3805 mensibus
1494 3753 1999 3807 excommunicatus
2028 3753 2118 3807 sit.

473 3841 576 3907 Qui
607 3852 717 3894 non
765 3837 955 3892 docuit
997 3851 1094 3892 eos
1150 3837 1218 3892 de
1277 3839 1382 3904 his,
1435 3845 1490 3894 et
1544 3847 1735 3908 postea
1774 3856 1896 3896 cum
1927 3841 2122 3911 grandi

478 3927 788 3984 humilitate
841 3927 1001 3980 matri
1046 3927 1438 3982 reconcilietur
1467 3929 1752 3984 aecclesiaz.
1787 3929 1964 3984 Pallas
1991 3944 2121 3986 vero

479 4022 535 4072 et
578 4015 698 4072 vela
749 4015 1080 4071 sanctauarii
1130 4015 1190 4046 ¹¹⁸
1237 4016 1457 4072 diaconi
1488 4031 1611 4072 cum
1642 4018 1939 4074 humilibus
1969 4020 2124 4074 mini-

478 4105 610 4162 stris
656 4105 800 4160 intra
846 4104 1146 4160 sacrarium
1195 4103 1395 4173 lavent,
1446 4120 1512 4161 ne
1561 4105 1703 4162 forte
1730 4107 1906 4176 pulvis
1941 4109 2124 4164 Domi-

479 4196 590 4252 nici
643 4195 899 4265 corporis
944 4193 1090 4250 foras
1142 4201 1294 4251 extra
1343 4197 1641 4252 sacrarium
1691 4198 1829 4254 male
1879 4199 2118 4266 decidat,

477 4286 712 4343 sindone
742 4285 877 4342 foris
920 4285 1120 4353 delata,
1155 4292 1211 4341 et
1239 4285 1346 4342 erit
1372 4287 1480 4342 hoc
1519 4288 1768 4357 Operanti
1800 4296 2117 4360 peccatum;

2207 3129 2547 3182 successoris
2585 3129 2730 3183 Petri
2783 3129 2972 3200 (epist.
3006 3130 3060 3197 3,
3095 3131 3194 3198 ib.,
3248 3146 3302 3200 p.
3352 3132 3491 3201 53):
3538 3151 3566 3183 «
3606 3135 3849 3188 Clemens

2207 3216 2361 3271 urbis
2390 3219 2580 3273 Roma:
2646 3219 2962 3288 episcopus,
3001 3241 3024 3268 »
3060 3228 3115 3275 et
3162 3220 3394 3290 reliqua.
3437 3223 3501 3276 Et
3555 3222 3700 3278 infra
3729 3225 3844 3278 sic:

2210 3323 2239 3355 «
2276 3306 2352 3360 De
2383 3307 2582 3375 quibus
2611 3313 2665 3362 et
2695 3309 2890 3363 beatus
2945 3310 3160 3376 Petrus,
3227 3311 3532 3365 instructor
3583 3319 3640 3366 et
3701 3312 3846 3368 ordi-

2207 3401 2368 3449 nator
2419 3402 2629 3450 noster.
2672 3415 2700 3447 »
2743 3399 2808 3452 Et
2846 3397 3010 3466 paulo
3067 3404 3192 3467 post
3234 3418 3246 3452 :
3293 3419 3318 3447 α
3362 3401 3490 3454 Ilaec
3537 3401 3776 3470 apostoli
3818 3415 3844 3456 a

2207 3483 2437 3539 Domino
2468 3493 2801 3554 acceperunt
2849 3494 2904 3541 et
2950 3487 3113 3542 nobis
3171 3487 3536 3544 tradiderunt.
3590 3492 3723 3546 Haec
3755 3505 3842 3546 nos

2207 3573 2488 3640 docemus,
2531 3575 2797 3646 vobisque
2864 3576 2985 3632 haec
3015 3577 3271 3632 omnibus
3307 3579 3516 3648 absque
3555 3583 3842 3651 reprehen-

2205 3663 2361 3717 sione
2393 3669 2581 3719 tenere
2628 3670 2683 3718 et
2721 3665 2945 3732 docere,
2999 3667 3200 3735 quibus
3247 3667 3518 3737 agendum
3551 3678 3658 3736 est,
3708 3684 3842 3725 man-

2205 3752 2416 3808 damus.
2460 3772 2487 3804 »
2539 3755 2603 3808 Et
2660 3760 2785 3823 post
2829 3774 2840 3809 :
2887 3773 2916 3806 ‹‹
2956 3756 3219 3811 Dominus
3275 3764 3466 3813 noster
3499 3761 3664 3815 Jesus
3701 3763 3840 3817 Chri-

2205 3846 2323 3897 stus
2362 3842 2583 3897 mittens
2621 3841 2924 3912 discipulos
2944 3858 3093 3911 suos,
3119 3847 3572 3916 precepitnobis,
3616 3851 3674 3905 in
3714 3867 3839 3922 qua-

2205 3945 2438 4001 cumque
2495 3933 2714 3987 civitate
2774 3933 3129 4002 intraveritis,
3190 3935 3357 3992 dicite
3417 3958 3429 3992 :
3489 3957 3516 3988 (ι
3559 3940 3671 3995 Pax
3728 3942 3837 3996 huic

2205 4019 2414 4089 domui,
2441 4041 2468 4072 »
2493 4027 2546 4077 et
2563 4023 2792 4092 reliqua.
2817 4024 2935 4078 Alia
2956 4024 3188 4093 epistola
3214 4047 3226 4080 :
3253 4045 3280 4076 «
3321 4027 3573 4083 Clemens
3592 4030 3839 4086 Romanae

2204 4111 2359 4165 urbis
2423 4112 2718 4182 episc0pus
2775 4112 3077 4168 karissimis
3131 4112 3394 4172 fratribus
3449 4119 3594 4175 Julio
3657 4128 3711 4177 et
3760 4123 3842 4175 Ju-

2203 4199 2374 4266 liano,
2403 4219 2431 4250 »
2457 4208 2509 4255 et
2533 4201 2764 4271 reliqua.
2788 4202 2906 4256 Alia
2927 4203 3163 4273 epistola
3195 4205 3372 4276 (epist.
3404 4206 3460 4274 5,
3484 4209 3586 4276 ib.,
3632 4226 3688 4280 p.
3711 4210 3801 4280 61)
3826 4231 3836 4265 :

2204 4289 2656 4345 «Dilectissimis
2711 4290 2974 4347 fratribus
3031 4299 3086 4348 et
3147 4296 3546 4367 condiscipulis
3593 4301 3841 4356 I-iieruso-

475 4377 604 4434 ideo
634 4378 690 4432 in
720 4375 964 4432 sacrario
1002 4376 1268 4432 ministris
1298 4377 1634 4447 precipimus
1663 4393 1786 4434 cum
1817 4380 1965 4435 omni
1995 4378 2384 4446 dili-Dlomis,
2427 4395 2548 4434 cum
2598 4380 2882 4437 karissimo
2942 4380 3110 4439 fratre
3147 4385 3353 4442 Jacobo
3394 4389 3663 4459 episc0po
3702 4390 3840 4445 habi-

473 4467 660 4539 gentia
716 4465 1019 4522 custodire.
1100 4466 1278 4522 Pelvis
1334 4480 1493 4534 nova,
1557 4468 1778 4536 munda,
1839 4471 1927 4525 cui
1985 4469 2123 4524 nihil

475 4556 625 4612 aliud
656 4561 846 4627 tangat
874 4555 942 4611 ad
988 4555 1260 4611 Dominici
1308 4556 1498 4611 altaris
1531 4557 1796 4628 [cultum],
1829 4559 1922 4614 ubi
1961 4558 2122 4628 pallae

474 4644 747 4701 laventur.
788 4644 917 4700 Vela
947 4651 1128 4700 autem
1159 4658 1270 4701 non
1319 4646 1458 4715 ipsa,
1497 4646 1594 4701 sed
1626 4649 1682 4702 in
1713 4647 1820 4702 alia
1850 4647 2118 4703 laventur.

475 4735 816 4805 Precipimus
872 4733 1056 4800 etiam,
1097 4747 1166 4789 ne
1217 4739 1371 4790 extra
1409 4735 1682 4791 mclesiam
1719 4737 1832 4792 sive
1871 4737 2013 4793 laico
2052 4737 2120 4793 de

473 4822 796 4896 fragmentis
841 4822 1180 4878 oblationum
1253 4830 1490 4893 ponatur
1547 4825 1614 4880 ad
1671 4839 1931 4880 mensam.
1967 4827 2120 4882 Unde

475 4913 585 4969 scis
614 4920 694 4981 tu,
727 4913 823 4982 qui
856 4912 1055 4982 passim
1095 4913 1321 4968 sacrarii
1361 4927 1528 4981 panes
1549 4912 1790 4984 indignis
1828 4915 2121 4983 impendis,

472 5002 620 5059 unde
667 5002 834 5067 nosti,
893 5001 938 5055 si
989 5015 1017 5055 a
1068 4999 1394 5056 mulieribus
1441 5001 1629 5056 mundi
1679 5009 1806 5057 sunt
1837 5003 1892 5057 hi
1922 5004 2124 5072 quibus

473 5091 794 5162 impendis?
821 5090 960 5146 Hinc
991 5095 1047 5145 et
1067 5091 1255 5155 David,
1295 5091 1667 5164 interrogatus
1704 5092 1772 5146 ab
1800 5092 2118 5148 Abimelech

471 5183 782 5248 sacerdote,
842 5195 966 5236 cum
1013 5194 1073 5236 se
1123 5180 1384 5235 mundum
1439 5187 1566 5235 ante
1607 5180 1851 5236 triduum
1892 5183 2120 5252 proﬁte-

473 5276 625 5328 retur
662 5285 694 5328 a
731 5270 983 5339 muliere,
1035 5284 1204 5339 panes
1262 5271 1690 5340 propossitionis
1745 5272 2112 5332 manducavit.

2205 4469 2471 4537 tantibus,
2495 4469 2747 4526 Clemens
2777 4472 3093 4542 episcopus,
3137 4492 3164 4524 »
3206 4480 3262 4529 et
3293 4475 3526 4546 reliqua.
3566 4480 3696 4535 llaec
3716 4479 3838 4535 dixit

2204 4563 2428 4612 sanctus
2465 4559 2735 4616 Clemens.
2805 4591 2877 4602 --
2933 4563 3164 4618 Sanctus
3221 4578 3353 4634 ergo
3421 4567 3679 4624 Clemens
3744 4582 3839 4625 non

2204 4651 2414 4701 tantum
2469 4663 2760 4705 successor
2815 4650 2962 4705 beati
3014 4652 3162 4706 Petri
3228 4651 3350 4720 fuit,
3412 4655 3509 4710 sed
3561 4659 3727 4713 etiam
3771 4659 3841 4712 vi-

2203 4743 2362 4792 vente
2399 4738 2625 4804 Jacobo,
2689 4752 2882 4794 novem
2941 4741 3100 4795 anuis
3155 4749 3281 4796 ante
3330 4745 3644 4812 passionem
3687 4747 3838 4810 Petri,

2202 4827 2500 4882 Romanam
2567 4828 2883 4884 cathedram
2950 4830 3146 4896 tenuit,
3211 4833 3365 4900 juxta
3412 4836 3742 4904 scripturam
3797 4842 3841 4891 et

2208 4915 2408 4972 deinde
2443 4925 2567 4988 post
2605 4919 2822 4973 Petrum
2853 4917 2943 4984 21,
2977 4918 3030 4973 id
3064 4927 3146 4974 est
3184 4919 3246 4972 l2
3276 4936 3397 4976 cum
3428 4923 3585 4979 Clcto
3620 4925 3700 4980 vel
3731 4938 3838 4980 cum

2205 5006 2361 5061 Liuio
2412 4998 2465 5061 et
2513 5007 2686 5073 Cleto,
2731 5015 2785 5062 ct
2823 5007 2857 5059 9
2885 5021 3059 5063 annos
3099 5015 3222 5078 post
3262 5024 3378 5076 eos,
3415 5026 3588 5082 usque
3630 5014 3755 5069 dum
3795 5015 3838 5068 in

2204 5095 2426 5150 exilium
2475 5097 2674 5150 missus
2722 5102 2824 5152 est.
2876 5097 2931 5152 Si
2983 5107 3206 5153 sanctus
3243 5099 3496 5155 Clemens
3546 5116 3688 5172 papa
3752 5101 3837 5156 fuit

2202 5189 2354 5250 tunc,
2415 5185 2638 5254 quando
2695 5186 3029 5242 decretalem
3094 5188 3254 5243 istam
3311 5190 3600 5259 epistolam
3659 5197 3836 5246 sancto

2195 5275 2403 5331 Jacobo
2448 5275 2800 5346 conscripsit.
2839 5276 3057 5334 Nullius
3103 5285 3286 5335 autem
3315 5278 3518 5350 legitur
3555 5279 3834 5338 decretalis

1825 5415 2050 5472 νΑΗυΕ
2105 5414 2489 5472 LECTIONES.

547 5529 610 5565 ¹¹⁸
634 5533 713 5589 ita
746 5533 796 5588 l.
873 5531 936 5564 “’
973 5529 1164 5602 parate
1201 5533 1268 5588 l?
