4000 6158
171 309 264 367 ῶ3

1418 308 1822 366 CHRONICON.
1862 321 1934 349 —'
1971 308 2096 364 LIB.
2138 307 2231 364 111.

169 433 377 507 epistola
423 433 556 490 nissi
615 447 790 504 papa.
848 432 948 501 Qui
995 433 1124 488 anni
1180 445 1372 489 novem
1439 433 1558 503 ejus
1596 435 1852 504 impu-A

3399 319 3508 375 654

1941 433 2150 504 (ans.)
2183 435 2528 490 Romanorum
2564 433 2617 490 8.
2657 435 2870 504 Lucius,
2920 437 3009 508 qui
3054 443 3102 494 et
3150 440 3302 510 Otho,
3337 444 3510 501 Galba

169 532 350 591 tantur,
398 523 554 594 quasi
614 529 737 592 post
773 521 988 580 Cletum
1043 528 1249 578 tantum
1301 522 1434 592 ipsis
1475 522 1610 578 solis
1647 523 1782 578 cba-
1865 527 1915 577 et
1951 523 2168 577 Pissone
2197 524 2372 578 Romae
2408 521 2709 593 interfectis,
2751 523 2896 580 inter
2941 526 3206 583 tumultus
3237 531 3510 604 cedesque

168 615 392 672 tbedram
439 618 673 678 teneret,
743 617 798 668 et
862 613 1286 682 pretermittitur
1328 611 1589 668 Ancletus
1645 627 1784 683 papa
1866 611 2090 665 intravit
2145 611 2457 682 imperium.
2511 611 2597 682 (Η.
2655 612 2821 682 Rom.)
2879 615 2977 670 llic
3026 623 3198 672 matre
3250 626 3365 675 erat
3418 634 3514 676 no-

165 703 438 769 secundus,
491 709 617 772 post
668 703 886 758 Petrum
935 702 1124 758 decem
1177 702 1335 757 annis
1386 701 1606 766 sedens,
1657 703 1785 772 quia
1868 699 2036 754 bilior
2063 713 2223 768 quam
2276 707 2450 769 patre,
2508 709 2708 757 neutro
2764 707 2944 759 tamen
2983 705 3262 773 obscuro;
3307 709 3362 762 in
3403 710 3515 779 pri-

168 807 263 850 non
313 799 541 863 possunt
585 791 688 848 sub
727 791 950 862 regibus
976 791 1266 860 subputari
1296 804 1468 860 usque
1497 790 1565 845 ad
1595 791 1785 860 Traja-
1867 793 1987 843 vata
2041 789 2149 844 vita
2207 789 2388 844 mollis
2443 796 2498 845 et
2553 791 2786 846 Neronis
2825 790 3124 861 familiaris,
3176 796 3231 851 in
3281 797 3512 867 imperio

165 897 277 940 num
321 883 705 952 imperatorem
763 895 919 950 papa
968 886 1224 950 quatuor.
1277 881 1515 936 Jacobus
1544 880 1688 936 enim
1729 881 1784 934 in

162 985 292 1028 anno
320 969 602 1041 trigesimo
647 976 772 1040 post
801 969 1133 1039 passionem,
1165 976 1220 1026 et
1249 970 1442 1025 Petrus
1471 968 1562 1036 39,
1596 984 1790 1039 passus

161 1062 241 1117 sit.
271 1061 532 1130 Trajanus
579 1058 740 1115 etiam
788 1058 843 1113 in
893 1072 1036 1114 anno
1066 1057 1156 1126 70,
1200 1064 1324 1128 post
1357 1059 1664 1129 passionem
1694 1073 1788 1114 re-

159 1163 312 1221 gna-re
361 1149 536 1218 cepit.
593 1148 703 1204 Sub
751 1161 861 1218 quo
913 1162 1106 1217 passus
1153 1155 1235 1203 est
1264 1153 1486 1204 sanctus
1515 1149 1785 1204 Clemens.

158 1237 360 1294 Nullum
433 1243 617 1293 autem
691 1237 844 1308 gravi
900 1236 1243 1292 anathemate
1316 1237 1607 1293 sententia
1665 1252 1785 1306 per-

156 1327 406 1384 cussisset
464 1332 688 1382 sanctus
737 1327 1007 1394 Clemens,
1039 1340 1143 1382 nec
1172 1327 1474 1397 episcopali
1515 1332 1786 1398 potestate

155 1417 293 1473 sedis
320 1415 645 1486 apostolica
675 1415 949 1472 dicendo:
987 1434 1014 1468 ‹‹
1045 1416 1126 1471 Sit
1154 1416 1463 1471 anathema.
1497 1437 1521 1465 ιι

220 1506 383 1562 Linus
409 1519 481 1561 ex
509 1511 772 1576 precepto
802 1505 948 1561 beati
995 1505 1140 1560 Petri
1180 1505 1428 1575 precepit
1459 1507 1548 1572 (Η.
1581 1504 1789 1575 Pent),

157 1607 222 1651 ne
273 1596 474 1651 mulier
519 1594 756 1650 invelato
805 1595 984 1664 capite
1060 1593 1331 1650 aclesiam
1380 1594 1568 1650 intret.
1628 1596 1794 1664 Cujus

155 1683 346 1740 Paulus
375 1685 434 1740 in
484 1684 718 1756 epistola
746 1684 814 1740 ad
861 1683 1242 1740 Thimotheum
1301 1684 1549 1739 meminit
1591 1683 1790 1754 (Anon.

1871 877 2259 933 documentum
2318 879 2402 933 sui
2454 893 2564 934 non
2614 882 2794 950 potuit
2852 884 3165 941 ostendere.
3218 887 3346 942 Nam
3388 902 3511 943 cum

1870 967 2010 1022 Otho
2049 967 2268 1022 Galbam
2309 968 2534 1035 occidit,
2603 983 2632 1024 a
2687 973 2968 1028 Germanis
3023 975 3273 1032 Vitellius
3337 975 3511 1034 factus

1872 1062 1955 1110 est
1984 1055 2300 1125 imperator.
2337 1055 2556 1127 (Osos)
2585 1058 2726 1114 Otho
2775 1074 2906 1132 ergo
2935 1077 3055 1118 cum
3098 1078 3224 1120 mox
3270 1072 3511 1122 creatum

1874 1145 2258 1215 imperatorem
2336 1145 2392 1200 in
2457 1146 2627 1201 Gallia
2685 1162 2785 1217 per
2855 1152 3204 1209 Germanicas
3269 1155 3514 1227 legiones

1875 1234 2149 1290 Vitellium
2216 1235 2596 1304 comperisset,
2646 1237 2848 1293 bellum
2906 1241 3064 1297 civile
3132 1245 3354 1301 molitus
3411 1254 3512 1302 est.

1876 1325 2007 1380 Cum
2048 1328 2228 1380 autem
2275 1325 2452 1379 tribus
2500 1326 2733 1394 primum
2783 1327 2993 1384 levibus
3024 1333 3232 1400 preliis,
3283 1334 3390 1390 hoc
3437 1343 3518 1391 est

1875 1427 1985 1468 uno
2042 1413 2188 1484 apud
2235 1413 2419 1482 Alpes,
2469 1414 2578 1469 alio
2626 1415 2772 1470 circa
2818 1417 3114 1487 Placentia,
3160 1423 3324 1479 tertio
3373 1424 3519 1479 circa

1876 1500 2056 1556 locum
2105 1515 2265 1571 quem
2322 1503 2564 1559 Castoris
2615 1510 2833 1570 vocant,
2893 1513 3084 1564 contra
3136 1511 3416 1568 Valentem
3464 1521 3518 1569 et

1874 1592 2046 1646 Cinna
2095 1591 2414 1647 Vitellianos
2461 1591 2632 1648 duces
2683 1607 3012 1665 congressus
3060 1599 3238 1655 victor
3265 1603 3517 1658 exstetis—

1875 1685 1961 1735 set
2017 1681 2148 1743 (Jos.
2181 1683 2258 1734 De
2294 1679 2426 1735 bello
2463 1681 2586 1737 Jud.
2619 1697 2674 1748 v,
2707 1683 2760 1749 8,
2794 1685 2865 1738 II.
2897 1685 3076 1757 Rom.)
3130 1695 3326 1757 quarto
3371 1692 3515 1760 apud

153 1773 374 1846 Mart);
427 1774 523 1844 qui
576 1775 740 1830 etiam
778 1773 1025 1830 martirio
1071 1773 1126 1828 6.
1177 1773 1296 1829 Kal.
1328 1773 1644 1829 Decembris
1698 1768 2180 1832 co-BBetriacum
2221 1768 2452 1838 preleio,
2494 1784 2617 1824 cum
2664 1771 2990 1828 advertisset
3025 1789 3156 1831 suos
3194 1777 3358 1845 vinci,
3395 1793 3516 1834 cum

151 1869 376 1919 rouatur
435 1865 526 1935 (II
576 1864 711 1921 Tim.
769 1879 846 1930 IV,
892 1862 1012 1934 21).
1064 1864 1250 1918 Roma
1289 1863 1433 1932 passi
1474 1863 1792 1925 Processus,

151 1952 523 2017 Martinianus,
557 1956 611 2008 et
638 1950 710 2004 47
758 1951 851 2022 qui
890 1951 1147 2006 babtizati
1195 1957 1323 2006 sunt
1352 1964 1382 2005 a
1413 1951 1575 2006 beato
1606 1952 1791 2014 Petro,

149 2049 199 2097 et
253 2041 310 2096 in
367 2042 624 2098 custodia
679 2041 987 2096 Mamertini
1043 2039 1294 2105 retrussi,
1353 2040 1581 2109 Torpes,
1649 2041 1794 2094 Mar-

148 2130 338 2198 cellus,
382 2130 684 2201 Apuleius;
744 2131 800 2186 in
840 2130 1168 2186 Alexandria
1214 2131 1425 2185 Marcus
1463 2128 1796 2198 evangelista

145 2224 338 2275 octavo
389 2233 535 2276 anno
572 2219 844 2287 Neronis;
900 2217 1223 2274 Mediolanis
1267 2221 1525 2282 Nazarns,
1565 2217 1793 2285 Celsus;

141 2307 284 2376 apud
345 2308 638 2364 Maceriam
702 2307 1004 2376 Aquileiam
1061 2309 1423 2379 Hermagoras
1478 2307 1794 2377 epsicopus,

140 2395 486 2451 Fortunatus
514 2397 801 2460 diaconus,
833 2409 956 2451 cum
985 2396 1324 2450 Constantia.

199 2485 452 2541 Orosius
498 2483 772 2553 prespiter
815 2483 896 2538 sic
955 2482 1080 2553 (v11,
1129 2482 1224 2553 7):
1289 2501 1317 2533 «
1356 2487 1424 2538 At
1469 2498 1599 2539 vero
1630 2486 1796 2548 Nero,

128 2578 448 2644 postquam
476 2571 696 2627 Galbam
740 2571 795 2625 in
828 2571 1089 2640 Hispania
1136 2571 1525 2640 imperatorem
1556 2579 1798 2627 creatum

127 2662 196 2717 ab
229 2660 499 2716 exercitu
529 2659 806 2729 cognovit,
847 2665 997 2714 totus
1025 2658 1208 2714 animo
1239 2673 1302 2713 ac
1331 2672 1428 2728 spe
1461 2658 1704 2715 concidit
1730 2679 1744 2725 ;
1770 2677 1798 2710 »

131 2749 423 2820 siquidem
472 2748 635 2803 Petro
673 2748 728 2802 in
795 2747 932 2802 urbe
989 2748 1158 2802 Roma
1206 2746 1496 2802 interfecto
1547 2756 1600 2803 et
1646 2747 1803 2803 Chri-

131 2838 332 2894 stianis
376 2849 645 2907 penarum
674 2834 993 2891 diversitate
1014 2835 1250 2902 laniatis,
1285 2836 1352 2892 de
1380 2836 1640 2905 Hispania
1670 2836 1800 2892 ilico

133 2924 305 2980 Galba
355 2923 625 2978 surrexit.
676 2921 867 2992 (Onos.
926 2921 1113 2992 lima.)
1174 2924 1418 2992 Cumque
1467 2923 1596 2977 inde
1653 2923 1798 2977 Nero

136 3011 502 3069 incredibilia
549 3011 962 3082 perturbanda,
1021 3012 1190 3067 immo
1270 3011 1798 3082 iguominiosissime

1880 1859 2129 1928 ingentes
2157 1864 2337 1913 tamen
2387 1859 2575 1928 copias
2621 1859 2871 1922 haberet,
2915 1868 2970 1917 et
3015 1866 3333 1933 petentibus
3371 1867 3520 1923 mili-

1877 1947 2025 2002 tibus
2056 1960 2123 2002 ne
2156 1953 2262 2002 tam
2294 1947 2405 2003 cito
2435 1947 2503 2003 de
2535 1955 2731 2003 eventu
2763 1950 2894 2006 belli
2927 1951 3253 2022 disperaset,
3294 1956 3433 2012 dixit
3464 1973 3523 2014 se

1878 2035 2014 2090 tanti
2063 2049 2174 2090 non
2205 2050 2346 2102 esse,
2398 2042 2459 2091 ut
2488 2044 2716 2106 propter
2766 2053 2888 2094 eum
2919 2040 3120 2096 bellum
3152 2043 3310 2099 civile
3341 2047 3522 2102 orire-

1879 2128 1987 2180 tur.
2028 2125 2186 2180 Anno
2232 2123 2323 2178 38.
2376 2126 2575 2192 atatis,
2624 2126 2840 2196 imperii
2890 2135 3070 2185 autem
3103 2131 3192 2187 die
3231 2132 3321 2200 90,
3363 2150 3523 2205 quam

1878 2215 2151 2282 imperare
2199 2218 2442 2283 ceperat,
2493 2228 2614 2270 sese
2662 2215 2969 2285 interfecit;
3004 2218 3110 2274 hoc
3151 2226 3234 2274 est
3265 2237 3436 2292 usque
3469 2224 3523 2278 in

1880 2315 2067 2357 mense
2095 2301 2409 2369 Octobrem,
2467 2302 2524 2357 in
2572 2303 2765 2358 eodem
2813 2319 2957 2362 anno
2998 2321 3107 2376 quo
3136 2309 3301 2364 Galba
3341 2312 3524 2367 occis-

1879 2405 1974 2446 sus
2001 2391 2092 2446 sit.
2115 2392 2213 2446 Cui
2243 2391 2511 2447 successit
2541 2392 2812 2448 Vitellius.

1955 2482 2302 2537 Romanorum
2351 2496 2519 2536 nonus
2572 2496 2674 2536 rea:
2719 2482 2956 2538 Vitellius
2998 2489 3236 2554 regnavit
3272 2488 3528 2545 mensibus

1880 2568 1936 2635 8,
1968 2568 2151 2623 diebus
2207 2569 2261 2638 8,
2312 2583 2488 2640 usque
2527 2572 2813 2628 octobrem
2855 2587 3121 2644 mensem,
3172 2576 3227 2632 in
3259 2589 3403 2633 anno
3434 2576 3525 2632 40.

1883 2662 2008 2727 post
2037 2657 2369 2726 passionem.

1952 2743 2048 2798 '74.
2118 2745 2164 2797 1.
2230 2744 2336 2815 [L11]
2385 2746 2588 2818 (illum)
2650 2750 3000 2820 Vespasianus
3053 2752 3113 2809 2.
3181 2759 3230 2808 et
3281 2754 3426 2808 Titus
3470 2753 3525 2810 2.

1884 2833 1981 2887 His
2012 2833 2351 2901 consulibus,
2401 2835 2730 2893 Cassiodoro
2769 2844 2930 2906 teste,
2964 2841 3328 2910 Vespasianus
3383 2842 3528 2911 apud

1879 2921 2106 2977 Judeam
2145 2923 2213 2977 ab
2244 2923 2488 2978 exercitu
2518 2925 2818 2995 imperator
2845 2929 3114 2997 apellatus
3157 2937 3258 2986 est.
3311 2931 3523 3002 «'Ouos.)

1881 3009 2153 3074 Vitellius,
2201 3012 2421 3066 occisso
2452 3012 2687 3079 Othone,
2724 3016 2932 3083 potitus
2968 3017 3224 3088 imperio,
3259 3034 3381 3074 cum
3413 3021 3528 3075 suis

136 3100 479 3157 subruenda
529 3099 610 3155 rei
661 3099 898 3169 publica
971 3099 1111 3154 mala
1177 3099 1485 3167 moliretur,
1546 3100 1722 3154 hostis
1761 3097 2215 3168 aCOthonisque
2264 3100 2532 3156 militibus
2561 3103 2790 3170 ingenti
2844 3105 3020 3175 gloria
3070 3108 3249 3164 victor
3294 3109 3522 3164 Romam

133 3196 324 3245 senatu
392 3188 804 3259 pronuntiatus,
872 3195 927 3243 et
991 3188 1356 3258 ignominiose
1421 3187 1656 3258 fugiens,
1723 3188 1792 3243 ad

137 3284 394 3348 quartum
446 3278 527 3333 ab
569 3278 711 3334 Urbe
751 3277 1009 3348 lapidem,
1053 3277 1108 3332 id
1149 3283 1233 3333 est
1280 3277 1347 3332 ad
1401 3282 1654 3347 quartum
1678 3278 1794 3332 mi-

135 3365 348 3433 liarum,
414 3367 477 3422 in
527 3367 842 3422 suburbano
889 3365 1133 3421 libertini
1181 3365 1288 3430 sui,
1339 3365 1486 3421 inter
1531 3365 1792 3421 Salariam

135 3463 187 3512 et
229 3459 644 3515 Numentauam
691 3457 853 3521 viam,
917 3455 1272 3526 semetipsum
1329 3455 1555 3520 occidit,
1615 3455 1794 3510 atatis

135 3543 400 3615 322nm,
446 3546 512 3602 in
568 3559 678 3617 quo
726 3545 905 3602 omnis
949 3543 1152 3599 familia
1188 3544 1416 3614 Augusti
1469 3548 1795 3612 consumpta

134 3638 233 3688 est.

195 3723 568 3779 Romanorum
620 3721 677 3776 7.
751 3719 922 3777 Galba
980 3718 1219 3784 Servius,
1291 3732 1417 3772 mox
1469 3721 1525 3772 ut
1579 3721 1794 3772 mortem

132 3811 358 3867 Neronis
417 3811 697 3881 comperit,
766 3810 993 3864 Romam
1068 3806 1237 3862 venit.
1309 3805 1494 3876 (Osos.
1561 3820 1662 3871 v11,
1738 3806 1791 3860 8.

134 3899 198 3954 Η.
247 3900 423 3972 Rom.)
486 3899 592 3967 Qui
642 3913 765 3954 cum
794 3897 1189 3968 antiquissima
1223 3895 1528 3952 nobilitatis
1571 3900 1796 3950 senator

131 4002 268 4047 anno
298 3989 399 4056 63,
431 3988 625 4046 aetatis
651 3993 817 4054 esset,
862 3987 931 4042 ab
963 3986 1219 4056 Hispanis
1265 3991 1320 4040 et
1365 3984 1532 4040 Gallis
1561 3985 1789 4052 electus,

134 4091 250 4134 mox
312 4081 385 4136 ab
446 4079 714 4136 universo
780 4077 1026 4133 exercitu
1084 4075 1322 4131 libenter
1378 4079 1638 4143 acceptus
1685 4080 1787 4129 est.

133 4168 255 4224 Nam
289 4171 521 4240 privata
576 4171 695 4238 ejus
739 4166 848 4223 vita
886 4166 1118 4237 insignis
1154 4169 1271 4220 erat
1299 4163 1566 4219 militibus
1595 4169 1649 4218 et
1679 4164 1788 4218 mi-

135 4253 382 4314 litaribus
413 4273 487 4314 ac
537 4256 790 4312 civilibus
827 4255 1013 4320 rebus,
1061 4268 1209 4324 sape
1260 4253 1473 4319 consul,
1507 4267 1636 4323 sepe
1669 4267 1791 4322 pro-

133 4347 377 4415 consule,
430 4346 764 4416 frequenter
827 4343 937 4400 dux
996 4343 1330 4414 gravissimis
1376 4341 1556 4398 bellis.
1618 4344 1792 4411 Hujus

1875 3187 2096 3242 advenit
2141 3187 2238 3258 (H.
2282 3187 2482 3260 Rom).
2515 3191 2616 3246 Hic
2645 3190 2851 3248 familia
2881 3194 3150 3251 honorata
3180 3204 3335 3253 ortus
3357 3200 3529 3267 magis

1877 3291 2039 3348 quam
2095 3279 2294 3334 nobili.
2365 3281 2609 3350 Namque
2664 3287 2820 3351 pater
2876 3285 2995 3352 ejus
3053 3299 3162 3340 non
3229 3287 3550 3341 admodum;

1876 3365 2023 3421 clare
2089 3373 2270 3433 natus,
2340 3373 2454 3423 tres
2509 3375 2691 3424 tamen
2740 3370 3055 3426 ordinarios
3100 3373 3272 3442 gessit
3328 3386 3528 3426 consu-

1878 3453 2038 3509 latus.
2072 3455 2172 3508 Hic
2202 3469 2325 3509 cum
2364 3455 2537 3510 multo
2567 3455 2830 3512 dedicere
2865 3463 2920 3511 et
2958 3459 3107 3527 gravi
3144 3459 3335 3513 sevitia
3365 3466 3528 3513 nota-

1879 3541 2026 3606 bilis,
2060 3543 2323 3611 precipue
2354 3542 2596 3611 ingluvie
2627 3550 2683 3598 et
2703 3544 3004 3599 voracitate
3034 3545 3197 3602 vitam
3239 3546 3528 3600 humanam

1877 3630 2120 3699 propriis
2170 3630 2328 3684 malis
2365 3632 2714 3701 aggravavit;
2749 3631 2954 3700 quippe
2985 3645 3108 3686 cum
3139 3633 3206 3688 de
3253 3633 3341 3687 die
3380 3648 3528 3702 saepe

1877 3724 2074 3787 quarto
2100 3719 2185 3774 vel
2235 3719 2430 3788 quinto
2478 3717 2654 3774 fertur
2702 3719 2975 3790 epulatus.
3034 3721 3328 3777 Notissime
3376 3728 3527 3777 certe

1877 3822 2012 3863 cena
2058 3808 2340 3864 memoria
2397 3807 2649 3863 mandata
2700 3815 2802 3876 est,
2845 3823 3003 3879 quam
3054 3810 3104 3865 ei
3151 3809 3322 3866 frater
3353 3810 3524 3866 Vitel-

1877 3896 1984 3952 lius
2013 3897 2244 3963 exibuit,
2286 3898 2344 3952 in
2373 3911 2480 3967 qua
2505 3912 2674 3967 super
2711 3904 2927 3954 ceteros
2955 3905 3206 3969 sumptus
3233 3898 3376 3954 2000
3407 3901 3523 3971 pis-

1877 3986 2022 4042 cium
2073 3992 2128 4041 et
2173 3985 2318 4040 7000
2365 3986 2542 4042 avium
2592 3987 2873 4057 appossita
2905 3988 3218 4044 traduntur.
3270 3990 3370 4045 Hic
3401 4004 3524 4045 cum

1876 4076 2082 4132 Neroni
2123 4075 2319 4130 similis
2349 4090 2469 4131 esse
2517 4076 2702 4142 vellet,
2764 4083 2820 4132 et
2855 4076 2911 4132 id
2950 4077 3089 4134 adeo
3134 4093 3192 4133 se
3232 4078 3522 4149 preierret,

1879 4171 1940 4221 ut
1969 4166 2131 4221 etiam
2160 4165 2449 4234 exsequias
2485 4166 2740 4232 Neronis,
2792 4180 2917 4235 qua
2965 4165 3246 4222 humiliter
3292 4169 3523 4238 sepulta

1875 4261 2052 4320 erant,
2112 4254 2430 4309 bouoraret.
2484 4254 2690 4322 (Onos)
2738 4255 2839 4320 Qui
2901 4268 3023 4309 cum
3065 4255 3134 4310 de
3192 4257 3522 4323 Vespesiano

1875 4343 2165 4412 comperit,
2201 4342 2434 4411 primum
2483 4341 2707 4397 molitus
2754 4347 2838 4396 est
2885 4342 3166 4410 deponere
3197 4341 3518 4409 imperium;

134 4431 290 4490 breve
321 4435 630 4507 imperium
653 4433 800 4489 bono
832 4432 980 4502 cepit
1016 4431 1268 4496 exordio,
1298 4431 1432 4486 nissi
1463 4430 1856 4514 prepensiorD
1873 4431 1970 4487 sed
2012 4435 2203 4500 postea
2255 4445 2286 4484 a
2337 4429 2662 4499 quibusdam
2711 4429 3001 4493 animatus,
3052 4429 3333 4494 Sabinum,
3383 4431 3519 4484 Ves-

135 4530 245 4578 erat
273 4525 344 4581 ad
367 4523 754 4581 severitatem.
794 4521 1018 4577 Orosius
1063 4521 1144 4576 sic
1183 4519 1300 4589 (v11,
1340 4519 1430 4588 8):
1476 4537 1504 4571 «
1545 4521 1789 4589 Cumque

136 4613 278 4667 omni
338 4612 606 4676 avaritia,
654 4609 845 4666 sevitia
900 4608 1244 4681 segnitiaque
1302 4605 1625 4670 oﬂ'enderet,
1684 4608 1790 4663 sibi

135 4698 388 4759 Pisonem
460 4700 710 4758 nobilem
768 4699 1208 4768 industriumque
1262 4697 1669 4753 adolescentem
1735 4697 1790 4752 in

135 4788 300 4847 ﬁlium
349 4801 535 4863 atque
581 4791 636 4846 in
685 4803 911 4861 regnum
960 4788 1259 4859 adoptavit.
1319 4787 1416 4858 (Η.
1459 4786 1628 4856 Rom.)
1659 4788 1790 4842 Cum

136 4894 240 4950 quo
301 4882 545 4939 insidiis
597 4880 828 4936 Othonis
874 4879 930 4934 in
986 4879 1168 4934 medio
1225 4877 1379 4932 urbis
1434 4877 1622 4931 Roma
1671 4875 1791 4931 toro

133 4972 310 5040 capite
394 4976 693 5027 truncatus
747 4975 851 5032 est,
900 4982 1086 5024 mense
1142 4968 1415 5037 septimo,
1473 4971 1793 5035 septemque

137 5057 330 5118 diebus
369 5061 466 5116 sui
517 5058 731 5129 imperii
761 5079 775 5124 ;
818 5062 873 5113 et
902 5057 1259 5127 sepultusque
1290 5060 1373 5109 est
1403 5054 1458 5108 in
1489 5053 1602 5109 suis
1632 5055 1789 5119 ortis,

133 5150 224 5217 qui
271 5155 413 5207 sunt
453 5149 546 5204 via
581 5147 821 5214 Aurelia,
881 5159 990 5202 non
1046 5145 1208 5215 longe
1255 5158 1285 5198 a
1331 5145 1523 5198 Roma.
1583 5163 1609 5192 ι
1664 5144 1793 5198 Hac

130 5237 383 5295 Orosius.
429 5238 539 5294 Hic
583 5237 754 5308 igitur
799 5234 1045 5307 regnavit
1089 5247 1266 5302 usque
1313 5245 1554 5288 mensem
1592 5231 1792 5288 iulium

135 5327 186 5381 iu
233 5342 390 5384 anno
453 5325 549 5381 39.
601 5331 726 5396 post
775 5326 1102 5396 passionem,
1130 5323 1284 5392 juxta
1321 5321 1584 5392 temporis
1632 5322 1796 5379 ratio-

136 5428 280 5472 nem.

199 5507 294 5563 73.
345 5507 409 5561 ι.
467 5503 555 5575 [L1]
614 5503 823 5574 (Hann)
881 5502 1228 5575 Vespasianus
1265 5505 1314 5555 et
1364 5499 1525 5555 Titus.
1576 5501 1643 5555 Μ.
1696 5502 1796 5556 Fa-

132 5595 250 5652 vius
278 5592 692 5664 Quintilliauus
717 5594 943 5651 Romam
972 5605 1003 5648 a
1029 5589 1195 5648 Galba
1224 5587 1562 5660 perducitur.

1875 4519 2083 4588 pasiani
2131 4518 2374 4580 fratrem,
2427 4518 2562 4572 nihil
2616 4524 2729 4573 tum
2795 4517 2921 4572 mali
2960 4517 3351 4587 suspicantem,
3395 4531 3518 4572 cum

1874 4609 2076 4665 ceteris
2135 4607 2404 4663 Flavianis
2451 4607 2507 4663 in
2544 4607 2871 4677 Capitolium
2906 4607 3194 4676 compulit.
3241 4607 3517 4662 Succensa

1875 4697 2060 4767 itaque
2114 4696 2342 4766 templo,
2411 4702 2465 4751 et
2517 4696 2683 4751 mixta
2741 4695 2902 4752 simul
2959 4696 3171 4750 ﬂamma
3228 4695 3516 4764 ruinaque,

1877 4800 2067 4842 omnes
2113 4786 2170 4840 in
2217 4797 2384 4839 unum
2434 4784 2644 4852 pariter
2698 4784 2979 4838 interitum
3037 4791 3200 4852 atque
3231 4783 3517 4838 tumultum

1877 4875 2049 4931 dedit.
2101 4875 2231 4929 Post
2277 4873 2569 4928 deiicieute
2617 4873 2674 4928 in
2721 4873 3038 4941 Vespasiani
3077 4871 3319 4940 nomine,
3369 4879 3424 4927 et
3452 4873 3520 4927 ab

1877 4964 2123 5021 exercitu
2179 4976 2279 5018 suo
2329 4962 2644 5028 destitutus,
2691 4962 3372 5032 appropinquantibusque
3409 4964 3518 5032 jam

1876 5053 2132 5110 hostibus
2182 5051 2453 5120 trepidus,
2505 5064 2628 5104 cum
2677 5064 2736 5106 se
2786 5051 2840 5105 in
2891 5051 3162 5120 quandam
3219 5051 3519 5121 proximam

1877 5141 2089 5196 Palatio
2143 5139 2335 5194 cellam
2393 5139 2776 5205 contrusisset,
2837 5139 3150 5209 turpissime
3197 5139 3326 5195 inde
3385 5152 3519 5209 pro-

1879 5235 2085 5286 tractus
2142 5235 2245 5295 est,
2297 5235 2353 5283 et
2400 5241 2499 5297 per
2545 5229 2682 5282 viam
2733 5234 2788 5284 et
2825 5230 3025 5285 Urbem
3074 5229 3294 5300 puplice
3341 5229 3523 5284 nudus

1876 5332 2043 5390 super
2091 5323 2313 5380 terram,
2345 5320 2527 5372 erecta
2575 5330 2732 5372 coma
2761 5324 2816 5373 et
2855 5319 3033 5388 capite
3064 5318 3114 5374 ei
3161 5319 3411 5387 subjecto
3453 5317 3522 5372 ad

1878 5414 2144 5474 mentum,
2177 5412 2232 5462 et
2262 5406 2462 5476 passim
2496 5405 2680 5461 fimum
2728 5406 2782 5461 in
2832 5420 2896 5462 os
2935 5408 3054 5476 ejus
3083 5407 3523 5476 conjectantibus

1877 5496 2248 5561 carniﬁcibus,
2290 5495 2345 5549 in
2395 5492 2571 5549 forum
2601 5493 2872 5550 deductus
2901 5500 3003 5562 est,
3038 5501 3093 5550 et
3129 5495 3197 5550 ad
3230 5502 3423 5565 pectus
3452 5495 3519 5550 ab

1878 5585 2134 5644 omnibus
2162 5581 2300 5640 oviis
2355 5581 2665 5653 appetitus;
2715 5591 2994 5654 postremo
3042 5584 3186 5654 apud
3231 5583 3521 5642 Gemonias
