4040 6170
528 295 636 354 655

1943 285 2222 342 MARIANI
2260 282 2489 342 SCOTTI

3786 290 3877 345 656

530 420 707 478 scalas
760 418 1026 491 graduum
1092 412 1577 473 minutissimorum
1626 410 1833 468 ictuum
1859 410 2345 480 crebrisqueAest
2373 422 2583 477 eversa,
2616 408 2691 465 ita
2723 414 2782 466 ut
2808 409 2928 467 solo
2958 414 3344 481 coequaretur.
3380 430 3408 463 »
3465 412 3595 469 Haec
3642 411 3880 471 Hieroni-

532 507 1072 580 compunctionibus,
1104 504 1288 577 gladio
1335 509 1582 566 stercore
1620 499 1890 565 involuto,
1924 499 2179 554 excarni-

533 599 726 655 ﬁcatus
782 603 887 664 est,
947 602 1003 653 et
1049 594 1178 650 inde
1216 605 1360 649 unco
1399 598 1628 657 tractus,
1660 589 1716 644 in
1746 590 1996 645 Tiberem
2045 600 2177 658 pro-

526 689 730 758 jectus,
762 698 1049 743 commune
1081 683 1245 738 etiam
1274 680 1558 751 sepultura
1587 679 1781 734 caruit.
1817 679 1909 742 (Η.
1940 679 2092 732 Rom.
2132 681 2180 730 et

532 776 729 848 Osos.)
768 776 1019 832 Vitellius
1049 787 1178 829 vero
1221 771 1468 827 occissus
1510 776 1595 826 est
1632 769 1688 825 3.
1721 769 1811 824 die
1841 766 2045 823 mensis
2071 768 2183 823 Oc-

533 868 730 935 tobris,
788 864 1028 934 Iosepho
1084 862 1381 918 Iudeorum
1439 860 1706 915 historico
1764 864 1903 913 teste
1951 862 2008 912 et
2050 863 2181 912 tunc

533 957 770 1012 vivente.
806 954 910 1025 (De
939 952 991 1007 b.
1021 951 1144 1008 Jud.
1187 965 1238 1016 v,
1279 948 1387 1016 13.)
1416 948 1686 1004 Eusebius
1715 947 1815 1003 sic.
1850 962 1879 999 «
1919 945 2085 1001 Galba
2123 945 2177 1000 7.

534 1056 722 1100 mense
759 1039 977 1111 imperii
1008 1039 1091 1093 sui
1129 1038 1184 1093 in
1216 1037 1396 1093 medio
1436 1038 1696 1092 Romana:
1740 1035 1895 1089 urbis
1932 1033 2053 1089 foro
2083 1046 2179 1088 ca-

537 1135 648 1203 pite
705 1137 1011 1187 truncatur.
1078 1124 1282 1197 alien.)
1344 1126 1485 1181 Otho
1543 1124 1603 1178 3°
1642 1125 1797 1195 regni
1854 1122 1939 1178 sui
1993 1134 2181 1177 mense

531 1221 676 1292 apud
708 1220 1017 1277 Vetriacum
1050 1216 1277 1286 proprio
1316 1229 1480 1271 manu
1511 1214 1792 1270 occubuit.
1825 1212 2078 1267 Vitellius
2123 1210 2177 1265 8.

532 1324 717 1368 mense
772 1308 857 1365 sui
897 1307 1114 1378 imperii
1145 1320 1176 1361 a
1208 1304 1526 1375 Vespasiani
1557 1303 1793 1358 ducibus
1823 1302 2092 1369 occissus,
2123 1299 2181 1354 in

530 1399 769 1456 Tiberim
811 1397 1136 1469 projecitur.
1198 1416 1224 1443 ιο
1285 1396 1415 1449 Haec
1477 1392 1766 1448 Eusebius.
1826 1393 1943 1446 Hoc
2001 1394 2181 1445 autem

532 1497 749 1560 tempus
796 1487 943 1542 inter
970 1487 1243 1541 Neronem
1292 1490 1347 1537 et
1394 1481 1786 1552 Vespasianum
1843 1494 1948 1535 nec
2004 1480 2181 1533 Euse-

532 1579 657 1633 bius
713 1590 925 1647 necque
984 1574 1145 1630 etiam
1204 1571 1348 1628 Beda
1398 1577 1678 1641 supputat.
1728 1568 1943 1639 (Onos.)
2002 1566 2186 1623 Multis

531 1674 713 1723 autem
763 1671 819 1721 et
876 1662 1079 1720 nefaris
1129 1660 1310 1717 modis
1358 1668 1482 1730 post
1515 1661 1644 1731 (Jos.
1700 1658 1746 1716 ι.
1783 1658 1840 1729 ι.)
1872 1657 2185 1727 complures

2261 513 2402 555 mus.
2435 500 2493 554 In
2519 513 2664 555 anno
2703 513 2836 570 ergo
2865 499 2955 555 42.
2989 506 3114 570 post
3152 501 3483 570 passionem,
3533 501 3639 557 hoc
3668 509 3749 558 est
3774 519 3878 560 cum

2262 601 2407 645 anno
2462 588 2754 659 passionis,
2791 590 2845 644 in
2895 602 3005 658 quo
3054 589 3263 659 incepit
3311 590 3674 660 Vespasianus
3700 606 3877 650 annum

2262 676 2317 744 2,
2349 683 2507 747 capta
2536 684 2621 733 est
2649 678 3031 744 Hierusalima,
3073 680 3127 732 in
3165 679 3361 735 diebus
3391 680 3629 750 paschae,
3662 681 3880 756 Iosepho

2264 772 2405 822 teste
2456 772 2511 822 et
2558 766 2635 820 ibi
2683 774 2960 837 presente.
3015 767 3262 837 [Sanctus
3311 768 3371 798 ⁸³³
3419 783 3640 840 quoque
3669 771 3884 840 Spiritus

2264 870 2363 926 per
2393 870 2456 912 os
2492 856 2658 911 David
2689 858 2771 912 sic
2798 877 2810 912 :
2849 877 2874 906 α
2923 859 3132 925 Quanta
3164 857 3488 928 malignatus
3538 865 3622 914 est
3652 860 3886 917 inimicus

2263 945 2320 1000 in
2350 952 2563 1013 sancto,
2623 950 2679 1001 et
2724 945 2945 1017 gloriati
2974 952 3104 1001 sunt
3150 947 3244 1016 qui
3276 947 3514 1003 oderunt
3556 955 3609 1003 te
3639 949 3695 1004 in
3726 950 3886 1006 medio

2265 1035 2543 1105 paschae»
2577 1039 2633 1090 et
2660 1035 2911 1105 reliqua.]
2963 1038 3095 1091 Cum
3144 1037 3286 1091 enim
3330 1036 3625 1093 noluerunt
3653 1040 3790 1093 verti
3831 1039 3886 1094 ad

2263 1124 2644 1193 penitentiam,
2692 1125 2924 1181 Domino
2954 1139 3052 1181 eos
3080 1132 3434 1195 exspectante
3477 1141 3575 1196 per
3614 1141 3791 1184 annos
3813 1129 3890 1195 40,

2265 1212 2488 1283 dignum
2535 1220 2652 1268 erat
2677 1220 2735 1269 ut
2766 1215 2820 1269 in
2853 1222 3100 1284 tempore
3130 1229 3240 1284 quo
3272 1216 3597 1271 occiderunt
3626 1217 3893 1273 Dominum

2265 1303 2429 1357 etiam
2477 1303 2582 1372 ipsi
2629 1303 3039 1359 occiderentur.
3100 1305 3305 1359 Pascha
3372 1305 3516 1360 enim
3571 1306 3893 1362 Hebreorum

2264 1404 2409 1447 anno
2463 1391 2715 1461 predicto
2769 1393 3001 1463 contigit
3031 1398 3225 1462 quarta
3261 1391 3417 1459 feria,
3451 1394 3507 1449 in
3547 1408 3653 1464 qua
3681 1408 3897 1466 congre-

2264 1481 2376 1551 gati
2432 1486 2560 1537 sunt
2609 1494 2802 1537 omnes
2850 1482 3132 1553 principes
3178 1483 3527 1539 sacerdotum
3576 1489 3633 1540 et
3662 1486 3895 1542 seniores

2266 1569 2458 1640 populi
2488 1571 2544 1625 in
2576 1570 2773 1626 atrium
2806 1571 3075 1641 principis
3102 1572 3470 1640 sacerdotum,
3502 1573 3595 1643 qui
3625 1574 3896 1630 dicebatur

2265 1659 2557 1730 Cahiphas,
2636 1666 2692 1715 et
2765 1661 3058 1717 concilium
3119 1660 3370 1718 fecerunt
3432 1669 3492 1717 ut
3545 1664 3732 1718 Iesum
3783 1664 3892 1719 dolo

532 1756 652 1811 dies
680 1769 710 1809 a
740 1753 1059 1824 Vespasiani
1090 1751 1376 1818 militibus,
1410 1749 1467 1804 id
1517 1757 1600 1804 est
1629 1748 1697 1803 ab
1727 1748 1965 1803 Antonio
1996 1746 2178 1801 Primo
2200 1747 2521 1806 Btenerent
2552 1755 2606 1805 et
2634 1749 2956 1806 occiderent
2995 1751 3206 1820 (Matth.
3257 1767 3406 1818 xxvr,
3438 1751 3492 1820 3,
3522 1752 3597 1821 4).
3654 1753 3891 1809 Nostrum

532 1853 588 1902 et
615 1844 900 1912 Martiano,
943 1842 1038 1911 qui
1078 1839 1354 1896 Vitellium
1406 1839 1752 1903 occiderunt,
1786 1837 2021 1892 ducibus
2050 1836 2183 1891 Ves-

533 1934 766 2005 pasiani,
814 1922 1101 1989 adversum
1153 1934 1402 1985 senatum
1461 1928 1834 1998 pepulumque
1879 1927 2181 1982 Romanum

531 2024 832 2080 indiscreta
891 2020 1026 2076 cede
1082 2019 1330 2075 saevitum
1391 2025 1497 2074 est.
1554 2018 1764 2082 (Onos.)
1816 2016 2184 2085 Vespasianus

531 2119 713 2170 autem
754 2113 885 2181 (Ios.
936 2109 1011 2164 ib.
1061 2124 1160 2175 v11,
1211 2108 1264 2174 9)
1313 2122 1436 2163 cum
1474 2107 1680 2163 Judeos
1718 2107 1776 2160 in
1817 2106 1950 2161 urbe
1980 2105 2182 2161 Hieru-

533 2202 877 2267 solimorum,
937 2197 1202 2269 precipue
1251 2197 1323 2253 ob
1354 2197 1499 2252 diem
1539 2195 1737 2251 festum
1790 2195 2010 2266 paschae
2040 2207 2181 2249 con-

532 2298 807 2365 gregatos,
866 2289 1157 2346 obsidione
1214 2287 1491 2355 elusisset,
1553 2287 1772 2357 cognita
1837 2292 2014 2341 morte
2070 2285 2182 2340 Ne-

533 2383 706 2448 ronis,
765 2381 989 2437 hortatu
1046 2378 1409 2449 plurimorum
1465 2390 1694 2448 regnum
1728 2375 1789 2406 "°
1850 2379 1905 2430 et
1957 2374 2180 2440 ducum,

533 2472 766 2528 maxime
813 2469 1040 2540 Iosephi
1099 2468 1399 2524 Iudeorum
1430 2467 1589 2523 ducis
1635 2465 1909 2521 sententia
1962 2493 2034 2504 —
2088 2463 2184 2532 qui

534 2569 728 2630 captus
774 2573 897 2615 cum
938 2559 994 2613 in
1048 2557 1265 2613 vincula
1313 2555 1704 2626 conjiceretur,
1741 2551 2185 2610 constantissime

534 2649 694 2717 dixit,
745 2648 890 2704 sicut
936 2646 1233 2703 Suetonius
1274 2644 1465 2711 refert,
1508 2644 1773 2701 continuo
1803 2657 1863 2699 se
1892 2643 1960 2698 ab
1991 2642 2186 2698 eodem

536 2738 872 2809 Vespasiano
900 2736 998 2793 sed
1028 2735 1361 2805 imperatore
1392 2733 1739 2800 solvendum,
1779 2762 1851 2773 —
1895 2730 2185 2801 imperium

536 2816 772 2896 adeptus
831 2825 1055 2897 (Hiram).
1134 2823 1337 2879 bellum
1412 2823 1532 2877 Tito
1593 2821 1706 2877 tilio
1772 2819 2182 2883 commendans,

535 2915 760 2970 Romam
811 2927 911 2983 per
954 2912 1338 2968 Alexandriam
1388 2910 1776 2979 proﬁciscitur.
1833 2906 2038 2978 (0303.)
2077 2905 2182 2960 Sed

536 3004 756 3074 cognita
786 3008 961 3058 morte
994 3000 1220 3065 Vitellii,
1251 2998 1532 3069 paulisper
1558 2996 1886 3053 Alexandrie
1916 2994 2182 3050 substitit.

2265 1845 2446 1895 autem
2506 1840 2708 1909 pascha
2755 1838 2809 1893 8.
2842 1839 2961 1895 Kal.
3009 1840 3234 1911 Aprilis,
3275 1842 3331 1896 in
3360 1855 3471 1911 quo
3519 1840 3893 1898 cruciﬁxerunt

2263 1929 2576 1993 Dominum,
2625 1929 2682 1983 in
2728 1929 2930 1999 quibus
2974 1931 3128 1985 Titus
3167 1930 3399 1986 hiisdem
3422 1931 3628 1986 diebus
3659 1933 3809 2002 capit
3831 1933 3894 1987 ci-

2263 2019 2506 2084 vitatem,
2565 2017 2767 2074 deinde
2841 2019 3102 2091 templum
3173 2020 3439 2088 incendit,
3517 2035 3708 2077 muros
3769 2022 3896 2076 urbis

2266 2108 2552 2163 universos
2598 2108 2719 2164 solo
2749 2111 3076 2179 coequavit;
3127 2116 3183 2165 et
3212 2110 3475 2166 undecies
3503 2118 3740 2166 centena
3771 2111 3895 2166 milia

2264 2195 2448 2267 gladio
2499 2201 2555 2252 et
2598 2196 2740 2253 fame
2796 2199 3028 2269 periisse
3075 2199 3270 2255 scribit
3313 2200 3586 2270 Iosephus
3612 2200 3893 2257 Iudeorum

2265 2285 2564 2341 historicus
2609 2292 2664 2342 et
2702 2293 2834 2343 tunc
2863 2302 3111 2358 presens,
3144 2296 3199 2345 et
3228 2297 3445 2345 centum
3477 2289 3627 2345 milia
3658 2291 3893 2361 captivo-

2265 2387 2386 2429 rum
2415 2375 2636 2431 vendita
2684 2383 2741 2432 et
2785 2376 2857 2431 90
2903 2378 3051 2433 milia
3079 2379 3350 2448 dispersa.
3381 2378 3512 2435 Ideo
3548 2386 3736 2436 autem
3765 2386 3893 2435 tanta

2266 2461 2559 2520 multitudo
2586 2464 2924 2522 Hierusalem
2955 2474 3073 2522 erat
3103 2472 3254 2535 tunc,
3289 2468 3417 2538 quia
3455 2482 3523 2524 ex
3558 2469 3711 2524 omni
3742 2468 3892 2524 Iudea

2265 2554 2335 2609 ad
2394 2553 2655 2624 templum
2704 2554 2760 2609 in
2817 2554 3015 2610 diebus
3060 2555 3353 2612 azimorum
3403 2556 3761 2612 conﬂuebant
3811 2555 3893 2627 (Ct.

2268 2643 2422 2699 Oros.
2453 2649 2509 2697 et
2539 2643 2731 2713 Hier.).

2336 2731 2428 2787 77.
2460 2731 2514 2787 3.
2550 2730 2656 2803 [ιν]
2703 2734 3051 2804 Vespasianus
3078 2734 3132 2789 5.
3165 2740 3215 2790 et
3247 2736 3390 2791 Titus
3416 2735 3471 2789 4.

2337 2819 2427 2875 78.
2460 2819 2514 2874 4.
2560 2820 2690 2891 [LVI]
2733 2823 3082 2893 Vespasianus
3109 2822 3165 2876 6.
3196 2828 3246 2878 et
3279 2825 3424 2879 Titus
3450 2824 3505 2878 5.

2343 2908 2489 2979 [Cod.
2548 2909 2602 2963 in
2647 2912 2900 2979 margine.
2955 2913 3191 2979 Quartus
3240 2912 3658 2969 decennovenn.
3723 2913 3895 2984 cyclus

2266 2997 2463 3067 incipit
2491 2997 2683 3053 indict.
2725 2997 2825 3068 l5].

536 3060 691 3147 Titus
736 3103 867 3145 vero
915 3090 985 3144 ab
1032 3060 1280 3144 exercitu
1328 3060 1715 3156 pronuntiatus
1745 3092 1827 3141 est
1868 3085 2185 3154 imperator.
2211 3087 2253 3147 ί]
2337 3060 2435 3145 79.
2487 3086 2541 3141 5.
2599 3086 2736 3157 [Lvn]
2789 3060 3150 3159 Vespasianus
3187 3090 3242 3147 7.
3285 3097 3334 3146 et
3367 3092 3513 3146 Titus
3538 3090 3592 3146 6.
3626 3088 3900 3160 Vespasia-

537 3179 722 3235 Muros
776 3177 930 3232 urbis
985 3177 1272 3232 universos
1327 3175 1448 3230 solo
1510 3174 1818 3243 coequavit.
1877 3173 1984 3226 600
2040 3172 2189 3227 milia

537 3267 836 3323 Iudeorum
889 3263 1180 3321 interfecta
1227 3277 1293 3320 eo
1324 3262 1490 3328 bello,
1524 3262 1814 3318 Cornelius
1843 3267 1899 3317 et
1934 3260 2192 3317 Suetonis

540 3354 803 3413 referunt.
861 3354 1137 3425 Iosephus
1191 3366 1323 3409 vero
1377 3352 1605 3419 Iudeus,
1667 3350 1763 3420 qui
1819 3352 1938 3420 ipse
1987 3347 2191 3419 prefuit

542 3445 690 3502 bello
720 3450 776 3502 et
804 3444 949 3515 apud
981 3442 1370 3514 Vespasianum
1408 3447 1534 3512 post
1563 3441 1873 3511 predictum
1901 3439 2190 3509 imperium

544 3536 757 3592 veniam
815 3535 1157 3606 gratiamque
1215 3533 1436 3600 meruit,
1490 3531 1705 3599 scribit,
1747 3530 2011 3587 undecies
2056 3542 2192 3585 cen-

544 3632 672 3681 tena
710 3624 860 3681 milia
904 3624 1088 3696 gladio
1136 3628 1192 3680 et
1238 3621 1378 3678 fame
1427 3621 1658 3691 perisse.
1698 3620 1983 3690 Reliquias
2010 3624 2192 3674 autem

545 3720 665 3771 toto
731 3714 867 3770 orbe
934 3713 1240 3783 dispersas,
1299 3724 1531 3767 numero
1585 3708 1693 3763 900
1748 3709 1936 3777 milia,
1997 3720 2192 3763 narra-

548 3811 658 3859 tur.
707 3832 781 3843 —
827 3802 1196 3870 Vespasianus
1243 3808 1297 3857 et
1325 3802 1477 3856 Titus
1520 3800 1884 3869 imperatores
1909 3795 2193 3868 appellati.

551 3890 649 3963 (cr.
680 3890 870 3960 Hier.)

622 3981 971 4034 Romanorum
1052 3976 1133 4032 10.

550 4067 786 4137 regnavit
844 4067 995 4122 annis
1042 4065 1098 4133 9,
1138 4081 1335 4121 menses
1379 4068 1463 4134 ll,
1513 4068 1624 4123 dies
1652 4066 1742 4135 22,
1774 4066 1882 4123 hoc
1912 4069 1996 4121 est
2024 4077 2199 4135 usque

554 4155 827 4211 Kalendas
854 4154 1118 4211 Octimbr.
1153 4154 1209 4208 in
1238 4168 1382 4211 anno
1411 4155 1504 4209 50.
1537 4162 1661 4225 post
1692 4157 2024 4226 passionem.

623 4245 714 4301 75.
790 4246 839 4300 1.
903 4242 1033 4316 [Lm]
1108 4243 1301 4321 (Hilam)
1366 4245 1719 4316 Vespasianus
1771 4244 1826 4299 3.
1896 4250 1945 4300 et
1997 4246 2198 4302 Nerva.

554 4333 884 4407 Capitolium
914 4335 1087 4389 Rome
1116 4334 1422 4390 incensum.

1234 3979 1579 4049 Vespasianus
1663 3977 1942 4033 secundum
2023 3989 2198 4031 omnes
2223 3992 2245 4007 δ

2270 3187 2374 3229 nus
2419 3174 2747 3243 Capitolium
2796 3176 3053 3233 editicare
3108 3185 3424 3234 orsus-est.
3478 3180 3536 3234 in
3583 3178 3899 3234 Alexandria
3996 3166 3997 3235 ἰ

2271 3262 2412 3323 facta
2453 3269 2537 3318 est
2591 3265 2813 3321 seditio.
2862 3267 3085 3334 Achaia,
3133 3267 3550 3325 Aliciarchodus
3597 3269 3682 3332 m,
3724 3270 3900 3324 Bizan-

2271 3352 2429 3419 tium,
2490 3353 2702 3423 Samus,
2770 3356 3004 3413 Trochia
3059 3357 3284 3426 Celicia,
3361 3359 3737 3430 Commagine,
3795 3362 3901 3427 qua!
3996 3356 3997 3421 ἒ

2271 3441 2462 3497 liberie
2491 3448 2652 3498 antea
2698 3448 2755 3500 et
2782 3444 2885 3500 sub
2929 3445 3149 3516 regibus
3176 3447 3368 3502 amicis
3396 3454 3572 3512 erant,
3602 3447 3661 3503 in
3689 3447 3902 3518 provin-

2272 3532 2387 3586 cias
2414 3530 2672 3587 redactae.

2344 3619 2434 3675 80.
2483 3618 2539 3674 6.
2594 3620 2983 3692 [LVIII](H1ER.]
3034 3623 3340 3680 Commodus
3379 3629 3429 3680 et
3482 3623 3669 3694 Rufus.
3722 3622 3899 3680 Colos-

2275 3723 2370 3765 sus
2398 3714 2617 3765 erectus
2644 3716 2747 3775 est,
2778 3709 3086 3766 altitudinis
3117 3712 3326 3769 habens
3359 3712 3545 3783 [pedes
3574 3712 3653 3783 ¹³³]
3699 3718 3899 3770 centum

2275 3803 2507 3868 septem.

2347 3887 2435 3941 81.
2494 3887 2550 3941 7.
2614 3885 2731 3957 [LIX]
2788 3887 2997 3959 (Hum)
3036 3891 3391 3961 Vespasianus
3443 3890 3498 3946 8.
3538 3896 3587 3946 et
3641 3893 3787 3947 Titus
3825 3890 3901 3959 i7]-

2277 3978 2547 4033 Asconius
2576 3976 2848 4032 Pedianus
2875 3978 3116 4047 scriptor
3143 3979 3443 4036 historicus
3461 3980 3644 4036 clarus
3664 3980 3902 4041 habetur,

2280 4066 2374 4135 qui
2431 4064 2529 4119 73°
2586 4066 2791 4121 :etatis'
2836 4081 2950 4123 sua:
3022 4080 3167 4123 anno
3224 4074 3418 4138 captus
3467 4068 3795 4138 luminibus,
3854 4064 3905 4118 l2

2277 4160 2470 4223 postea
2524 4154 2684 4209 annis
2739 4155 2796 4210 iu
2852 4169 3109 4226 supremo
3159 4158 3399 4213 omnium
3466 4158 3679 4214 honore
3729 4168 3906 4214 conse-

2282 4243 2480 4300 nescit.

2353 4332 2445 4386 82.
2499 4331 2554 4387 8.
2611 4333 2709 4404 [ιχ]
2763 4332 2998 4408 (Ηιιῑιι.).
3071 4337 3419 4407 Vespasianus
3463 4336 3517 4391 9.
3567 4342 3617 4392 et
3678 4338 3823 4393 Titus
3862 4333 3907 4388 8.

624 4425 716 4479 76.
748 4423 803 4479 2.
859 4423 979 4494 [Liv]
1015 4423 1212 4494 (Hum)
1231 4424 1578 4495 Vespasianus
1623 4424 1677 4478 4.
1719 4427 1768 4478 et
1820 4425 1963 4479 Titus
2008 4422 2063 4477 3.
2110 4417 2559 4479 HisDGabianus
2606 4423 2796 4479 rethor
2853 4424 3090 4494 [nomine
3139 4423 3217 4496 m]
3266 4426 3623 4482 celeberrime
3672 4428 3731 4482 in
3758 4424 3915 4482 Gallia

556 4512 877 4569 consulibus
904 4526 935 4567 a
964 4512 1109 4579 Tito,
1142 4512 1253 4568 ﬁlio
1285 4512 1625 4582 Vespasiani,
1670 4511 1843 4568 Iudea
1892 4518 2051 4582 capta
2100 4518 2203 4567 est.

562 4605 627 4659 Ut
652 4603 885 4672 Iosepus
931 4601 1088 4668 dicit,
1122 4601 1388 4657 undecies
1427 4607 1483 4656 et
1513 4608 1746 4657 centena
1802 4601 1952 4656 milia
1982 4599 2124 4656 fame
2152 4604 2208 4654 et

558 4691 741 4763 gladio
794 4691 1080 4761 perierunt
1124 4696 1181 4745 et
1227 4697 1447 4745 centum
1495 4688 1642 4744 milia
1692 4690 2029 4758 captivorum
2079 4692 2208 4744 sunt

559 4780 786 4836 venditi.
849 4780 1199 4850 Evangelium
1227 4779 1528 4836 secundum
1558 4779 1829 4836 Matheum
1882 4800 1894 4835 :
1954 4799 1979 4830 ι
2036 4782 2206 4835 Amen

560 4869 687 4926 dico
716 4869 894 4934 vobis,
941 4882 1053 4925 non
1082 4869 1427 4939 relinquetur
1456 4869 1546 4924 hic
1578 4869 1718 4940 lapis
1747 4884 1915 4939 super
1943 4867 2204 4938 lapidem,

560 4959 656 5027 qui
702 4970 813 5013 non
862 4956 1180 5012 destruetur
1226 4956 1436 5028 (Matth.
1470 4972 1620 5023 xxxv,
1670 4957 1743 5022 2).
1780 4974 1807 5008 »
1858 4955 2206 5012 Hieronimus

560 5047 687 5101 sic:
749 5063 777 5097 (ι
823 5045 983 5100 quta
1033 5044 1319 5100 historiam
1367 5044 1689 5101 manifestus
1717 5051 1801 5100 est
1829 5059 2043 5111 sensus,
2077 5044 2207 5113 quia

560 5134 651 5190 42.
710 5146 855 5190 anno
903 5139 1029 5204 post.
1075 5134 1409 5203 passionem,
1461 5135 1564 5189 sub
1615 5135 1946 5204 Vespasiano
1977 5141 2031 5188 et
2059 5135 2202 5201 Tito,

563 5225 684 5295 ipso
721 5236 846 5280 cum
891 5221 1096 5294 templo
1126 5222 1668 5295 magniﬁcentissimo
1716 5224 1908 5281 civitas
1961 5222 2208 5280 funditus

2290 4510 2474 4566 docet.

2359 4598 2449 4654 83.
2500 4599 2554 4656 9.
2607 4600 2727 4671 [LXI]
2780 4603 2983 4673 (Ηιειι.)
3027 4601 3275 4659 Silvanus
3303 4609 3351 4658 et
3398 4606 3576 4659 Verus.
3625 4605 3762 4660 Tres
3788 4601 3915 4659 civi-

2288 4693 2430 4744 tates
2478 4690 2626 4759 Cipri
2674 4698 2835 4747 terrae
2902 4698 3053 4747 metu
3121 4700 3469 4749 corruerunt.
3534 4696 3679 4749 Lues
3732 4694 3917 4763 ingens

2288 4777 2459 4833 Rome
2488 4776 2648 4845 facta,
2681 4779 2757 4835 ita
2806 4786 2865 4835 ut
2904 4795 3003 4850 per
3049 4781 3251 4837 multos
3298 4782 3418 4838 dies
3464 4782 3519 4837 in
3577 4780 3917 4838 efemeridem

2295 4866 2358 4921 10
2387 4866 2536 4922 milia
2564 4865 2732 4924 ferme
2763 4877 3102 4925 mortuorum
3134 4870 3417 4926 hominum
3447 4870 3767 4927 etferentur.

2360 4955 2449 5011 84.
2516 4956 2598 5010 10.
2663 4956 2803 5027 [Lm]
2859 4958 3063 5029 (Hum)
3097 4959 3423 5015 Domitianus
3463 4965 3515 5014 et
3550 4957 3919 5017 Messalinus.

2288 5045 2653 5114 Vespasianus
2692 5047 2939 5103 colonias
2976 5047 3221 5103 deduxit.
3265 5049 3601 5118 Apollinaris
3636 5050 3925 5118 episcOpus

2287 5134 2357 5188 ad
2415 5135 2721 5191 Ravennam
2780 5137 2999 5204 missus,
3049 5151 3261 5206 passus.
3320 5137 3499 5209 (Ras)
3566 5137 3925 5207 Vespasianus

2288 5222 2558 5293 proﬂuvio
2593 5226 2802 5282 ventris
2829 5226 2886 5281 in
2920 5225 3046 5282 villa
3077 5226 3299 5297 propria
3329 5226 3478 5283 circa
3505 5226 3735 5284 Sabinos
3768 5224 3921 5287 obiit,

1920 5376 2144 5432 VARIIE
2181 5376 2463 5434 LECTION
2469 5370 2577 5434 ES.

638 5501 699 5575 ιξο
726 5501 847 5575 lege
875 5516 1085 5575 regum.

1200 5502 1258 5535 ¹¹¹
1287 5502 1435 5575 signa
1457 5501 1660 5575 posito,
1681 5514 1888 5575 summa
1917 5500 1972 5556 in
2017 5500 2255 5575 margine
2297 5502 2565 5575 adscripta
2591 5507 2731 5574 sunt,
2756 5504 2934 5575 prima
2972 5518 3132 5562 manu
3166 5507 3222 5563 ut
3257 5501 3480 5571 videtur,
3536 5500 3586 5561 l.
3635 5502 3836 5560 Desunt
3868 5497 3918 5550 2-

507 5654 513 5661 ,
567 5573 628 5604 ¹²²
661 5574 772 5644 lege
785 5571 982 5646 'Lycia,
1014 5572 1261 5630 Rhodus.
1340 5571 1402 5605 m
1435 5571 1553 5645 post
1591 5571 1718 5629 add.
1747 5586 1853 5629 sec.
1886 5587 2044 5630 manu
2078 5572 2126 5627 l.
2205 5571 2266 5604 ηδ
2294 5573 2422 5630 add.
2454 5571 2560 5630 rec.
2591 5571 2827 5633 manu'l.
