4000 6158
141 375 228 431 657

1381 390 1785 453 CHRONICON.
1826 424 1898 433 —
1935 396 2060 451 LIB.
2101 397 2193 454 llI.

3372 416 3478 475 658

137 501 211 556 69.
247 498 411 604 atatis
439 501 856 604 annonam“)
903 506 985 577 [Et
1004 508 1175 604 _Titus
1210 512 1316 568 sibi
1345 516 1632 586 successit,
1655 517 1945 580 bisADuo
1986 536 2201 581 menses
2228 526 2390 583 aliter
2435 529 2716 600 appellati,
2766 532 3076 604 Septimber
3125 538 3480 600 Germanicus

140 587 441 656 consulibus,
475 590 806 650 Cassiodoro
838 596 1019 667 teste.]

193 689 524 743 Romanorum
586 687 669 745 ll.
728 694 879 748 Titus
902 736 915 759 ,
979 694 1119 766 ﬁlius
1174 700 1528 772 Vespasiani,
1584 704 1747 773 juxta

135 775 373 832 historiam
428 777 746 844 Romanam,
808 785 1046 851 regnavit
1092 789 1247 842 annis
1294 788 1347 857 2,
1395 792 1660 848 mensibus
1688 794 1742 861 8,

136 862 297 919 diebus
321 861 408 930 20,
444 864 544 919 hoc
569 870 644 921 est
671 883 833 941 usque
859 872 991 927 Kal.
1022 875 1186 941 Junii,
1217 877 1447 959 inoanno
1493 880 1585 935 53.
1626 888 1747 954 post

129 955 393 1025 passionem
419 955 650 1011 Domini.

190 1058 268 1113 85.
304 1060 347 1113 l.
382 1059 546 1131 [LXIII]
597 1060 807 1130 (Hum)
865 1068 1192 1126 Domitianus
1237 1076 1290 1127 et
1336 1074 1520 1145 Rufus.
1572 1078 1743 1146 Titus,

132 1146 253 1203 filius
303 1149 640 1218 Vespasiani,
700 1152 755 1207 in
814 1160 1045 1226 utraque
1104 1158 1287 1230 lingua
1352 1162 1748 1223 disertissimus

131 1234 215 1290 fuit
240 1240 289 1291 et
317 1240 481 1292 tanta:
510 1237 797 1308 bonitatis,
828 1249 908 1310 ut,
941 1260 1063 1301 cum
1104 1248 1338 1317 quadam
1369 1251 1460 1307 die
1491 1256 1748 1311 recorda-

130 1330 202 1380 tus
234 1324 417 1381 fuisset
449 1327 505 1382 in
531 1342 666 1385 cena
697 1330 833 1387 nihil
872 1348 931 1389 se
969 1335 1025 1390 in
1064 1335 1160 1392 illo
1191 1338 1281 1394 die
1329 1342 1580 1412 cuiquam
1624 1360 1747 1415 pre-

127 1415 325 1481 stitisse,
348 1415 591 1473 dixerit:
629 1437 657 1470 «
690 1421 886 1489 Amici,
907 1423 1074 1481 hodie
1096 1426 1239 1483 diem
1272 1432 1509 1499 perdidi.
1543 1452 1571 1484 »
1594 1436 1749 1492 Mons

126 1502 328 1573 Vespius
381 1511 601 1575 ruptus,
655 1508 710 1564 in
759 1513 967 1568 vertice
1020 1521 1229 1572 tantum
1291 1534 1359 1575 ex
1404 1534 1462 1576 se
1502 1524 1639 1592 jecit
1687 1526 1749 1557 ³⁸⁵

125 1590 338 1659 incendi,
379 1597 443 1650 ut
473 1596 730 1666 regiones
757 1599 967 1656 vicinas
996 1609 1052 1659 et
1082 1605 1249 1662 urbes
1280 1622 1404 1665 cum
1433 1590 1749 1670 hominibus

125 1686 368 1737 exureret.

180 1786 261 1841 86.
306 1788 360 1843 2.
415 1791 575 1864 [LXIV]
631 1793 847 1868 (1111111.)
907 1800 1242 1858 Domitianus
1295 1804 1349 1861 3.
1399 1812 1449 1863 et
1487 1809 1740 1867 Sabinus.

1828 616 1884 665 et
1919 612 2161 669 October
2189 616 2549 674 Domitianus.

1898 700 2183 758 Anacletus
2207 720 2353 777 papa
2381 713 2502 779 post
2548 711 2756 766 Petrum
2802 710 2856 767 2.
2907 712 3155 772 Clementi
3200 721 3475 785 successit.

1827 790 1979 844 annis
2025 790 2107 856 10,
2158 793 2271 864 ipso
2318 796 2395 850 ita
2445 801 2610 852 teste:
2660 800 2959 857 Decretalis
2987 804 3222 873 epistola
3263 808 3476 867 Ancleti

1828 894 1984 950 papae
2027 880 2134 951 (ep.
2168 882 2216 948 1,
2254 898 2308 952 p.
2342 884 2449 956 63).
2486 906 2513 937 «
2543 889 2824 957 Ancletus,
2854 905 3047 949 servus
3084 894 3285 953 Christi
3321 899 3472 968 Jesu,

1827 971 1884 1025 in
1914 969 2047 1025 sede
2076 972 2404 1040 apostolica,
2448 994 2477 1027 »
2509 982 2564 1032 et
2592 978 2826 1049 reliqua.
2862 982 2927 1035 Et
2965 982 3148 1040 infra:
3193 1003 3221 1037 «
3260 987 3474 1054 Nullus,

1828 1063 1890 1114 ut
1926 1059 2004 1114 ait
2032 1058 2227 1116 beatus
2264 1062 2536 1129 Clemens,
2578 1073 2899 1125 antecessor
2945 1079 3156 1141 noster,
3189 1092 3218 1125 »
3249 1081 3305 1131 et
3342 1077 3481 1133 reli-

1828 1162 1956 1218 qua.
2000 1148 2117 1204 Alia
2150 1150 2265 1220 (ep.
2296 1151 2350 1217 2,
2385 1168 2439 1222 p.
2481 1153 2566 1224 68)
2599 1176 2611 1210 :
2652 1176 2677 1204 ι
2707 1158 2969 1215 Anclctus
3016 1176 3157 1232 papa
3210 1165 3480 1223 universis

1829 1238 2110 1307 episcopis
2156 1240 2212 1293 in
2259 1241 2415 1297 Italia
2462 1245 2800 1302 constitutis.
2836 1249 3102 1315 Quoniam
3155 1255 3477 1323 apostolica:

1827 1327 1978 1382 sedis
2033 1326 2271 1384 debitam
2327 1333 2688 1388 reverentiam
2733 1350 2862 1408 erga
2916 1352 3000 1395 me
3048 1342 3250 1397 caritas
3294 1352 3476 1401 vestra

1828 1416 2133 1484 distribuit,
2187 1437 2214 1469 ››
2266 1426 2321 1474 et
2366 1421 2600 1491 reliqua.
2650 1425 2717 1479 Et
2763 1433 2925 1495 post:
2972 1447 3000 1480 «
3040 1431 3107 1486 Et
3146 1438 3205 1487 ut
3242 1446 3274 1487 a
3311 1434 3475 1492 beato

1830 1506 1993 1562 Petro
2035 1507 2285 1578 principe
2323 1523 2512 1567 sumus
2548 1511 2827 1581 instructi,
2869 1530 2899 1571 a
2939 1532 3049 1587 quo
3098 1524 3155 1575 et
3201 1524 3478 1593 prespiter

1828 1611 1946 1652 sum
2014 1596 2323 1666 ordinatus,
2384 1619 2412 1651 »
2472 1608 2528 1657 et
2565 1602 2798 1673 reliqua.
2847 1625 2875 1657 «
2932 1608 3236 1666 Provinciae
3293 1620 3477 1670 autem

1829 1685 2002 1743 multo
2066 1692 2193 1743 ante
2250 1688 2539 1745 adventum
2579 1691 2781 1748 Christi
2845 1699 3095 1766 tempore
3143 1698 3478 1757 divisserunt

1829 1776 2060 1831 maxima
2098 1790 2165 1831 ex
2196 1781 2397 1846 parte;
2450 1785 2505 1834 et
2543 1786 2733 1849 postea
2780 1782 2848 1837 ab
2896 1784 3165 1854 apostolis
3211 1794 3267 1842 et
3312 1788 3476 1846 beato

123 1875 253 1932 mus
279 1848 607 1939 Μυδὼηίυὶη
1295 1848 1808 1957 νείϐ⁹⁹θῇἧᾏ⁶¹¹ιξΒ
1827 1865 2111 1962 clemente
2137 1879 2458 1962 precessore
2481 1868 2722 1962 inostl'o]
2748 1871 2892 1962 ipsa
2940 1873 3145 1962 divisio
3185 1881 3269 1931 est
3306 1890 3477 1934 reno-

123 1971 275 2022 vocat.
308 1968 460 2026 Titus
489 1972 913 2042 ampitheatrum
942 1980 1133 2038 Romae
1163 1983 1421 2053 aedificat,
1467 1996 1523 2044 et
1562 1990 1621 2045 in
1652 1991 1743 2047 de-

120 2053 372 2114 dicatione
413 2061 532 2130 ejus
562 2063 806 2135 quinque
846 2067 995 2125 milia
1025 2068 1259 2128 ferarum
1302 2076 1526 2133 occidit.
1570 2080 1742 2137 Rome

116 2140 343 2210 plurima:
374 2149 526 2206 aedes
562 2150 822 2211 incendio
852 2169 1293 2218 concrementur.
1328 2165 1480 2221 Titus
1508 2167 1580 2223 ob
1609 2168 1745 2225 insi-

112 2243 249 2299 gnem
280 2239 758 2297 mansuetudinem
788 2242 1018 2300 delicias
1047 2247 1268 2306 humani
1299 2256 1521 2321 generis
1556 2258 1745 2328 appel-

108 2316 230 2375 latus
274 2330 378 2380 est.
425 2328 583 2382 Titus
629 2330 769 2385 obiit
816 2331 875 2387 in
913 2333 1060 2402 villa,
1103 2351 1210 2406 qua
1257 2316 1327 2394 et.
1369 2350 1544 2411 pater,
1591 2316 1741 2404 anno

102 2409 260 2465 aetatis
288 2410 381 2478 42,
414 2413 640 2484 imperii
679 2424 860 2474 autem
912 2434 1055 2478 anno
1103 2424 1158 2491 2,
1200 2409 1387 2485 mense
1425 2431 1479 2496 8,
1521 2409 1611 2489 die
1648 2435 1740 2502 20,

96 2499 387 2567 secundum
424 2502 715 2560 historiam
756 2508 1074 2566 Romanam.
1114 2515 1213 2569 Cui
1261 2521 1530 2577 successit
1574 2499 1745 2579 frater

93 2588 198 2657 ejus
230 2589 440 2657 junior
468 2592 829 2664 Domitianus,
884 2597 1167 2668 [predictis
1217 2607 1558 2680 consulibus,
1608 2613 1741 2668 Cas-

95 2676 305 2733 siodoro
338 2679 537 2750 teste].

156 2777 517 2867 Romanorum
593 2780 677 2838 l2.
751 2785 1080 2843 Domitianus
1134 2795 1378 2859 regnauit
1434 2799 1586 2853 annis
1658 2797 1740 2867 l5,

107 2864 341 2958 mensibus
394 2865 814 2958 5,7secundum
867 2874 1114 2949 [omnes],
1166 2880 1273 2937 hoc
1321 2888 1405 2939 est
1453 2901 1626 2958 usque
1674 2864 1741 2945 ad

115 2952 215 3007 Kal.
267 2956 613 3025 Novembris,
656 2959 713 3016 in
769 2975 915 3021 anno
953 2965 1042 3020 68.
1083 2975 1210 3038 post
1257 2952 1589 3042 passionem.
1630 2980 1742 3035 Sub

116 3053 209 3106 quo
244 3044 300 3100 bi
338 3046 617 3104 consules.

173 3146 251 3246 8:7.
287 3151 342 3246 ⁸1.
390 3153 526 3226 [va]
572 3157 773 3228 (Iliam)
818 3161 1145 3220 Domitianus
1180 3166 1252 3235 4,
1302 3174 1352 3225 et
1394 3172 1577 3243 Rufus.
1629 3176 1797 3246 Do-C

118 3236 300 3327 mitiani
357 3256 499 3299 uxor
552 3255 782 3318 augusta
836 3250 1164 3321 appellatur.
1226 3255 1241 3327 [

117 3326 300 3385 sulibus
354 3346 552 3402 passus
598 3343 683 3392 est
735 3337 791 3394 6.
844 3340 960 3396 Kal.
1011 3343 1172 3410 Maii,
1223 3326 1523 3408 secundum

117 3417 448 3492 pontiﬁcum]

171 3522 247 3579 88.
311 3527 363 3583 2.
428 3528 594 3601 [LXVI]
658 3530 874 3606 (11mm)
943 3537 1271 3597 Domitianus
1333 3549 1383 3600 et
1434 3545 1732 3617 Dolabella,

118 3609 317 3671 Decreto
355 3626 587 3675 senatus
618 3621 772 3678 Titus
801 3623 948 3680 inter
985 3626 1121 3683 deos
1159 3628 1413 3688 refertur.

171 3718 247 3812 89.
294 3723 345 3780 3.
392 3727 577 3798 [LXVII]
624 3729 820 3802 (Hum)
878 3734 1206 3792 Domitianus
1260 3738 1315 3805 6,
1375 3746 1425 3796 et
1478 3744 1643 3812 Rufus
1679 3743 1734 3800 4.

118 3806 424 3871 Domitianus
482 3817 761 3875 iunucbos
816 3822 1119 3890 prohibuit.
1171 3828 1303 3883 Tres
1350 3806 1590 3901 virgines
1638 3834 1739 3888 Ve-

118 3901 196 3953 sta:
222 3901 287 3957 ob
314 3910 571 3976 stuprum
601 3906 893 3967 damnatae.
932 3912 1116 3982 [Linus
1153 3930 1293 3987 papa
1314 3933 1441 3976 ann.
1489 3920 1591 3993 11.]

171 4005 249 4100 90-.
287 4009 338 4067 4.
383 4013 592 4085 [LXVIII]
663 4016 837 4087 (HIER.
892 4018 989 4084 m)
1057 4021 1273 4079 Flavius
1336 4030 1386 4081 et
1453 4029 1733 4100 Trajanus.

119 4092 354 4157 Plurimos
407 4110 733 4161 senatorum
782 4108 1123 4168 Domitianus
1179 4113 1235 4169 in
1275 4116 1495 4173 exilium
1544 4092 1732 4177 mittit.

172 4201 251 4259 91.
287 4207 339 4262 5.
394 4210 559 4282 [LXIX]
625 4211 841 4286 (1111111.)
900 4218 1228 4276 Domitianus
1290 4223 1366 4291 7,
1425 4230 1474 4280 et
1532 4228 1731 4283 Nerua.

117 4286 366 4351 Secundus
418 4299 815 4358 Alexandrinas
873 4305 1139 4365 tecclesiaa
1196 4286 1494 4382 episcopus
1531 4318 1739 4372 consti-

118 4379 242 4435 tutus
265 4384 498 4455 Abilius,
543 4390 637 4459 qui
669 4390 874 4461 prefuit
911 4396 1072 4451 annis
1106 4396 1189 4451 l3.

171 4483 247 4543 92.
274 4489 324 4545 6.
360 4493 442 4551 [ιιι

171 4493 247 4543 92.
274 4493 324 4545 6.
360 4493 502 4566 [nx]
553 4495 765 4569 (1111111.)
806 4501 1064 4571 Trajanus
1100 4503 1155 4558 2.
1188 4510 1238 4562 et
1284 4506 1501 4565 Gabrio.
1552 4512 1729 4568 Domi-

119 4569 269 4632 tianus
294 4584 560 4654 templum
592 4585 711 4642 sine
744 4586 1014 4658 lignorum
1044 4591 1380 4651 admixtione
1401 4602 1729 4657 construxit.

119 4658 298 4757 Primus
328 4672 676 4731 Domitianus
723 4676 1005 4735 dominum
1054 4687 1108 4737 et
1148 4682 1308 4740 deum
1357 4687 1622 4758 appellari
1673 4706 1732 4747 se

114 4754 267 4835 jussit.
329 4761 698 4821 Nassamones
762 4772 817 4823 et
881 4770 1009 4825 Daci
1084 4754 1445 4831 dimicantes—
1474 4778 1736 4835 adversus

640 4855 808 4925 Cujus
857 4871 1002 4915 anno
1058 4858 1113 4927 6,
1172 4862 1424 4921 Clemens
1482 4881 1622 4937 papa
1676 4870 1733 4926 in

120 4930 306 5014 exilium
338 4940 560 5009 missus,
593 4948 654 4999 ut
681 4944 917 5013 videtur,
960 4962 1083 5005 cum
1122 4952 1280 5008 annis
1306 4953 1342 5006 9
1370 4958 1425 5010 et
1453 4930 1736 5014 mensibus

1581 3360 1734 3425 gesta

1823 1960 1965 2021 vata,
2003 1974 2028 2002 ››
2063 1958 2119 2010 et
2156 1954 2389 2024 reliqua.
2431 1956 2549 2012 Alia
2589 1962 2697 2028 (ep.
2743 1958 2798 2025 3,
2843 1960 3068 2032 p.72):
3123 1985 3149 2012 α
3189 1964 3472 2034 Anclctus,

1824 2057 2015 2103 servus
2068 2044 2197 2098 Jesu
2252 2044 2478 2112 Christi,
2537 2046 2595 2101 in
2650 2049 2954 2117 apostolica
3005 2051 3137 2108 sede
3175 2066 3207 2108 a
3243 2055 3474 2112 Domino

1824 2132 2179 2198 constitutus,
2213 2136 2268 2187 et
2304 2147 2335 2187 a
2372 2138 2565 2190 sancto
2604 2136 2767 2193 Petro
2805 2139 3183 2207 apostolorum
3222 2143 3475 2214 principe

1825 2220 2101 2290 prespiter
2138 2220 2446 2277 ordinatus.
2479 2225 2746 2290 Quoniam
2775 2234 3005 2283 actenus
3034 2229 3105 2285 de
3136 2230 3224 2286 his
3251 2246 3282 2287 a
3311 2233 3476 2290 beato

1824 2311 1987 2365 Petro
2009 2310 2264 2379 apostolo
2295 2317 2351 2367 et
2371 2312 2603 2383 reliquis
2632 2315 2901 2383 apostolis
2919 2324 2974 2373 et
3003 2318 3166 2375 beato
3196 2320 3476 2378 Clemente

1822 2404 2015 2453 nostro
2065 2412 2387 2467 precessore
2435 2407 2490 2456 et
2519 2403 2744 2458 marlire
2775 2405 3025 2461 novimus
3062 2412 3348 2475 statutum,
3381 2409 3477 2466 de-

1823 2501 2023 2557 negare
2062 2487 2219 2544 vobis
2259 2490 2479 2546 minime
2520 2493 2815 2561 possimus.
2873 2493 2956 2549 llli
3012 2502 3216 2565 autem,
3275 2500 3371 2568 qui
3418 2499 3475 2554 in

1824 2576 2114 2646 metrapoli
2153 2592 2184 2632 a
2221 2578 2384 2635 beato
2415 2582 2600 2648 Petro,
2633 2582 2925 2640 ordinante
2963 2586 3219 2654 Domino,
3260 2594 3318 2643 et
3354 2602 3479 2658 pre-

1825 2678 2045 2721 cessore
2103 2671 2333 2734 nostro,
2389 2670 2640 2738 predicto
2689 2678 2880 2729 sancto
2931 2674 3234 2743 Clemente,
3292 2676 3406 2733 sive
3443 2690 3475 2732 a
3542 2692 3559 2707 δ

1826 2753 1988 2809 nobis
2034 2756 2324 2811 constituti
2390 2764 2537 2825 sunt,
2599 2773 2709 2815 non
2767 2776 2984 2836 omnes,
3023 2764 3288 2834 primates
3353 2779 3475 2821 esse

1826 2850 2079 2912 possunt,
2114 2862 2142 2895 ‹‹
2174 2849 2230 2900 et
2258 2845 2491 2916 reliqua.
2532 2850 2598 2903 Et
2636 2856 2793 2919 post:
2838 2867 2868 2905 «
2897 2851 3031 2908 Aliae
3070 2858 3252 2910 autem
3278 2853 3477 2924 prima-

1825 2938 1909 2987 tes
1937 2932 2206 3000 civitates,
2239 2949 2377 3004 quas
2403 2937 2561 2993 vobis
2591 2940 2936 3010 conscriptas
2964 2942 3020 2996 in
3052 2941 3291 3011 quodam
3324 2934 3504 3000 tomo'

1825 3020 2110 3088 mittimus,
2169 3038 2200 3077 a
2250 3026 2458 3080 sanctis
2509 3027 2777 3097 apostolis
2815 3036 2870 3084 et
2915 3044 2947 3085 a
2993 3030 3156 3087 beato
3194 3031 3475 3090 Clemente

1821 3108 1935 3164 sive
1961 3122 1990 3163 a
2031 3110 2193 3166 nobis
2232 3113 2493 3181 primates
2533 3115 2913 3185 predicatores
2948 3126 3307 3190 acceperunt.
3340 3122 3473 3178 Haec

1820 3211 1950 3253 vero
1987 3207 2337 3256 sacrosancta
2375 3203 2619 3259 Romana
2657 3211 2713 3260 et
2748 3206 3053 3276 apostolica
3096 3208 3331 3279 ecclesia
3362 3223 3475 3267 non

1242 3257 1430 3362 δίθίιιξ
1476 3261 1564 3319 his
1602 3278 1735 3362 0011'
1815 3286 1883 3341 ab
1930 3287 2217 3356 apostolis,
2257 3290 2355 3345 sed
2405 3257 2472 3347 ab
2529 3257 2653 3362 ipso
2690 3257 2922 3352 Domino
2961 3272 3239 3355 Salvatore
3279 3302 3473 3355 nostro

1817 3375 2107 3445 primatum
2165 3378 2444 3447 obtinuit,
2504 3382 2696 3438 dicens
2752 3383 2914 3439 beato
2954 3386 3118 3439 Petro
3174 3385 3467 3454 apostolo:

1821 3481 1846 3513 (ι
1880 3464 1957 3518 Tu
1988 3479 2049 3520 es
2085 3467 2302 3532 Petrus,
2347 3488 2372 3517 ι
2404 3474 2459 3524 et
2496 3471 2712 3539 reliqua
2743 3485 2917 3541 usque
2950 3490 2977 3521 «
3011 3473 3184 3528 Erunt
3206 3472 3388 3528 soluta
3417 3478 3474 3529 et

1818 3553 1873 3606 in
1914 3554 2078 3609 cmlo.
2124 3574 2151 3605 »
2204 3556 2467 3611 Adhibita
2523 3564 2608 3612 est
2664 3557 2829 3612 etiam
2884 3558 3125 3614 societas
3177 3560 3236 3615 in
3275 3560 3469 3616 eadem

1820 3642 2064 3696 Romana
2121 3643 2257 3698 urbe
2309 3643 2612 3699 beatissimi
2670 3644 2822 3699 Pauli
2881 3646 3140 3715 apostoli,
3200 3647 3375 3703 vassis
3414 3649 3475 3680 ¹¹⁷

1819 3728 2131 3797 electionis,
2199 3730 2294 3801 qui
2342 3746 2453 3789 uno
2511 3733 2601 3789 die
2659 3747 2883 3805 unoque
2939 3742 3190 3806 tempore
3226 3737 3472 3809 glorioso

1819 3826 1997 3875 morte
2037 3833 2161 3876 cum
2216 3822 2403 3887 Petro,
2443 3823 2546 3878 sub
2586 3823 2838 3896 principe
2885 3826 3105 3883 Nerone
3153 3828 3468 3899 agonizans,

1820 3917 2119 3967 coronatus
2172 3918 2276 3968 est.
2321 3932 2350 3965 »
2391 3915 2458 3969 Et
2496 3923 2659 3984 post:
2716 3934 2745 3967 ‹‹
2782 3918 2873 3973 Ait
2921 3931 3053 3989 ergo
3092 3921 3471 3990 apostolorum

1818 4001 2078 4071 princeps
2114 4001 2308 4059 beatus
2341 4005 2532 4059 Petrus
2569 4005 2638 4061 de
2676 4013 2868 4063 sancto
2907 4022 3231 4078 precessore
3276 4016 3468 4068 nostro

1818 4090 2119 4158 Clemente,
2161 4092 2418 4162 plebibus
2446 4094 2808 4164 predicando,
2860 4097 3070 4154 docens
3099 4113 3192 4156 eas
3229 4100 3468 4170 qualiter

1817 4180 1869 4236 ei
1895 4181 2122 4238 obedire
2153 4182 2409 4239 debirent
2437 4198 2670 4255 eumque
2701 4186 3030 4244 observare:
3066 4207 3095 4239 «
3125 4189 3182 4245 Si
3212 4190 3468 4246 inimicus

1818 4275 1902 4326 est
1937 4271 2103 4327 alicui
2133 4272 2385 4329 Clemens
2423 4288 2524 4344 pro
2554 4276 2770 4331 actibus
2806 4276 2943 4342 suis,
2976 4290 3073 4332 vos
3102 4276 3274 4333 nolite
3304 4292 3467 4347 expe-

1820 4366 1991 4427 ctare,
2041 4368 2101 4416 ut
2138 4363 2257 4433 ipse
2295 4363 2453 4418 vobis
2503 4364 2686 4419 dicat:
2750 4381 2778 4414 «
2818 4364 2949 4418 Cum
3003 4364 3099 4419 illo
3147 4378 3244 4419 vos
3292 4366 3464 4420 nolite

1819 4448 1978 4504 amici
2028 4463 2186 4515 esse;
2240 4469 2269 4503 »
2325 4451 2423 4507 sed
2464 4452 2765 4521 prudenter
2802 4451 3096 4507 observare
3157 4451 3374 4508 debetis
3409 4457 3467 4507 et

446 4494 502 4566 χ]
553 4495 765 4569 (Hum)
806 4501 1064 4571 Trajanus
1100 4503 1155 4558 2.
1188 4510 1238 4562 et
1284 4506 1501 4565 Gabrio.
1552 4512 1732 4568 Domi-

446 4584 559 4611 ..m
593 4585 709 4611 ,ιη
745 4586 1011 4611 ,μη-.-μ
1048 4591 1371 4611 dan”--.
1450 4610 1453 4611 γ
1544 4605 1552 4611 .
1670 4602 1702 4611 μ

1824 4494 1978 4504 -....-.
2029 4494 2186 4515 ww,
2242 4494 2266 4503 ..
2325 4494 2423 4507 νυ..
2464 4494 2756 4521 ,,.....ν...ν.
2803 4494 3096 4507 ww“-.-
3158 4494 3374 4508 ..νυνηυ
3410 4494 3461 4507 υ.

1824 4538 2115 4595 voluntatis
2152 4542 2272 4610 ejus
2308 4540 2516 4611 absque
2546 4540 2930 4598 communione
2963 4539 3023 4571 ¹²⁸
3059 4540 3461 4610 obsecundare,

1816 4633 1872 4683 et
1906 4630 2000 4683 ire
2083 4627 2143 4659 "9
2180 4643 2277 4685 vos
2312 4636 2563 4699 separate
2620 4630 2690 4685 ab
2746 4644 2813 4686 eo
2869 4629 2957 4686 cui
3013 4629 3192 4699 ipsum
3247 4630 3467 4686 sentitis

1816 4715 2124 4784 adversum,
2157 4716 2256 4773 sed
2296 4731 2399 4773 nec
2430 4717 2580 4787 loqui
2612 4717 2701 4774 his
2738 4718 2939 4789 quibus
2977 4718 3096 4788 ipse
3126 4730 3238 4774 non
3277 4717 3469 4789 loqua-

1782 4810 1926 4872 Ltur,
1978 4811 2038 4861 ut
2077 4807 2479 4877 unusquisque,
2537 4807 2631 4876 qui
2689 4807 2745 4861 in
2802 4807 2905 4862 hac
2953 4805 3114 4876 culpa
3171 4811 3274 4873 est,
3333 4806 3462 4864 dum

1817 4894 1968 4964 cupit
2042 4895 2283 4950 omnium
2352 4901 2591 4950 vestrum
2666 4894 2937 4950 amicitias
3010 4892 3175 4961 ferre,
3242 4893 3466 4953 festinet

1817 4982 1981 5037 citius
2016 4982 2365 5039 reconciliari
2396 4984 2445 5038 ei
2477 4984 2572 5054 qui
2602 4983 2858 5039 omnibus
2887 4988 3110 5054 preest;
3144 4989 3200 5039 et
3229 4998 3329 5054 per
3356 4985 3465 5042 hoc

1812 5160 2065 5216 sidentis.
2106 5160 2162 5215 Si
2192 5173 2322 5216 vero
2360 5160 2486 5230 quis
2523 5160 2731 5217 amicus
2768 5159 2934 5217 fuerit
2980 5161 3068 5217 his
3104 5161 3306 5232 quibus
3342 5163 3463 5233 ipse

176 5213 334 5276 93.7.
371 5224 529 5299 [Lm]
576 5228 783 5303 (Ηιειι.)
824 5233 1152 5292 Domitianus
1192 5235 1245 5305 8,
1291 5245 1340 5296 et
1386 5242 1726 5302 Saturninus.
1814 5213 3465 5345 an;equitat;inag‘atgtita};anguineis..-

1443 5366 1670 5424 VARIIE
1720 5370 2004 5427 LECTION
2008 5372 2107 5427 ES.

178 5435 381 5510 ",jecti
418 5447 466 5503 l.
546 5447 606 5480 ¹²⁶
641 5451 759 5508 Hoc
801 5468 938 5510 anno

258 5454 525 5555 Legit“
546 5454 759 5555 Inﬁce
801 5468 938 5555 ann?
981 5457 1160 5538 prima
1210 5472 1368 5555 manu
1411 5463 1466 5546 in
1513 5465 1731 5555 decrero
1771 5470 2005 5553 margine
2061 5469 2375 5555 adnotatur:
2424 5470 2790 5555 Vespasianus
2840 5482 2981 5555 .ann‘.
3036 5470 3128 5535 IX,
3181 5454 3493 5555 mensibus

251 5502 269 5510 _
456 5502 461 5503 γ
641 5502 751 5508 ἡ--
802 5502 932 5510 ...η-ν
1022 5502 1158 5511 .-.ηπ
1212 5502 1367 5514 ...ις-ν..
1412 5502 1466 5517 η’
1513 5502 1615 5520 Μ
2218 5512 2221 5515 μ
2285 5502 2315 5524 u
2359 5512 2370 5523 .
2437 5502 2529 5524 usa
2570 5502 2715 5526 amau

119 5502 409 5609 ἓλάξξδιξδ
437 5519 530 5609 ξΧ
568 5535 755 5609 unus}
797 5530 846 5581 εί
876 5527 953 5609 ῐζςι
980 5502 1037 5582 ἔτι
1062 5502 2333 5609 aequatam_gmpera}:r‘&y{iméé’iéiita"giwé7t§i
2363 5502 2715 5609 recensentur,

2764 5542 2853 5615 qui
2907 5542 2977 5615 ad
3026 5556 3192 5597 annos
3227 5540 3461 5615 uulgaris

119 5585 563 5692 gwkzlddwtera
594 5598 750 5666 parte
790 5598 993 5669 positos
1029 5585 1311 5673 pertinent.
1370 5585 2143 5682 *"Vi."Ef'iiéis."'3'i5"ieg§
2701 5585 2879 5671 :"Vit'a
2994 5618 3241 5672 avertere
3269 5585 3368 5672 vos
3389 5614 3460 5692 ab

118 5660 173 5704 eo
196 5653 359 5726 Epist.
