4000 6158
454 314 560 369 659

1867 308 2147 363 MARIANI
2183 307 2411 364 SCOTTI

3722 299 3821 353 660

454 455 585 497 nare
615 439 711 495 Dei
740 437 1014 495 aclesiam
1047 436 1252 500 volunt,
1281 453 1308 484 η
1340 439 1394 489 et
1424 431 1656 502 reliqua.
1701 434 1811 489 11cc
1834 433 2092 489 Ancletus
2112 435 2164 495 Α
2183 448 2282 504 per
2310 433 2549 490 edictum
2572 431 2833 489 extrudit.
2859 431 3226 502 Appollonius
3253 428 3475 486 Tianius
3503 432 3561 484 et
3581 425 3824 482 Eufrates

455 544 595 600 papa
641 529 737 584 ait.
795 528 1079 583 Ancletum
1141 523 1294 595 (J23)
1363 536 1492 578 vero
1550 521 1773 578 omnino
1833 523 2100 580 Eusebius

456 617 840 688 pretermissit,
876 614 1132 685 quoniam
1175 612 1340 666 Linus
1379 616 1434 666 et
1463 610 1668 678 Cletus,
1712 610 1805 681 qui
1847 625 1955 667 non
1988 610 2101 666 fue-

456 713 583 762 runt
623 719 799 776 papa,
842 711 897 759 et
933 703 1183 758 Clemens
1221 707 1385 769 atque
1441 700 1735 756 Anacletus
1774 715 1804 754 a
1843 701 2098 771 passione

456 796 603 851 Petri
643 796 699 850 in
739 791 930 849 ultimo
986 803 1131 846 anno
1178 787 1414 845 Neronis
1459 803 1634 858 usque
1693 788 1759 844 ad
1811 791 2100 861 Trajanum

456 898 565 940 non
597 888 828 955 possunt
864 878 1024 936 simul
1055 879 1156 934 sub
1198 879 1419 948 regibus
1457 882 1624 933 stare.
1664 879 1725 932 In
1765 877 1889 934 loco
1929 893 2102 934 anno-

455 988 575 1031 rum
605 973 749 1029 enim
780 966 1095 1027 Clementis.
1129 965 1332 1037 quibus
1362 971 1486 1036 post
1535 967 1754 1021 Petrum
1801 981 1924 1022 cum
1963 967 2100 1022 Lino

455 1073 510 1120 et
544 1061 718 1126 Cleto,
759 1059 805 1115 si
843 1057 1004 1113 simul
1044 1063 1170 1126 post
1207 1057 1425 1110 Petrum
1457 1054 1563 1109 vivi
1593 1053 1833 1120 fuerunt,
1861 1056 1944 1112 vel
1977 1070 2100 1110 cum

453 1152 606 1208 Cleto
667 1152 878 1203 tantum
916 1147 1169 1202 Clemens
1225 1144 1543 1200 cathedram
1600 1143 1798 1209 tenuit,
1841 1146 2008 1200 Linus
2047 1150 2102 1200 et

451 1240 636 1296 Cletus
665 1243 794 1293 sunt
823 1233 1017 1306 possiti
1045 1255 1058 1301 ;
1095 1239 1149 1288 et
1179 1233 1234 1288 in
1266 1232 1390 1288 loco
1407 1231 1621 1288 Ancleti
1645 1245 1821 1301 papa,
1857 1233 1954 1301 qui
1976 1237 2103 1301 post

453 1328 787 1384 Clementem
845 1323 1033 1378 decem
1093 1321 1253 1376 annis
1307 1320 1598 1387 successit,
1657 1320 1911 1376 Clemens
1966 1333 2100 1390 pos-

452 1417 612 1472 situs.

522 1502 613 1558 94.
654 1501 710 1554 8.
771 1499 951 1573 [LXXII]
995 1495 1197 1568 tHIER.)
1247 1496 1496 1554 Silvanus
1550 1502 1596 1554 el
1653 1498 1884 1555 Priscus.
1926 1499 2100 1566 Quin-

455 1592 721 1658 tillianus,
763 1605 831 1645 ex
868 1588 1130 1659 Hispania
1173 1586 1639 1657 Calagurritanus,
1682 1587 1892 1656 primus
1930 1589 2102 1642 Rome

455 1679 731 1750 publicam
761 1677 966 1733 scolam
997 1680 1052 1731 et
1081 1675 1337 1730 salarium
1377 1688 1407 1730 e
1445 1675 1579 1731 ﬁsco
1627 1675 1843 1745 accepit
1890 1681 1946 1732 et
1992 1675 2102 1731 cla-

457 1769 585 1824 ruit.

527 1855 620 1909 95.
677 1855 732 1911 9.
799 1853 996 1925 [LXXIII]
1040 1851 1240 1924 (Hma)
1289 1854 1558 1922 Asprenas
1614 1856 1662 1906 et
1701 1850 1953 1909 Clemens.
1995 1854 2106 1908 Do-

461 1945 719 2000 mitianus
758 1943 1026 2013 plurimos
1063 1941 1331 1997 nobilium
1371 1942 1427 1995 in
1476 1939 1697 1995 exilium
1738 1942 1907 1998 mittit
1943 1948 2108 2012 atque

460 2034 707 2101 occidit;
758 2032 1175 2087 mathematicos
1239 2037 1295 2086 et
1361 2027 1710 2100 philosofhos
1763 2031 2009 2087 Romana
2048 2028 2110 2061 ¹³⁰

461 2123 596 2180 urbe
627 2121 859 2193 pepulit.

532 2209 622 2265 96.
681 2209 765 2264 10.
817 2208 1008 2279 [LXXIv]
1053 2207 1250 2277 (Hum)
1294 2207 1624 2263 Domitianus
1669 2205 1723 2262 9.
1775 2213 1824 2264 et
1879 2207 2112 2265 Clemens

459 2301 513 2357 2.
556 2299 720 2356 Multa
754 2313 922 2370 opera
961 2299 1016 2353 in
1046 2300 1217 2354 Roma
1247 2294 1408 2362 facta,
1441 2296 1498 2350 in
1529 2296 1729 2366 quibus
1758 2297 2108 2368 Capitolium,

461 2388 639 2446 forum
678 2389 1077 2454 transitorium,
1118 2386 1370 2442 divorum
1409 2385 1677 2454 porticus,
1711 2387 1876 2441 Isium
1916 2401 1980 2442 ac
2019 2389 2115 2442 Se-

463 2479 699 2550 rapium,
741 2477 1000 2544 stadium,
1052 2477 1250 2532 horrea
1299 2474 1572 2544 piperaza,
1613 2474 1931 2545 Vespasiani
1969 2481 2114 2531 tem-

467 2568 638 2638 plum,
707 2567 945 2621 Minerva
1009 2563 1344 2629 Calchidica,
1403 2562 1611 2629 odium,
1653 2562 1830 2618 forum
1897 2556 2111 2634 Trajani

468 2657 550 2724 ’3',
582 2657 811 2712 thermae
850 2657 1097 2725 Trajana
1136 2659 1190 2710 et
1220 2653 1478 2719 Ticiana,
1519 2657 1762 2719 senatus,
1804 2651 1966 2709 ludus
2003 2667 2116 2709 ma-

464 2747 697 2814 tutinus,
738 2745 876 2800 mica
916 2757 1101 2800 aurea.
1149 2742 1263 2812 [His
1292 2741 1614 2797 consulibus
1650 2741 1946 2798 Anacletus
1975 2757 2115 2814 papa

465 2837 624 2903 obiit,
656 2834 958 2892 secundum
997 2840 1150 2906 gesta
1182 2832 1541 2903 pontiﬁcum]

537 2925 751 2981 97.11.
790 2923 959 2995 [LXXV]
1008 2922 1224 2994 (Ηιειι.)
1278 2925 1459 2978 Nerva
1517 2921 1554 2974 2
1603 2927 1652 2977 et
1690 2923 1874 2991 Rufus.
1934 2923 2120 2979 Domi-

471 3015 652 3070 tianus
682 3013 750 3069 de
788 3013 948 3068 Dacis
973 3018 1027 3067 et
1055 3012 1338 3069 Germanis
1361 3011 1742 3082 triumphavit.
1780 3012 2118 3068 Domitianus

2182 521 2425 593 insignes
2456 521 2775 592 philosophi
2811 521 3107 576 habentur.
3165 522 3353 576 Roma
3419 518 3454 572 6
3521 515 3647 571 Kal.
3706 515 3820 571 Mai.

2182 610 2378 666 natalis
2423 611 2635 666 Ancleti
2701 625 2857 680 papa
2923 614 2979 664 et
3031 608 3300 680 Martyris,
3359 607 3461 663 sub
3519 604 3822 661 Domitiano

2182 700 2328 769 passi
2372 701 2544 770 (Diana
2575 698 2782 770 Mart),
2825 698 2918 768 qui
2958 699 3275 754 memoriam
3322 695 3469 752 beati
3518 694 3673 750 Petri
3705 707 3824 749 con-

2183 789 2383 844 struxit
2451 795 2507 845 et
2545 787 2904 858 compossuit,
2972 786 3066 842 ubi
3107 784 3354 856 episcopi
3392 782 3826 840 reconderentur

2187 877 2321 948 (Lib.
2352 876 2515 948 pont.)
2529 917 2542 931 .

2254 968 2532 1023 Evarista-s
2565 981 2708 1038 papa
2739 965 2793 1018 3.
2826 965 2979 1020 annis
3009 963 3074 1019 10
3111 963 3368 1019 mensibus
3406 962 3459 1017 2.

2259 1054 2377 1110 102.
2446 1054 2526 1110 16.
2600 1055 2766 1126 [LXXX]
2814 1053 3012 1115 (11mm)
3082 1054 3342 1123 Trajanus
3404 1051 3459 1106 4.
3503 1055 3553 1106 et
3614 1051 3824 1106 Fronto.

2183 1145 2523 1200 Domitianus
2569 1159 2666 1200 eos
2705 1145 2799 1214 qui
2839 1145 2907 1199 de
2946 1157 3150 1214 genere
3189 1142 3355 1198 David
3387 1148 3542 1214 erant
3596 1138 3824 1218 interﬁci

2179 1235 2363 1303 jussit,
2395 1241 2456 1290 ut
2493 1234 2677 1289 nullus
2703 1235 3000 1290 Judeorum
3032 1232 3186 1304 regni
3217 1231 3464 1302 reliquus
3502 1229 3672 1286 foret.
3697 1226 3828 1282 Scri-

2184 1324 2266 1379 bit
2295 1324 2559 1390 Bruttius,
2603 1322 2870 1393 plurimos
2903 1323 3340 1379 Christianorum
3376 1320 3483 1376 sub
3523 1317 3829 1375 Domitiano

2184 1413 2380 1470 fecisse
2419 1413 2723 1468 martirium
2747 1455 2761 1480 ,
2831 1412 2976 1468 inter
3013 1425 3154 1482 quos
3209 1417 3263 1467 et
3309 1409 3543 1466 Flaviam
3584 1405 3831 1463 Domicil—

2185 1503 2312 1570 lam,
2354 1501 2502 1557 Flavi
2539 1501 2838 1557 Clementis
2876 1500 3120 1556 consulis
3159 1514 3225 1555 ex
3263 1513 3454 1556 sorore
3495 1504 3744 1567 neptem,
3784 1495 3827 1550 in

2186 1590 2418 1647 insulam
2449 1589 2770 1646 Pontianam
2820 1587 3136 1659 relegatam,
3187 1587 3315 1657 quia
3360 1601 3421 1642 se
3468 1585 3826 1641 Christianam

2186 1695 2307 1736 esse
2347 1685 2545 1735 testata
2584 1678 2646 1708 ¹³³
2685 1684 2768 1733 est
2812 1677 2909 1748 (H.
2955 1675 3048 1748 Β.)
3099 1676 3264 1732 Multa
3303 1675 3456 1746 signa
3506 1681 3678 1744 atque
3718 1686 3828 1743 por-

2119 1759 2339 1825 Btenta
2377 1771 2564 1824 Roma
2595 1773 2651 1823 et
2689 1772 2806 1822 toto
2855 1766 2990 1822 orbe
3028 1765 3190 1822 facta.
3233 1764 3577 1820 Domitianus
3616 1776 3827 1819 suorum

2191 1858 2573 1929 conjuratione
2613 1857 2860 1913 occissus
2889 1861 2973 1911 est
3010 1856 3065 1910 in
3098 1854 3322 1925 palatio,
3353 1867 3501 1909 anno
3539 1852 3722 1908 atatis
3747 1850 3828 1918 35,

2191 1954 2247 2004 et
2276 1961 2375 2018 per
2402 1946 2724 2016 vispillones
2761 1944 3080 2016 ignobiliter
3108 1949 3378 2014 portatus,
3416 1942 3489 2013 [et
3517 1944 3692 1998 Nerva
3719 1955 3834 1996 suc-

2191 2038 2378 2104 cessit,
2420 2036 2508 2091 his
2536 2035 2876 2100 consulibus,
2917 2033 3248 2090 Cassiodoro
3278 2031 3460 2101 teste].

2263 2129 2613 2182 Romanorum
2647 2124 2732 2177 13.
2772 2125 2974 2190 Nerva,
3013 2122 3222 2178 Josebio
3269 2127 3319 2177 et
3363 2120 3516 2177 Beda
3556 2123 3700 2185 teste,
3754 2131 3834 2172 re-

2191 2215 2369 2284 gnavit
2398 2229 2534 2269 anno
2569 2213 2617 2279 1,
2668 2211 2927 2268 mensibus
2961 2211 3017 2278 4,
3068 2210 3250 2266 diebus
3290 2210 3344 2276 8,
3387 2210 3496 2265 hoc
3541 2213 3628 2264 est
3663 2219 3830 2276 usque

2193 2305 2261 2360 ad
2293 2304 2412 2359 Kal.
2446 2303 2644 2370 Martii,
2687 2302 2742 2356 in
2773 2314 2917 2356 anno
2945 2300 3036 2355 70.
3072 2306 3196 2370 post
3224 2299 3557 2369 passionem.
3589 2296 3699 2352 Sub
3729 2309 3832 2366 quo

2195 2394 2251 2448 hi
2289 2392 2548 2450 consules
2583 2390 2824 2458 fuerunt,
2864 2395 3006 2446 teste
3033 2388 3385 2445 Cassiodoro.

2272 2482 2390 2538 103.
2465 2482 2513 2537 l.
2586 2479 2774 2552 [LXXXI]
2823 2475 3034 2550 (1113s.)
3103 2478 3361 2547 Trajanus
3423 2475 3479 2542 5,
3546 2481 3598 2530 et
3657 2473 3830 2545 Oﬁlus.

2195 2570 2538 2628 Alexandria
2595 2568 2649 2622 3.
2709 2570 3005 2638 episcopus
3050 2565 3229 2623 Cerdo
3266 2564 3426 2620 annis
3490 2563 3570 2620 11.
3615 2565 3838 2619 Senatus

2197 2659 2442 2716 decrevit
2506 2664 2568 2720 ut
2631 2659 2813 2714 omnia
2877 2671 3000 2726 qua
3057 2643 3398 2712 Domitianus
3461 2658 3731 2708 statuerat
3786 2653 3833 2707 in

2197 2751 2415 2805 irritum
2482 2747 2872 2804 deduceretur.
2947 2747 3136 2816 Itaque
3203 2743 3360 2800 multi
3425 2754 3568 2813 quos
3642 2743 3835 2811 injuste

2191 2840 2404 2909 jecerat
2471 2836 2539 2893 de
2596 2837 2762 2893 exilio
2818 2834 3045 2902 reversi,
3103 2832 3369 2890 nonnulla
3423 2832 3568 2888 bona
3623 2831 3839 2902 propria

2199 2927 2309 2982 reci
2316 2929 2534 2996 perunt.

2275 3014 2395 3070 104.
2427 3014 2482 3069 2.
2529 3012 2736 3085 [LXXXII]
2785 3012 2995 3083 (Ηιιῑῐι.)
3047 3012 3268 3068 Senecio
3306 3009 3361 3066 2.
3403 3015 3450 3066 et
3481 3010 3640 3066 Sura.
3681 3009 3839 3065 Aiunt

472 3108 639 3159 tanta
677 3101 953 3171 superbia
981 3101 1105 3168 fuit,
1145 3106 1207 3156 ut
1243 3115 1439 3157 aureas
1483 3106 1540 3157 et
1575 3107 1866 3173 argenteas
1903 3108 2114 3159 statuas
2136 3099 2178 3158 C
2201 3109 2257 3161 et
2285 3102 2595 3174 apostolum
2622 3103 2926 3160 Iohannem
2959 3102 3102 3157 inter
3131 3113 3384 3156 reversos
3411 3099 3482 3155 de
3503 3099 3670 3156 exilio
3699 3098 3839 3154 solu-

472 3193 576 3249 sibi
616 3191 671 3247 in
713 3189 986 3261 Capitolio
1011 3189 1143 3259 poni
1169 3190 1354 3260 jussit.

540 3279 630 3336 98.
680 3278 763 3334 12.
821 3276 1014 3351 [Lxva]
1065 3279 1263 3348 (11mm)
1312 3276 1526 3334 Fuluius
1571 3281 1621 3334 et
1678 3280 1849 3335 Vetus.
1891 3280 2119 3336 Maxima

470 3370 742 3440 virginum
780 3368 1117 3424 Vestualium
1147 3367 1403 3424 Cornelia
1449 3367 1700 3424 convicta
1738 3369 1936 3438 stupri,
1965 3371 2119 3440 juxta

471 3459 645 3529 legem
673 3457 792 3513 viva
830 3456 1047 3514 defossa
1077 3463 1179 3514 est.
1209 3457 1548 3513 Domitianus
1585 3457 1870 3528 prohibuit
1898 3459 2037 3515 vites
2063 3459 2119 3514 in

471 3547 703 3603 urbibus
740 3547 872 3603 seri.

541 3637 631 3692 99.
690 3635 775 3691 13.
846 3637 1058 3708 [LXXVII]
1123 3637 1322 3708 (11mm)
1389 3634 1622 3693 Sabinus
1689 3641 1739 3692 et
1803 3637 2120 3694 Antoninus.

472 3725 552 3782 F1.
584 3727 856 3795 Joseppus
885 3725 1232 3780 vicessimum
1272 3725 1474 3780 librum
1522 3725 1911 3794 antiquitatum
1959 3725 2124 3796 hujus

472 3813 740 3884 temporis
777 3813 990 3870 scribit.
1033 3814 1373 3870 Domitianus
1401 3813 1604 3870 multos
1636 3814 1904 3870 nobilium
1943 3813 2126 3886 perdi-

475 3903 557 3958 dit
589 3909 644 3957 et
681 3902 948 3972 quosdam
979 3902 1034 3957 in
1066 3903 1289 3958 exilium
1319 3903 1516 3959 missit.

747 3989 893 4060 [Cod.
926 3990 980 4044 in
1017 4004 1208 4060 marg.,
1242 3992 1560 4047 Persecutio
1589 3989 1872 4062 secunda.]

556 4077 674 4133 100.
729 4079 812 4134 14.
868 4079 1101 4150 [LXXVIII]
1154 4081 1355 4150 (Hum)
1412 4083 1596 4137 Nerua
1641 4079 1716 4150 3,
1765 4085 1815 4136 et
1866 4083 2126 4151 Trajanus

479 4171 533 4227 3.
577 4169 861 4226 Secundus
915 4178 1042 4240 post
1092 4171 1364 4226 Neronem
1401 4171 1742 4228 Domitianus
1780 4172 2128 4230 Christianos

481 4259 866 4331 persequitur;
901 4265 956 4315 et
984 4259 1085 4315 sub
1116 4273 1182 4316 eo
1213 4260 1513 4330 apostolus
1533 4261 1811 4316 Johannes
1832 4261 1886 4316 in
1914 4261 2128 4319 ferven-

480 4351 554 4407 tis
583 4349 690 4406 olei
730 4349 936 4406 dolium
993 4357 1120 4406 ante
1170 4357 1381 4421 portam
1421 4351 1665 4407 Latinam
1717 4353 1888 4407 Rome
1929 4353 2129 4409 missus

2202 3201 2338 3260 tum,
2386 3193 2670 3248 -Etlhesum
2728 3191 3056 3259 revertisse;
3107 3190 3163 3246 in
3211 3203 3320 3260 qua
3375 3188 3512 3244 urbe
3557 3195 3618 3244 et
3663 3186 3840 3258 hospi-

2206 3284 2398 3340 tiolum
2439 3288 2495 3339 et
2521 3283 2728 3338 amicos
2757 3281 3160 3337 amantissimos
3196 3281 3280 3336 sui
3327 3279 3585 3336 habebat.
3625 3276 3838 3350 (83111.)

2207 3372 2555 3443 Evangelium
2587 3385 2807 3442 quoque
2836 3378 3028 3428 contra
3075 3370 3353 3426 hereticos
3399 3369 3724 3424 conscribit.
3760 3369 3841 3424 Ju-

2206 3467 2325 3518 stus
2389 3475 2420 3516 a
2484 3459 2774 3516 Tiberiade
2847 3459 3145 3515 Judeorum
3207 3458 3448 3527 scriptor
3513 3457 3836 3528 agnoscitur.

2212 3552 2427 3624 (111511.)
2454 3551 2626 3607 Rome
2658 3563 2850 3620 passus
2880 3550 3119 3614 Eutices,
3157 3548 3468 3604 Victorinus
3520 3553 3576 3602 et
3623 3548 3837 3610 Mauro;

2206 3641 2349 3712 apud
2381 3640 2773 3696 Amiterninam
2807 3639 2997 3694 urbem
3028 3637 3343 3693 Victorinus
3381 3637 3701 3706 episcopus,
3749 3633 3839 3690 fra-

2207 3739 2292 3787 ter
2322 3729 2587 3807 Severini.
2627 3727 2821 3800 (REG.)
2854 3728 3028 3783 Nerva
3059 3727 3198 3782 obiit
3237 3726 3292 3781 in
3341 3725 3480 3780 ortis
3509 3724 3838 3789 Salustianis,

2205 3820 2297 3885 72,
2347 3819 2525 3875 atatis
2563 3829 2729 3884 anno,
2772 3831 2895 3872 cum
2947 3817 3058 3886 jam
3105 3816 3393 3884 Trajanum
3441 3813 3760 3883 adoptasset
3793 3813 3839 3867 in

2207 3908 2399 3976 tilium,
2460 3907 2562 3978 [his
2618 3905 2958 3973 consulibus,
3019 3911 3158 3960 teste
3215 3903 3591 3973 Cassiodoro].
3653 3899 3837 3972 (HIEIL)

2208 3997 2491 4066 Trajanus,
2523 3995 2822 4066 Agrippine
2854 3995 3018 4059 ﬁlius,
3045 3994 3100 4049 in
3130 3993 3299 4050 Gallis
3328 3991 3839 4062 imperator-factus,

2209 4091 2370 4141 natus
2399 4084 2586 4140 Italice
2616 4084 2672 4139 in
2705 4083 2986 4153 Hispania.

2279 4176 2630 4230 Romanorum
2667 4172 2748 4226 14.
2789 4172 3026 4241 regnavit
3074 4171 3335 4241 Trajanus
3381 4171 3536 4226 anuis
3591 4170 3678 4236 19,
3724 4182 3842 4223 m-

2207 4265 2350 4320 sibus
2403 4264 2476 4330 6,
2535 4262 2716 4318 diebus
2760 4263 2863 4330 15,
2921 4267 3049 4318 teste
3105 4277 3254 4317 omne
3294 4261 3565 4326 historico,
3630 4261 3725 4314 hoc
3777 4262 3843 4314 est

2208 4369 2370 4425 usque
2408 4352 2681 4409 Kalendas
2711 4351 3052 4422 Septembris,
3082 4351 3137 4406 in
3165 4365 3303 4407 anno
3346 4350 3435 4405 89.
3487 4357 3618 4420 post
3655 4348 3843 4420 passio-

485 4439 675 4512 (Rec.,
708 4440 872 4506 BEDA,
906 4438 1104 4508 Hum),
1147 4439 1242 4496 sed
1283 4440 1420 4494 nihil
1461 4439 1637 4496 lessus
1682 4445 1885 4507 tamen,
1927 4442 2053 4512 quia
2093 4442 2187 4500 aD
2209 4458 2354 4501 nem.
2413 4443 2524 4498 Sub
2563 4456 2674 4512 quo
2733 4442 2789 4497 hi
2845 4439 3104 4497 consules
3159 4439 3402 4505 fuerunt,
3463 4445 3606 4494 teste
3654 4436 3843 4494 Cassio-

482 4528 838 4599 corruptione
894 4529 1076 4583 carnis
1114 4534 1232 4584 erat
1269 4527 1563 4597 immunis;
1607 4528 1808 4585 deinde
1866 4530 1921 4585 in
1960 4531 2129 4586 Path-

482 4635 628 4677 mum
659 4619 890 4675 insulam
929 4619 1192 4690 religatus
1221 4618 1561 4689 apocalipsin
1591 4619 1748 4688 vidit,
1781 4635 1943 4690 quam
1974 4621 2130 4678 I-Iire-

484 4710 609 4765 nius
636 4709 1032 4779 interpretatus
1070 4711 1173 4764 est.
1220 4705 1333 4778 [His
1361 4707 1680 4763 consulibus
1709 4709 1961 4765 Clemens
1991 4724 2130 4781 papa

485 4813 678 4870 passus
714 4804 818 4865 est,
849 4797 1149 4853 secundum
1179 4801 1332 4868 gesta
1371 4797 1730 4868 pontiﬁcum]

559 4886 680 4941 101.
726 4886 810 4942 15.
847 4885 1035 4957 [LXXIX]
1079 4885 1138 4918 ¹³’
1180 4887 1381 4952 (ΗΙΕΒ.)
1422 4886 1642 4943 Senecio
1690 4890 1739 4940 et
1776 4884 1981 4942 Palma.
2022 4889 2126 4944 Do-

486 4976 747 5035 mitianus
793 4989 1011 5032 rursum
1040 4975 1348 5046 philosofos
1386 4981 1440 5032 et
1473 4976 1890 5033 mathematicos
1935 4978 2126 5034 Roma

2213 4535 2374 4590 doro.

2288 4621 2408 4676 105.
2446 4620 2493 4676 l.
2531 4608 2762 4692 [LXXXIII]
2809 4618 3024 4692 (Hum)
3081 4619 3342 4688 Trajanus
3378 4617 3433 4672 6.
3484 4622 3534 4674 et
3573 4617 3840 4675 Maximis.

2212 4713 2446 4768 Decreto
2485 4715 2708 4766 senatus
2744 4711 2919 4765 Nerva
2949 4709 3005 4765 in
3044 4708 3182 4765 deos
3209 4707 3439 4764 relatus.

2470 4799 2603 4870 [cod.
2643 4798 2699 4854 in
2726 4799 2982 4867 margine.
3024 4797 3207 4854 Ciclus
3233 4797 3340 4853 sol.
3373 4795 3613 4866 incipit.]

2283 4887 2402 4944 106.
2441 4888 2494 4944 2.
2542 4887 2768 4960 [LXXXIV]
2825 4887 2916 4959 (cf.
2965 4887 3155 4956 Beda.)
3205 4885 3429 4944 Senecio
3477 4883 3534 4940 3.
3583 4888 3639 4940 et
3690 4883 3842 4939 Sure-

2209 4979 2324 5035 Hoc
2352 4991 2519 5045 anno,
2569 4977 2624 5034 id
2673 4981 2757 5034 est
2794 4976 2891 5032 84°
2947 4974 3348 5034 incarnationis
3392 4973 3698 5032 secundum
3731 4969 3843 5028 Dio-

1835 5096 2059 5154 VARUS
2111 5097 2395 5154 LECTION
2400 5097 2498 5152 ES.

556 5211 618 5244 ¹³⁰
641 5229 960 5292 romamana
989 5217 1036 5271 l.
1062 5289 1076 5292 _
1115 5215 1174 5249 ¹⁸ί
1204 5215 1258 5273 ni
1276 5219 1414 5292 post
1433 5217 1540 5274 add
1566 5217 1613 5292 12
1634 5289 1649 5292 Α
1671 5217 1914 5292 κιδζζηάθ
1932 5217 2001 5292 ab
2035 5217 2132 5274 hoc
2160 5234 2296 5276 anno
2326 5221 2484 5292 etiam
2509 5233 2666 5292 papa
2683 5219 2986 5292 inuertere
3016 5219 3250 5292 margine
3275 5220 3542 5292 ponuntur
3564 5214 3737 5292 quiat!
3762 5213 3844 5267 hos

487 5297 651 5341 annos
683 5289 1078 5363 pertinent,s_ed
1096 5287 1332 5363 secunda
1354 5304 1510 5344 manu
1532 5289 1852 5363 :_‘101.‘79:
1887 5290 2072 5347 Cletus
2100 5305 2240 5363 papa
2269 5287 2894 5349 secundu’m’Eusebium
2924 5305 3054 5348 ann.
3095 5287 3178 5344 l2.
3201 5287 3417 5343 —'ll3.
3449 5287 3588 5359 (91.)
3614 5287 3845 5344 Clemens

488 5367 627 5424 Papa
666 5359 777 5417 sec.
821 5361 1116 5418 Eusebium
1144 5373 1272 5417 ann.
1305 5359 1341 5414 9
1369 5365 1466 5417 etc.
1549 5360 1615 5393 ⁸³³
1643 5365 1781 5417 testa
1820 5362 1866 5418 1.

2071 5459 2288 5518 ΝΟΤᾸΞ.

565 5567 716 5658 (123)
745 5583 865 5642 Non
893 5583 1212 5642 Anacletum
1241 5585 1339 5642 sed
1367 5585 1580 5642 Cletum
1617 5585 1886 5644 Eusebius
1923 5591 2032 5644 tam
2072 5585 2127 5644 in
2153 5587 2360 5646 Chron.
2397 5601 2558 5660 quam
2587 5586 2644 5644 in
2677 5585 2816 5644 Hist.
2859 5584 2995 5643 eccl.
3030 5582 3403 5656 praetermisit.
