4000 6158
468 304 575 362 663

1884 312 2163 367 ΜΑΒΙΑΝΙ
2201 311 2430 368 SCOTTI

3750 303 3848 360 664

533 436 884 488 Romanorum
941 432 1025 486 15.
1075 434 1342 489 Adrianus
1385 434 1663 489 secundum
1709 438 1997 511 Romanam
2043 436 2407 504 hi-AQuibus
2447 433 2507 465 1“
2562 437 2871 489 commotus
2916 430 3240 497 Adraanus,
3299 429 3526 485 Minutio
3584 429 3850 501 Fundana:

460 523 681 578 storiam
727 524 963 591 regnavit
1012 523 1164 577 annis
1210 521 1299 588 21,
1348 522 1607 578 mensibus
1669 523 1752 591 10,
1798 524 1980 579 diebus
2024 525 2116 594 20,

464 612 571 667 hoc
618 618 703 667 est
751 626 923 681 usque
972 611 1039 665 ad
1088 610 1206 664 Kal.
1256 610 1505 680 Augusti,
1554 613 1610 666 in
1658 626 1802 669 anno
1849 613 1940 667 lll
1996 622 2120 685 post

464 701 775 769 passionem
806 700 1039 755 Domini.
1071 699 1181 753 Sub
1212 713 1321 768 quo
1352 699 1408 754 hi
1439 701 1695 756 consules
1714 700 1955 768 fuerunt,
1980 710 2118 759 teste

463 788 812 845 Cassiodoro.
1956 852 1961 859 ‘

541 877 660 931 125.
718 877 763 931 l.
828 876 966 945 [c111]
1020 878 1216 946 (111153.)
1276 880 1436 933 Verus
1487 885 1535 934 et
1590 881 1786 949 Auger.
1846 879 2120 935 Adrianus

465 967 649 1023 [talice
691 967 746 1020 in
788 966 1045 1034 Hispania
1092 974 1274 1032 natus,
1324 969 1672 1024 consobrina:
1720 969 1936 1037 Trajani
1976 968 2119 1023 ﬁlius

462 1055 583 1111 iuit.
638 1054 945 1110 Hadrianus
989 1055 1372 1112 Alexandriam
1420 1072 1451 1111 a
1498 1059 1759 1113 Romanis
1803 1058 2118 1113 subversam

462 1141 698 1211 publicis
727 1142 1050 1198 instauravit
1079 1145 1355 1212 expensis.
1400 1146 1708 1201 Hadrianus
1736 1146 1951 1215 Trajani
1981 1146 2121 1200 invi-

460 1231 597 1285 dens
624 1226 837 1299 gloriae,
872 1231 940 1286 de
979 1232 1206 1297 Assiria,
1239 1235 1649 1305 Mesopotamia,
1681 1235 1956 1300 Armenia,
1982 1249 2120 1304 quas

460 1318 552 1373 ille
584 1319 895 1388 provincias
923 1320 1149 1387 fecerat,
1183 1322 1460 1377 revocavit
1492 1323 1813 1378 exercitum.

537 1406 656 1460 126.
710 1406 764 1461 2.
821 1408 943 1478 [Civ]
998 1410 1194 1480 (Ηιειι.)
1240 1410 1430 1465 Aviola
1477 1416 1525 1468 et
1572 1414 1770 1467 Pansa.
1813 1412 2120 1468 Hadrianus

458 1495 664 1551 Judeos
704 1498 872 1565 capit,
914 1499 1160 1554 secundo
1205 1507 1397 1554 contra
1444 1502 1723 1556 Romanos
1762 1501 2116 1567 rebellantes,

463 1584 694 1639 Senatus
744 1586 1030 1653 Trajanum
1090 1587 1147 1641 in
1195 1588 1332 1643 deos
1382 1588 1587 1644 reffert.
1640 1589 1947 1646 Hadrianus
1985 1605 2116 1646 eru-

463 1673 769 1728 ditissimus
805 1675 861 1728 in
910 1682 1142 1745 utraque
1199 1675 1405 1748 lingua,
1461 1678 1558 1734 sed
1598 1692 1892 1749 puerorum
1926 1693 2115 1750 parum

463 1761 755 1818 continens
784 1759 904 1818 fuit.

541 1851 659 1904 127.
698 1851 751 1905 3.
799 1851 900 1922 [cv]
951 1851 1150 1923 (1111511.)
1198 1856 1453 1909 Paternus
1490 1859 1539 1910 et
1572 1859 1887 1928 Torquatus.
1921 1856 2111 1913 Adria-

467 1955 569 1996 nus
599 1940 810 2010 reliqua
840 1941 1044 1996 tributa
1082 1942 1312 1997 urbibus
1354 1944 1635 2009 relaxavit,
1667 1947 1834 2001 cartis
1872 1947 2110 2016 pupilice

467 2029 743 2097 incensis;
792 2030 1058 2099 plurimos
1109 2032 1271 2086 etiam
1331 2033 1551 2088 tributis
1609 2033 1815 2090 liberos
1850 2036 2110 2104 prestitit.

468 2118 786 2173 Plutarchus
829 2118 1146 2175 Cheroneus
1185 2125 1240 2175 et
1286 2121 1481 2176 Sextus
1540 2128 1595 2177 et
1642 2123 2020 2193 Agathobolus
2060 2128 2117 2180 et

464 2208 777 2263 OEnomaus
802 2207 1117 2277 philosophi
1147 2208 1391 2279 insignes
1430 2210 1719 2267 habentur.

544 2295 660 2351 128.
702 2296 753 2350 4.
793 2297 914 2367 [cvr]
955 2298 1166 2368 (Hum)
1203 2298 1399 2354 Gabrio
1429 2304 1478 2356 et
1499 2302 1857 2372 Apronianus.
1910 2302 2115 2359 Bellum

465 2393 657 2441 contra
687 2387 1033 2442 Sauromatas
1070 2394 1303 2457 gestum.
1348 2390 1529 2445 Terrae
1564 2397 1715 2446 motu
1751 2390 1916 2457 facto,
1958 2392 2119 2449 Nico-

469 2474 646 2529 media
677 2473 807 2539 ruit,
837 2480 891 2529 et
921 2474 1141 2529 Nicenae
1173 2475 1229 2506 “‘
1273 2475 1425 2530 urbis
1452 2477 1701 2545 plurimae
1731 2491 1937 2535 eversae
1966 2486 2116 2546 sunt,

467 2563 533 2617 ad
575 2576 804 2632 quarum
845 2562 1296 2619 instaurationem
1328 2564 1637 2622 Hadrianus
1666 2567 1735 2623 de
1775 2568 1997 2638 puplico
2036 2575 2121 2626 est

468 2651 698 2722 largitus
723 2652 1017 2722 impensas.

546 2741 664 2795 129.
695 2742 749 2796 5.
780 2743 923 2814 [cvu]
960 2742 1155 2814 (Hum)
1174 2744 1469 2801 Assiaticus
1499 2752 1548 2801 et
1577 2747 1819 2815 Quintus.
1870 2749 2122 2807 Eufrates

467 2831 685 2887 Stoicus
732 2831 1096 2902 philosophus
1142 2835 1394 2889 moritur.
1440 2836 1747 2893 Hadrianus
1793 2837 1850 2892 in
1890 2839 2120 2906 Libiam,

469 2935 591 2990 quae
630 2935 662 2976 a
702 2921 910 2976 Iudaeis
939 2928 1145 2977 vastata
1176 2922 1237 2954 “'
1281 2922 1476 2989 fuerat,
1511 2926 1759 2982 colonias
1787 2926 2032 2984 deducit.

547 3007 664 3063 130.
713 3009 767 3063 6.
825 3009 988 3079 [cvm]
1030 3011 1232 3081 (HIER.)
1281 3013 1442 3066 Verus
1486 3017 1536 3067 et
1562 3013 1868 3083 Ambiguus.
1899 3016 2127 3073 Hadria-

2200 522 2519 594 proconsuli
2568 520 2711 577 Asiae
2776 519 3040 589 scripsit,
3108 519 3229 575 sine
3295 519 3516 588 objectu
3573 519 3849 574 criminum

2199 612 2541 669 Christianos
2594 623 2706 667 non
2774 608 3306 678 condempnandos;
3375 609 3536 677 cujus
3609 608 3850 678 epistola

2200 716 2373 771 usque
2415 700 2485 755 ad
2533 704 2777 755 nostram
2827 698 3146 753 memoriam
3186 697 3357 753 clarat
3394 696 3727 767 exemplum.
3759 699 3851 753 1m-

2201 796 2421 859 perator
2458 789 2730 845 Adrianus
2770 792 2928 857 pater
2966 786 3161 856 patriae
3198 786 3527 856 appellatur.

2277 878 2394 935 136.
2434 877 2517 931 12.
2568 875 2724 947 [cxrv]
2781 874 2974 947 (Anon.
3025 876 3216 937 Mart.)
3252 873 3494 929 Teberius
3534 877 3583 928 et
3614 872 3845 930 Silanus.

2198 967 2380 1022 Sixtus
2406 981 2544 1036 papa
2574 979 2766 1036 passus
2803 964 2837 1017 8
2878 964 3005 1019 ldus
3035 963 3210 1033 April.

2271 1056 2369 1126 (Cf.
2420 1055 2533 1110 Lib.
2575 1060 2719 1126 pont.
2786 1058 2958 1110 Anon.
3009 1055 3200 1119 Mart.,
3245 1050 3432 1122 HIER.)
3479 1051 3851 1122 Thelesphorss

2195 1160 2339 1217 papa
2389 1145 2425 1198 6
2468 1148 2584 1215 post
2630 1146 2870 1209 Petrum,
2924 1144 3078 1198 annis
3132 1140 3216 1194 11.
3272 1140 3375 1196 Hic
3420 1140 3688 1197 constituit
3724 1148 3781 1197 ut
3818 1142 3849 1193 7

2199 1235 2518 1290 ebdomadas
2556 1232 2741 1304 plenas
2788 1236 2909 1286 ante
2944 1230 3146 1302 pascha
3193 1244 3368 1284 omnes
3406 1228 3584 1284 clerici
3621 1246 3657 1283 ιι
3701 1245 3852 1285 carne

2190 1324 2434 1395 jejunant
2463 1327 2511 1377 et
2540 1322 2595 1376 in
2623 1326 2771 1376 nocte
2799 1318 2996 1375 natalis
3025 1320 3235 1375 Domini
3271 1320 3444 1373 missae
3471 1318 3853 1375 celebrarentur

2200 1418 2249 1468 et
2278 1417 2332 1467 ut
2371 1410 2512 1481 apud
2546 1411 2755 1464 missam
2790 1429 2814 1457 α
2853 1407 3037 1464 Gloria
3060 1408 3116 1462 in
3144 1406 3368 1462 excelsis
3403 1426 3432 1458 »
3462 1412 3789 1461 scrutaretur.

2269 1499 2575 1557 Antiochia:
2595 1498 2956 1555 constituitur
2982 1495 3017 1548 4
3047 1497 3343 1566 episcopus
3372 1496 3682 1551 Cornelius.
3705 1496 3849 1551 Nica-

2199 1590 2342 1659 polis
2380 1594 2435 1644 et
2463 1589 2723 1643 Cessarea
2752 1591 2916 1640 terrae
2948 1591 3099 1640 motu
3130 1583 3515 1639 conciderunt.

2277 1676 2395 1730 127.
2435 1674 2519 1731 l3.
2572 1674 2707 1746 [cxv]
2766 1672 2981 1745 (Hiram)
3029 1673 3248 1741 Sergius
3292 1678 3341 1727 et
3381 1675 3563 1727 Vetus.
3595 1673 3853 1728 Antinous

2126 1774 2338 1838 Bpuer
2383 1765 2530 1836 regis
2585 1762 2799 1819 eximiae
2839 1760 3228 1833 pulcritudinis
3260 1760 3317 1816 in
3365 1762 3563 1832 Egipto
3609 1761 3850 1817 moritur.

2198 1869 2360 1926 quem
2390 1853 2663 1909 Adrianus
2686 1852 3040 1908 vehementer
3063 1850 3363 1920 deplorans
3392 1881 3467 1891 —
3494 1863 3620 1904 nam
3651 1850 3708 1905 in
3741 1849 3852 1905 dili-

2205 1943 2308 2000 ciis
2338 1943 2606 1998 habuerat
2633 1972 2704 1981 —
2740 1942 2797 1996 in
2828 1940 2967 1996 deos
3004 1938 3277 2006 refertur;
3330 1953 3397 1995 ex
3436 1940 3596 2009 cujus
3644 1940 3849 1995 nomine

2205 2032 2370 2087 etiam
2410 2030 2543 2086 urbs
2581 2028 2856 2099 appellata
2903 2035 3007 2084 est.
3057 2028 3442 2084 Alexandrina:
3502 2027 3774 2084 accelesia:
3822 2027 3851 2080 6

2203 2122 2501 2192 episcopus
2539 2116 2743 2188 prefuit
2771 2117 3071 2174 Heumines
3098 2118 3257 2173 annis
3299 2116 3384 2173 13.

2284 2208 2404 2264 138.
2459 2207 2542 2262 14.
2606 2208 2763 2278 [cxvr]
2819 2206 3036 2279 (Hunc)
3087 2208 3434 2279 Pompeianus
3475 2210 3532 2261 et
3575 2206 3849 2262 Atiliaus.

2198 2298 2479 2368 Templum
2526 2298 2698 2353 Rome
2738 2301 2794 2351 et
2822 2297 3040 2352 Veniris
3088 2296 3191 2351 sub
3219 2295 3463 2352 Adriano
3513 2295 3572 2350 in
3611 2296 3758 2351 Urbe
3784 2293 3852 2349 fa-

2200 2394 2349 2443 ctum
2407 2392 2510 2443 est.
2570 2386 2781 2442 Salvius
2832 2385 3083 2441 Julianus
3142 2391 3469 2455 perpetuum
3527 2384 3852 2455 compossuit

2201 2475 2463 2532 edictum.

2282 2564 2401 2622 139.
2450 2563 2529 2621 15.
2578 2562 2758 2635 [cxvu]
2812 2564 3014 2634 (11mm)
3053 2562 3400 2634 Pompeianus
3446 2560 3482 2615 2
3528 2568 3579 2617 et
3629 2563 3852 2617 Conme-

2203 2656 2319 2711 dus.
2371 2654 2681 2711 Hadrianus
2718 2652 2949 2710 Athenis
2987 2652 3223 2709 hiemem
3270 2653 3517 2723 exigens,
3551 2652 3847 2708 Eleusinam

2207 2745 2443 2800 invissit.
2503 2742 2817 2799 Hadrianus
2856 2755 2978 2798 cum
3023 2742 3269 2813 insignes
3292 2748 3348 2797 et
3402 2741 3675 2811 plurimas
3719 2740 3851 2797 aedes

2205 2832 2434 2889 Athenis
2484 2831 2744 2896 fecisset,
2812 2843 3044 2903 agonem
3119 2829 3295 2885 edidit
3364 2829 3851 2899 bibliothecamque

2206 2926 2538 3066 “1141326.
2597 3009 2797 3080 [cxvm]
2856 3008 3051 3079 (HIEB.)
3098 3005 3291 3064 Laelius
3328 3013 3378 3063 et
3414 3006 3655 3064 Albinus.
3704 3005 3847 3063 Judei

472 3110 575 3151 nus
619 3096 1047 3152 Atheniensibus
1094 3098 1242 3168 leges
1285 3099 1602 3168 petentibus
1648 3114 1715 3155 ex
1761 3102 2026 3157 Draconis
2066 3094 2259 3158 etGin
2307 3114 2458 3155 arma
2505 3099 2671 3165 versi,
2725 3097 3050 3153 Palestinam
3100 3096 3421 3167 depOpnlati
3451 3104 3600 3164 sunt,
3643 3102 3848 3152 tenente

471 3184 690 3242 Solonis
717 3185 1165 3255 reliquorumque
1195 3187 1351 3242 libris
1372 3188 1497 3256 jura
1521 3190 1877 3259 compossuit.

549 3273 668 3328 131.
704 3275 756 3328 7.
795 3274 914 3345 [cur]
956 3276 1153 3346 (Ηιιειι.)
1184 3275 1492 3332 Gallicanus
1519 3283 1568 3333 et
1603 3280 1857 3337 Titianus.
1887 3282 2124 3339 Ceﬁssus

472 3363 667 3419 ﬂuvius
696 3362 1003 3419 Eleusinam
1037 3364 1340 3431 inundavit,
1373 3379 1534 3435 quem
1554 3366 1827 3424 Adrianus
1862 3368 1923 3400 ‘“
1952 3374 2122 3440 ponto

472 3452 533 3489 υ*
562 3454 906 3524 conjungens
931 3452 1161 3509 Athenis
1190 3454 1424 3510 hiemem
1455 3457 1656 3527 exegit.

548 3540 665 3598 132.
716 3541 770 3595 8.
824 3542 922 3613 [cx]
977 3541 1181 3612 (Hunc)
1227 3546 1518 3615 Torquatus
1546 3551 1595 3601 el
1632 3545 1782 3602 Libo.
1825 3546 2126 3605 Hierosoli-

471 3633 573 3687 mis
603 3630 663 3684 10
692 3636 814 3700 post
841 3630 1153 3701 Philippum
1184 3634 1542 3689 constituitur
1568 3635 1865 3706 episcopus
1892 3638 2121 3694 Seneca.

472 3722 601 3776 Post
646 3734 807 3790 quem
862 3720 917 3772 11
968 3723 1186 3789 Justus,
1245 3724 1334 3778 cui
1380 3724 1630 3780 succedit
1684 3723 1747 3778 12
1798 3727 1946 3794 Levi,
1999 3735 2125 3798 post

473 3823 637 3880 quem
674 3808 737 3861 13
765 3808 939 3875 Efres,
987 3808 1051 3863 l4
1074 3812 1278 3879 Jesses,
1316 3811 1381 3866 l5
1415 3812 1602 3869 ludas.
1635 3815 1701 3870 Hi
1731 3828 1923 3872 omnes
1952 3832 2125 3887 usque

473 3898 542 3953 ad
573 3897 935 3963 eversionem,
969 3912 1131 3968 quam
1152 3900 1219 3954 ab
1248 3900 1489 3957 Adriano
1521 3917 1782 3972 perpessa
1812 3910 1896 3960 est
1936 3907 2128 3962 Hieru-

472 3985 662 4051 salem,
695 3998 762 4040 ex
792 3985 1213 4045 circumcisione
1240 3990 1295 4044 hi
1326 3990 1571 4061 episcopi
1603 3992 1944 4062 prefuerunt.

550 4073 669 4128 133.
721 4073 775 4127 9.
829 4074 947 4146 [cxr]
1005 4078 1201 4147 (Hunc)
1257 4077 1457 4135 Cellsus
1506 4085 1554 4136 et
1610 4082 1973 4139 Marcellinus.
2023 4087 2129 4140 Ha-

474 4169 701 4227 drianus
750 4163 922 4223 sacris
985 4167 1240 4223 Eleusine
1292 4169 1559 4237 initiatus,
1619 4172 1787 4229 multa
1834 4174 2131 4231 Athenien-

388 4298 400 4306 .
471 4260 625 4317 sibus
664 4260 808 4317 dona
843 4257 1091 4329 largitur.
1134 4257 1461 4325 Quadratus,
1503 4260 1809 4331 discipulus
1854 4263 2131 4333 apostolo-

474 4366 614 4419 rum,
674 4356 730 4407 et
778 4349 1046 4406 Aristides
1083 4348 1453 4416 Atheniensis,
1505 4357 1696 4407 noster
1743 4352 2128 4424 philosophus,

2206 3188 2543 3258 provinciam
2581 3188 2738 3244 Tinio
2785 3186 2927 3243 Rufo
2976 3186 3066 3243 cui
3094 3186 3162 3242 ad
3202 3186 3600 3257 obprimendos
3630 3185 3850 3242 rebelles

2206 3278 2517 3334 Hadrianus
2558 3277 2737 3333 missit
2787 3277 3108 3334 exercitum.
3169 3276 3472 3332 Favorinus
3529 3282 3584 3332 et
3643 3275 3847 3332 Polemo

2206 3368 2460 3423 rethores
2490 3367 2738 3436 insignes
2775 3367 3069 3422 habentur.

2282 3455 2401 3512 141.
2450 3457 2533 3511 17.
2582 3454 2739 3526 [cxrx]
2789 3452 2991 3525 (Hum)
3040 3454 3346 3511 Camerinus
3381 3458 3431 3509 et
3481 3454 3673 3523 Niger.
3721 3453 3849 3509 Basi-

2205 3544 2346 3601 lides
2374 3544 2756 3600 heresiarches
2785 3543 2841 3598 in
2870 3542 3199 3598 Alexandria
3247 3550 3641 3608 commoratur,
3683 3557 3715 3597 a
3753 3555 3846 3611 quo

2204 3633 2470 3690 Gnostici.
2522 3632 2846 3688 Chochebas
2890 3630 3002 3686 dux
3029 3631 3273 3687 Judaicae
3303 3629 3580 3697 factionis,
3616 3631 3847 3687 nolentes

2205 3725 2311 3780 sibi
2369 3723 2711 3780 Christianos
2756 3722 3019 3777 adversus
3067 3721 3295 3777 militem
3362 3722 3670 3776 Romanum
3724 3719 3845 3776 ferre

2206 3813 2513 3871 subsidium
2555 3810 2889 3869 omnimodis
2926 3810 3263 3866 cruciatibus
3291 3818 3455 3866 necat
3480 3808 3561 3862 ιδ’.

2286 3901 2405 3958 142.
2461 3900 2545 3956 18.
2599 3899 2734 3971 [cxx]
2787 3897 3003 3970 (11133.)
3063 3898 3323 3953 Antonius
3368 3903 3417 3952 et
3466 3899 3714 3953 Presens.
3746 3896 3850 3952 Bel-

2209 3991 2320 4047 lum
2346 3989 2656 4054 Judaicum,
2698 3986 2848 4057 quod
2890 3986 2946 4041 in
2996 3986 3268 4042 Palestina
3315 3986 3616 4057 gerebatur
3642 4029 3657 4052 ,
3706 3985 3845 4041 ﬁnem

2209 4079 2443 4148 accepit,
2478 4078 2643 4134 rebus
2680 4076 2981 4132 Judeorum
3021 4076 3244 4146 penitus
3284 4076 3607 4147 oppressis;
3650 4090 3715 4131 ex
3751 4087 3845 4144 quo

2210 4183 2459 4245 tempore
2501 4174 2663 4230 etiam
2710 4172 3026 4230 introeundi
3066 4173 3149 4228 eis
3194 4172 3616 4229 Hierosolimam
3648 4171 3847 4229 licentia

2212 4265 2392 4321 ablata
2428 4270 2534 4319 est.

2291 4352 2409 4407 143.
2457 4352 2539 4407 19.
2605 4352 2761 4423 [cxxr]
2812 4351 3028 4423 (Hum)
3077 4351 3336 4407 Antonius
3380 4349 3417 4403 2
3464 4356 3513 4406 et
3551 4353 3765 4407 Presens
3798 4350 3844 4403 2.

473 4441 647 4497 libros
706 4453 805 4510 pro
874 4438 1180 4494 Christiana
1247 4438 1513 4509 religione
1579 4440 1855 4498 Hadriano
1920 4430 2451 4501 dedereDPrimum
2485 4441 2544 4474 “7
2593 4442 2689 4498 Dei
2727 4448 2885 4509 nutu,
2915 4442 3059 4497 sicut
3103 4439 3371 4510 prothetic
3399 4440 3681 4497 vaticinati
3717 4446 3845 4502 sunt,

475 4529 860 4601 compossitos.

790 4604 942 4689 [Cod
982 4618 1037 4670 in
1073 4630 1241 4683 marg.
1282 4615 1464 4671 Ciclus
1501 4617 1635 4673 solis
1672 4618 1803 4689 inc.]

553 4706 671 4761 134.
736 4706 820 4761 10.
884 4705 1027 4776 [cxn]
1091 4704 1307 4775 (Hunc)
1368 4707 1653 4763 Pontianus
1709 4713 1759 4764 et
1817 4712 2000 4780 Rufus.
2063 4714 2126 4768 Et

475 4799 714 4852 Serenus
767 4796 999 4851 Granius
1056 4795 1285 4865 legatus,
1343 4795 1427 4850 vir
1481 4796 1745 4865 adprimaa
1802 4799 2125 4868 nobilitatis,

476 4885 688 4941 litteras
723 4884 791 4941 ad
835 4885 1222 4954 imperatorem
1272 4884 1466 4951 missit,
1500 4885 1746 4957 iniquum
1778 4902 1898 4945 esse
1937 4889 2130 4947 dicens

476 4975 810 5032 clamoribus
854 4973 1001 5047 vulgi
1057 4974 1432 5031 innocentium
1502 4975 1781 5034 hominum
1846 4979 2129 5051 sanginem

478 5062 710 5121 concedi
739 5067 795 5120 et
829 5062 949 5119 sine
979 5062 1091 5120 ullo
1120 5062 1349 5119 crimine
1388 5064 1627 5120 nominis
1655 5069 1864 5123 tantum
1895 5072 1951 5123 et
1976 5074 2127 5126 secte

477 5152 827 5299 reﬁgfﬂlcl‘.
890 5241 1059 5314 [CXIII]
1120 5240 1319 5313 (11mm)
1374 5243 1675 5313 Augurinus
1720 5250 1770 5302 et
1816 5246 2125 5318 Sergianus.

2208 4532 2410 4589 deinde
2431 4532 2693 4588 Romanis
2712 4531 3222 4587 interdictionibns.
3254 4529 3641 4588 Hierosolima:
3662 4531 3849 4602 primus

2209 4638 2275 4679 ex
2312 4615 2569 4695 gentibus
2604 4622 2959 4678 constituitur
3004 4612 3237 4687 Marcus,
3273 4622 3621 4677 cessantibus
3656 4621 3848 4691 episco-

2212 4712 2297 4783 pis
2326 4712 2413 4768 his
2441 4711 2537 4782 qui
2566 4710 2788 4767 fuerunt
2816 4725 2883 4767 ex
2918 4710 3131 4777 Judeis,
3173 4723 3401 4767 numero
3439 4710 3525 4777 l5,
3553 4725 3584 4766 a
3615 4710 3846 4782 passione

2211 4801 2425 4858 Domini
2486 4815 2585 4871 per
2647 4814 2823 4856 annos
2892 4799 2991 4854 107
3053 4799 3213 4871 [sicut
3264 4792 3535 4856 Eusebius
3602 4808 3655 4855 et
3718 4797 3846 4853 Beda

2215 4891 2524 4961 perhibent.
2579 4892 2655 4946 Da
2697 4890 2866 4960 igitur
2893 4903 3069 4946 annos
3096 4888 3168 4942 34
3194 4889 3412 4945 Domini
3442 4904 3621 4961 usque
3650 4890 3700 4945 in
3730 4901 3847 4957 pas-

2210 4980 2442 5047 sionem,
2476 4980 2614 5036 tiunt
2656 4978 2728 5033 34
2773 4985 2829 5035 et
2874 4978 2991 5046 107,
3033 4976 3125 5032 141
3158 4978 3310 5045 anni,
3343 4992 3519 5049 usque
3549 4978 3619 5035 ad
3664 4987 3846 5033 annum

2210 5083 2321 5140 quo
2360 5082 2552 5126 omnes
2577 5068 2739 5125 Judei
2767 5082 2835 5124 ex
2864 5066 3203 5123 Hierusalem
3236 5071 3365 5123 sunt
3395 5066 3669 5139 projecti.]

2290 5156 2408 5212 144.
2456 5156 2545 5214 20.
2601 5156 2777 5229 [cxxn]
2831 5156 3035 5227 (Hum)
3074 5155 3301 5212 Severus
3327 5160 3376 5211 et
3404 5154 3687 5226 Sglvanus.
3726 5152 3846 5209 ilia

2212 5248 2280 5304 ab
2319 5247 2458 5304 Elio
2488 5246 2729 5304 Adriano
2768 5245 2991 5303 condita
3039 5250 3144 5313 est,
3195 5245 3252 5300 in
3300 5243 3486 5301 fronte
3525 5247 3645 5316 ejus
3688 5248 3845 5315 porta:

1834 5393 2058 5449 VARLE
2102 5394 2387 5451 LECTION
2391 5392 2489 5449 ES.

502 5475 610 5588 ἠίιι
641 5506 756 5588 lege
783 5509 1180 5588 trianguli-bes.
1260 5511 1319 5588 ’ξ’
1348 5517 1497 5588 vasta
1533 5512 1580 5569 1.
1652 5514 1720 5588 7‘“
1748 5515 2120 5573 Adradrianus
2157 5517 2210 5572 2.
2291 5516 2351 5548 ’³⁸
2379 5516 2490 5587 lege
2529 5520 2716 5588 ponte.
2798 5513 2858 5547 '“
2886 5513 2971 5571 Ad
2999 5529 3154 5570 unum
3174 5513 3565 5587 praecedentem
3577 5511 3839 5588 pertinent-

484 5578 547 5611 ¹⁸⁸
576 5581 759 5637 necati
803 5581 851 5636 1.
929 5583 990 5615 “7
1018 5585 1096 5640 ita
1131 5583 1177 5640 1.
1208 5584 1303 5641 sed
1331 5585 1699 5658 coniungenda
1725 5594 1843 5646 sunt
1873 5604 1988 5646 cum
2015 5603 2067 5646 a.
2108 5588 2228 5645 142.
