  <div class='ocr_page' id='page_1' title='image "/cluster/home/n/w/nwhite01/storage/ocr_20150623/147/hvd.32044073505281/339.png"; bbox 0 0 4000 6158; ppageno 0'>
   <div class='ocr_carea' id='block_1_1' title="bbox 373 306 480 362">
    <p class='ocr_par' dir='ltr' id='par_1_1' title="bbox 373 306 480 362">
     <span class='ocr_line' id='line_1_1' title="bbox 373 306 480 362; baseline 0 0"><span class='ocrx_word' id='word_1_1' title='bbox 373 306 480 362; x_wconf 79' lang='lat'><strong>667</strong></span> 
     </span>
    </p>
   </div>
   <div class='ocr_carea' id='block_1_2' title="bbox 1787 307 2333 368">
    <p class='ocr_par' dir='ltr' id='par_1_2' title="bbox 1787 307 2333 368">
     <span class='ocr_line' id='line_1_2' title="bbox 1787 307 2333 368; baseline -0.007 -1"><span class='ocrx_word' id='word_1_2' title='bbox 1787 311 2067 367; x_wconf 79' lang='lat' dir='ltr'><strong>MARIANI</strong></span> <span class='ocrx_word' id='word_1_3' title='bbox 2093 307 2333 368; x_wconf 84' lang='lat' dir='ltr'><strong>.SCOTTI</strong></span> 
     </span>
    </p>
   </div>
   <div class='ocr_carea' id='block_1_3' title="bbox 3638 307 3740 364">
    <p class='ocr_par' dir='ltr' id='par_1_3' title="bbox 3638 307 3740 364">
     <span class='ocr_line' id='line_1_3' title="bbox 3638 307 3740 364; baseline 0 0"><span class='ocrx_word' id='word_1_4' title='bbox 3638 307 3740 364; x_wconf 85' lang='lat'><strong>668</strong></span> 
     </span>
    </p>
   </div>
   <div class='ocr_carea' id='block_1_4' title="bbox 372 429 3740 507">
    <p class='ocr_par' dir='ltr' id='par_1_4' title="bbox 372 429 3740 507">
     <span class='ocr_line' id='line_1_4' title="bbox 372 429 3740 507; baseline 0.001 -21"><span class='ocrx_word' id='word_1_5' title='bbox 372 432 425 489; x_wconf 91' lang='lat'><strong>4.</strong></span> <span class='ocrx_word' id='word_1_6' title='bbox 469 430 570 490; x_wconf 85' lang='lat' dir='ltr'><strong>Hic</strong></span> <span class='ocrx_word' id='word_1_7' title='bbox 596 431 888 491; x_wconf 74' lang='lat' dir='ltr'><strong>constituit</strong></span> <span class='ocrx_word' id='word_1_8' title='bbox 927 446 997 489; x_wconf 88' lang='lat' dir='ltr'><strong>ne</strong></span> <span class='ocrx_word' id='word_1_9' title='bbox 1039 433 1275 491; x_wconf 84' lang='lat' dir='ltr'><strong>clericus</strong></span> <span class='ocrx_word' id='word_1_10' title='bbox 1321 446 1530 491; x_wconf 89' lang='lat' dir='ltr'><strong>comam</strong></span> <span class='ocrx_word' id='word_1_11' title='bbox 1570 435 1826 504; x_wconf 82' lang='lat' dir='ltr'><strong>nutriret,</strong></span> <span class='ocrx_word' id='word_1_12' title='bbox 1853 439 2079 507; x_wconf 70' lang='lat' dir='ltr'><strong>juxtaA</strong></span> <span class='ocrx_word' id='word_1_13' title='bbox 2171 432 2287 489; x_wconf 89' lang='grc'><strong>176.</strong></span> <span class='ocrx_word' id='word_1_14' title='bbox 2327 432 2380 489; x_wconf 94' lang='lat'><strong>8.</strong></span> <span class='ocrx_word' id='word_1_15' title='bbox 2428 429 2576 504; x_wconf 90' lang='lat' dir='ltr'><strong>[CLIv]</strong></span> <span class='ocrx_word' id='word_1_16' title='bbox 2637 431 2753 503; x_wconf 84' lang='lat' dir='ltr'><strong>(An.</strong></span> <span class='ocrx_word' id='word_1_17' title='bbox 2797 432 2985 497; x_wconf 80' lang='lat' dir='ltr'><strong>Mart.)</strong></span> <span class='ocrx_word' id='word_1_18' title='bbox 3029 432 3366 504; x_wconf 82' lang='lat' dir='ltr'><strong>Apronianus</strong></span> <span class='ocrx_word' id='word_1_19' title='bbox 3419 437 3468 487; x_wconf 87' lang='lat' dir='ltr'><strong>et</strong></span> <span class='ocrx_word' id='word_1_20' title='bbox 3527 432 3740 492; x_wconf 77' lang='lat' dir='ltr'><strong>Paulus.</strong></span> 
     </span>
    </p>
   </div>
   <div class='ocr_carea' id='block_1_5' title="bbox 374 523 996 594">
    <p class='ocr_par' dir='ltr' id='par_1_5' title="bbox 374 523 996 594">
     <span class='ocr_line' id='line_1_5' title="bbox 374 523 996 594; baseline -0.002 -16"><span class='ocrx_word' id='word_1_21' title='bbox 374 527 698 594; x_wconf 90' lang='lat' dir='ltr'><strong>preceptum</strong></span> <span class='ocrx_word' id='word_1_22' title='bbox 736 523 996 592; x_wconf 87' lang='lat' dir='ltr'><strong>apostoli.</strong></span> 
     </span>
    </p>
   </div>
   <div class='ocr_carea' id='block_1_6' title="bbox 450 611 2016 683">
    <p class='ocr_par' dir='ltr' id='par_1_6' title="bbox 450 611 2016 683">
     <span class='ocr_line' id='line_1_6' title="bbox 450 611 2016 683; baseline 0.004 -17"><span class='ocrx_word' id='word_1_23' title='bbox 450 611 574 670; x_wconf 87' lang='lat'><strong><em>165.</em></strong></span> <span class='ocrx_word' id='word_1_24' title='bbox 629 611 720 668; x_wconf 89' lang='lat'><strong><em>20.</em></strong></span> <span class='ocrx_word' id='word_1_25' title='bbox 769 612 964 682; x_wconf 85' lang='lat' dir='ltr'><strong>[CXLIII]</strong></span> <span class='ocrx_word' id='word_1_26' title='bbox 1005 611 1217 683; x_wconf 66' lang='lat'><strong>(111511.)</strong></span> <span class='ocrx_word' id='word_1_27' title='bbox 1266 612 1557 667; x_wconf 80' lang='lat' dir='ltr'><strong>Antoninus</strong></span> <span class='ocrx_word' id='word_1_28' title='bbox 1599 614 1654 669; x_wconf 88' lang='lat'><strong>5.</strong></span> <span class='ocrx_word' id='word_1_29' title='bbox 1696 619 1745 670; x_wconf 89' lang='lat' dir='ltr'><strong>et</strong></span> <span class='ocrx_word' id='word_1_30' title='bbox 1771 615 2016 672; x_wconf 87' lang='lat' dir='ltr'><strong>Aurelius</strong></span> 
     </span>
    </p>
   </div>
   <div class='ocr_carea' id='block_1_7' title="bbox 2095 520 3246 592">
    <p class='ocr_par' dir='ltr' id='par_1_7' title="bbox 2095 520 3246 592">
     <span class='ocr_line' id='line_1_7' title="bbox 2095 520 3246 592; baseline -0.004 -13"><span class='ocrx_word' id='word_1_31' title='bbox 2095 525 2396 579; x_wconf 89' lang='lat' dir='ltr'><strong>Annicetus</strong></span> <span class='ocrx_word' id='word_1_32' title='bbox 2425 537 2564 592; x_wconf 90' lang='lat' dir='ltr'><strong>papa</strong></span> <span class='ocrx_word' id='word_1_33' title='bbox 2603 536 2795 592; x_wconf 92' lang='lat' dir='ltr'><strong>passus</strong></span> <span class='ocrx_word' id='word_1_34' title='bbox 2830 521 2912 576; x_wconf 90' lang='lat'><strong>16.</strong></span> <span class='ocrx_word' id='word_1_35' title='bbox 2948 520 3065 576; x_wconf 84' lang='lat' dir='ltr'><strong>Kal.</strong></span> <span class='ocrx_word' id='word_1_36' title='bbox 3101 521 3246 576; x_wconf 82' lang='lat' dir='ltr'><strong>Maii.</strong></span> 
     </span>
    </p>
   </div>
   <div class='ocr_carea' id='block_1_8' title="bbox 2168 610 3732 684">
    <p class='ocr_par' dir='ltr' id='par_1_8' title="bbox 2168 610 3732 684">
     <span class='ocr_line' id='line_1_8' title="bbox 2168 610 3732 684; baseline -0.001 -15"><span class='ocrx_word' id='word_1_37' title='bbox 2168 615 2326 669; x_wconf 87' lang='lat' dir='ltr'><strong>Soter</strong></span> <span class='ocrx_word' id='word_1_38' title='bbox 2350 629 2492 684; x_wconf 83' lang='lat' dir='ltr'><strong>papa.</strong></span> <span class='ocrx_word' id='word_1_39' title='bbox 2531 611 2612 666; x_wconf 92' lang='lat'><strong>10.</strong></span> <span class='ocrx_word' id='word_1_40' title='bbox 2640 617 2759 682; x_wconf 87' lang='lat' dir='ltr'><strong>post</strong></span> <span class='ocrx_word' id='word_1_41' title='bbox 2803 614 3011 666; x_wconf 86' lang='lat' dir='ltr'><strong>Petrum</strong></span> <span class='ocrx_word' id='word_1_42' title='bbox 3059 613 3212 666; x_wconf 85' lang='lat' dir='ltr'><strong>annis</strong></span> <span class='ocrx_word' id='word_1_43' title='bbox 3239 610 3312 677; x_wconf 87' lang='lat'><strong><em>9;</em></strong></span> <span class='ocrx_word' id='word_1_44' title='bbox 3361 612 3448 682; x_wconf 85' lang='lat' dir='ltr'><strong>qui</strong></span> <span class='ocrx_word' id='word_1_45' title='bbox 3477 614 3732 669; x_wconf 70' lang='lat' dir='ltr'><strong>constituit</strong></span> 
     </span>
    </p>
   </div>
   <div class='ocr_carea' id='block_1_9' title="bbox 371 699 3743 773">
    <p class='ocr_par' dir='ltr' id='par_1_9' title="bbox 371 699 3743 773">
     <span class='ocr_line' id='line_1_9' title="bbox 371 699 3743 773; baseline 0 -18"><span class='ocrx_word' id='word_1_46' title='bbox 371 701 426 758; x_wconf 91' lang='lat'><strong>3.</strong></span> <span class='ocrx_word' id='word_1_47' title='bbox 479 701 590 757; x_wconf 90' lang='lat' dir='ltr'><strong>Sub</strong></span> <span class='ocrx_word' id='word_1_48' title='bbox 636 702 904 757; x_wconf 88' lang='lat' dir='ltr'><strong>Anniceto</strong></span> <span class='ocrx_word' id='word_1_49' title='bbox 957 715 1095 770; x_wconf 88' lang='lat' dir='ltr'><strong>papa</strong></span> <span class='ocrx_word' id='word_1_50' title='bbox 1141 701 1460 770; x_wconf 90' lang='lat' dir='ltr'><strong>Policarpus</strong></span> <span class='ocrx_word' id='word_1_51' title='bbox 1505 704 1729 759; x_wconf 83' lang='lat' dir='ltr'><strong>Romam</strong></span> <span class='ocrx_word' id='word_1_52' title='bbox 1766 707 2013 773; x_wconf 89' lang='lat' dir='ltr'><strong>veniens,</strong></span> <span class='ocrx_word' id='word_1_53' title='bbox 2098 701 2328 758; x_wconf 84' lang='lat' dir='ltr'><strong>utnulla</strong></span> <span class='ocrx_word' id='word_1_54' title='bbox 2375 701 2628 756; x_wconf 87' lang='lat' dir='ltr'><strong>monacha</strong></span> <span class='ocrx_word' id='word_1_55' title='bbox 2656 699 2858 771; x_wconf 85' lang='lat' dir='ltr'><strong>pallam</strong></span> <span class='ocrx_word' id='word_1_56' title='bbox 2899 705 3168 754; x_wconf 85' lang='lat' dir='ltr'><strong>sacratam</strong></span> <span class='ocrx_word' id='word_1_57' title='bbox 3213 700 3267 754; x_wconf 88' lang='lat' dir='ltr'><strong>in</strong></span> <span class='ocrx_word' id='word_1_58' title='bbox 3295 699 3517 755; x_wconf 72' lang='lat' dir='ltr'><strong>welesiw</strong></span> <span class='ocrx_word' id='word_1_59' title='bbox 3545 703 3743 756; x_wconf 84' lang='lat' dir='ltr'><strong>contin-</strong></span> 
     </span>
    </p>
   </div>
   <div class='ocr_carea' id='block_1_10' title="bbox 374 790 3005 862">
    <p class='ocr_par' dir='ltr' id='par_1_10' title="bbox 374 790 3005 862">
     <span class='ocr_line' id='line_1_10' title="bbox 374 790 3005 862; baseline -0.002 -16"><span class='ocrx_word' id='word_1_60' title='bbox 374 790 579 847; x_wconf 88' lang='lat' dir='ltr'><strong>multos</strong></span> <span class='ocrx_word' id='word_1_61' title='bbox 606 791 675 846; x_wconf 88' lang='lat' dir='ltr'><strong>ab</strong></span> <span class='ocrx_word' id='word_1_62' title='bbox 707 790 951 846; x_wconf 86' lang='lat' dir='ltr'><strong>heretica</strong></span> <span class='ocrx_word' id='word_1_63' title='bbox 1001 790 1122 845; x_wconf 88' lang='lat' dir='ltr'><strong>labe</strong></span> <span class='ocrx_word' id='word_1_64' title='bbox 1171 790 1475 860; x_wconf 82' lang='lat' dir='ltr'><strong>castigavit,</strong></span> <span class='ocrx_word' id='word_1_65' title='bbox 1508 793 1602 862; x_wconf 87' lang='lat' dir='ltr'><strong>qui</strong></span> <span class='ocrx_word' id='word_1_66' title='bbox 1651 793 1923 850; x_wconf 80' lang='lat' dir='ltr'><strong>Valentini</strong></span> <span class='ocrx_word' id='word_1_67' title='bbox 1964 801 2018 851; x_wconf 89' lang='lat' dir='ltr'><strong>et</strong></span> <span class='ocrx_word' id='word_1_68' title='bbox 2098 796 2258 860; x_wconf 80' lang='lat' dir='ltr'><strong>geret,</strong></span> <span class='ocrx_word' id='word_1_69' title='bbox 2294 805 2455 860; x_wconf 89' lang='lat' dir='ltr'><strong>neque</strong></span> <span class='ocrx_word' id='word_1_70' title='bbox 2481 790 2742 844; x_wconf 85' lang='lat' dir='ltr'><strong>incensum</strong></span> <span class='ocrx_word' id='word_1_71' title='bbox 2767 793 3005 858; x_wconf 82' lang='lat' dir='ltr'><strong>poneret.</strong></span> 
     </span>
    </p>
   </div>
   <div class='ocr_carea' id='block_1_11' title="bbox 371 878 1677 951">
    <p class='ocr_par' dir='ltr' id='par_1_11' title="bbox 371 878 1677 951">
     <span class='ocr_line' id='line_1_11' title="bbox 371 878 1677 951; baseline 0.002 -16"><span class='ocrx_word' id='word_1_72' title='bbox 371 880 643 936; x_wconf 90' lang='lat' dir='ltr'><strong>Cerdonis</strong></span> <span class='ocrx_word' id='word_1_73' title='bbox 671 878 889 935; x_wconf 85' lang='lat' dir='ltr'><strong>fuerant</strong></span> <span class='ocrx_word' id='word_1_74' title='bbox 918 893 1096 948; x_wconf 93' lang='lat' dir='ltr'><strong>nuper</strong></span> <span class='ocrx_word' id='word_1_75' title='bbox 1123 878 1376 935; x_wconf 86' lang='lat' dir='ltr'><strong>doctrina</strong></span> <span class='ocrx_word' id='word_1_76' title='bbox 1408 881 1677 951; x_wconf 84' lang='lat' dir='ltr'><strong>corrupti.</strong></span> 
     </span>
    </p>
   </div>
   <div class='ocr_carea' id='block_1_12' title="bbox 451 966 2014 1036">
    <p class='ocr_par' dir='ltr' id='par_1_12' title="bbox 451 966 2014 1036">
     <span class='ocr_line' id='line_1_12' title="bbox 451 966 2014 1036; baseline 0.005 -16"><span class='ocrx_word' id='word_1_77' title='bbox 451 967 574 1022; x_wconf 91' lang='lat'><strong><em>166.</em></strong></span> <span class='ocrx_word' id='word_1_78' title='bbox 613 966 703 1022; x_wconf 89' lang='lat'><strong>21.</strong></span> <span class='ocrx_word' id='word_1_79' title='bbox 753 966 937 1036; x_wconf 79' lang='lat' dir='ltr'><strong>[CXLIV]</strong></span> <span class='ocrx_word' id='word_1_80' title='bbox 978 966 1181 1035; x_wconf 73' lang='lat' dir='ltr'><strong>(BEDA).</strong></span> <span class='ocrx_word' id='word_1_81' title='bbox 1240 969 1532 1024; x_wconf 82' lang='lat' dir='ltr'><strong>Antoninus</strong></span> <span class='ocrx_word' id='word_1_82' title='bbox 1569 970 1622 1025; x_wconf 93' lang='lat'><strong><em>6.</em></strong></span> <span class='ocrx_word' id='word_1_83' title='bbox 1655 977 1705 1026; x_wconf 87' lang='lat' dir='ltr'><strong>et</strong></span> <span class='ocrx_word' id='word_1_84' title='bbox 1751 971 2014 1028; x_wconf 83' lang='lat' dir='ltr'><strong>Aurelius.</strong></span> 
     </span>
    </p>
   </div>
   <div class='ocr_carea' id='block_1_13' title="bbox 372 1055 2015 1128">
    <p class='ocr_par' dir='ltr' id='par_1_13' title="bbox 372 1055 2015 1128">
     <span class='ocr_line' id='line_1_13' title="bbox 372 1055 2015 1128; baseline 0.006 -20"><span class='ocrx_word' id='word_1_85' title='bbox 372 1055 426 1110; x_wconf 87' lang='lat'><strong><em>4.</em></strong></span> <span class='ocrx_word' id='word_1_86' title='bbox 467 1056 954 1112; x_wconf 87' lang='lat' dir='ltr'><strong>Hierosolimarum</strong></span> <span class='ocrx_word' id='word_1_87' title='bbox 1003 1057 1381 1126; x_wconf 89' lang='lat' dir='ltr'><strong>episcopatum</strong></span> <span class='ocrx_word' id='word_1_88' title='bbox 1414 1066 1538 1128; x_wconf 87' lang='lat' dir='ltr'><strong>post</strong></span> <span class='ocrx_word' id='word_1_89' title='bbox 1561 1059 1621 1090; x_wconf 77' lang='grc'><strong>¹⁶⁷</strong></span> <span class='ocrx_word' id='word_1_90' title='bbox 1651 1062 1887 1116; x_wconf 84' lang='lat' dir='ltr'><strong>Marcum</strong></span> <span class='ocrx_word' id='word_1_91' title='bbox 1932 1062 2015 1118; x_wconf 91' lang='lat'><strong>17.</strong></span> 
     </span>
    </p>
   </div>
   <div class='ocr_carea' id='block_1_14' title="bbox 373 1145 2021 1216">
    <p class='ocr_par' dir='ltr' id='par_1_14' title="bbox 373 1145 2021 1216">
     <span class='ocr_line' id='line_1_14' title="bbox 373 1145 2021 1216; baseline 0.005 -16"><span class='ocrx_word' id='word_1_92' title='bbox 373 1147 618 1214; x_wconf 89' lang='lat' dir='ltr'><strong>suscepit</strong></span> <span class='ocrx_word' id='word_1_93' title='bbox 648 1145 959 1212; x_wconf 84' lang='lat' dir='ltr'><strong>Cassianus,</strong></span> <span class='ocrx_word' id='word_1_94' title='bbox 995 1153 1124 1215; x_wconf 89' lang='lat' dir='ltr'><strong>post</strong></span> <span class='ocrx_word' id='word_1_95' title='bbox 1161 1161 1324 1216; x_wconf 92' lang='lat' dir='ltr'><strong>quem</strong></span> <span class='ocrx_word' id='word_1_96' title='bbox 1378 1146 1460 1202; x_wconf 92' lang='lat'><strong>18.</strong></span> <span class='ocrx_word' id='word_1_97' title='bbox 1495 1150 1738 1215; x_wconf 86' lang='lat' dir='ltr'><strong>Publius,</strong></span> <span class='ocrx_word' id='word_1_98' title='bbox 1782 1152 1871 1206; x_wconf 92' lang='lat' dir='ltr'><strong>cui</strong></span> <span class='ocrx_word' id='word_1_99' title='bbox 1900 1167 2021 1208; x_wconf 89' lang='lat' dir='ltr'><strong>suc-</strong></span> 
     </span>
    </p>
   </div>
   <div class='ocr_carea' id='block_1_15' title="bbox 371 1233 2015 1308">
    <p class='ocr_par' dir='ltr' id='par_1_15' title="bbox 371 1233 2015 1308">
     <span class='ocr_line' id='line_1_15' title="bbox 371 1233 2015 1308; baseline 0.005 -18"><span class='ocrx_word' id='word_1_100' title='bbox 371 1235 539 1290; x_wconf 89' lang='lat' dir='ltr'><strong>cessit</strong></span> <span class='ocrx_word' id='word_1_101' title='bbox 572 1233 656 1289; x_wconf 88' lang='lat'><strong>19.</strong></span> <span class='ocrx_word' id='word_1_102' title='bbox 704 1234 983 1300; x_wconf 85' lang='lat' dir='ltr'><strong>Maximus,</strong></span> <span class='ocrx_word' id='word_1_103' title='bbox 1049 1235 1121 1289; x_wconf 92' lang='lat'><strong><em>20</em></strong></span> <span class='ocrx_word' id='word_1_104' title='bbox 1165 1235 1432 1304; x_wconf 86' lang='lat' dir='ltr'><strong>Julianus,</strong></span> <span class='ocrx_word' id='word_1_105' title='bbox 1482 1237 1572 1294; x_wconf 89' lang='lat'><strong><em>21.</em></strong></span> <span class='ocrx_word' id='word_1_106' title='bbox 1613 1240 1867 1308; x_wconf 89' lang='lat' dir='ltr'><strong>Gaianus,</strong></span> <span class='ocrx_word' id='word_1_107' title='bbox 1924 1242 2015 1299; x_wconf 87' lang='lat'><strong>22.</strong></span> 
     </span>
    </p>
   </div>
   <div class='ocr_carea' id='block_1_16' title="bbox 369 1321 1840 1398">
    <p class='ocr_par' dir='ltr' id='par_1_16' title="bbox 369 1321 1840 1398">
     <span class='ocr_line' id='line_1_16' title="bbox 369 1321 1840 1398; baseline 0.005 -21"><span class='ocrx_word' id='word_1_108' title='bbox 369 1322 727 1388; x_wconf 90' lang='lat' dir='ltr'><strong>Simmachus,</strong></span> <span class='ocrx_word' id='word_1_109' title='bbox 758 1321 848 1378; x_wconf 91' lang='lat'><strong><em>23.</em></strong></span> <span class='ocrx_word' id='word_1_110' title='bbox 881 1323 1063 1389; x_wconf 88' lang='lat' dir='ltr'><strong>Gaius,</strong></span> <span class='ocrx_word' id='word_1_111' title='bbox 1085 1323 1174 1378; x_wconf 88' lang='lat'><strong><em>24.</em></strong></span> <span class='ocrx_word' id='word_1_112' title='bbox 1207 1325 1472 1391; x_wconf 85' lang='lat' dir='ltr'><strong>Julianus,</strong></span> <span class='ocrx_word' id='word_1_113' title='bbox 1505 1326 1594 1382; x_wconf 91' lang='lat'><strong>25.</strong></span> <span class='ocrx_word' id='word_1_114' title='bbox 1627 1329 1840 1398; x_wconf 92' lang='lat' dir='ltr'><strong>Capito.</strong></span> 
     </span>
    </p>
   </div>
   <div class='ocr_carea' id='block_1_17' title="bbox 446 1411 2019 1484">
    <p class='ocr_par' dir='ltr' id='par_1_17' title="bbox 446 1411 2019 1484">
     <span class='ocr_line' id='line_1_17' title="bbox 446 1411 2019 1484; baseline 0.006 -18"><span class='ocrx_word' id='word_1_115' title='bbox 446 1411 567 1466; x_wconf 91' lang='lat'><strong><em>167.</em></strong></span> <span class='ocrx_word' id='word_1_116' title='bbox 626 1411 716 1469; x_wconf 87' lang='lat'><strong>22.</strong></span> <span class='ocrx_word' id='word_1_117' title='bbox 781 1412 944 1483; x_wconf 80' lang='lat' dir='ltr'><strong>[CXLV]</strong></span> <span class='ocrx_word' id='word_1_118' title='bbox 1004 1413 1202 1484; x_wconf 68' lang='lat' dir='ltr'><strong>(Hum)</strong></span> <span class='ocrx_word' id='word_1_119' title='bbox 1271 1415 1564 1471; x_wconf 78' lang='lat' dir='ltr'><strong>Antoninus</strong></span> <span class='ocrx_word' id='word_1_120' title='bbox 1625 1417 1679 1473; x_wconf 92' lang='lat'><strong><em>7.</em></strong></span> <span class='ocrx_word' id='word_1_121' title='bbox 1738 1423 1788 1473; x_wconf 89' lang='lat' dir='ltr'><strong>et</strong></span> <span class='ocrx_word' id='word_1_122' title='bbox 1843 1421 2019 1475; x_wconf 88' lang='lat' dir='ltr'><strong>Aure-</strong></span> 
     </span>
    </p>
   </div>
   <div class='ocr_carea' id='block_1_18' title="bbox 369 1500 555 1556">
    <p class='ocr_par' dir='ltr' id='par_1_18' title="bbox 369 1500 555 1556">
     <span class='ocr_line' id='line_1_18' title="bbox 369 1500 555 1556; baseline -0.005 0"><span class='ocrx_word' id='word_1_123' title='bbox 369 1500 471 1556; x_wconf 83' lang='lat' dir='ltr'><strong>lius</strong></span> <span class='ocrx_word' id='word_1_124' title='bbox 499 1500 555 1555; x_wconf 89' lang='lat'><strong><em>5.</em></strong></span> 
     </span>
    </p>
   </div>
   <div class='ocr_carea' id='block_1_19' title="bbox 450 1589 2021 1664">
    <p class='ocr_par' dir='ltr' id='par_1_19' title="bbox 450 1589 2021 1664">
     <span class='ocr_line' id='line_1_19' title="bbox 450 1589 2021 1664; baseline 0.006 -21"><span class='ocrx_word' id='word_1_125' title='bbox 450 1589 570 1646; x_wconf 91' lang='lat'><strong><em>168.</em></strong></span> <span class='ocrx_word' id='word_1_126' title='bbox 629 1589 720 1645; x_wconf 87' lang='lat'><strong>23.</strong></span> <span class='ocrx_word' id='word_1_127' title='bbox 800 1589 993 1663; x_wconf 81' lang='lat' dir='ltr'><strong>[CXLVI]</strong></span> <span class='ocrx_word' id='word_1_128' title='bbox 1057 1591 1269 1664; x_wconf 65' lang='lat' dir='ltr'><strong>(Cass)</strong></span> <span class='ocrx_word' id='word_1_129' title='bbox 1349 1595 1655 1650; x_wconf 88' lang='lat' dir='ltr'><strong>Proeonsul.</strong></span> <span class='ocrx_word' id='word_1_130' title='bbox 1728 1598 2021 1654; x_wconf 83' lang='lat' dir='ltr'><strong>Antoninus</strong></span> 
     </span>
    </p>
   </div>
   <div class='ocr_carea' id='block_1_20' title="bbox 373 1677 2018 1753">
    <p class='ocr_par' dir='ltr' id='par_1_20' title="bbox 373 1677 2018 1753">
     <span class='ocr_line' id='line_1_20' title="bbox 373 1677 2018 1753; baseline 0.006 -19"><span class='ocrx_word' id='word_1_131' title='bbox 373 1683 422 1734; x_wconf 88' lang='lat' dir='ltr'><strong>et</strong></span> <span class='ocrx_word' id='word_1_132' title='bbox 491 1677 738 1735; x_wconf 86' lang='lat' dir='ltr'><strong>Aurelius</strong></span> <span class='ocrx_word' id='word_1_133' title='bbox 761 1678 841 1736; x_wconf 65' lang='lat'><strong>“‘3.</strong></span> <span class='ocrx_word' id='word_1_134' title='bbox 872 1681 1142 1737; x_wconf 88' lang='lat' dir='ltr'><strong>Antonius</strong></span> <span class='ocrx_word' id='word_1_135' title='bbox 1197 1683 1327 1738; x_wconf 91' lang='lat' dir='ltr'><strong>Pius</strong></span> <span class='ocrx_word' id='word_1_136' title='bbox 1377 1685 1521 1753; x_wconf 89' lang='lat' dir='ltr'><strong>apud</strong></span> <span class='ocrx_word' id='word_1_137' title='bbox 1582 1687 1781 1742; x_wconf 92' lang='lat' dir='ltr'><strong>Lorum</strong></span> <span class='ocrx_word' id='word_1_138' title='bbox 1838 1688 2018 1743; x_wconf 85' lang='lat' dir='ltr'><strong>villam</strong></span> 
     </span>
    </p>
   </div>
   <div class='ocr_carea' id='block_1_21' title="bbox 2173 877 3740 947">
    <p class='ocr_par' dir='ltr' id='par_1_21' title="bbox 2173 877 3740 947">
     <span class='ocr_line' id='line_1_21' title="bbox 2173 877 3740 947; baseline -0.001 -13"><span class='ocrx_word' id='word_1_139' title='bbox 2173 882 2374 947; x_wconf 74' lang='lat' dir='ltr'><strong>(l-lIsII.)</strong></span> <span class='ocrx_word' id='word_1_140' title='bbox 2413 879 2718 934; x_wconf 64' lang='lat' dir='ltr'><strong>Antiochiae</strong></span> <span class='ocrx_word' id='word_1_141' title='bbox 2779 878 2833 933; x_wconf 91' lang='lat'><strong><em>7.</em></strong></span> <span class='ocrx_word' id='word_1_142' title='bbox 2899 877 2958 908; x_wconf 82' lang='grc'><strong>¹⁶⁰</strong></span> <span class='ocrx_word' id='word_1_143' title='bbox 3015 877 3312 946; x_wconf 90' lang='lat' dir='ltr'><strong>episcopus</strong></span> <span class='ocrx_word' id='word_1_144' title='bbox 3368 877 3657 933; x_wconf 89' lang='lat' dir='ltr'><strong>ordinatur</strong></span> <span class='ocrx_word' id='word_1_145' title='bbox 3688 878 3740 910; x_wconf 81' lang='grc'><strong>¹⁶¹</strong></span> 
     </span>
    </p>
   </div>
   <div class='ocr_carea' id='block_1_22' title="bbox 2101 965 3745 1036">
    <p class='ocr_par' dir='ltr' id='par_1_22' title="bbox 2101 965 3745 1036">
     <span class='ocr_line' id='line_1_22' title="bbox 2101 965 3745 1036; baseline -0.002 -12"><span class='ocrx_word' id='word_1_146' title='bbox 2101 969 2379 1024; x_wconf 81' lang='lat' dir='ltr'><strong>Theoﬁlus</strong></span> <span class='ocrx_word' id='word_1_147' title='bbox 2434 971 2592 1036; x_wconf 87' lang='lat' dir='ltr'><strong>cujus</strong></span> <span class='ocrx_word' id='word_1_148' title='bbox 2650 967 2883 1036; x_wconf 89' lang='lat' dir='ltr'><strong>plurima</strong></span> <span class='ocrx_word' id='word_1_149' title='bbox 2932 965 3137 1036; x_wconf 81' lang='lat' dir='ltr'><strong>ingenii</strong></span> <span class='ocrx_word' id='word_1_150' title='bbox 3189 980 3358 1035; x_wconf 89' lang='lat' dir='ltr'><strong>opera</strong></span> <span class='ocrx_word' id='word_1_151' title='bbox 3413 973 3649 1022; x_wconf 84' lang='lat' dir='ltr'><strong>exstant.</strong></span> <span class='ocrx_word' id='word_1_152' title='bbox 3692 969 3745 1023; x_wconf 91' lang='lat' dir='ltr'><strong>L.</strong></span> 
     </span>
    </p>
   </div>
   <div class='ocr_carea' id='block_1_23' title="bbox 2103 1055 3742 1126">
    <p class='ocr_par' dir='ltr' id='par_1_23' title="bbox 2103 1055 3742 1126">
     <span class='ocr_line' id='line_1_23' title="bbox 2103 1055 3742 1126; baseline -0.001 -14"><span class='ocrx_word' id='word_1_153' title='bbox 2103 1057 2404 1126; x_wconf 87' lang='lat' dir='ltr'><strong>imperator</strong></span> <span class='ocrx_word' id='word_1_154' title='bbox 2432 1071 2576 1112; x_wconf 89' lang='lat' dir='ltr'><strong>anno</strong></span> <span class='ocrx_word' id='word_1_155' title='bbox 2609 1057 2760 1125; x_wconf 82' lang='lat' dir='ltr'><strong>regni</strong></span> <span class='ocrx_word' id='word_1_156' title='bbox 2791 1055 2844 1110; x_wconf 91' lang='lat'><strong>9.</strong></span> <span class='ocrx_word' id='word_1_157' title='bbox 2879 1056 3014 1121; x_wconf 84' lang='lat' dir='ltr'><strong>sive,</strong></span> <span class='ocrx_word' id='word_1_158' title='bbox 3048 1062 3108 1110; x_wconf 92' lang='lat' dir='ltr'><strong>ut</strong></span> <span class='ocrx_word' id='word_1_159' title='bbox 3156 1055 3376 1124; x_wconf 90' lang='lat' dir='ltr'><strong>quidam</strong></span> <span class='ocrx_word' id='word_1_160' title='bbox 3408 1061 3626 1124; x_wconf 87' lang='lat' dir='ltr'><strong>putant,</strong></span> <span class='ocrx_word' id='word_1_161' title='bbox 3666 1056 3742 1111; x_wconf 93' lang='lat' dir='ltr'><strong>ll.</strong></span> 
     </span>
    </p>
   </div>
   <div class='ocr_carea' id='block_1_24' title="bbox 2101 1143 3747 1214">
    <p class='ocr_par' dir='ltr' id='par_1_24' title="bbox 2101 1143 3747 1214">
     <span class='ocr_line' id='line_1_24' title="bbox 2101 1143 3747 1214; baseline -0.001 -13"><span class='ocrx_word' id='word_1_162' title='bbox 2101 1147 2247 1201; x_wconf 90' lang='lat' dir='ltr'><strong>inter</strong></span> <span class='ocrx_word' id='word_1_163' title='bbox 2275 1146 2635 1202; x_wconf 89' lang='lat' dir='ltr'><strong>Concordiam</strong></span> <span class='ocrx_word' id='word_1_164' title='bbox 2669 1151 2723 1199; x_wconf 90' lang='lat' dir='ltr'><strong>ct</strong></span> <span class='ocrx_word' id='word_1_165' title='bbox 2750 1145 3006 1199; x_wconf 90' lang='lat' dir='ltr'><strong>Altimum</strong></span> <span class='ocrx_word' id='word_1_166' title='bbox 3057 1143 3312 1214; x_wconf 84' lang='lat' dir='ltr'><strong>apoplexi</strong></span> <span class='ocrx_word' id='word_1_167' title='bbox 3342 1146 3621 1200; x_wconf 88' lang='lat' dir='ltr'><strong>extinctus</strong></span> <span class='ocrx_word' id='word_1_168' title='bbox 3649 1153 3747 1209; x_wconf 90' lang='lat' dir='ltr'><strong>est,</strong></span> 
     </span>
    </p>
   </div>
   <div class='ocr_carea' id='block_1_25' title="bbox 2105 1234 3051 1292">
    <p class='ocr_par' dir='ltr' id='par_1_25' title="bbox 2105 1234 3051 1292">
     <span class='ocr_line' id='line_1_25' title="bbox 2105 1234 3051 1292; baseline -0.001 -1"><span class='ocrx_word' id='word_1_169' title='bbox 2105 1237 2306 1292; x_wconf 92' lang='lat' dir='ltr'><strong>sedens</strong></span> <span class='ocrx_word' id='word_1_170' title='bbox 2337 1250 2458 1291; x_wconf 89' lang='lat' dir='ltr'><strong>cum</strong></span> <span class='ocrx_word' id='word_1_171' title='bbox 2490 1234 2657 1290; x_wconf 82' lang='lat' dir='ltr'><strong>fratre</strong></span> <span class='ocrx_word' id='word_1_172' title='bbox 2687 1235 2742 1288; x_wconf 91' lang='lat' dir='ltr'><strong>in</strong></span> <span class='ocrx_word' id='word_1_173' title='bbox 2775 1234 3051 1290; x_wconf 87' lang='lat' dir='ltr'><strong>vehiculo.</strong></span> 
     </span>
    </p>
   </div>
   <div class='ocr_carea' id='block_1_26' title="bbox 2180 1320 3752 1393">
    <p class='ocr_par' dir='ltr' id='par_1_26' title="bbox 2180 1320 3752 1393">
     <span class='ocr_line' id='line_1_26' title="bbox 2180 1320 3752 1393; baseline 0.001 -17"><span class='ocrx_word' id='word_1_174' title='bbox 2180 1325 2297 1380; x_wconf 90' lang='lat'><strong><em>177.</em></strong></span> <span class='ocrx_word' id='word_1_175' title='bbox 2359 1324 2412 1377; x_wconf 92' lang='lat'><strong>9.</strong></span> <span class='ocrx_word' id='word_1_176' title='bbox 2461 1324 2587 1393; x_wconf 86' lang='lat' dir='ltr'><strong>[CLv]</strong></span> <span class='ocrx_word' id='word_1_177' title='bbox 2638 1323 2830 1392; x_wconf 69' lang='lat' dir='ltr'><strong>[HIEIL]</strong></span> <span class='ocrx_word' id='word_1_178' title='bbox 2862 1323 3074 1377; x_wconf 84' lang='lat' dir='ltr'><strong>Priscus</strong></span> <span class='ocrx_word' id='word_1_179' title='bbox 3121 1327 3169 1376; x_wconf 86' lang='lat' dir='ltr'><strong>et</strong></span> <span class='ocrx_word' id='word_1_180' title='bbox 3211 1320 3594 1392; x_wconf 85' lang='lat' dir='ltr'><strong>Appollinaris.</strong></span> <span class='ocrx_word' id='word_1_181' title='bbox 3643 1325 3752 1377; x_wconf 85' lang='lat' dir='ltr'><strong>An-</strong></span> 
     </span>
    </p>
   </div>
   <div class='ocr_carea' id='block_1_27' title="bbox 2104 1410 3755 1482">
    <p class='ocr_par' dir='ltr' id='par_1_27' title="bbox 2104 1410 3755 1482">
     <span class='ocr_line' id='line_1_27' title="bbox 2104 1410 3755 1482; baseline -0.001 -14"><span class='ocrx_word' id='word_1_182' title='bbox 2104 1413 2294 1469; x_wconf 91' lang='lat' dir='ltr'><strong>tonino</strong></span> <span class='ocrx_word' id='word_1_183' title='bbox 2326 1413 2644 1482; x_wconf 87' lang='lat' dir='ltr'><strong>imperatori</strong></span> <span class='ocrx_word' id='word_1_184' title='bbox 2697 1413 2888 1467; x_wconf 91' lang='lat' dir='ltr'><strong>inclito</strong></span> <span class='ocrx_word' id='word_1_185' title='bbox 2936 1413 3167 1467; x_wconf 82' lang='lat' dir='ltr'><strong>Asianus</strong></span> <span class='ocrx_word' id='word_1_186' title='bbox 3213 1411 3450 1466; x_wconf 88' lang='lat' dir='ltr'><strong>Sardens</strong></span> <span class='ocrx_word' id='word_1_187' title='bbox 3477 1411 3537 1441; x_wconf 76' lang='grc'>¹⁶²</span> <span class='ocrx_word' id='word_1_188' title='bbox 3566 1410 3755 1480; x_wconf 88' lang='lat' dir='ltr'><strong>appol—</strong></span> 
     </span>
    </p>
   </div>
   <div class='ocr_carea' id='block_1_28' title="bbox 2103 1500 3756 1572">
    <p class='ocr_par' dir='ltr' id='par_1_28' title="bbox 2103 1500 3756 1572">
     <span class='ocr_line' id='line_1_28' title="bbox 2103 1500 3756 1572; baseline -0.001 -16"><span class='ocrx_word' id='word_1_189' title='bbox 2103 1502 2398 1572; x_wconf 88' lang='lat' dir='ltr'><strong>logeticum</strong></span> <span class='ocrx_word' id='word_1_190' title='bbox 2446 1502 2772 1557; x_wconf 88' lang='lat' dir='ltr'><strong>Christianis</strong></span> <span class='ocrx_word' id='word_1_191' title='bbox 2823 1501 3067 1556; x_wconf 88' lang='lat' dir='ltr'><strong>tradidit.</strong></span> <span class='ocrx_word' id='word_1_192' title='bbox 3110 1500 3481 1569; x_wconf 86' lang='lat' dir='ltr'><strong>Appollinaris</strong></span> <span class='ocrx_word' id='word_1_193' title='bbox 3525 1500 3756 1555; x_wconf 83' lang='lat' dir='ltr'><strong>Asianus</strong></span> 
     </span>
    </p>
   </div>
   <div class='ocr_carea' id='block_1_29' title="bbox 2104 1590 3428 1661">
    <p class='ocr_par' dir='ltr' id='par_1_29' title="bbox 2104 1590 3428 1661">
     <span class='ocr_line' id='line_1_29' title="bbox 2104 1590 3428 1661; baseline -0.002 -14"><span class='ocrx_word' id='word_1_194' title='bbox 2104 1592 2555 1661; x_wconf 87' lang='lat' dir='ltr'><strong>Hieropolitanus</strong></span> <span class='ocrx_word' id='word_1_195' title='bbox 2587 1593 2884 1661; x_wconf 88' lang='lat' dir='ltr'><strong>episcopus</strong></span> <span class='ocrx_word' id='word_1_196' title='bbox 2913 1590 3146 1661; x_wconf 83' lang='lat' dir='ltr'><strong>insignis</strong></span> <span class='ocrx_word' id='word_1_197' title='bbox 3176 1590 3428 1645; x_wconf 89' lang='lat' dir='ltr'><strong>habetur.</strong></span> 
     </span>
    </p>
   </div>
   <div class='ocr_carea' id='block_1_30' title="bbox 2178 1679 3752 1751">
    <p class='ocr_par' dir='ltr' id='par_1_30' title="bbox 2178 1679 3752 1751">
     <span class='ocr_line' id='line_1_30' title="bbox 2178 1679 3752 1751; baseline 0 -18"><span class='ocrx_word' id='word_1_198' title='bbox 2178 1681 2297 1736; x_wconf 89' lang='lat'><strong>178.</strong></span> <span class='ocrx_word' id='word_1_199' title='bbox 2348 1680 2429 1734; x_wconf 91' lang='lat'><strong>10.</strong></span> <span class='ocrx_word' id='word_1_200' title='bbox 2477 1681 2626 1751; x_wconf 81' lang='lat' dir='ltr'><strong>[CLVI]</strong></span> <span class='ocrx_word' id='word_1_201' title='bbox 2653 1681 2850 1748; x_wconf 65' lang='lat'><strong>(11153.)</strong></span> <span class='ocrx_word' id='word_1_202' title='bbox 2894 1680 3140 1736; x_wconf 88' lang='lat' dir='ltr'><strong>Cethecus</strong></span> <span class='ocrx_word' id='word_1_203' title='bbox 3186 1684 3235 1733; x_wconf 89' lang='lat' dir='ltr'><strong>et</strong></span> <span class='ocrx_word' id='word_1_204' title='bbox 3286 1679 3494 1735; x_wconf 82' lang='lat' dir='ltr'><strong>Clarus.</strong></span> <span class='ocrx_word' id='word_1_205' title='bbox 3533 1679 3752 1748; x_wconf 87' lang='lat' dir='ltr'><strong>[Decre-</strong></span> 
     </span>
    </p>
   </div>
   <div class='ocr_carea' id='block_1_31' title="bbox 374 1767 3754 1841">
    <p class='ocr_par' dir='ltr' id='par_1_31' title="bbox 374 1767 3754 1841">
     <span class='ocr_line' id='line_1_31' title="bbox 374 1767 3754 1841; baseline 0.003 -17"><span class='ocrx_word' id='word_1_206' title='bbox 374 1781 528 1824; x_wconf 89' lang='lat' dir='ltr'><strong>suam</strong></span> <span class='ocrx_word' id='word_1_207' title='bbox 566 1767 651 1821; x_wconf 85' lang='lat'><strong>12.</strong></span> <span class='ocrx_word' id='word_1_208' title='bbox 684 1768 752 1823; x_wconf 89' lang='lat' dir='ltr'><strong>ab</strong></span> <span class='ocrx_word' id='word_1_209' title='bbox 801 1769 947 1826; x_wconf 86' lang='lat' dir='ltr'><strong>Urbe</strong></span> <span class='ocrx_word' id='word_1_210' title='bbox 997 1770 1210 1828; x_wconf 90' lang='lat' dir='ltr'><strong>miliaro</strong></span> <span class='ocrx_word' id='word_1_211' title='bbox 1262 1774 1514 1841; x_wconf 91' lang='lat' dir='ltr'><strong>moritur,</strong></span> <span class='ocrx_word' id='word_1_212' title='bbox 1572 1775 1658 1829; x_wconf 94' lang='lat' dir='ltr'><strong>his</strong></span> <span class='ocrx_word' id='word_1_213' title='bbox 1697 1777 2018 1834; x_wconf 89' lang='lat' dir='ltr'><strong>consulibus</strong></span> <span class='ocrx_word' id='word_1_214' title='bbox 2037 1775 2086 1834; x_wconf 91' lang='lat' dir='ltr'><strong>B</strong></span> <span class='ocrx_word' id='word_1_215' title='bbox 2108 1771 2232 1827; x_wconf 77' lang='lat' dir='ltr'><strong>talis</strong></span> <span class='ocrx_word' id='word_1_216' title='bbox 2261 1770 2495 1840; x_wconf 77' lang='lat' dir='ltr'><strong>epistola</strong></span> <span class='ocrx_word' id='word_1_217' title='bbox 2516 1771 2694 1826; x_wconf 70' lang='lat' dir='ltr'><strong>SOleI‘i</strong></span> <span class='ocrx_word' id='word_1_218' title='bbox 2719 1784 2857 1840; x_wconf 69' lang='lat' dir='ltr'><strong>pave</strong></span> <span class='ocrx_word' id='word_1_219' title='bbox 2887 1773 2996 1838; x_wconf 73' lang='grc' dir='ltr'><strong>(ει).</strong></span> <span class='ocrx_word' id='word_1_220' title='bbox 3021 1769 3075 1834; x_wconf 76' lang='grc'><strong>2.</strong></span> <span class='ocrx_word' id='word_1_221' title='bbox 3100 1771 3258 1825; x_wconf 68' lang='grc' dir='ltr'><strong>σοηο.</strong></span> <span class='ocrx_word' id='word_1_222' title='bbox 3282 1784 3337 1838; x_wconf 81' lang='lat' dir='ltr'><strong>p-</strong></span> <span class='ocrx_word' id='word_1_223' title='bbox 3367 1767 3492 1837; x_wconf 85' lang='lat'><strong><em>101)</em></strong></span> <span class='ocrx_word' id='word_1_224' title='bbox 3517 1768 3649 1823; x_wconf 63' lang='lat' dir='ltr'><strong>data</strong></span> <span class='ocrx_word' id='word_1_225' title='bbox 3679 1774 3754 1823; x_wconf 66' lang='grc' dir='ltr'><strong>εει</strong></span> 
     </span>
    </p>
   </div>
   <div class='ocr_carea' id='block_1_32' title="bbox 377 1857 2021 1931">
    <p class='ocr_par' dir='ltr' id='par_1_32' title="bbox 377 1857 2021 1931">
     <span class='ocr_line' id='line_1_32' title="bbox 377 1857 2021 1931; baseline 0.007 -20"><span class='ocrx_word' id='word_1_226' title='bbox 377 1860 517 1912; x_wconf 91' lang='lat' dir='ltr'><strong>teste</strong></span> <span class='ocrx_word' id='word_1_227' title='bbox 564 1857 914 1914; x_wconf 90' lang='lat' dir='ltr'><strong>Cassiodoro.</strong></span> <span class='ocrx_word' id='word_1_228' title='bbox 950 1859 1048 1915; x_wconf 91' lang='lat' dir='ltr'><strong>Cui</strong></span> <span class='ocrx_word' id='word_1_229' title='bbox 1096 1870 1481 1918; x_wconf 90' lang='lat' dir='ltr'><strong>successerunt</strong></span> <span class='ocrx_word' id='word_1_230' title='bbox 1523 1864 1620 1920; x_wconf 84' lang='lat' dir='ltr'><strong>lilii</strong></span> <span class='ocrx_word' id='word_1_231' title='bbox 1666 1867 1773 1931; x_wconf 92' lang='lat' dir='ltr'><strong>sui,</strong></span> <span class='ocrx_word' id='word_1_232' title='bbox 1823 1867 1878 1921; x_wconf 91' lang='lat' dir='ltr'><strong>id</strong></span> <span class='ocrx_word' id='word_1_233' title='bbox 1938 1874 2021 1922; x_wconf 90' lang='lat' dir='ltr'><strong>est</strong></span> 
     </span>
    </p>
   </div>
   <div class='ocr_carea' id='block_1_33' title="bbox 378 1945 2022 2012">
    <p class='ocr_par' dir='ltr' id='par_1_33' title="bbox 378 1945 2022 2012">
     <span class='ocr_line' id='line_1_33' title="bbox 378 1945 2022 2012; baseline 0.008 -14"><span class='ocrx_word' id='word_1_234' title='bbox 378 1945 591 2000; x_wconf 86' lang='lat' dir='ltr'><strong>Marcus</strong></span> <span class='ocrx_word' id='word_1_235' title='bbox 617 1946 928 2002; x_wconf 81' lang='lat' dir='ltr'><strong>Antoninus</strong></span> <span class='ocrx_word' id='word_1_236' title='bbox 957 1949 1129 2003; x_wconf 88' lang='lat' dir='ltr'><strong>Verus</strong></span> <span class='ocrx_word' id='word_1_237' title='bbox 1176 1956 1230 2004; x_wconf 91' lang='lat' dir='ltr'><strong>et</strong></span> <span class='ocrx_word' id='word_1_238' title='bbox 1281 1952 1483 2006; x_wconf 90' lang='lat' dir='ltr'><strong>Lucius</strong></span> <span class='ocrx_word' id='word_1_239' title='bbox 1531 1954 1742 2008; x_wconf 87' lang='lat' dir='ltr'><strong>Annius</strong></span> <span class='ocrx_word' id='word_1_240' title='bbox 1771 1960 1826 2009; x_wconf 92' lang='lat' dir='ltr'><strong>et</strong></span> <span class='ocrx_word' id='word_1_241' title='bbox 1853 1950 2022 2012; x_wconf 54' lang='lat' dir='ltr'><strong>Ante;</strong></span> 
     </span>
    </p>
   </div>
   <div class='ocr_carea' id='block_1_34' title="bbox 381 2034 2025 2107">
    <p class='ocr_par' dir='ltr' id='par_1_34' title="bbox 381 2034 2025 2107">
     <span class='ocr_line' id='line_1_34' title="bbox 381 2034 2025 2107; baseline 0.009 -19"><span class='ocrx_word' id='word_1_242' title='bbox 381 2034 543 2090; x_wconf 91' lang='lat' dir='ltr'><strong>ninus</strong></span> <span class='ocrx_word' id='word_1_243' title='bbox 590 2034 842 2091; x_wconf 85' lang='lat' dir='ltr'><strong>Severus.</strong></span> <span class='ocrx_word' id='word_1_244' title='bbox 893 2036 1003 2092; x_wconf 91' lang='lat' dir='ltr'><strong>Sub</strong></span> <span class='ocrx_word' id='word_1_245' title='bbox 1049 2037 1250 2107; x_wconf 88' lang='lat' dir='ltr'><strong>quibus</strong></span> <span class='ocrx_word' id='word_1_246' title='bbox 1281 2039 1336 2095; x_wconf 91' lang='lat' dir='ltr'><strong>hi</strong></span> <span class='ocrx_word' id='word_1_247' title='bbox 1368 2041 1627 2098; x_wconf 90' lang='lat' dir='ltr'><strong>consules</strong></span> <span class='ocrx_word' id='word_1_248' title='bbox 1673 2041 1895 2100; x_wconf 90' lang='lat' dir='ltr'><strong>fuerunt</strong></span> <span class='ocrx_word' id='word_1_249' title='bbox 1939 2061 2025 2103; x_wconf 91' lang='lat' dir='ltr'><strong>se-</strong></span> 
     </span>
    </p>
   </div>
   <div class='ocr_carea' id='block_1_35' title="bbox 380 2127 634 2192">
    <p class='ocr_par' dir='ltr' id='par_1_35' title="bbox 380 2127 634 2192">
     <span class='ocr_line' id='line_1_35' title="bbox 380 2127 634 2192; baseline 0.008 -16"><span class='ocrx_word' id='word_1_250' title='bbox 380 2127 634 2192; x_wconf 90' lang='lat' dir='ltr'><strong>quentes.</strong></span> 
     </span>
    </p>
   </div>
   <div class='ocr_carea' id='block_1_36' title="bbox 451 2213 2027 2280">
    <p class='ocr_par' dir='ltr' id='par_1_36' title="bbox 451 2213 2027 2280">
     <span class='ocr_line' id='line_1_36' title="bbox 451 2213 2027 2280; baseline 0.01 -16"><span class='ocrx_word' id='word_1_251' title='bbox 451 2213 800 2267; x_wconf 85' lang='lat' dir='ltr'><strong>Romanorum</strong></span> <span class='ocrx_word' id='word_1_252' title='bbox 877 2213 960 2270; x_wconf 91' lang='lat' dir='ltr'><strong>l7.</strong></span> <span class='ocrx_word' id='word_1_253' title='bbox 1018 2216 1235 2270; x_wconf 87' lang='lat' dir='ltr'><strong>Marcus</strong></span> <span class='ocrx_word' id='word_1_254' title='bbox 1306 2218 1599 2274; x_wconf 84' lang='lat' dir='ltr'><strong>Antoninus</strong></span> <span class='ocrx_word' id='word_1_255' title='bbox 1674 2223 1834 2277; x_wconf 85' lang='lat' dir='ltr'><strong>Verus</strong></span> <span class='ocrx_word' id='word_1_256' title='bbox 1913 2240 2027 2280; x_wconf 82' lang='lat' dir='ltr'><strong>cum</strong></span> 
     </span>
    </p>
   </div>
   <div class='ocr_carea' id='block_1_37' title="bbox 379 2299 2024 2376">
    <p class='ocr_par' dir='ltr' id='par_1_37' title="bbox 379 2299 2024 2376">
     <span class='ocr_line' id='line_1_37' title="bbox 379 2299 2024 2376; baseline 0.008 -23"><span class='ocrx_word' id='word_1_257' title='bbox 379 2299 548 2365; x_wconf 76' lang='lat' dir='ltr'><strong>fratre</strong></span> <span class='ocrx_word' id='word_1_258' title='bbox 573 2301 735 2355; x_wconf 84' lang='lat' dir='ltr'><strong>Lucio</strong></span> <span class='ocrx_word' id='word_1_259' title='bbox 767 2302 1043 2357; x_wconf 83' lang='lat' dir='ltr'><strong>Commodo</strong></span> <span class='ocrx_word' id='word_1_260' title='bbox 1066 2308 1186 2374; x_wconf 86' lang='lat' dir='ltr'><strong>post</strong></span> <span class='ocrx_word' id='word_1_261' title='bbox 1222 2310 1426 2374; x_wconf 87' lang='lat' dir='ltr'><strong>patrem</strong></span> <span class='ocrx_word' id='word_1_262' title='bbox 1464 2310 1705 2376; x_wconf 87' lang='lat' dir='ltr'><strong>regnavit</strong></span> <span class='ocrx_word' id='word_1_263' title='bbox 1735 2312 1888 2367; x_wconf 86' lang='lat' dir='ltr'><strong>annis</strong></span> <span class='ocrx_word' id='word_1_264' title='bbox 1939 2312 2024 2366; x_wconf 93' lang='lat' dir='ltr'><strong><em>l9.</em></strong></span> 
     </span>
    </p>
   </div>
   <div class='ocr_carea' id='block_1_38' title="bbox 381 2387 2023 2463">
    <p class='ocr_par' dir='ltr' id='par_1_38' title="bbox 381 2387 2023 2463">
     <span class='ocr_line' id='line_1_38' title="bbox 381 2387 2023 2463; baseline 0.011 -24"><span class='ocrx_word' id='word_1_265' title='bbox 381 2401 553 2441; x_wconf 88' lang='lat' dir='ltr'><strong>mense</strong></span> <span class='ocrx_word' id='word_1_266' title='bbox 615 2387 662 2453; x_wconf 93' lang='lat'><strong>1,</strong></span> <span class='ocrx_word' id='word_1_267' title='bbox 704 2388 800 2443; x_wconf 86' lang='lat' dir='ltr'><strong>hoc</strong></span> <span class='ocrx_word' id='word_1_268' title='bbox 844 2395 920 2446; x_wconf 90' lang='lat' dir='ltr'><strong>est</strong></span> <span class='ocrx_word' id='word_1_269' title='bbox 948 2406 1109 2463; x_wconf 89' lang='lat' dir='ltr'><strong>usque</strong></span> <span class='ocrx_word' id='word_1_270' title='bbox 1154 2393 1282 2450; x_wconf 81' lang='lat' dir='ltr'><strong>Kal.</strong></span> <span class='ocrx_word' id='word_1_271' title='bbox 1314 2397 1613 2453; x_wconf 79' lang='lat' dir='ltr'><strong>Decembris</strong></span> <span class='ocrx_word' id='word_1_272' title='bbox 1643 2401 1698 2454; x_wconf 87' lang='lat' dir='ltr'><strong>in</strong></span> <span class='ocrx_word' id='word_1_273' title='bbox 1734 2417 1870 2456; x_wconf 89' lang='lat' dir='ltr'><strong>anno</strong></span> <span class='ocrx_word' id='word_1_274' title='bbox 1905 2401 2023 2458; x_wconf 85' lang='grc'><strong>153.</strong></span> 
     </span>
    </p>
   </div>
   <div class='ocr_carea' id='block_1_39' title="bbox 383 2478 842 2546">
    <p class='ocr_par' dir='ltr' id='par_1_39' title="bbox 383 2478 842 2546">
     <span class='ocr_line' id='line_1_39' title="bbox 383 2478 842 2546; baseline 0.002 -14"><span class='ocrx_word' id='word_1_275' title='bbox 383 2481 500 2546; x_wconf 84' lang='lat' dir='ltr'><strong>post</strong></span> <span class='ocrx_word' id='word_1_276' title='bbox 527 2478 842 2546; x_wconf 85' lang='lat' dir='ltr'><strong>passionem.</strong></span> 
     </span>
    </p>
   </div>
   <div class='ocr_carea' id='block_1_40' title="bbox 463 2563 2024 2646">
    <p class='ocr_par' dir='ltr' id='par_1_40' title="bbox 463 2563 2024 2646">
     <span class='ocr_line' id='line_1_40' title="bbox 463 2563 2024 2646; baseline 0.013 -29"><span class='ocrx_word' id='word_1_277' title='bbox 463 2563 582 2621; x_wconf 90' lang='lat'><strong><em>169.</em></strong></span> <span class='ocrx_word' id='word_1_278' title='bbox 658 2567 678 2620; x_wconf 96' lang='lat' dir='ltr'>l</span> <span class='ocrx_word' id='word_1_279' title='bbox 762 2568 965 2641; x_wconf 77' lang='lat' dir='ltr'><strong>[CXLVII]</strong></span> <span class='ocrx_word' id='word_1_280' title='bbox 1029 2569 1225 2642; x_wconf 73' lang='grc' dir='ltr'><strong>(Ηιιειι.)</strong></span> <span class='ocrx_word' id='word_1_281' title='bbox 1289 2575 1406 2630; x_wconf 88' lang='lat' dir='ltr'><strong>Duo</strong></span> <span class='ocrx_word' id='word_1_282' title='bbox 1479 2578 1688 2646; x_wconf 86' lang='lat' dir='ltr'><strong>augusti</strong></span> <span class='ocrx_word' id='word_1_283' title='bbox 1769 2580 2024 2639; x_wconf 84' lang='lat' dir='ltr'><strong>consules.</strong></span> 
     </span>
    </p>
   </div>
   <div class='ocr_carea' id='block_1_41' title="bbox 388 2654 2025 2739">
    <p class='ocr_par' dir='ltr' id='par_1_41' title="bbox 388 2654 2025 2739">
     <span class='ocr_line' id='line_1_41' title="bbox 388 2654 2025 2739; baseline 0.012 -31"><span class='ocrx_word' id='word_1_284' title='bbox 388 2654 454 2709; x_wconf 85' lang='lat' dir='ltr'><strong>Hi</strong></span> <span class='ocrx_word' id='word_1_285' title='bbox 504 2654 737 2724; x_wconf 92' lang='lat' dir='ltr'><strong>primum</strong></span> <span class='ocrx_word' id='word_1_286' title='bbox 777 2672 937 2728; x_wconf 71' lang='lat' dir='ltr'><strong>aequo</strong></span> <span class='ocrx_word' id='word_1_287' title='bbox 981 2661 1106 2729; x_wconf 90' lang='lat' dir='ltr'><strong>jure</strong></span> <span class='ocrx_word' id='word_1_288' title='bbox 1146 2662 1434 2731; x_wconf 90' lang='lat' dir='ltr'><strong>imperium</strong></span> <span class='ocrx_word' id='word_1_289' title='bbox 1484 2666 2025 2739; x_wconf 87' lang='lat' dir='ltr'><strong>administraverunt,</strong></span> 
     </span>
    </p>
   </div>
   <div class='ocr_carea' id='block_1_42' title="bbox 384 2747 2025 2828">
    <p class='ocr_par' dir='ltr' id='par_1_42' title="bbox 384 2747 2025 2828">
     <span class='ocr_line' id='line_1_42' title="bbox 384 2747 2025 2828; baseline 0.012 -31"><span class='ocrx_word' id='word_1_290' title='bbox 384 2757 508 2798; x_wconf 93' lang='lat' dir='ltr'><strong>cum</strong></span> <span class='ocrx_word' id='word_1_291' title='bbox 575 2758 748 2815; x_wconf 91' lang='lat' dir='ltr'><strong>usque</strong></span> <span class='ocrx_word' id='word_1_292' title='bbox 804 2747 873 2802; x_wconf 91' lang='lat' dir='ltr'><strong>ad</strong></span> <span class='ocrx_word' id='word_1_293' title='bbox 935 2748 1040 2805; x_wconf 85' lang='lat' dir='ltr'><strong>hoc</strong></span> <span class='ocrx_word' id='word_1_294' title='bbox 1098 2754 1314 2820; x_wconf 88' lang='lat' dir='ltr'><strong>tempus</strong></span> <span class='ocrx_word' id='word_1_295' title='bbox 1382 2753 1584 2825; x_wconf 83' lang='lat' dir='ltr'><strong>singuli</strong></span> <span class='ocrx_word' id='word_1_296' title='bbox 1649 2760 1867 2828; x_wconf 82' lang='lat' dir='ltr'><strong>augusti</strong></span> <span class='ocrx_word' id='word_1_297' title='bbox 1915 2759 2025 2817; x_wconf 87' lang='lat' dir='ltr'><strong>fue-</strong></span> 
     </span>
    </p>
   </div>
   <div class='ocr_carea' id='block_1_43' title="bbox 381 2837 528 2888">
    <p class='ocr_par' dir='ltr' id='par_1_43' title="bbox 381 2837 528 2888">
     <span class='ocr_line' id='line_1_43' title="bbox 381 2837 528 2888; baseline 0 0"><span class='ocrx_word' id='word_1_298' title='bbox 381 2837 528 2888; x_wconf 92' lang='lat' dir='ltr'><strong>runt.</strong></span> 
     </span>
    </p>
   </div>
   <div class='ocr_carea' id='block_1_44' title="bbox 458 2916 2024 3009">
    <p class='ocr_par' dir='ltr' id='par_1_44' title="bbox 458 2916 2024 3009">
     <span class='ocr_line' id='line_1_44' title="bbox 458 2916 2024 3009; baseline 0.014 -35"><span class='ocrx_word' id='word_1_299' title='bbox 458 2920 578 2978; x_wconf 93' lang='lat'><strong><em>170.</em></strong></span> <span class='ocrx_word' id='word_1_300' title='bbox 641 2924 678 2978; x_wconf 89' lang='lat'><strong>2</strong></span> <span class='ocrx_word' id='word_1_301' title='bbox 737 2927 964 2998; x_wconf 85' lang='lat' dir='ltr'><strong>[CXLVIII]</strong></span> <span class='ocrx_word' id='word_1_302' title='bbox 1045 2929 1255 3003; x_wconf 70' lang='grc' dir='ltr'><strong>(Ηιειι.)</strong></span> <span class='ocrx_word' id='word_1_303' title='bbox 1337 2934 1574 2990; x_wconf 82' lang='lat' dir='ltr'><strong>Rusticus</strong></span> <span class='ocrx_word' id='word_1_304' title='bbox 1630 2941 1679 2992; x_wconf 85' lang='lat' dir='ltr'><strong>et</strong></span> <span class='ocrx_word' id='word_1_305' title='bbox 1728 2916 2024 3009; x_wconf 79' lang='lat' dir='ltr'><strong>Aquilinus.</strong></span> 
     </span>
    </p>
   </div>
   <div class='ocr_carea' id='block_1_45' title="bbox 382 3015 2026 3094">
    <p class='ocr_par' dir='ltr' id='par_1_45' title="bbox 382 3015 2026 3094">
     <span class='ocr_line' id='line_1_45' title="bbox 382 3015 2026 3094; baseline 0.01 -26"><span class='ocrx_word' id='word_1_306' title='bbox 382 3015 549 3071; x_wconf 89' lang='lat' dir='ltr'><strong>Lucio</strong></span> <span class='ocrx_word' id='word_1_307' title='bbox 590 3016 764 3070; x_wconf 91' lang='lat' dir='ltr'><strong>cesari</strong></span> <span class='ocrx_word' id='word_1_308' title='bbox 811 3017 1039 3073; x_wconf 86' lang='lat' dir='ltr'><strong>Athenis</strong></span> <span class='ocrx_word' id='word_1_309' title='bbox 1081 3020 1413 3078; x_wconf 83' lang='lat' dir='ltr'><strong>sacriﬁcanti</strong></span> <span class='ocrx_word' id='word_1_310' title='bbox 1452 3023 1596 3094; x_wconf 82' lang='lat' dir='ltr'><strong>ignis</strong></span> <span class='ocrx_word' id='word_1_311' title='bbox 1646 3025 1702 3080; x_wconf 90' lang='lat' dir='ltr'><strong>in</strong></span> <span class='ocrx_word' id='word_1_312' title='bbox 1760 3029 1900 3084; x_wconf 75' lang='lat' dir='ltr'><strong>cmlo</strong></span> <span class='ocrx_word' id='word_1_313' title='bbox 1957 3030 2026 3085; x_wconf 90' lang='lat' dir='ltr'><strong>ab</strong></span> 
     </span>
    </p>
   </div>
   <div class='ocr_carea' id='block_1_46' title="bbox 382 3104 1633 3170">
    <p class='ocr_par' dir='ltr' id='par_1_46' title="bbox 382 3104 1633 3170">
     <span class='ocr_line' id='line_1_46' title="bbox 382 3104 1633 3170; baseline 0.009 -12"><span class='ocrx_word' id='word_1_314' title='bbox 382 3104 672 3160; x_wconf 89' lang='lat' dir='ltr'><strong>occidente</strong></span> <span class='ocrx_word' id='word_1_315' title='bbox 720 3105 776 3160; x_wconf 90' lang='lat' dir='ltr'><strong>in</strong></span> <span class='ocrx_word' id='word_1_316' title='bbox 827 3107 1094 3162; x_wconf 90' lang='lat' dir='ltr'><strong>orientem</strong></span> <span class='ocrx_word' id='word_1_317' title='bbox 1140 3107 1270 3165; x_wconf 84' lang='lat' dir='ltr'><strong>ferri</strong></span> <span class='ocrx_word' id='word_1_318' title='bbox 1315 3111 1492 3167; x_wconf 88' lang='lat' dir='ltr'><strong>vissus</strong></span> <span class='ocrx_word' id='word_1_319' title='bbox 1530 3121 1633 3170; x_wconf 89' lang='lat' dir='ltr'><strong>est.</strong></span> 
     </span>
    </p>
   </div>
   <div class='ocr_carea' id='block_1_47' title="bbox 459 3189 2025 3268">
    <p class='ocr_par' dir='ltr' id='par_1_47' title="bbox 459 3189 2025 3268">
     <span class='ocr_line' id='line_1_47' title="bbox 459 3189 2025 3268; baseline 0.013 -24"><span class='ocrx_word' id='word_1_320' title='bbox 459 3189 577 3248; x_wconf 94' lang='lat'><strong><em>171.</em></strong></span> <span class='ocrx_word' id='word_1_321' title='bbox 627 3192 681 3248; x_wconf 91' lang='lat'><strong>3.</strong></span> <span class='ocrx_word' id='word_1_322' title='bbox 729 3194 917 3265; x_wconf 84' lang='lat' dir='ltr'><strong>[CLXIX]</strong></span> <span class='ocrx_word' id='word_1_323' title='bbox 965 3195 1180 3267; x_wconf 72' lang='lat' dir='ltr'><strong>(illum)</strong></span> <span class='ocrx_word' id='word_1_324' title='bbox 1235 3197 1517 3268; x_wconf 88' lang='lat' dir='ltr'><strong>Lalejanus</strong></span> <span class='ocrx_word' id='word_1_325' title='bbox 1545 3207 1595 3257; x_wconf 87' lang='lat' dir='ltr'><strong>et</strong></span> <span class='ocrx_word' id='word_1_326' title='bbox 1621 3205 1829 3262; x_wconf 86' lang='lat' dir='ltr'><strong>Pastor.</strong></span> <span class='ocrx_word' id='word_1_327' title='bbox 1865 3208 2025 3264; x_wconf 79' lang='lat' dir='ltr'><strong>Volo-</strong></span> 
     </span>
    </p>
   </div>
   <div class='ocr_carea' id='block_1_48' title="bbox 379 3283 2013 3366">
    <p class='ocr_par' dir='ltr' id='par_1_48' title="bbox 379 3283 2013 3366">
     <span class='ocr_line' id='line_1_48' title="bbox 379 3283 2013 3366; baseline 0.012 -33"><span class='ocrx_word' id='word_1_328' title='bbox 379 3290 572 3347; x_wconf 83' lang='lat' dir='ltr'><strong>gessus</strong></span> <span class='ocrx_word' id='word_1_329' title='bbox 602 3294 698 3336; x_wconf 85' lang='lat' dir='ltr'><strong>rex</strong></span> <span class='ocrx_word' id='word_1_330' title='bbox 741 3283 1066 3340; x_wconf 88' lang='lat' dir='ltr'><strong>Parthorum</strong></span> <span class='ocrx_word' id='word_1_331' title='bbox 1096 3285 1303 3342; x_wconf 88' lang='lat' dir='ltr'><strong>vicinas</strong></span> <span class='ocrx_word' id='word_1_332' title='bbox 1349 3288 1455 3344; x_wconf 94' lang='lat' dir='ltr'><strong>sibi</strong></span> <span class='ocrx_word' id='word_1_333' title='bbox 1494 3291 1766 3350; x_wconf 86' lang='lat' dir='ltr'><strong>Romanas</strong></span> <span class='ocrx_word' id='word_1_334' title='bbox 1809 3297 2013 3366; x_wconf 85' lang='lat' dir='ltr'><strong>provin-</strong></span> 
     </span>
    </p>
   </div>
   <div class='ocr_carea' id='block_1_49' title="bbox 382 3366 1026 3440">
    <p class='ocr_par' dir='ltr' id='par_1_49' title="bbox 382 3366 1026 3440">
     <span class='ocr_line' id='line_1_49' title="bbox 382 3366 1026 3440; baseline 0.012 -19"><span class='ocrx_word' id='word_1_335' title='bbox 382 3366 496 3423; x_wconf 91' lang='lat' dir='ltr'><strong>cias</strong></span> <span class='ocrx_word' id='word_1_336' title='bbox 526 3367 894 3440; x_wconf 89' lang='lat' dir='ltr'><strong>depopulatus</strong></span> <span class='ocrx_word' id='word_1_337' title='bbox 923 3377 1026 3429; x_wconf 90' lang='lat' dir='ltr'><strong>est.</strong></span> 
     </span>
    </p>
   </div>
   <div class='ocr_carea' id='block_1_50' title="bbox 456 3456 2026 3532">
    <p class='ocr_par' dir='ltr' id='par_1_50' title="bbox 456 3456 2026 3532">
     <span class='ocr_line' id='line_1_50' title="bbox 456 3456 2026 3532; baseline 0.013 -21"><span class='ocrx_word' id='word_1_338' title='bbox 456 3456 576 3513; x_wconf 87' lang='lat'><strong><em>172.</em></strong></span> <span class='ocrx_word' id='word_1_339' title='bbox 625 3458 682 3514; x_wconf 87' lang='grc'><strong>4.</strong></span> <span class='ocrx_word' id='word_1_340' title='bbox 737 3460 832 3531; x_wconf 84' lang='lat' dir='ltr'><strong>[CL]</strong></span> <span class='ocrx_word' id='word_1_341' title='bbox 896 3461 1094 3532; x_wconf 66' lang='lat' dir='ltr'><strong>(11mm)</strong></span> <span class='ocrx_word' id='word_1_342' title='bbox 1143 3465 1414 3522; x_wconf 85' lang='lat' dir='ltr'><strong>Marcinus</strong></span> <span class='ocrx_word' id='word_1_343' title='bbox 1470 3474 1518 3524; x_wconf 86' lang='lat' dir='ltr'><strong>et</strong></span> <span class='ocrx_word' id='word_1_344' title='bbox 1575 3470 1772 3527; x_wconf 85' lang='lat' dir='ltr'><strong>Celsus.</strong></span> <span class='ocrx_word' id='word_1_345' title='bbox 1822 3475 2026 3532; x_wconf 88' lang='lat' dir='ltr'><strong>Fronto</strong></span> 
     </span>
    </p>
   </div>
   <div class='ocr_carea' id='block_1_51' title="bbox 381 3548 2027 3626">
    <p class='ocr_par' dir='ltr' id='par_1_51' title="bbox 381 3548 2027 3626">
     <span class='ocr_line' id='line_1_51' title="bbox 381 3548 2027 3626; baseline 0.012 -25"><span class='ocrx_word' id='word_1_346' title='bbox 381 3553 570 3604; x_wconf 89' lang='lat' dir='ltr'><strong>orator</strong></span> <span class='ocrx_word' id='word_1_347' title='bbox 638 3548 871 3620; x_wconf 82' lang='lat' dir='ltr'><strong>insignis</strong></span> <span class='ocrx_word' id='word_1_348' title='bbox 943 3552 1214 3624; x_wconf 88' lang='lat' dir='ltr'><strong>habetur,</strong></span> <span class='ocrx_word' id='word_1_349' title='bbox 1272 3559 1366 3626; x_wconf 90' lang='lat' dir='ltr'><strong>qui</strong></span> <span class='ocrx_word' id='word_1_350' title='bbox 1420 3559 1755 3617; x_wconf 87' lang='lat' dir='ltr'><strong>Antoninum</strong></span> <span class='ocrx_word' id='word_1_351' title='bbox 1830 3564 2027 3620; x_wconf 89' lang='lat' dir='ltr'><strong>Verum</strong></span> 
     </span>
    </p>
   </div>
   <div class='ocr_carea' id='block_1_52' title="bbox 377 3636 2028 3709">
    <p class='ocr_par' dir='ltr' id='par_1_52' title="bbox 377 3636 2028 3709">
     <span class='ocr_line' id='line_1_52' title="bbox 377 3636 2028 3709; baseline 0.012 -19"><span class='ocrx_word' id='word_1_352' title='bbox 377 3636 586 3692; x_wconf 88' lang='lat' dir='ltr'><strong>Latinis</strong></span> <span class='ocrx_word' id='word_1_353' title='bbox 623 3637 824 3694; x_wconf 91' lang='lat' dir='ltr'><strong>litteris</strong></span> <span class='ocrx_word' id='word_1_354' title='bbox 877 3641 1131 3697; x_wconf 87' lang='lat' dir='ltr'><strong>erudivit.</strong></span> <span class='ocrx_word' id='word_1_355' title='bbox 1173 3643 1420 3700; x_wconf 89' lang='lat' dir='ltr'><strong>Seleucia</strong></span> <span class='ocrx_word' id='word_1_356' title='bbox 1475 3649 1696 3706; x_wconf 68' lang='lat' dir='ltr'><strong>Assirize</strong></span> <span class='ocrx_word' id='word_1_357' title='bbox 1736 3652 1866 3708; x_wconf 87' lang='lat' dir='ltr'><strong>urbs</strong></span> <span class='ocrx_word' id='word_1_358' title='bbox 1903 3667 2028 3709; x_wconf 92' lang='lat' dir='ltr'><strong>cum</strong></span> 
     </span>
    </p>
   </div>
   <div class='ocr_carea' id='block_1_53' title="bbox 381 3727 1810 3809">
    <p class='ocr_par' dir='ltr' id='par_1_53' title="bbox 381 3727 1810 3809">
     <span class='ocr_line' id='line_1_53' title="bbox 381 3727 1810 3809; baseline 0.011 -30"><span class='ocrx_word' id='word_1_359' title='bbox 381 3727 646 3782; x_wconf 87' lang='lat' dir='ltr'><strong>trecentis</strong></span> <span class='ocrx_word' id='word_1_360' title='bbox 684 3728 906 3785; x_wconf 91' lang='lat' dir='ltr'><strong>milibus</strong></span> <span class='ocrx_word' id='word_1_361' title='bbox 944 3731 1223 3788; x_wconf 91' lang='lat' dir='ltr'><strong>hominum</strong></span> <span class='ocrx_word' id='word_1_362' title='bbox 1261 3746 1292 3788; x_wconf 87' lang='lat' dir='ltr'><strong>a</strong></span> <span class='ocrx_word' id='word_1_363' title='bbox 1332 3735 1593 3792; x_wconf 83' lang='lat' dir='ltr'><strong>Romanis</strong></span> <span class='ocrx_word' id='word_1_364' title='bbox 1631 3746 1810 3809; x_wconf 89' lang='lat' dir='ltr'><strong>capta.</strong></span> 
     </span>
    </p>
   </div>
   <div class='ocr_carea' id='block_1_54' title="bbox 456 3814 2027 3901">
    <p class='ocr_par' dir='ltr' id='par_1_54' title="bbox 456 3814 2027 3901">
     <span class='ocr_line' id='line_1_54' title="bbox 456 3814 2027 3901; baseline 0.013 -35"><span class='ocrx_word' id='word_1_365' title='bbox 456 3814 576 3870; x_wconf 90' lang='lat'><strong><em>173.</em></strong></span> <span class='ocrx_word' id='word_1_366' title='bbox 649 3815 704 3871; x_wconf 87' lang='lat'><strong><em>5.</em></strong></span> <span class='ocrx_word' id='word_1_367' title='bbox 789 3817 904 3888; x_wconf 90' lang='lat' dir='ltr'><strong>[CLI]</strong></span> <span class='ocrx_word' id='word_1_368' title='bbox 962 3820 1160 3888; x_wconf 65' lang='lat' dir='ltr'><strong>(11mm)</strong></span> <span class='ocrx_word' id='word_1_369' title='bbox 1217 3822 1424 3878; x_wconf 82' lang='lat' dir='ltr'><strong>Orsitus</strong></span> <span class='ocrx_word' id='word_1_370' title='bbox 1479 3829 1528 3880; x_wconf 88' lang='lat' dir='ltr'><strong>et</strong></span> <span class='ocrx_word' id='word_1_371' title='bbox 1580 3827 1810 3884; x_wconf 84' lang='lat' dir='ltr'><strong>Pudens.</strong></span> <span class='ocrx_word' id='word_1_372' title='bbox 1871 3831 2027 3901; x_wconf 91' lang='lat' dir='ltr'><strong>Apud</strong></span> 
     </span>
    </p>
   </div>
   <div class='ocr_carea' id='block_1_55' title="bbox 379 3901 2030 3990">
    <p class='ocr_par' dir='ltr' id='par_1_55' title="bbox 379 3901 2030 3990">
     <span class='ocr_line' id='line_1_55' title="bbox 379 3901 2030 3990; baseline 0.012 -34"><span class='ocrx_word' id='word_1_373' title='bbox 379 3901 562 3958; x_wconf 90' lang='lat' dir='ltr'><strong>Pissas</strong></span> <span class='ocrx_word' id='word_1_374' title='bbox 600 3905 929 3976; x_wconf 87' lang='lat' dir='ltr'><strong>Peregrinus</strong></span> <span class='ocrx_word' id='word_1_375' title='bbox 994 3909 1378 3980; x_wconf 91' lang='lat' dir='ltr'><strong>philosophus,</strong></span> <span class='ocrx_word' id='word_1_376' title='bbox 1441 3928 1577 3986; x_wconf 88' lang='lat' dir='ltr'><strong>rogo</strong></span> <span class='ocrx_word' id='word_1_377' title='bbox 1640 3931 1706 3972; x_wconf 87' lang='lat' dir='ltr'><strong>ex</strong></span> <span class='ocrx_word' id='word_1_378' title='bbox 1766 3918 1825 3949; x_wconf 76' lang='lat'><strong>“‘9</strong></span> <span class='ocrx_word' id='word_1_379' title='bbox 1864 3919 2030 3990; x_wconf 85' lang='lat' dir='ltr'><strong>lignis</strong></span> 
     </span>
    </p>
   </div>
   <div class='ocr_carea' id='block_1_56' title="bbox 379 3997 2028 4075">
    <p class='ocr_par' dir='ltr' id='par_1_56' title="bbox 379 3997 2028 4075">
     <span class='ocr_line' id='line_1_56' title="bbox 379 3997 2028 4075; baseline 0.012 -29"><span class='ocrx_word' id='word_1_380' title='bbox 379 4002 795 4060; x_wconf 89' lang='lat' dir='ltr'><strong>compossuerat</strong></span> <span class='ocrx_word' id='word_1_381' title='bbox 834 3997 1094 4064; x_wconf 88' lang='lat' dir='ltr'><strong>incensis,</strong></span> <span class='ocrx_word' id='word_1_382' title='bbox 1136 4001 1489 4070; x_wconf 90' lang='lat' dir='ltr'><strong>semetipsum</strong></span> <span class='ocrx_word' id='word_1_383' title='bbox 1529 4006 1784 4075; x_wconf 90' lang='lat' dir='ltr'><strong>projecit.</strong></span> <span class='ocrx_word' id='word_1_384' title='bbox 1826 4009 2028 4065; x_wconf 91' lang='lat' dir='ltr'><strong>Lucius</strong></span> 
     </span>
    </p>
   </div>
   <div class='ocr_carea' id='block_1_57' title="bbox 379 4081 1641 4161">
    <p class='ocr_par' dir='ltr' id='par_1_57' title="bbox 379 4081 1641 4161">
     <span class='ocr_line' id='line_1_57' title="bbox 379 4081 1641 4161; baseline 0.012 -28"><span class='ocrx_word' id='word_1_385' title='bbox 379 4092 566 4135; x_wconf 89' lang='lat' dir='ltr'><strong>cessar</strong></span> <span class='ocrx_word' id='word_1_386' title='bbox 593 4081 661 4136; x_wconf 93' lang='lat' dir='ltr'><strong>de</strong></span> <span class='ocrx_word' id='word_1_387' title='bbox 693 4084 909 4139; x_wconf 88' lang='lat' dir='ltr'><strong>Parthis</strong></span> <span class='ocrx_word' id='word_1_388' title='bbox 946 4101 1067 4141; x_wconf 93' lang='lat' dir='ltr'><strong>cum</strong></span> <span class='ocrx_word' id='word_1_389' title='bbox 1101 4085 1268 4143; x_wconf 87' lang='lat' dir='ltr'><strong>fratre</strong></span> <span class='ocrx_word' id='word_1_390' title='bbox 1308 4090 1641 4161; x_wconf 90' lang='lat' dir='ltr'><strong>triumpavit.</strong></span> 
     </span>
    </p>
   </div>
   <div class='ocr_carea' id='block_1_58' title="bbox 455 4167 2026 4242">
    <p class='ocr_par' dir='ltr' id='par_1_58' title="bbox 455 4167 2026 4242">
     <span class='ocr_line' id='line_1_58' title="bbox 455 4167 2026 4242; baseline 0.013 -22"><span class='ocrx_word' id='word_1_391' title='bbox 455 4167 573 4224; x_wconf 89' lang='lat'><strong><em>174.</em></strong></span> <span class='ocrx_word' id='word_1_392' title='bbox 620 4168 675 4224; x_wconf 92' lang='lat'><strong><em>6.</em></strong></span> <span class='ocrx_word' id='word_1_393' title='bbox 740 4170 878 4241; x_wconf 83' lang='lat' dir='ltr'><strong>[CLII]</strong></span> <span class='ocrx_word' id='word_1_394' title='bbox 925 4173 1122 4242; x_wconf 65' lang='lat' dir='ltr'><strong>(11mm)</strong></span> <span class='ocrx_word' id='word_1_395' title='bbox 1160 4176 1366 4231; x_wconf 87' lang='lat' dir='ltr'><strong>Pudens</strong></span> <span class='ocrx_word' id='word_1_396' title='bbox 1403 4177 1457 4231; x_wconf 90' lang='lat'><strong>2.</strong></span> <span class='ocrx_word' id='word_1_397' title='bbox 1489 4185 1538 4234; x_wconf 88' lang='lat' dir='ltr'><strong>et</strong></span> <span class='ocrx_word' id='word_1_398' title='bbox 1567 4180 1752 4238; x_wconf 85' lang='lat' dir='ltr'><strong>Pollio.</strong></span> <span class='ocrx_word' id='word_1_399' title='bbox 1794 4184 2026 4241; x_wconf 85' lang='lat' dir='ltr'><strong>Alexan-</strong></span> 
     </span>
    </p>
   </div>
   <div class='ocr_carea' id='block_1_59' title="bbox 379 4255 2028 4340">
    <p class='ocr_par' dir='ltr' id='par_1_59' title="bbox 379 4255 2028 4340">
     <span class='ocr_line' id='line_1_59' title="bbox 379 4255 2028 4340; baseline 0.012 -29"><span class='ocrx_word' id='word_1_400' title='bbox 379 4255 516 4313; x_wconf 75' lang='lat' dir='ltr'><strong>driae</strong></span> <span class='ocrx_word' id='word_1_401' title='bbox 555 4257 790 4316; x_wconf 62' lang='lat' dir='ltr'><strong>aaclesiae</strong></span> <span class='ocrx_word' id='word_1_402' title='bbox 828 4259 882 4316; x_wconf 90' lang='lat'><strong>9.</strong></span> <span class='ocrx_word' id='word_1_403' title='bbox 924 4262 1220 4334; x_wconf 91' lang='lat' dir='ltr'><strong>episcopus</strong></span> <span class='ocrx_word' id='word_1_404' title='bbox 1257 4265 1460 4335; x_wconf 89' lang='lat' dir='ltr'><strong>prefuit</strong></span> <span class='ocrx_word' id='word_1_405' title='bbox 1496 4270 1829 4340; x_wconf 87' lang='lat' dir='ltr'><strong>Agrippinus</strong></span> <span class='ocrx_word' id='word_1_406' title='bbox 1867 4275 2028 4330; x_wconf 89' lang='lat' dir='ltr'><strong>annis</strong></span> 
     </span>
    </p>
   </div>
   <div class='ocr_carea' id='block_1_60' title="bbox 385 4346 2028 4429">
    <p class='ocr_par' dir='ltr' id='par_1_60' title="bbox 385 4346 2028 4429">
     <span class='ocr_line' id='line_1_60' title="bbox 385 4346 2028 4429; baseline 0.013 -29"><span class='ocrx_word' id='word_1_407' title='bbox 385 4346 468 4403; x_wconf 91' lang='lat'><strong>12.</strong></span> <span class='ocrx_word' id='word_1_408' title='bbox 508 4349 900 4406; x_wconf 88' lang='lat' dir='ltr'><strong>Persecutione</strong></span> <span class='ocrx_word' id='word_1_409' title='bbox 939 4357 1056 4408; x_wconf 88' lang='lat' dir='ltr'><strong>orta</strong></span> <span class='ocrx_word' id='word_1_410' title='bbox 1087 4354 1143 4410; x_wconf 89' lang='lat' dir='ltr'><strong>in</strong></span> <span class='ocrx_word' id='word_1_411' title='bbox 1182 4357 1356 4423; x_wconf 89' lang='lat' dir='ltr'><strong>Assia,</strong></span> <span class='ocrx_word' id='word_1_412' title='bbox 1382 4358 1702 4429; x_wconf 90' lang='lat' dir='ltr'><strong>Policarpus</strong></span> <span class='ocrx_word' id='word_1_413' title='bbox 1728 4369 1781 4418; x_wconf 93' lang='lat' dir='ltr'><strong>et</strong></span> <span class='ocrx_word' id='word_1_414' title='bbox 1803 4364 2028 4420; x_wconf 91' lang='lat' dir='ltr'><strong>Pionius</strong></span> 
     </span>
    </p>
   </div>
   <div class='ocr_carea' id='block_1_61' title="bbox 2105 1856 3754 1926">
    <p class='ocr_par' dir='ltr' id='par_1_61' title="bbox 2105 1856 3754 1926">
     <span class='ocr_line' id='line_1_61' title="bbox 2105 1856 3754 1926; baseline -0.002 -11"><span class='ocrx_word' id='word_1_415' title='bbox 2105 1861 2344 1916; x_wconf 90' lang='lat' dir='ltr'><strong>Cetheco</strong></span> <span class='ocrx_word' id='word_1_416' title='bbox 2393 1867 2448 1916; x_wconf 89' lang='lat' dir='ltr'><strong>et</strong></span> <span class='ocrx_word' id='word_1_417' title='bbox 2494 1861 2654 1916; x_wconf 89' lang='lat' dir='ltr'><strong>Claro</strong></span> <span class='ocrx_word' id='word_1_418' title='bbox 2702 1860 2835 1915; x_wconf 88' lang='lat' dir='ltr'><strong>viris</strong></span> <span class='ocrx_word' id='word_1_419' title='bbox 2869 1858 3187 1913; x_wconf 90' lang='lat' dir='ltr'><strong>clarissimis</strong></span> <span class='ocrx_word' id='word_1_420' title='bbox 3217 1856 3578 1926; x_wconf 78' lang='lat' dir='ltr'><strong>consulibus]</strong></span> <span class='ocrx_word' id='word_1_421' title='bbox 3624 1856 3754 1912; x_wconf 92' lang='lat' dir='ltr'><strong>Dio-</strong></span> 
     </span>
    </p>
   </div>
   <div class='ocr_carea' id='block_1_62' title="bbox 2106 1949 3757 2022">
    <p class='ocr_par' dir='ltr' id='par_1_62' title="bbox 2106 1949 3757 2022">
     <span class='ocr_line' id='line_1_62' title="bbox 2106 1949 3757 2022; baseline -0.002 -14"><span class='ocrx_word' id='word_1_422' title='bbox 2106 1953 2309 2008; x_wconf 87' lang='lat' dir='ltr'><strong>nissius</strong></span> <span class='ocrx_word' id='word_1_423' title='bbox 2364 1952 2658 2022; x_wconf 88' lang='lat' dir='ltr'><strong>episcopus</strong></span> <span class='ocrx_word' id='word_1_424' title='bbox 2713 1951 3123 2007; x_wconf 90' lang='lat' dir='ltr'><strong>Corinthiorum</strong></span> <span class='ocrx_word' id='word_1_425' title='bbox 3177 1949 3358 2005; x_wconf 90' lang='lat' dir='ltr'><strong>clarus</strong></span> <span class='ocrx_word' id='word_1_426' title='bbox 3405 1949 3666 2016; x_wconf 85' lang='lat' dir='ltr'><strong>habetur,</strong></span> <span class='ocrx_word' id='word_1_427' title='bbox 3708 1954 3757 2004; x_wconf 90' lang='lat' dir='ltr'><strong>et</strong></span> 
     </span>
    </p>
   </div>
   <div class='ocr_carea' id='block_1_63' title="bbox 2106 2039 3303 2109">
    <p class='ocr_par' dir='ltr' id='par_1_63' title="bbox 2106 2039 3303 2109">
     <span class='ocr_line' id='line_1_63' title="bbox 2106 2039 3303 2109; baseline -0.003 -14"><span class='ocrx_word' id='word_1_428' title='bbox 2106 2042 2358 2096; x_wconf 91' lang='lat' dir='ltr'><strong>Pinnitus</strong></span> <span class='ocrx_word' id='word_1_429' title='bbox 2387 2042 2665 2096; x_wconf 91' lang='lat' dir='ltr'><strong>Cretensis</strong></span> <span class='ocrx_word' id='word_1_430' title='bbox 2687 2041 2770 2096; x_wconf 93' lang='lat' dir='ltr'><strong>vir</strong></span> <span class='ocrx_word' id='word_1_431' title='bbox 2799 2039 3303 2109; x_wconf 90' lang='lat' dir='ltr'><strong>eloquentissimus.</strong></span> 
     </span>
    </p>
   </div>
   <div class='ocr_carea' id='block_1_64' title="bbox 2187 2126 3752 2199">
    <p class='ocr_par' dir='ltr' id='par_1_64' title="bbox 2187 2126 3752 2199">
     <span class='ocr_line' id='line_1_64' title="bbox 2187 2126 3752 2199; baseline -0.001 -17"><span class='ocrx_word' id='word_1_432' title='bbox 2187 2129 2303 2184; x_wconf 92' lang='lat'><strong><em>179.</em></strong></span> <span class='ocrx_word' id='word_1_433' title='bbox 2353 2128 2436 2185; x_wconf 93' lang='lat'><strong>11.</strong></span> <span class='ocrx_word' id='word_1_434' title='bbox 2500 2130 2668 2199; x_wconf 75' lang='lat' dir='ltr'><strong>[CLVII]</strong></span> <span class='ocrx_word' id='word_1_435' title='bbox 2740 2129 2934 2198; x_wconf 63' lang='lat' dir='ltr'><strong>(11mm)</strong></span> <span class='ocrx_word' id='word_1_436' title='bbox 2984 2130 3210 2185; x_wconf 83' lang='lat' dir='ltr'><strong>Severus</strong></span> <span class='ocrx_word' id='word_1_437' title='bbox 3264 2132 3312 2182; x_wconf 88' lang='lat' dir='ltr'><strong>et</strong></span> <span class='ocrx_word' id='word_1_438' title='bbox 3367 2126 3752 2182; x_wconf 82' lang='lat' dir='ltr'><strong>Herennianus.</strong></span> 
     </span>
    </p>
   </div>
   <div class='ocr_carea' id='block_1_65' title="bbox 2108 2215 3759 2288">
    <p class='ocr_par' dir='ltr' id='par_1_65' title="bbox 2108 2215 3759 2288">
     <span class='ocr_line' id='line_1_65' title="bbox 2108 2215 3759 2288; baseline -0.004 -14"><span class='ocrx_word' id='word_1_439' title='bbox 2108 2217 2600 2288; x_wconf 84' lang='lat' dir='ltr'><strong>Pseudoprofhetia</strong></span> <span class='ocrx_word' id='word_1_440' title='bbox 2653 2233 2776 2288; x_wconf 71' lang='lat' dir='ltr'><strong>quae</strong></span> <span class='ocrx_word' id='word_1_441' title='bbox 2825 2216 3126 2288; x_wconf 84' lang='lat' dir='ltr'><strong>Catafrigas</strong></span> <span class='ocrx_word' id='word_1_442' title='bbox 3174 2217 3490 2272; x_wconf 89' lang='lat' dir='ltr'><strong>nominatur</strong></span> <span class='ocrx_word' id='word_1_443' title='bbox 3545 2215 3759 2283; x_wconf 86' lang='lat' dir='ltr'><strong>accepit</strong></span> 
     </span>
    </p>
   </div>
   <div class='ocr_carea' id='block_1_66' title="bbox 2111 2304 3756 2373">
    <p class='ocr_par' dir='ltr' id='par_1_66' title="bbox 2111 2304 3756 2373">
     <span class='ocr_line' id='line_1_66' title="bbox 2111 2304 3756 2373; baseline -0.003 -10"><span class='ocrx_word' id='word_1_444' title='bbox 2111 2307 2418 2373; x_wconf 83' lang='lat' dir='ltr'><strong>exordium,</strong></span> <span class='ocrx_word' id='word_1_445' title='bbox 2451 2314 2675 2363; x_wconf 90' lang='lat' dir='ltr'><strong>auctore</strong></span> <span class='ocrx_word' id='word_1_446' title='bbox 2707 2309 2962 2363; x_wconf 83' lang='lat' dir='ltr'><strong>Montano</strong></span> <span class='ocrx_word' id='word_1_447' title='bbox 2994 2311 3048 2361; x_wconf 89' lang='lat' dir='ltr'><strong>et</strong></span> <span class='ocrx_word' id='word_1_448' title='bbox 3078 2304 3324 2361; x_wconf 90' lang='lat' dir='ltr'><strong>Priscilla</strong></span> <span class='ocrx_word' id='word_1_449' title='bbox 3354 2304 3756 2373; x_wconf 82' lang='lat' dir='ltr'><strong>Maximillaque</strong></span> 
     </span>
    </p>
   </div>
   <div class='ocr_carea' id='block_1_67' title="bbox 2110 2394 3752 2465">
    <p class='ocr_par' dir='ltr' id='par_1_67' title="bbox 2110 2394 3752 2465">
     <span class='ocr_line' id='line_1_67' title="bbox 2110 2394 3752 2465; baseline -0.003 -12"><span class='ocrx_word' id='word_1_450' title='bbox 2110 2397 2318 2453; x_wconf 90' lang='lat' dir='ltr'><strong>insanis</strong></span> <span class='ocrx_word' id='word_1_451' title='bbox 2346 2398 2580 2453; x_wconf 83' lang='lat' dir='ltr'><strong>vatibus.</strong></span> <span class='ocrx_word' id='word_1_452' title='bbox 2611 2397 2868 2452; x_wconf 91' lang='lat' dir='ltr'><strong>Tatiauus</strong></span> <span class='ocrx_word' id='word_1_453' title='bbox 2896 2396 3176 2452; x_wconf 90' lang='lat' dir='ltr'><strong>hereticus</strong></span> <span class='ocrx_word' id='word_1_454' title='bbox 3200 2394 3540 2465; x_wconf 85' lang='lat' dir='ltr'><strong>agnoscitur,</strong></span> <span class='ocrx_word' id='word_1_455' title='bbox 3581 2408 3616 2448; x_wconf 89' lang='lat' dir='ltr'><strong>a</strong></span> <span class='ocrx_word' id='word_1_456' title='bbox 3648 2405 3752 2463; x_wconf 91' lang='lat' dir='ltr'><strong>quo</strong></span> 
     </span>
    </p>
   </div>
   <div class='ocr_carea' id='block_1_68' title="bbox 2111 2487 2435 2557">
    <p class='ocr_par' dir='ltr' id='par_1_68' title="bbox 2111 2487 2435 2557">
     <span class='ocr_line' id='line_1_68' title="bbox 2111 2487 2435 2557; baseline 0 -15"><span class='ocrx_word' id='word_1_457' title='bbox 2111 2487 2435 2557; x_wconf 70' lang='lat' dir='ltr'><strong>Engraticze.</strong></span> 
     </span>
    </p>
   </div>
   <div class='ocr_carea' id='block_1_69' title="bbox 2188 2571 3759 2646">
    <p class='ocr_par' dir='ltr' id='par_1_69' title="bbox 2188 2571 3759 2646">
     <span class='ocr_line' id='line_1_69' title="bbox 2188 2571 3759 2646; baseline -0.003 -17"><span class='ocrx_word' id='word_1_458' title='bbox 2188 2576 2305 2632; x_wconf 91' lang='lat'><strong><em>180.</em></strong></span> <span class='ocrx_word' id='word_1_459' title='bbox 2355 2576 2436 2632; x_wconf 92' lang='lat' dir='ltr'><strong><em>l2.</em></strong></span> <span class='ocrx_word' id='word_1_460' title='bbox 2503 2575 2670 2646; x_wconf 78' lang='lat' dir='ltr'><strong>[CLVII]</strong></span> <span class='ocrx_word' id='word_1_461' title='bbox 2715 2577 2914 2641; x_wconf 64' lang='lat' dir='ltr'><strong>(11mm)</strong></span> <span class='ocrx_word' id='word_1_462' title='bbox 2956 2575 3150 2646; x_wconf 79' lang='lat' dir='ltr'><strong>Orﬁtus</strong></span> <span class='ocrx_word' id='word_1_463' title='bbox 3197 2578 3247 2628; x_wconf 89' lang='lat' dir='ltr'><strong>et</strong></span> <span class='ocrx_word' id='word_1_464' title='bbox 3291 2572 3500 2628; x_wconf 87' lang='lat' dir='ltr'><strong>Pluton.</strong></span> <span class='ocrx_word' id='word_1_465' title='bbox 3556 2571 3759 2626; x_wconf 86' lang='lat' dir='ltr'><strong>Barde-</strong></span> 
     </span>
    </p>
   </div>
   <div class='ocr_carea' id='block_1_70' title="bbox 2110 2658 3755 2733">
    <p class='ocr_par' dir='ltr' id='par_1_70' title="bbox 2110 2658 3755 2733">
     <span class='ocr_line' id='line_1_70' title="bbox 2110 2658 3755 2733; baseline -0.004 -13"><span class='ocrx_word' id='word_1_466' title='bbox 2110 2679 2270 2721; x_wconf 89' lang='lat' dir='ltr'><strong>sanes</strong></span> <span class='ocrx_word' id='word_1_467' title='bbox 2333 2665 2560 2721; x_wconf 90' lang='lat' dir='ltr'><strong>alterius</strong></span> <span class='ocrx_word' id='word_1_468' title='bbox 2617 2666 2876 2720; x_wconf 89' lang='lat' dir='ltr'><strong>hereseos</strong></span> <span class='ocrx_word' id='word_1_469' title='bbox 2942 2664 3201 2733; x_wconf 89' lang='lat' dir='ltr'><strong>princeps</strong></span> <span class='ocrx_word' id='word_1_470' title='bbox 3264 2668 3429 2717; x_wconf 91' lang='lat' dir='ltr'><strong>notus</strong></span> <span class='ocrx_word' id='word_1_471' title='bbox 3497 2658 3755 2716; x_wconf 82' lang='lat' dir='ltr'><strong>efﬁcitur.</strong></span> 
     </span>
    </p>
   </div>
   <div class='ocr_carea' id='block_1_71' title="bbox 2111 2748 3756 2823">
    <p class='ocr_par' dir='ltr' id='par_1_71' title="bbox 2111 2748 3756 2823">
     <span class='ocr_line' id='line_1_71' title="bbox 2111 2748 3756 2823; baseline -0.004 -14"><span class='ocrx_word' id='word_1_472' title='bbox 2111 2754 2393 2823; x_wconf 90' lang='lat' dir='ltr'><strong>Oppianus</strong></span> <span class='ocrx_word' id='word_1_473' title='bbox 2420 2753 2572 2809; x_wconf 86' lang='lat' dir='ltr'><strong>Cilex</strong></span> <span class='ocrx_word' id='word_1_474' title='bbox 2603 2759 2765 2823; x_wconf 91' lang='lat' dir='ltr'><strong>poeta</strong></span> <span class='ocrx_word' id='word_1_475' title='bbox 2796 2751 3187 2822; x_wconf 85' lang='lat' dir='ltr'><strong>cognoscitur;</strong></span> <span class='ocrx_word' id='word_1_476' title='bbox 3221 2750 3316 2819; x_wconf 92' lang='lat' dir='ltr'><strong>qui</strong></span> <span class='ocrx_word' id='word_1_477' title='bbox 3347 2749 3589 2805; x_wconf 68' lang='lat' dir='ltr'><strong>teliutica</strong></span> <span class='ocrx_word' id='word_1_478' title='bbox 3619 2748 3756 2803; x_wconf 91' lang='lat' dir='ltr'><strong>miro</strong></span> 
     </span>
    </p>
   </div>
   <div class='ocr_carea' id='block_1_72' title="bbox 2109 2836 3758 2911">
    <p class='ocr_par' dir='ltr' id='par_1_72' title="bbox 2109 2836 3758 2911">
     <span class='ocr_line' id='line_1_72' title="bbox 2109 2836 3758 2911; baseline -0.004 -15"><span class='ocrx_word' id='word_1_479' title='bbox 2109 2842 2405 2911; x_wconf 89' lang='lat' dir='ltr'><strong>splendore</strong></span> <span class='ocrx_word' id='word_1_480' title='bbox 2436 2841 2787 2911; x_wconf 89' lang='lat' dir='ltr'><strong>conscripsit.</strong></span> <span class='ocrx_word' id='word_1_481' title='bbox 2819 2842 2988 2896; x_wconf 89' lang='lat' dir='ltr'><strong>Tanta</strong></span> <span class='ocrx_word' id='word_1_482' title='bbox 3019 2853 3118 2910; x_wconf 90' lang='lat' dir='ltr'><strong>per</strong></span> <span class='ocrx_word' id='word_1_483' title='bbox 3147 2844 3321 2894; x_wconf 90' lang='lat' dir='ltr'><strong>totum</strong></span> <span class='ocrx_word' id='word_1_484' title='bbox 3351 2838 3543 2893; x_wconf 88' lang='lat' dir='ltr'><strong>orbem</strong></span> <span class='ocrx_word' id='word_1_485' title='bbox 3585 2836 3758 2906; x_wconf 89' lang='lat' dir='ltr'><strong>pesti-</strong></span> 
     </span>
    </p>
   </div>
   <div class='ocr_carea' id='block_1_73' title="bbox 2109 2927 3759 3001">
    <p class='ocr_par' dir='ltr' id='par_1_73' title="bbox 2109 2927 3759 3001">
     <span class='ocr_line' id='line_1_73' title="bbox 2109 2927 3759 3001; baseline -0.004 -15"><span class='ocrx_word' id='word_1_486' title='bbox 2109 2931 2277 2986; x_wconf 91' lang='lat' dir='ltr'><strong>lentia</strong></span> <span class='ocrx_word' id='word_1_487' title='bbox 2309 2930 2430 2999; x_wconf 89' lang='lat' dir='ltr'><strong>fuit,</strong></span> <span class='ocrx_word' id='word_1_488' title='bbox 2461 2938 2520 2987; x_wconf 90' lang='lat' dir='ltr'><strong>ut</strong></span> <span class='ocrx_word' id='word_1_489' title='bbox 2550 2945 2690 3001; x_wconf 92' lang='lat' dir='ltr'><strong>pene</strong></span> <span class='ocrx_word' id='word_1_490' title='bbox 2721 2944 2895 3000; x_wconf 92' lang='lat' dir='ltr'><strong>usque</strong></span> <span class='ocrx_word' id='word_1_491' title='bbox 2927 2929 2995 2985; x_wconf 90' lang='lat' dir='ltr'><strong>ad</strong></span> <span class='ocrx_word' id='word_1_492' title='bbox 3025 2927 3449 2985; x_wconf 90' lang='lat' dir='ltr'><strong>internicionem</strong></span> <span class='ocrx_word' id='word_1_493' title='bbox 3479 2927 3759 2982; x_wconf 77' lang='lat' dir='ltr'><strong>Romanus</strong></span> 
     </span>
    </p>
   </div>
   <div class='ocr_carea' id='block_1_74' title="bbox 2109 3020 2757 3076">
    <p class='ocr_par' dir='ltr' id='par_1_74' title="bbox 2109 3020 2757 3076">
     <span class='ocr_line' id='line_1_74' title="bbox 2109 3020 2757 3076; baseline 0 0"><span class='ocrx_word' id='word_1_494' title='bbox 2109 3021 2384 3076; x_wconf 85' lang='lat' dir='ltr'><strong>exercitus</strong></span> <span class='ocrx_word' id='word_1_495' title='bbox 2414 3020 2630 3076; x_wconf 91' lang='lat' dir='ltr'><strong>deletus</strong></span> <span class='ocrx_word' id='word_1_496' title='bbox 2666 3021 2757 3076; x_wconf 92' lang='lat' dir='ltr'><strong>sit.</strong></span> 
     </span>
    </p>
   </div>
   <div class='ocr_carea' id='block_1_75' title="bbox 2047 3102 3758 3180">
    <p class='ocr_par' dir='ltr' id='par_1_75' title="bbox 2047 3102 3758 3180">
     <span class='ocr_line' id='line_1_75' title="bbox 2047 3102 3758 3180; baseline -0.003 -19"><span class='ocrx_word' id='word_1_497' title='bbox 2047 3102 2089 3161; x_wconf 86' lang='lat' dir='ltr'><strong>C</strong></span> <span class='ocrx_word' id='word_1_498' title='bbox 2182 3108 2301 3162; x_wconf 91' lang='lat'><strong><em>181.</em></strong></span> <span class='ocrx_word' id='word_1_499' title='bbox 2377 3107 2460 3164; x_wconf 90' lang='lat'><strong>13.</strong></span> <span class='ocrx_word' id='word_1_500' title='bbox 2525 3108 2676 3180; x_wconf 84' lang='lat' dir='ltr'><strong>[CLIX]</strong></span> <span class='ocrx_word' id='word_1_501' title='bbox 2745 3106 2942 3179; x_wconf 70' lang='grc' dir='ltr'><strong>(Ηιειι.)</strong></span> <span class='ocrx_word' id='word_1_502' title='bbox 3009 3107 3236 3164; x_wconf 82' lang='lat' dir='ltr'><strong>Severus</strong></span> <span class='ocrx_word' id='word_1_503' title='bbox 3295 3110 3343 3160; x_wconf 87' lang='lat' dir='ltr'><strong>ct</strong></span> <span class='ocrx_word' id='word_1_504' title='bbox 3381 3105 3758 3175; x_wconf 76' lang='lat' dir='ltr'><strong>Pompeianus.</strong></span> 
     </span>
    </p>
   </div>
   <div class='ocr_carea' id='block_1_76' title="bbox 2113 3195 3765 3267">
    <p class='ocr_par' dir='ltr' id='par_1_76' title="bbox 2113 3195 3765 3267">
     <span class='ocr_line' id='line_1_76' title="bbox 2113 3195 3765 3267; baseline -0.002 -15"><span class='ocrx_word' id='word_1_505' title='bbox 2113 3199 2417 3267; x_wconf 89' lang='lat' dir='ltr'><strong>Imperator</strong></span> <span class='ocrx_word' id='word_1_506' title='bbox 2443 3201 2714 3255; x_wconf 89' lang='lat' dir='ltr'><strong>Antonius</strong></span> <span class='ocrx_word' id='word_1_507' title='bbox 2745 3198 2930 3254; x_wconf 92' lang='lat' dir='ltr'><strong>multis</strong></span> <span class='ocrx_word' id='word_1_508' title='bbox 2971 3197 3260 3253; x_wconf 88' lang='lat' dir='ltr'><strong>adversum</strong></span> <span class='ocrx_word' id='word_1_509' title='bbox 3307 3210 3366 3251; x_wconf 91' lang='lat' dir='ltr'><strong>se</strong></span> <span class='ocrx_word' id='word_1_510' title='bbox 3405 3195 3765 3250; x_wconf 89' lang='lat' dir='ltr'><strong>nascentibus</strong></span> 
     </span>
    </p>
   </div>
   <div class='ocr_carea' id='block_1_77' title="bbox 2110 3283 3766 3358">
    <p class='ocr_par' dir='ltr' id='par_1_77' title="bbox 2110 3283 3766 3358">
     <span class='ocr_line' id='line_1_77' title="bbox 2110 3283 3766 3358; baseline -0.003 -17"><span class='ocrx_word' id='word_1_511' title='bbox 2110 3287 2274 3342; x_wconf 91' lang='lat' dir='ltr'><strong>bellis</strong></span> <span class='ocrx_word' id='word_1_512' title='bbox 2320 3302 2451 3357; x_wconf 90' lang='lat' dir='ltr'><strong>sepe</strong></span> <span class='ocrx_word' id='word_1_513' title='bbox 2484 3289 2602 3358; x_wconf 88' lang='lat' dir='ltr'><strong>ipse</strong></span> <span class='ocrx_word' id='word_1_514' title='bbox 2653 3288 2940 3355; x_wconf 90' lang='lat' dir='ltr'><strong>intererat,</strong></span> <span class='ocrx_word' id='word_1_515' title='bbox 2991 3300 3122 3356; x_wconf 90' lang='lat' dir='ltr'><strong>sepe</strong></span> <span class='ocrx_word' id='word_1_516' title='bbox 3169 3285 3340 3341; x_wconf 90' lang='lat' dir='ltr'><strong>duces</strong></span> <span class='ocrx_word' id='word_1_517' title='bbox 3385 3283 3766 3340; x_wconf 88' lang='lat' dir='ltr'><strong>nobilissimos</strong></span> 
     </span>
    </p>
   </div>
   <div class='ocr_carea' id='block_1_78' title="bbox 2111 3375 2444 3432">
    <p class='ocr_par' dir='ltr' id='par_1_78' title="bbox 2111 3375 2444 3432">
     <span class='ocr_line' id='line_1_78' title="bbox 2111 3375 2444 3432; baseline 0.003 -3"><span class='ocrx_word' id='word_1_518' title='bbox 2111 3375 2444 3432; x_wconf 87' lang='lat' dir='ltr'><strong>destinabat.</strong></span> 
     </span>
    </p>
   </div>
   <div class='ocr_carea' id='block_1_79' title="bbox 2190 3461 3766 3537">
    <p class='ocr_par' dir='ltr' id='par_1_79' title="bbox 2190 3461 3766 3537">
     <span class='ocr_line' id='line_1_79' title="bbox 2190 3461 3766 3537; baseline 0 -19"><span class='ocrx_word' id='word_1_519' title='bbox 2190 3465 2312 3520; x_wconf 84' lang='lat'><strong><em>182.</em></strong></span> <span class='ocrx_word' id='word_1_520' title='bbox 2386 3465 2450 3519; x_wconf 89' lang='lat' dir='ltr'><strong>l4</strong></span> <span class='ocrx_word' id='word_1_521' title='bbox 2510 3465 2640 3536; x_wconf 84' lang='lat' dir='ltr'><strong>[CLX]</strong></span> <span class='ocrx_word' id='word_1_522' title='bbox 2708 3464 2921 3537; x_wconf 68' lang='lat'><strong><em>(1111111.)</em></strong></span> <span class='ocrx_word' id='word_1_523' title='bbox 2974 3463 3159 3521; x_wconf 88' lang='lat' dir='ltr'><strong>Gallus</strong></span> <span class='ocrx_word' id='word_1_524' title='bbox 3213 3467 3263 3519; x_wconf 91' lang='lat' dir='ltr'><strong>et</strong></span> <span class='ocrx_word' id='word_1_525' title='bbox 3318 3464 3566 3519; x_wconf 81' lang='lat' dir='ltr'><strong>Flaccus.</strong></span> <span class='ocrx_word' id='word_1_526' title='bbox 3615 3464 3678 3518; x_wconf 91' lang='lat' dir='ltr'><strong>In</strong></span> <span class='ocrx_word' id='word_1_527' title='bbox 3712 3461 3766 3492; x_wconf 84' lang='grc'><strong>¹⁶³</strong></span> 
     </span>
    </p>
   </div>
   <div class='ocr_carea' id='block_1_80' title="bbox 2111 3552 3765 3622">
    <p class='ocr_par' dir='ltr' id='par_1_80' title="bbox 2111 3552 3765 3622">
     <span class='ocr_line' id='line_1_80' title="bbox 2111 3552 3765 3622; baseline -0.002 -14"><span class='ocrx_word' id='word_1_528' title='bbox 2111 3554 2314 3622; x_wconf 92' lang='lat' dir='ltr'><strong>quibus</strong></span> <span class='ocrx_word' id='word_1_529' title='bbox 2343 3555 2510 3610; x_wconf 90' lang='lat' dir='ltr'><strong>semel</strong></span> <span class='ocrx_word' id='word_1_530' title='bbox 2542 3555 2814 3610; x_wconf 90' lang='lat' dir='ltr'><strong>Pertinaci</strong></span> <span class='ocrx_word' id='word_1_531' title='bbox 2865 3558 2920 3610; x_wconf 89' lang='lat' dir='ltr'><strong>et</strong></span> <span class='ocrx_word' id='word_1_532' title='bbox 2966 3553 3254 3621; x_wconf 88' lang='lat' dir='ltr'><strong>exercitui,</strong></span> <span class='ocrx_word' id='word_1_533' title='bbox 3287 3552 3381 3622; x_wconf 87' lang='lat' dir='ltr'><strong>qui</strong></span> <span class='ocrx_word' id='word_1_534' title='bbox 3434 3565 3560 3606; x_wconf 90' lang='lat' dir='ltr'><strong>cum</strong></span> <span class='ocrx_word' id='word_1_535' title='bbox 3612 3565 3681 3606; x_wconf 93' lang='lat' dir='ltr'><strong>eo</strong></span> <span class='ocrx_word' id='word_1_536' title='bbox 3713 3552 3765 3606; x_wconf 89' lang='lat' dir='ltr'><strong>in</strong></span> 
     </span>
    </p>
   </div>
   <div class='ocr_carea' id='block_1_81' title="bbox 2109 3640 3765 3715">
    <p class='ocr_par' dir='ltr' id='par_1_81' title="bbox 2109 3640 3765 3715">
     <span class='ocr_line' id='line_1_81' title="bbox 2109 3640 3765 3715; baseline -0.002 -18"><span class='ocrx_word' id='word_1_537' title='bbox 2109 3643 2427 3709; x_wconf 86' lang='lat' dir='ltr'><strong>Quadorum</strong></span> <span class='ocrx_word' id='word_1_538' title='bbox 2476 3644 2702 3715; x_wconf 88' lang='lat' dir='ltr'><strong>regione</strong></span> <span class='ocrx_word' id='word_1_539' title='bbox 2751 3643 3048 3713; x_wconf 89' lang='lat' dir='ltr'><strong>pugnabat,</strong></span> <span class='ocrx_word' id='word_1_540' title='bbox 3097 3641 3190 3696; x_wconf 92' lang='lat' dir='ltr'><strong>siti</strong></span> <span class='ocrx_word' id='word_1_541' title='bbox 3239 3641 3543 3710; x_wconf 87' lang='lat' dir='ltr'><strong>oppressis,</strong></span> <span class='ocrx_word' id='word_1_542' title='bbox 3582 3640 3765 3708; x_wconf 78' lang='lat' dir='ltr'><strong>pluvia</strong></span> 
     </span>
    </p>
   </div>
   <div class='ocr_carea' id='block_1_82' title="bbox 2111 3732 3762 3799">
    <p class='ocr_par' dir='ltr' id='par_1_82' title="bbox 2111 3732 3762 3799">
     <span class='ocr_line' id='line_1_82' title="bbox 2111 3732 3762 3799; baseline -0.002 -11"><span class='ocrx_word' id='word_1_543' title='bbox 2111 3732 2376 3788; x_wconf 90' lang='lat' dir='ltr'><strong>divinitus</strong></span> <span class='ocrx_word' id='word_1_544' title='bbox 2424 3734 2588 3788; x_wconf 89' lang='lat' dir='ltr'><strong>missa</strong></span> <span class='ocrx_word' id='word_1_545' title='bbox 2635 3739 2757 3799; x_wconf 91' lang='lat' dir='ltr'><strong>cst;</strong></span> <span class='ocrx_word' id='word_1_546' title='bbox 2808 3746 2930 3787; x_wconf 93' lang='lat' dir='ltr'><strong>cum</strong></span> <span class='ocrx_word' id='word_1_547' title='bbox 2979 3745 3008 3787; x_wconf 90' lang='lat' dir='ltr'><strong>e</strong></span> <span class='ocrx_word' id='word_1_548' title='bbox 3058 3732 3338 3787; x_wconf 86' lang='lat' dir='ltr'><strong>contrario</strong></span> <span class='ocrx_word' id='word_1_549' title='bbox 3375 3732 3686 3786; x_wconf 88' lang='lat' dir='ltr'><strong>Germanos</strong></span> <span class='ocrx_word' id='word_1_550' title='bbox 3713 3736 3762 3786; x_wconf 90' lang='lat' dir='ltr'><strong>et</strong></span> 
     </span>
    </p>
   </div>
   <div class='ocr_carea' id='block_1_83' title="bbox 2110 3819 3764 3891">
    <p class='ocr_par' dir='ltr' id='par_1_83' title="bbox 2110 3819 3764 3891">
     <span class='ocr_line' id='line_1_83' title="bbox 2110 3819 3764 3891; baseline -0.002 -14"><span class='ocrx_word' id='word_1_551' title='bbox 2110 3823 2382 3877; x_wconf 89' lang='lat' dir='ltr'><strong>Sarmatas</strong></span> <span class='ocrx_word' id='word_1_552' title='bbox 2444 3823 2665 3877; x_wconf 83' lang='lat' dir='ltr'><strong>flumina</strong></span> <span class='ocrx_word' id='word_1_553' title='bbox 2718 3820 2777 3852; x_wconf 75' lang='grc'><strong>¹⁶¹⁶</strong></span> <span class='ocrx_word' id='word_1_554' title='bbox 2836 3827 3299 3891; x_wconf 90' lang='lat' dir='ltr'><strong>persequerentur</strong></span> <span class='ocrx_word' id='word_1_555' title='bbox 3371 3826 3426 3875; x_wconf 87' lang='lat' dir='ltr'><strong>et</strong></span> <span class='ocrx_word' id='word_1_556' title='bbox 3494 3819 3764 3889; x_wconf 89' lang='lat' dir='ltr'><strong>plurimos</strong></span> 
     </span>
    </p>
   </div>
   <div class='ocr_carea' id='block_1_84' title="bbox 2111 3913 2726 3968">
    <p class='ocr_par' dir='ltr' id='par_1_84' title="bbox 2111 3913 2726 3968">
     <span class='ocr_line' id='line_1_84' title="bbox 2111 3913 2726 3968; baseline -0.003 -2"><span class='ocrx_word' id='word_1_557' title='bbox 2111 3925 2299 3967; x_wconf 92' lang='lat' dir='ltr'><strong>eorum</strong></span> <span class='ocrx_word' id='word_1_558' title='bbox 2331 3913 2726 3968; x_wconf 81' lang='lat' dir='ltr'><strong>interﬁcerent.</strong></span> 
     </span>
    </p>
   </div>
   <div class='ocr_carea' id='block_1_85' title="bbox 2190 3996 3768 4072">
    <p class='ocr_par' dir='ltr' id='par_1_85' title="bbox 2190 3996 3768 4072">
     <span class='ocr_line' id='line_1_85' title="bbox 2190 3996 3768 4072; baseline 0 -20"><span class='ocrx_word' id='word_1_559' title='bbox 2190 3999 2308 4056; x_wconf 92' lang='lat'><strong><em>183.</em></strong></span> <span class='ocrx_word' id='word_1_560' title='bbox 2376 3999 2458 4057; x_wconf 82' lang='lat'><strong>15.</strong></span> <span class='ocrx_word' id='word_1_561' title='bbox 2527 4001 2680 4070; x_wconf 87' lang='lat' dir='ltr'><strong>[CLXI]</strong></span> <span class='ocrx_word' id='word_1_562' title='bbox 2735 4001 2929 4072; x_wconf 66' lang='lat' dir='ltr'><strong>(11mm)</strong></span> <span class='ocrx_word' id='word_1_563' title='bbox 2983 3999 3132 4055; x_wconf 89' lang='lat' dir='ltr'><strong>Pisso</strong></span> <span class='ocrx_word' id='word_1_564' title='bbox 3163 4003 3211 4054; x_wconf 89' lang='lat' dir='ltr'><strong>et</strong></span> <span class='ocrx_word' id='word_1_565' title='bbox 3238 3996 3502 4055; x_wconf 70' lang='lat' dir='ltr'><strong>Julian-us.</strong></span> <span class='ocrx_word' id='word_1_566' title='bbox 3535 3998 3768 4054; x_wconf 83' lang='lat' dir='ltr'><strong>Exstant</strong></span> 
     </span>
    </p>
   </div>
   <div class='ocr_carea' id='block_1_86' title="bbox 2109 4087 3767 4160">
    <p class='ocr_par' dir='ltr' id='par_1_86' title="bbox 2109 4087 3767 4160">
     <span class='ocr_line' id='line_1_86' title="bbox 2109 4087 3767 4160; baseline -0.001 -17"><span class='ocrx_word' id='word_1_567' title='bbox 2109 4087 2310 4144; x_wconf 59' lang='lat' dir='ltr'><strong>litterae</strong></span> <span class='ocrx_word' id='word_1_568' title='bbox 2357 4091 2424 4145; x_wconf 87' lang='grc' dir='ltr'><strong>Μ.</strong></span> <span class='ocrx_word' id='word_1_569' title='bbox 2471 4089 2677 4146; x_wconf 88' lang='lat' dir='ltr'><strong>Aurelii</strong></span> <span class='ocrx_word' id='word_1_570' title='bbox 2743 4088 3048 4160; x_wconf 90' lang='lat' dir='ltr'><strong>gravissimi</strong></span> <span class='ocrx_word' id='word_1_571' title='bbox 3113 4087 3482 4158; x_wconf 89' lang='lat' dir='ltr'><strong>imperatoris,</strong></span> <span class='ocrx_word' id='word_1_572' title='bbox 3561 4088 3767 4157; x_wconf 89' lang='lat' dir='ltr'><strong>quibus</strong></span> 
     </span>
    </p>
   </div>
   <div class='ocr_carea' id='block_1_87' title="bbox 2107 4175 3765 4235">
    <p class='ocr_par' dir='ltr' id='par_1_87' title="bbox 2107 4175 3765 4235">
     <span class='ocr_line' id='line_1_87' title="bbox 2107 4175 3765 4235; baseline 0 -4"><span class='ocrx_word' id='word_1_573' title='bbox 2107 4176 2258 4232; x_wconf 85' lang='lat' dir='ltr'><strong>illam</strong></span> <span class='ocrx_word' id='word_1_574' title='bbox 2315 4179 2691 4235; x_wconf 88' lang='lat' dir='ltr'><strong>Germanicam</strong></span> <span class='ocrx_word' id='word_1_575' title='bbox 2754 4179 2900 4235; x_wconf 91' lang='lat' dir='ltr'><strong>sitim</strong></span> <span class='ocrx_word' id='word_1_576' title='bbox 2957 4177 3389 4234; x_wconf 90' lang='lat' dir='ltr'><strong>Christianorum</strong></span> <span class='ocrx_word' id='word_1_577' title='bbox 3461 4175 3610 4233; x_wconf 87' lang='lat' dir='ltr'><strong>forte</strong></span> <span class='ocrx_word' id='word_1_578' title='bbox 3660 4176 3765 4231; x_wconf 90' lang='lat' dir='ltr'><strong>mi-</strong></span> 
     </span>
    </p>
   </div>
   <div class='ocr_carea' id='block_1_88' title="bbox 2108 4265 3868 4340">
    <p class='ocr_par' dir='ltr' id='par_1_88' title="bbox 2108 4265 3868 4340">
     <span class='ocr_line' id='line_1_88' title="bbox 2108 4265 3868 4340; baseline 0.001 -20"><span class='ocrx_word' id='word_1_579' title='bbox 2108 4266 2265 4322; x_wconf 91' lang='lat' dir='ltr'><strong>litum</strong></span> <span class='ocrx_word' id='word_1_580' title='bbox 2313 4269 2728 4337; x_wconf 89' lang='lat' dir='ltr'><strong>precationibus</strong></span> <span class='ocrx_word' id='word_1_581' title='bbox 2789 4271 3080 4340; x_wconf 89' lang='lat' dir='ltr'><strong>impetrato</strong></span> <span class='ocrx_word' id='word_1_582' title='bbox 3137 4267 3321 4322; x_wconf 89' lang='lat' dir='ltr'><strong>imbrii</strong></span> <span class='ocrx_word' id='word_1_583' title='bbox 3353 4265 3410 4297; x_wconf 73' lang='grc'><strong>³⁸⁸</strong></span> <span class='ocrx_word' id='word_1_584' title='bbox 3458 4265 3764 4322; x_wconf 89' lang='lat' dir='ltr'><strong>discussam</strong></span> <span class='ocrx_word' id='word_1_585' title='bbox 3858 4292 3868 4304; x_wconf 91' lang='lat'><strong><em>-</em></strong></span> 
     </span>
    </p>
   </div>
   <div class='ocr_carea' id='block_1_89' title="bbox 2108 4361 2474 4412">
    <p class='ocr_par' dir='ltr' id='par_1_89' title="bbox 2108 4361 2474 4412">
     <span class='ocr_line' id='line_1_89' title="bbox 2108 4361 2474 4412; baseline 0.005 -2"><span class='ocrx_word' id='word_1_586' title='bbox 2108 4361 2474 4412; x_wconf 90' lang='lat' dir='ltr'><strong>contestatur.</strong></span> 
     </span>
    </p>
   </div>
   <div class='ocr_carea' id='block_1_90' title="bbox 378 4434 3768 4520">
    <p class='ocr_par' dir='ltr' id='par_1_90' title="bbox 378 4434 3768 4520">
     <span class='ocr_line' id='line_1_90' title="bbox 378 4434 3768 4520; baseline 0.003 -29"><span class='ocrx_word' id='word_1_587' title='bbox 378 4434 559 4493; x_wconf 89' lang='lat' dir='ltr'><strong>facere</strong></span> <span class='ocrx_word' id='word_1_588' title='bbox 600 4439 924 4506; x_wconf 87' lang='lat' dir='ltr'><strong>martirium,</strong></span> <span class='ocrx_word' id='word_1_589' title='bbox 967 4455 1198 4511; x_wconf 88' lang='lat' dir='ltr'><strong>quorum</strong></span> <span class='ocrx_word' id='word_1_590' title='bbox 1238 4446 1460 4515; x_wconf 70' lang='lat' dir='ltr'><strong>scriptae</strong></span> <span class='ocrx_word' id='word_1_591' title='bbox 1488 4462 1710 4518; x_wconf 91' lang='lat' dir='ltr'><strong>quoque</strong></span> <span class='ocrx_word' id='word_1_592' title='bbox 1741 4448 2093 4520; x_wconf 90' lang='lat' dir='ltr'><strong>passionesD</strong></span> <span class='ocrx_word' id='word_1_593' title='bbox 2188 4444 2306 4499; x_wconf 85' lang='lat'><strong><em>184.</em></strong></span> <span class='ocrx_word' id='word_1_594' title='bbox 2383 4445 2463 4502; x_wconf 88' lang='lat' dir='ltr'><strong><em>I6.</em></strong></span> <span class='ocrx_word' id='word_1_595' title='bbox 2526 4445 2698 4517; x_wconf 86' lang='lat' dir='ltr'><strong>[CLXII]</strong></span> <span class='ocrx_word' id='word_1_596' title='bbox 2762 4444 2956 4516; x_wconf 66' lang='lat' dir='ltr'><strong>(1113s.)</strong></span> <span class='ocrx_word' id='word_1_597' title='bbox 3014 4445 3182 4502; x_wconf 84' lang='lat' dir='ltr'><strong>Pollio</strong></span> <span class='ocrx_word' id='word_1_598' title='bbox 3240 4449 3288 4500; x_wconf 85' lang='lat' dir='ltr'><strong>et</strong></span> <span class='ocrx_word' id='word_1_599' title='bbox 3335 4445 3499 4515; x_wconf 81' lang='lat' dir='ltr'><strong>Aper.</strong></span> <span class='ocrx_word' id='word_1_600' title='bbox 3550 4445 3768 4500; x_wconf 87' lang='lat' dir='ltr'><strong>Atticus</strong></span> 
     </span>
    </p>
   </div>
   <div class='ocr_carea' id='block_1_91' title="bbox 377 4523 2025 4604">
    <p class='ocr_par' dir='ltr' id='par_1_91' title="bbox 377 4523 2025 4604">
     <span class='ocr_line' id='line_1_91' title="bbox 377 4523 2025 4604; baseline 0.012 -25"><span class='ocrx_word' id='word_1_601' title='bbox 377 4523 646 4582; x_wconf 86' lang='lat' dir='ltr'><strong>feruntur.</strong></span> <span class='ocrx_word' id='word_1_602' title='bbox 718 4527 942 4584; x_wconf 73' lang='lat' dir='ltr'><strong>Plurimi</strong></span> <span class='ocrx_word' id='word_1_603' title='bbox 1016 4529 1072 4585; x_wconf 89' lang='lat' dir='ltr'><strong>in</strong></span> <span class='ocrx_word' id='word_1_604' title='bbox 1132 4531 1300 4588; x_wconf 89' lang='lat' dir='ltr'><strong>Gallia</strong></span> <span class='ocrx_word' id='word_1_605' title='bbox 1368 4534 1635 4604; x_wconf 87' lang='lat' dir='ltr'><strong>gloriosse</strong></span> <span class='ocrx_word' id='word_1_606' title='bbox 1693 4538 1762 4593; x_wconf 94' lang='lat' dir='ltr'><strong>ob</strong></span> <span class='ocrx_word' id='word_1_607' title='bbox 1827 4554 2025 4598; x_wconf 91' lang='lat' dir='ltr'><strong>nomen</strong></span> 
     </span>
    </p>
   </div>
   <div class='ocr_carea' id='block_1_92' title="bbox 378 4615 2024 4694">
    <p class='ocr_par' dir='ltr' id='par_1_92' title="bbox 378 4615 2024 4694">
     <span class='ocr_line' id='line_1_92' title="bbox 378 4615 2024 4694; baseline 0.01 -23"><span class='ocrx_word' id='word_1_608' title='bbox 378 4615 580 4673; x_wconf 89' lang='lat' dir='ltr'><strong>Christi</strong></span> <span class='ocrx_word' id='word_1_609' title='bbox 629 4615 945 4686; x_wconf 88' lang='lat' dir='ltr'><strong>interfecti;</strong></span> <span class='ocrx_word' id='word_1_610' title='bbox 1006 4632 1238 4688; x_wconf 91' lang='lat' dir='ltr'><strong>quorum</strong></span> <span class='ocrx_word' id='word_1_611' title='bbox 1296 4636 1469 4692; x_wconf 90' lang='lat' dir='ltr'><strong>usque</strong></span> <span class='ocrx_word' id='word_1_612' title='bbox 1519 4633 1830 4694; x_wconf 89' lang='lat' dir='ltr'><strong>presentem</strong></span> <span class='ocrx_word' id='word_1_613' title='bbox 1879 4631 2024 4687; x_wconf 91' lang='lat' dir='ltr'><strong>diem</strong></span> 
     </span>
    </p>
   </div>
   <div class='ocr_carea' id='block_1_93' title="bbox 381 4704 1546 4779">
    <p class='ocr_par' dir='ltr' id='par_1_93' title="bbox 381 4704 1546 4779">
     <span class='ocr_line' id='line_1_93' title="bbox 381 4704 1546 4779; baseline 0.007 -20"><span class='ocrx_word' id='word_1_614' title='bbox 381 4704 604 4760; x_wconf 88' lang='lat' dir='ltr'><strong>condita</strong></span> <span class='ocrx_word' id='word_1_615' title='bbox 642 4705 799 4762; x_wconf 91' lang='lat' dir='ltr'><strong>libris</strong></span> <span class='ocrx_word' id='word_1_616' title='bbox 838 4707 1136 4764; x_wconf 89' lang='lat' dir='ltr'><strong>certamina</strong></span> <span class='ocrx_word' id='word_1_617' title='bbox 1176 4718 1546 4779; x_wconf 87' lang='lat' dir='ltr'><strong>perseverant.</strong></span> 
     </span>
    </p>
   </div>
   <div class='ocr_carea' id='block_1_94' title="bbox 458 4793 2023 4869">
    <p class='ocr_par' dir='ltr' id='par_1_94' title="bbox 458 4793 2023 4869">
     <span class='ocr_line' id='line_1_94' title="bbox 458 4793 2023 4869; baseline 0.01 -23"><span class='ocrx_word' id='word_1_618' title='bbox 458 4793 578 4850; x_wconf 88' lang='grc'><strong>175.</strong></span> <span class='ocrx_word' id='word_1_619' title='bbox 634 4794 690 4851; x_wconf 90' lang='lat'><strong>7.</strong></span> <span class='ocrx_word' id='word_1_620' title='bbox 753 4796 911 4868; x_wconf 89' lang='lat' dir='ltr'><strong>[CLIII]</strong></span> <span class='ocrx_word' id='word_1_621' title='bbox 955 4797 1148 4869; x_wconf 79' lang='lat' dir='ltr'><strong>(HII-zn.)</strong></span> <span class='ocrx_word' id='word_1_622' title='bbox 1219 4800 1378 4854; x_wconf 86' lang='lat' dir='ltr'><strong>Verus</strong></span> <span class='ocrx_word' id='word_1_623' title='bbox 1423 4804 1473 4855; x_wconf 87' lang='lat' dir='ltr'><strong>et</strong></span> <span class='ocrx_word' id='word_1_624' title='bbox 1527 4801 1850 4869; x_wconf 79' lang='lat' dir='ltr'><strong>Quadratus.</strong></span> <span class='ocrx_word' id='word_1_625' title='bbox 1883 4807 2023 4862; x_wconf 92' lang='lat' dir='ltr'><strong>Lues</strong></span> 
     </span>
    </p>
   </div>
   <div class='ocr_carea' id='block_1_95' title="bbox 381 4883 2020 4962">
    <p class='ocr_par' dir='ltr' id='par_1_95' title="bbox 381 4883 2020 4962">
     <span class='ocr_line' id='line_1_95' title="bbox 381 4883 2020 4962; baseline 0.008 -23"><span class='ocrx_word' id='word_1_626' title='bbox 381 4883 581 4942; x_wconf 83' lang='lat' dir='ltr'><strong>multas</strong></span> <span class='ocrx_word' id='word_1_627' title='bbox 620 4885 930 4954; x_wconf 88' lang='lat' dir='ltr'><strong>provincias</strong></span> <span class='ocrx_word' id='word_1_628' title='bbox 971 4889 1280 4959; x_wconf 91' lang='lat' dir='ltr'><strong>occupavit,</strong></span> <span class='ocrx_word' id='word_1_629' title='bbox 1321 4889 1493 4946; x_wconf 84' lang='lat' dir='ltr'><strong>Roma</strong></span> <span class='ocrx_word' id='word_1_630' title='bbox 1538 4905 1604 4947; x_wconf 87' lang='lat' dir='ltr'><strong>ex</strong></span> <span class='ocrx_word' id='word_1_631' title='bbox 1649 4897 1805 4962; x_wconf 90' lang='lat' dir='ltr'><strong>parte</strong></span> <span class='ocrx_word' id='word_1_632' title='bbox 1861 4908 2020 4952; x_wconf 88' lang='lat' dir='ltr'><strong>occu-</strong></span> 
     </span>
    </p>
   </div>
   <div class='ocr_carea' id='block_1_96' title="bbox 381 4975 2017 5052">
    <p class='ocr_par' dir='ltr' id='par_1_96' title="bbox 381 4975 2017 5052">
     <span class='ocr_line' id='line_1_96' title="bbox 381 4975 2017 5052; baseline 0.008 -24"><span class='ocrx_word' id='word_1_633' title='bbox 381 4977 525 5043; x_wconf 88' lang='lat' dir='ltr'><strong>pata.</strong></span> <span class='ocrx_word' id='word_1_634' title='bbox 605 4975 838 5032; x_wconf 84' lang='lat' dir='ltr'><strong>Romani</strong></span> <span class='ocrx_word' id='word_1_635' title='bbox 915 4981 1108 5034; x_wconf 89' lang='lat' dir='ltr'><strong>contra</strong></span> <span class='ocrx_word' id='word_1_636' title='bbox 1186 4980 1484 5036; x_wconf 86' lang='lat' dir='ltr'><strong>Germanos</strong></span> <span class='ocrx_word' id='word_1_637' title='bbox 1519 5022 1534 5048; x_wconf 91' lang='lat'><strong>,</strong></span> <span class='ocrx_word' id='word_1_638' title='bbox 1622 4982 2017 5052; x_wconf 83' lang='lat' dir='ltr'><strong>Marcomanos,</strong></span> 
     </span>
    </p>
   </div>
   <div class='ocr_carea' id='block_1_97' title="bbox 378 5062 1486 5135">
    <p class='ocr_par' dir='ltr' id='par_1_97' title="bbox 378 5062 1486 5135">
     <span class='ocr_line' id='line_1_97' title="bbox 378 5062 1486 5135; baseline 0.008 -18"><span class='ocrx_word' id='word_1_639' title='bbox 378 5062 619 5132; x_wconf 81' lang='lat' dir='ltr'><strong>Quados,</strong></span> <span class='ocrx_word' id='word_1_640' title='bbox 659 5065 952 5135; x_wconf 86' lang='lat' dir='ltr'><strong>Sarmatas,</strong></span> <span class='ocrx_word' id='word_1_641' title='bbox 993 5066 1170 5125; x_wconf 89' lang='lat' dir='ltr'><strong>Dacos</strong></span> <span class='ocrx_word' id='word_1_642' title='bbox 1202 5067 1486 5126; x_wconf 88' lang='lat' dir='ltr'><strong>dimicant.</strong></span> 
     </span>
    </p>
   </div>
   <div class='ocr_carea' id='block_1_98' title="bbox 2113 4531 3766 4605">
    <p class='ocr_par' dir='ltr' id='par_1_98' title="bbox 2113 4531 3766 4605">
     <span class='ocr_line' id='line_1_98' title="bbox 2113 4531 3766 4605; baseline 0.002 -20"><span class='ocrx_word' id='word_1_643' title='bbox 2113 4531 2408 4590; x_wconf 70' lang='lat' dir='ltr'><strong>Platonicae</strong></span> <span class='ocrx_word' id='word_1_644' title='bbox 2437 4542 2604 4591; x_wconf 85' lang='lat' dir='ltr'><strong>sectae</strong></span> <span class='ocrx_word' id='word_1_645' title='bbox 2646 4534 3009 4605; x_wconf 91' lang='lat' dir='ltr'><strong>philosophus</strong></span> <span class='ocrx_word' id='word_1_646' title='bbox 3038 4534 3376 4605; x_wconf 87' lang='lat' dir='ltr'><strong>agnoscitur.</strong></span> <span class='ocrx_word' id='word_1_647' title='bbox 3408 4535 3594 4590; x_wconf 90' lang='lat' dir='ltr'><strong>Sotter</strong></span> <span class='ocrx_word' id='word_1_648' title='bbox 3623 4547 3766 4604; x_wconf 88' lang='lat' dir='ltr'><strong>papa</strong></span> 
     </span>
    </p>
   </div>
   <div class='ocr_carea' id='block_1_99' title="bbox 2107 4623 3076 4695">
    <p class='ocr_par' dir='ltr' id='par_1_99' title="bbox 2107 4623 3076 4695">
     <span class='ocr_line' id='line_1_99' title="bbox 2107 4623 3076 4695; baseline -0.003 -13"><span class='ocrx_word' id='word_1_649' title='bbox 2107 4625 2246 4683; x_wconf 89' lang='lat' dir='ltr'><strong>obiit</strong></span> <span class='ocrx_word' id='word_1_650' title='bbox 2283 4624 2364 4680; x_wconf 94' lang='lat' dir='ltr'><strong>ll.</strong></span> <span class='ocrx_word' id='word_1_651' title='bbox 2419 4624 2536 4680; x_wconf 79' lang='lat' dir='ltr'><strong>Kal.</strong></span> <span class='ocrx_word' id='word_1_652' title='bbox 2571 4623 2712 4680; x_wconf 82' lang='lat' dir='ltr'><strong>Maii.</strong></span> <span class='ocrx_word' id='word_1_653' title='bbox 2743 4625 2859 4695; x_wconf 84' lang='lat' dir='ltr'><strong>(AD.</strong></span> <span class='ocrx_word' id='word_1_654' title='bbox 2891 4624 3076 4693; x_wconf 78' lang='lat' dir='ltr'><strong>Mart.)</strong></span> 
     </span>
    </p>
   </div>
   <div class='ocr_carea' id='block_1_100' title="bbox 2176 4710 3764 4786">
    <p class='ocr_par' dir='ltr' id='par_1_100' title="bbox 2176 4710 3764 4786">
     <span class='ocr_line' id='line_1_100' title="bbox 2176 4710 3764 4786; baseline -0.004 -14"><span class='ocrx_word' id='word_1_655' title='bbox 2176 4715 2389 4786; x_wconf 70' lang='grc' dir='ltr'><strong>(ΒευΑ.)</strong></span> <span class='ocrx_word' id='word_1_656' title='bbox 2462 4713 2759 4770; x_wconf 87' lang='lat' dir='ltr'><strong>Eleuterius</strong></span> <span class='ocrx_word' id='word_1_657' title='bbox 2827 4727 2973 4784; x_wconf 87' lang='lat' dir='ltr'><strong>papa</strong></span> <span class='ocrx_word' id='word_1_658' title='bbox 3052 4711 3136 4768; x_wconf 93' lang='lat'><strong>11.</strong></span> <span class='ocrx_word' id='word_1_659' title='bbox 3201 4712 3353 4767; x_wconf 85' lang='lat' dir='ltr'><strong>annis</strong></span> <span class='ocrx_word' id='word_1_660' title='bbox 3434 4710 3518 4779; x_wconf 91' lang='lat'><strong>10,</strong></span> <span class='ocrx_word' id='word_1_661' title='bbox 3588 4725 3764 4766; x_wconf 80' lang='lat' dir='ltr'><strong>mense</strong></span> 
     </span>
    </p>
   </div>
   <div class='ocr_carea' id='block_1_101' title="bbox 2103 4821 2254 4861">
    <p class='ocr_par' dir='ltr' id='par_1_101' title="bbox 2103 4821 2254 4861">
     <span class='ocr_line' id='line_1_101' title="bbox 2103 4821 2254 4861; baseline 0 -1"><span class='ocrx_word' id='word_1_662' title='bbox 2103 4821 2234 4861; x_wconf 85' lang='lat' dir='ltr'><strong>unus</strong></span> <span class='ocrx_word' id='word_1_663' title='bbox 2241 4845 2254 4860; x_wconf 88' lang='lat'><strong>.</strong></span> 
     </span>
    </p>
   </div>
   <div class='ocr_carea' id='block_1_102' title="bbox 2178 4890 3760 4967">
    <p class='ocr_par' dir='ltr' id='par_1_102' title="bbox 2178 4890 3760 4967">
     <span class='ocr_line' id='line_1_102' title="bbox 2178 4890 3760 4967; baseline -0.004 -16"><span class='ocrx_word' id='word_1_664' title='bbox 2178 4897 2372 4967; x_wconf 67' lang='lat' dir='ltr'><strong>(ﬂuam)</strong></span> <span class='ocrx_word' id='word_1_665' title='bbox 2431 4893 2632 4950; x_wconf 87' lang='lat' dir='ltr'><strong>Lucius</strong></span> <span class='ocrx_word' id='word_1_666' title='bbox 2687 4891 2944 4948; x_wconf 71' lang='lat' dir='ltr'><strong>Britania:</strong></span> <span class='ocrx_word' id='word_1_667' title='bbox 3001 4905 3099 4947; x_wconf 87' lang='lat' dir='ltr'><strong>rex</strong></span> <span class='ocrx_word' id='word_1_668' title='bbox 3153 4891 3222 4947; x_wconf 92' lang='lat' dir='ltr'><strong>ab</strong></span> <span class='ocrx_word' id='word_1_669' title='bbox 3279 4890 3560 4948; x_wconf 85' lang='lat' dir='ltr'><strong>Eleuterio</strong></span> <span class='ocrx_word' id='word_1_670' title='bbox 3617 4904 3760 4961; x_wconf 89' lang='lat' dir='ltr'><strong>papa</strong></span> 
     </span>
    </p>
   </div>
   <div class='ocr_carea' id='block_1_103' title="bbox 2104 4979 3757 5057">
    <p class='ocr_par' dir='ltr' id='par_1_103' title="bbox 2104 4979 3757 5057">
     <span class='ocr_line' id='line_1_103' title="bbox 2104 4979 3757 5057; baseline -0.004 -15"><span class='ocrx_word' id='word_1_671' title='bbox 2104 5001 2202 5057; x_wconf 92' lang='lat' dir='ltr'><strong>per</strong></span> <span class='ocrx_word' id='word_1_672' title='bbox 2249 4983 2537 5055; x_wconf 90' lang='lat' dir='ltr'><strong>epistolam</strong></span> <span class='ocrx_word' id='word_1_673' title='bbox 2580 4982 2949 5038; x_wconf 91' lang='lat' dir='ltr'><strong>Christianum</strong></span> <span class='ocrx_word' id='word_1_674' title='bbox 2979 4995 3038 5037; x_wconf 91' lang='lat' dir='ltr'><strong>se</strong></span> <span class='ocrx_word' id='word_1_675' title='bbox 3069 4979 3188 5038; x_wconf 83' lang='lat' dir='ltr'><strong>ﬁeri</strong></span> <span class='ocrx_word' id='word_1_676' title='bbox 3220 4981 3499 5052; x_wconf 90' lang='lat' dir='ltr'><strong>impetrat.</strong></span> <span class='ocrx_word' id='word_1_677' title='bbox 3557 4981 3757 5038; x_wconf 87' lang='lat' dir='ltr'><strong>Antio-</strong></span> 
     </span>
    </p>
   </div>
   <div class='ocr_carea' id='block_1_104' title="bbox 2103 5071 3497 5153">
    <p class='ocr_par' dir='ltr' id='par_1_104' title="bbox 2103 5071 3497 5153">
     <span class='ocr_line' id='line_1_104' title="bbox 2103 5071 3497 5153; baseline -0.004 -21"><span class='ocrx_word' id='word_1_678' title='bbox 2103 5075 2244 5132; x_wconf 67' lang='lat' dir='ltr'><strong>chia:</strong></span> <span class='ocrx_word' id='word_1_679' title='bbox 2291 5075 2346 5128; x_wconf 88' lang='lat'><strong>7.</strong></span> <span class='ocrx_word' id='word_1_680' title='bbox 2395 5071 2752 5130; x_wconf 88' lang='lat' dir='ltr'><strong>constituitur</strong></span> <span class='ocrx_word' id='word_1_681' title='bbox 2781 5072 3078 5142; x_wconf 90' lang='lat' dir='ltr'><strong>episcopus</strong></span> <span class='ocrx_word' id='word_1_682' title='bbox 3115 5072 3395 5128; x_wconf 86' lang='lat' dir='ltr'><strong>Maximus.</strong></span> <span class='ocrx_word' id='word_1_683' title='bbox 3490 5146 3497 5153; x_wconf 33' lang='lat'>.</span> 
     </span>
    </p>
   </div>
   <div class='ocr_carea' id='block_1_105' title="bbox 1743 5239 2392 5297">
    <p class='ocr_par' dir='ltr' id='par_1_105' title="bbox 1743 5239 2392 5297">
     <span class='ocr_line' id='line_1_105' title="bbox 1743 5239 2392 5297; baseline 0.002 -4"><span class='ocrx_word' id='word_1_684' title='bbox 1743 5239 1968 5296; x_wconf 73' lang='lat' dir='ltr'><strong>VARLE</strong></span> <span class='ocrx_word' id='word_1_685' title='bbox 2005 5240 2392 5297; x_wconf 83' lang='lat' dir='ltr'><strong>LECTIONES.</strong></span> 
     </span>
    </p>
   </div>
   <div class='ocr_carea' id='block_1_106' title="bbox 459 5379 3765 5459">
    <p class='ocr_par' dir='ltr' id='par_1_106' title="bbox 459 5379 3765 5459">
     <span class='ocr_line' id='line_1_106' title="bbox 459 5379 3765 5459; baseline 0.003 -24"><span class='ocrx_word' id='word_1_686' title='bbox 459 5379 518 5410; x_wconf 71' lang='lat'><strong>“’7</strong></span> <span class='ocrx_word' id='word_1_687' title='bbox 543 5379 750 5454; x_wconf 84' lang='lat' dir='ltr'><strong>reliqua</strong></span> <span class='ocrx_word' id='word_1_688' title='bbox 777 5397 846 5459; x_wconf 55' lang='grc' dir='ltr'><strong>ᾳ.</strong></span> <span class='ocrx_word' id='word_1_689' title='bbox 881 5382 1000 5459; x_wconf 75' lang='lat'><strong><em>167.</em></strong></span> <span class='ocrx_word' id='word_1_690' title='bbox 1029 5385 1227 5459; x_wconf 81' lang='lat' dir='ltr'><strong>scripta</strong></span> <span class='ocrx_word' id='word_1_691' title='bbox 1251 5391 1391 5443; x_wconf 84' lang='lat' dir='ltr'><strong>sunt.</strong></span> <span class='ocrx_word' id='word_1_692' title='bbox 1472 5384 1534 5459; x_wconf 56' lang='grc' dir='ltr'><strong>Ψ</strong></span> <span class='ocrx_word' id='word_1_693' title='bbox 1560 5387 1678 5445; x_wconf 82' lang='grc' dir='ltr'><strong>Ηοο</strong></span> <span class='ocrx_word' id='word_1_694' title='bbox 1693 5403 1834 5444; x_wconf 87' lang='lat' dir='ltr'><strong>anno</strong></span> <span class='ocrx_word' id='word_1_695' title='bbox 1863 5389 1918 5444; x_wconf 90' lang='lat' dir='ltr'><strong>in</strong></span> <span class='ocrx_word' id='word_1_696' title='bbox 1944 5403 2111 5459; x_wconf 83' lang='lat' dir='ltr'><strong>marg.</strong></span> <span class='ocrx_word' id='word_1_697' title='bbox 2142 5403 2250 5444; x_wconf 85' lang='lat' dir='ltr'><strong>sec.</strong></span> <span class='ocrx_word' id='word_1_698' title='bbox 2284 5403 2441 5445; x_wconf 87' lang='lat' dir='ltr'><strong>manu</strong></span> <span class='ocrx_word' id='word_1_699' title='bbox 2479 5387 2745 5459; x_wconf 86' lang='lat' dir='ltr'><strong>leguntur:</strong></span> <span class='ocrx_word' id='word_1_700' title='bbox 2787 5395 2846 5445; x_wconf 90' lang='lat' dir='ltr'><strong>ut</strong></span> <span class='ocrx_word' id='word_1_701' title='bbox 2877 5387 3020 5445; x_wconf 88' lang='lat' dir='ltr'><strong>Beda</strong></span> <span class='ocrx_word' id='word_1_702' title='bbox 3051 5387 3186 5443; x_wconf 90' lang='lat' dir='ltr'><strong>dicit</strong></span> <span class='ocrx_word' id='word_1_703' title='bbox 3216 5387 3271 5442; x_wconf 91' lang='lat' dir='ltr'><strong>in</strong></span> <span class='ocrx_word' id='word_1_704' title='bbox 3299 5386 3531 5444; x_wconf 88' lang='lat' dir='ltr'><strong>historia</strong></span> <span class='ocrx_word' id='word_1_705' title='bbox 3563 5388 3765 5458; x_wconf 59' lang='lat' dir='ltr'><strong>Anglo.</strong></span> 
     </span>
    </p>
   </div>
   <div class='ocr_carea' id='block_1_107' title="bbox 385 5464 548 5518">
    <p class='ocr_par' dir='ltr' id='par_1_107' title="bbox 385 5464 548 5518">
     <span class='ocr_line' id='line_1_107' title="bbox 385 5464 548 5518; baseline 0.012 -10"><span class='ocrx_word' id='word_1_706' title='bbox 385 5464 508 5510; x_wconf 84' lang='lat' dir='ltr'><strong>rum</strong></span> <span class='ocrx_word' id='word_1_707' title='bbox 534 5472 548 5518; x_wconf 85' lang='lat'><strong>;</strong></span> 
     </span>
    </p>
   </div>
   <div class='ocr_carea' id='block_1_108' title="bbox 384 5523 1766 5672">
    <p class='ocr_par' dir='ltr' id='par_1_108' title="bbox 384 5523 1766 5672">
     <span class='ocr_line' id='line_1_108' title="bbox 384 5523 1762 5657; baseline 0.006 -75"><span class='ocrx_word' id='word_1_708' title='bbox 384 5523 459 5595; x_wconf 82' lang='lat' dir='ltr'><strong>cf.</strong></span> <span class='ocrx_word' id='word_1_709' title='bbox 485 5537 547 5579; x_wconf 89' lang='lat' dir='ltr'><strong>.a.</strong></span> <span class='ocrx_word' id='word_1_710' title='bbox 585 5523 748 5581; x_wconf 68' lang='lat'><strong><em>201.&#39;</em></strong></span> <span class='ocrx_word' id='word_1_711' title='bbox 790 5525 981 5598; x_wconf 72' lang='lat' dir='ltr'><strong>“’leae</strong></span> <span class='ocrx_word' id='word_1_712' title='bbox 1009 5543 1172 5657; x_wconf 61' lang='lat' dir='ltr'><strong>quem</strong></span> <span class='ocrx_word' id='word_1_713' title='bbox 1200 5544 1287 5589; x_wconf 86' lang='lat' dir='ltr'><strong>ex.</strong></span> <span class='ocrx_word' id='word_1_714' title='bbox 1326 5529 1374 5588; x_wconf 92' lang='lat'><strong>1.</strong></span> <span class='ocrx_word' id='word_1_715' title='bbox 1415 5545 1466 5616; x_wconf 61' lang='grc' dir='ltr'><strong>(ξ.</strong></span> <span class='ocrx_word' id='word_1_716' title='bbox 1509 5523 1762 5615; x_wconf 79' lang='lat' dir='ltr'><strong>incenso.</strong></span> 
     </span>
     <span class='ocr_line' id='line_1_109' title="bbox 391 5594 1766 5672; baseline 0.007 -20"><span class='ocrx_word' id='word_1_717' title='bbox 391 5594 483 5652; x_wconf 86' lang='lat' dir='ltr'><strong>ad.</strong></span> <span class='ocrx_word' id='word_1_718' title='bbox 511 5608 566 5653; x_wconf 90' lang='lat' dir='ltr'><strong>a.</strong></span> <span class='ocrx_word' id='word_1_719' title='bbox 603 5595 723 5657; x_wconf 91' lang='lat'><strong><em>181.</em></strong></span> <span class='ocrx_word' id='word_1_720' title='bbox 799 5597 993 5672; x_wconf 70' lang='lat' dir='ltr'><strong>&quot;‘tege</strong></span> <span class='ocrx_word' id='word_1_721' title='bbox 1042 5600 1265 5659; x_wconf 89' lang='lat' dir='ltr'><strong>ulmIna.</strong></span> <span class='ocrx_word' id='word_1_722' title='bbox 1344 5601 1403 5635; x_wconf 78' lang='grc'><strong>¹⁶⁸</strong></span> <span class='ocrx_word' id='word_1_723' title='bbox 1432 5618 1470 5659; x_wconf 76' lang='grc' dir='ltr'><strong>ι.</strong></span> <span class='ocrx_word' id='word_1_724' title='bbox 1503 5617 1551 5658; x_wconf 90' lang='lat' dir='ltr'><strong>e.</strong></span> <span class='ocrx_word' id='word_1_725' title='bbox 1584 5602 1766 5662; x_wconf 88' lang='lat' dir='ltr'><strong>ImbrI.</strong></span> 
     </span>
    </p>
   </div>
   <div class='ocr_carea' id='block_1_109' title="bbox 585 5453 3761 5586">
    <p class='ocr_par' dir='ltr' id='par_1_109' title="bbox 585 5453 3761 5586">
     <span class='ocr_line' id='line_1_110' title="bbox 585 5453 3761 5580; baseline 0 -67"><span class='ocrx_word' id='word_1_726' title='bbox 585 5453 850 5580; x_wconf 47' lang='grc' dir='ltr'><strong>ἔξᾳῇ</strong></span> <span class='ocrx_word' id='word_1_727' title='bbox 873 5455 974 5513; x_wconf 74' lang='lat' dir='ltr'><strong>sibi</strong></span> <span class='ocrx_word' id='word_1_728' title='bbox 999 5453 1155 5514; x_wconf 71' lang='lat' dir='ltr'><strong>uelint</strong></span> <span class='ocrx_word' id='word_1_729' title='bbox 1192 5459 1386 5516; x_wconf 86' lang='lat' dir='ltr'><strong>nescio.</strong></span> <span class='ocrx_word' id='word_1_730' title='bbox 1418 5458 1566 5542; x_wconf 70' lang='lat' dir='ltr'><strong>Beda</strong></span> <span class='ocrx_word' id='word_1_731' title='bbox 1597 5461 1648 5526; x_wconf 86' lang='lat'><strong>1,</strong></span> <span class='ocrx_word' id='word_1_732' title='bbox 1685 5459 1740 5515; x_wconf 88' lang='lat'><strong>4.</strong></span> <span class='ocrx_word' id='word_1_733' title='bbox 1771 5463 2011 5518; x_wconf 80' lang='lat' dir='ltr'><strong>Marcum</strong></span> <span class='ocrx_word' id='word_1_734' title='bbox 2047 5453 2362 5518; x_wconf 78' lang='lat' dir='ltr'><strong>Antoninum</strong></span> <span class='ocrx_word' id='word_1_735' title='bbox 2407 5453 2590 5544; x_wconf 74' lang='lat' dir='ltr'><strong>Verum</strong></span> <span class='ocrx_word' id='word_1_736' title='bbox 2617 5468 2666 5518; x_wconf 89' lang='lat' dir='ltr'><strong>et</strong></span> <span class='ocrx_word' id='word_1_737' title='bbox 2701 5461 2970 5519; x_wconf 83' lang='lat' dir='ltr'><strong>Aurelium</strong></span> <span class='ocrx_word' id='word_1_738' title='bbox 3011 5459 3342 5543; x_wconf 73' lang='lat' dir='ltr'><strong>Commodum</strong></span> <span class='ocrx_word' id='word_1_739' title='bbox 3371 5453 3761 5543; x_wconf 48' lang='lat' dir='ltr'><strong>nominatg&#39;scd</strong></span> 
     </span>
     <span class='ocr_line' id='line_1_111' title="bbox 695 5527 3761 5586; baseline 0.002 -5"><span class='ocrx_word' id='word_1_740' title='bbox 695 5564 712 5581; x_wconf 92' lang='lat'><strong>.</strong></span> <span class='ocrx_word' id='word_1_741' title='bbox 868 5527 981 5586; x_wconf 74' lang='lat' dir='ltr'><strong>leae</strong></span> <span class='ocrx_word' id='word_1_742' title='bbox 1009 5543 1172 5586; x_wconf 88' lang='lat' dir='ltr'><strong>auem</strong></span> <span class='ocrx_word' id='word_1_743' title='bbox 1200 5544 1287 5586; x_wconf 87' lang='lat' dir='ltr'><strong>ex.</strong></span> <span class='ocrx_word' id='word_1_744' title='bbox 1326 5529 1374 5586; x_wconf 94' lang='lat'><strong>1.</strong></span> <span class='ocrx_word' id='word_1_745' title='bbox 1415 5545 1466 5586; x_wconf 93' lang='lat' dir='ltr'><strong>c.</strong></span> <span class='ocrx_word' id='word_1_746' title='bbox 1509 5543 1762 5586; x_wconf 85' lang='lat' dir='ltr'><strong>Incenso.</strong></span> <span class='ocrx_word' id='word_1_747' title='bbox 1841 5531 1900 5564; x_wconf 80' lang='grc'><strong>¹⁶⁰</strong></span> <span class='ocrx_word' id='word_1_748' title='bbox 1937 5531 2048 5586; x_wconf 81' lang='lat' dir='ltr'><strong>leae</strong></span> <span class='ocrx_word' id='word_1_749' title='bbox 2077 5535 2162 5586; x_wconf 90' lang='lat' dir='ltr'><strong>Vl.</strong></span> <span class='ocrx_word' id='word_1_750' title='bbox 2243 5533 2298 5566; x_wconf 81' lang='grc'>¹⁶¹</span> <span class='ocrx_word' id='word_1_751' title='bbox 2331 5534 2621 5586; x_wconf 80' lang='lat' dir='ltr'><strong>ordinator</strong></span> <span class='ocrx_word' id='word_1_752' title='bbox 2655 5533 2702 5586; x_wconf 91' lang='lat'><strong>1.</strong></span> <span class='ocrx_word' id='word_1_753' title='bbox 2782 5533 2841 5567; x_wconf 80' lang='grc'><strong>¹⁶²</strong></span> <span class='ocrx_word' id='word_1_754' title='bbox 2873 5533 2983 5586; x_wconf 84' lang='lat' dir='ltr'><strong>leae</strong></span> <span class='ocrx_word' id='word_1_755' title='bbox 3010 5530 3316 5586; x_wconf 74' lang='lat' dir='ltr'><strong>Sardensrs.</strong></span> <span class='ocrx_word' id='word_1_756' title='bbox 3397 5529 3458 5564; x_wconf 82' lang='grc'><strong>¹⁶³</strong></span> <span class='ocrx_word' id='word_1_757' title='bbox 3494 5533 3761 5586; x_wconf 68' lang='lat' dir='ltr'><strong>Peritum</strong></span> 
     </span>
    </p>
   </div>
   <div class='ocr_carea' id='block_1_110' title="bbox 695 5529 3761 5604">
    <p class='ocr_par' dir='ltr' id='par_1_110' title="bbox 695 5529 3761 5604">
     <span class='ocr_line' id='line_1_112' title="bbox 695 5529 3761 5604; baseline -0 -16"><span class='ocrx_word' id='word_1_758' title='bbox 695 5564 712 5581; x_wconf 78' lang='grc' dir='ltr'><strong>ο</strong></span> <span class='ocrx_word' id='word_1_759' title='bbox 790 5529 850 5604; x_wconf 50' lang='lat'><strong>1‘}</strong></span> <span class='ocrx_word' id='word_1_760' title='bbox 868 5529 981 5604; x_wconf 67' lang='lat' dir='ltr'><strong>leae</strong></span> <span class='ocrx_word' id='word_1_761' title='bbox 1009 5543 1172 5604; x_wconf 82' lang='lat' dir='ltr'><strong>quem</strong></span> <span class='ocrx_word' id='word_1_762' title='bbox 1200 5544 1287 5589; x_wconf 86' lang='lat' dir='ltr'><strong>ex.</strong></span> <span class='ocrx_word' id='word_1_763' title='bbox 1326 5529 1466 5604; x_wconf 15' lang='lat' dir='ltr'><strong>l._,_c.</strong></span> <span class='ocrx_word' id='word_1_764' title='bbox 1509 5531 1762 5604; x_wconf 84' lang='lat' dir='ltr'><strong>incenso.</strong></span> <span class='ocrx_word' id='word_1_765' title='bbox 1841 5531 1900 5564; x_wconf 78' lang='grc'><strong>¹⁶⁰</strong></span> <span class='ocrx_word' id='word_1_766' title='bbox 1937 5531 2048 5601; x_wconf 83' lang='lat' dir='ltr'><strong>tege</strong></span> <span class='ocrx_word' id='word_1_767' title='bbox 2077 5535 2162 5588; x_wconf 90' lang='lat' dir='ltr'><strong>Vl.</strong></span> <span class='ocrx_word' id='word_1_768' title='bbox 2243 5533 2298 5566; x_wconf 82' lang='grc'><strong>¹⁶¹</strong></span> <span class='ocrx_word' id='word_1_769' title='bbox 2331 5533 2621 5592; x_wconf 89' lang='lat' dir='ltr'><strong>ordinator</strong></span> <span class='ocrx_word' id='word_1_770' title='bbox 2655 5533 2702 5590; x_wconf 91' lang='lat' dir='ltr'><strong>l.</strong></span> <span class='ocrx_word' id='word_1_771' title='bbox 2782 5533 2841 5567; x_wconf 80' lang='grc'><strong>¹⁶²</strong></span> <span class='ocrx_word' id='word_1_772' title='bbox 2873 5533 2983 5604; x_wconf 80' lang='lat' dir='ltr'><strong>lege</strong></span> <span class='ocrx_word' id='word_1_773' title='bbox 3010 5530 3316 5590; x_wconf 90' lang='lat' dir='ltr'><strong>Sardensis.</strong></span> <span class='ocrx_word' id='word_1_774' title='bbox 3397 5529 3458 5564; x_wconf 82' lang='grc'><strong>¹⁶³</strong></span> <span class='ocrx_word' id='word_1_775' title='bbox 3494 5533 3761 5589; x_wconf 69' lang='lat' dir='ltr'><strong>Portium</strong></span> 
     </span>
    </p>
   </div>
  </div>
