4000 6158
241 286 345 343 669

1509 292 1915 350 CHRONICON.
1955 321 2028 338 —-
2064 294 2190 352 LIB.
2231 294 2322 350 Ill.

3497 293 3608 350 670

313 411 428 469 185.
475 412 559 469 17.
607 415 800 486 [CLXIII]
851 417 1054 483 (11mm)
1091 417 1398 474 Commodus
1444 422 1494 473 et
1549 417 2288 485 Quiutittius.ACommodus
2342 418 2717 491 Septembrem
2773 431 3016 476 mensem
3073 418 3297 480 nomine
3351 435 3452 479 suo
3505 435 3604 493 ap-

236 503 502 559 Antonius
536 505 894 562 Commodum
942 507 1112 562 ﬁlium
1162 521 1318 563 suum
1358 514 1670 564 consortem
1718 509 1874 580 regni

238 589 381 648 facit.
439 593 710 650 Antonius
765 609 889 652 cum
947 595 1059 652 ﬁlio
1113 596 1184 651 de
1241 595 1493 651 hostibus
1536 596 1872 667 triumpavit,

234 694 390 750 quos,
423 696 523 752 per
551 683 846 740 triennium
886 685 1031 755 apud
1060 685 1395 741 Carnuntum
1435 685 1643 741 habens
1679 685 1874 740 stativa

235 777 429 836 castra,
462 777 788 828 vastaverat.

307 859 425 916 186.
474 861 554 916 18.
603 862 792 932 [CLXIV]
838 864 1037 931 (111123.)
1080 864 1274 934 Orﬁtus
1323 869 1371 918 et
1410 864 1592 934 Rufus.
1634 865 1875 934 Impera-

233 953 380 1004 tores
427 949 612 1006 multis
659 951 828 1007 multa
875 952 1056 1023 largiti
1089 959 1238 1020 sunt,
1271 959 1327 1007 et
1374 953 1715 1022 peccuuiam,
1748 967 1872 1023 quae

229 1036 360 1094 ﬁsco
419 1037 763 1105 debebatur,
831 1041 1130 1110 provinciis
1193 1041 1602 1108 concedentes,
1661 1041 1875 1096 tabulas

227 1128 538 1184 debitorum
567 1129 626 1184 iII
655 1129 835 1187 medio
866 1133 1126 1188 Romana:
1153 1133 1306 1187 urbis
1335 1131 1456 1188 foro
1497 1133 1620 1204 igne
1651 1131 1872 1188 incendi

226 1217 559 1287 precipiunt,
617 1232 682 1274 ac
730 1233 798 1275 ne
847 1220 979 1290 quid
1037 1221 1270 1276 bonitati
1324 1221 1563 1288 deesset,
1623 1222 1874 1277 seniores

224 1321 472 1378 quasque
502 1307 651 1377 leges
679 1309 835 1364 novis
872 1310 1364 1366 constitutionibus
1405 1315 1868 1380 temperaverunt.

225 1394 398 1464 (ΒΕΘ.)
459 1397 648 1452 Romae
706 1411 898 1466 passus
954 1397 1256 1453 Annicetus
1312 1411 1470 1468 papa,
1531 1399 1874 1455 Simmetrius

224 1485 522 1554 presbiter,
568 1485 824 1542 Felicitas
868 1501 992 1542 cum
1033 1493 1242 1558 septem
1289 1487 1438 1554 ﬁliis,
1467 1487 1664 1555 Julius,
1696 1491 1871 1544 Anto-

223 1575 366 1641 nius,
401 1575 690 1642 Eusebius,
724 1575 1102 1641 Potentianus,
1137 1577 1486 1648 Peregrinus,
1508 1577 1866 1643 Vincentius;

221 1665 367 1732 apud
436 1665 717 1720 Sebastem
773 1666 1045 1722 Armeniae
1114 1666 1344 1721 minoris
1400 1666 1554 1721 multi
1620 1667 1872 1721 martires

1957 509 2198 578 pellavit.

1961 642 2104 712 [ϐοά.
2132 642 2187 697 in
2215 641 2622 731 marg.,.Ciclus
2650 641 2896 697 decimus
2926 639 3231 698 decennov.
3264 641 3388 698 cicli
3421 643 3603 714 magni

2543 731 2653 787 inc.
2686 731 2802 787 ind.
2836 730 3019 802 nona.)

2031 862 2151 918 193.
2183 863 2234 918 6.
2274 864 2462 936 [CLXXI]
2501 863 2715 936 (11mm)
2749 868 3028 924 Maternus
3055 869 3104 920 et
3132 865 3369 921 Bradua.
3411 865 3606 924 Hiero-

1955 952 2166 1008 solimis
2229 953 2318 1008 26.
2385 954 2673 1010 ordinatus
2739 956 3034 1025 episcopus
3101 955 3407 1022 Maximus;
3477 961 3605 1025 post

1955 1056 2117 1111 quem
2154 1041 2245 1095 27.
2275 1043 2605 1109 Antoninus,
2648 1043 2739 1097 28.
2772 1044 2989 1111 Valens,
3031 1042 3120 1099 29.
3163 1043 3478 1110 Dulcianus,
3509 1043 3602 1100 30.

1955 1132 2264 1197 Narcissus,
2307 1130 2398 1184 31.
2439 1132 2591 1199 Dius,
2631 1132 2721 1187 32.
2754 1133 3066 1200 Germanio,
3096 1131 3186 1187 33.
3217 1133 3474 1199 Gordius,
3506 1132 3597 1188 34.

1955 1235 2169 1276 rursum
2219 1220 2528 1277 Narcissus.
2578 1222 2766 1276 Tantis
2819 1221 2965 1291 apud
3016 1223 3432 1278 llierosolimam
3477 1222 3601 1292 epi-

1954 1310 2159 1380 scopis,
2202 1322 2312 1365 non
2363 1309 2642 1379 potuimus
2689 1310 3006 1366 discernere
3047 1319 3315 1381 tempora,
3349 1324 3414 1366 eo
3453 1310 3603 1381 quod

1955 1413 2128 1469 usque
2175 1399 2233 1454 in
2284 1404 2592 1470 presentem
2643 1398 2788 1455 diem
2837 1399 3192 1470 episcopatus
3237 1414 3429 1456 eorum
3472 1400 3603 1456 anni

1955 1487 2176 1543 minime
2221 1487 2580 1542 salvarentur.
2637 1487 2742 1558 (ep.
2776 1486 2830 1554 2,
2874 1503 2928 1557 p.
2968 1487 3083 1558 101)
3145 1491 3206 1545 1n
3272 1488 3602 1559 Capitolium

1952 1576 2158 1633 fulmen
2206 1578 2335 1640 ruit,
2369 1582 2424 1632 et
2471 1590 2660 1648 magna
2712 1577 3139 1634 inflammatione
3190 1577 3352 1645 facta,
3403 1577 3604 1634 biblio-

1953 1667 2114 1722 theca
2160 1671 2218 1722 et
2263 1666 2440 1721 vicina
2493 1680 2709 1736 quaque
2758 1666 2909 1722 aedes
2956 1672 3340 1723 concrematis.
3385 1665 3604 1736 (Decre-

219 1752 320 1806 sub
359 1751 621 1823 Agriculo
652 1752 881 1822 judice;
941 1753 1086 1823 apud
1133 1753 1446 1823 Spoleatum
1485 1747 2080 1823 Concordius;Btalis
2127 1754 2361 1825 epistola
2410 1754 2673 1810 Eleuterii
2731 1769 2886 1825 papae
2943 1755 3069 1810 data
3121 1761 3206 1811 est
3263 1756 3508 1810 Materno
3546 1758 3603 1810 et

219 1841 364 1910 apud
406 1840 674 1896 Smirnam
713 1841 1034 1912 Policarpus
1072 1842 1386 1913 episcopus,
1429 1842 1735 1913 discipulus
1769 1844 1869 1898 Jo-

219 1927 438 1995 hannis,
471 1930 602 1986 item
630 1931 986 1987 Germanicus
1015 1936 1072 1987 et
1099 1932 1364 1999 Pionius;
1415 1931 1560 2002 apud
1588 1932 1869 2002 Apamiam

217 2016 530 2075 Alexander
572 2025 627 2075 et
670 2021 870 2087 Gaius;
921 2020 1067 2091 apud
1125 2023 1338 2077 Cretam
1397 2023 1572 2078 urben
1628 2021 1868 2078 Cortinae

217 2106 508 2178 Philippus
559 2108 1044 2180 episcopus,apud
1087 2112 1408 2182 Pergamum
1455 2112 1649 2166 urbem
1697 2111 1868 2166 Assite

215 2196 430 2267 Carpus
447 2196 766 2268 episcopus,
789 2200 1055 2268 Papyrius
1091 2197 1378 2265 diaconus,
1410 2200 1659 2255 Justinus
1698 2198 1872 2268 philo-

212 2285 468 2355 sophus;
509 2286 655 2355 apud
695 2286 1016 2357 Lugdunum
1047 2287 1234 2344 Galliae
1272 2288 1544 2344 Hireneus
1573 2289 1871 2358 episcopus

212 2387 344 2429 cum
390 2373 597 2440 multis,
646 2375 874 2432 Fotinus
925 2375 1224 2444 episcopus
1279 2375 1524 2445 ejusdem
1583 2377 1754 2441 urbis,
1815 2381 1872 2432 et

211 2463 490 2518 Blandina
536 2475 658 2518 cum
702 2463 829 2518 aliis
871 2462 962 2529 68,
996 2464 1300 2534 Epipodius
1336 2471 1392 2520 et
1428 2465 1769 2533 Alexander;
1813 2467 1870 2522 in

211 2550 364 2605 Siria
402 2552 618 2606 Corona
647 2556 702 2607 et
733 2553 956 2620 Victor;
1007 2553 1329 2610 Mediolanis
1374 2556 1640 2620 Faustus;
1691 2554 1872 2611 Cabil-

210 2639 350 2695 lone
397 2640 721 2709 Marcellus;
781 2641 911 2698 item
949 2642 1007 2698 in
1045 2643 1327 2700 territorio
1367 2643 1739 2700 Cabillonensi
1785 2659 1870 2701 cas

211 2734 336 2783 stro
369 2727 670 2785 Trenorcio
696 2729 1054 2804 Valerianus;
1098 2731 1153 2786 in
1181 2731 1511 2788 Alexandria
1540 2732 1872 2791 Tholomeus

213 2823 270 2873 et
301 2817 510 2874 Lucius
531 2817 613 2872 ¹⁶⁶.

291 2904 416 2960 187.
483 2906 565 2963 l9.
629 2906 800 2978 [CLXV]
862 2907 1060 2977 (HIER.)
1128 2909 1436 2965 Commodus
1483 2911 1538 2964 2.
1584 2915 1634 2966 et
1687 2913 1868 2966 Verus.

214 2994 532 3051 Antoninus
570 3000 696 3065 post
724 2995 1008 3052 victoriam
1037 2996 1178 3052 adeo
1209 2997 1264 3052 in
1295 2997 1539 3054 editione
1578 3013 1866 3056 munerum

1953 1842 2163 1898 Bradua
2210 1845 2317 1910 VV,
2350 1841 2405 1898 id
2451 1848 2535 1899 est
2578 1843 2711 1898 viris
2755 1843 3184 1910 venerabilibus,
3233 1843 3360 1909 CC.,
3410 1842 3466 1897 id
3517 1846 3604 1897 est

1951 1931 2271 1987 clarissimis
2309 1930 2670 2000 consulibus]

2029 2019 2147 2076 194.
2189 2020 2243 2074 7.
2289 2019 2500 2090 [CLXXII]
2561 2018 2761 2086 (11mm)
2817 2019 3125 2076 Commodus
3181 2020 3238 2074 5.
3277 2024 3327 2075 et
3377 2018 3597 2076 Gabrio.

1951 2108 2282 2165 Commodus
2320 2109 2522 2164 multos
2564 2109 2829 2166 nobilium
2871 2107 3166 2166 interfecit.

2031 2196 2149 2250 195.
2207 2196 2262 2251 8.
2325 2197 2556 2268 [CLXXIII]
2630 2199 2832 2264 (111311.)
2887 2198 3158 2268 Crispinus
3215 2201 3266 2253 et
3319 2195 3596 2255 Heliam.

1950 2287 2283 2344 Commodus
2319 2293 2376 2344 et
2396 2287 2458 2318 ¹⁶³
2503 2287 2816 2358 spectacula
2865 2285 3072 2357 papulo
3121 2287 3365 2342 Romano
3406 2285 3601 2355 prebet

1951 2390 2209 2447 InSIgnIa.

2029 2465 2148 2520 196.
2181 2465 2236 2518 9.
2274 2464 2500 2536 [CLXXIV]
2545 2464 2716 2536 (lsm.)
2747 2465 3046 2522 Fuscianus
3073 2468 3124 2518 et
3151 2461 3392 2521 Silanus.
3424 2460 3600 2518 Theo-

1955 2553 2107 2609 dotio
2147 2553 2406 2610 Effessius
2445 2554 2720 2624 interpres
2758 2553 2955 2610 tertius
2991 2553 3246 2610 habetur.

2032 2641 2150 2696 197.
2188 2641 2272 2696 10.
2310 2643 2514 2713 [CLXXV]
2559 2644 2751 2713 (Ηιειι.)
2782 2646 2896 2700 Duo
2936 2648 2984 2698 et
3006 2641 3066 2674 ¹⁶⁹
3105 2640 3319 2699 Siliani.
3359 2640 3599 2697 Alexan-

1954 2729 2074 2786 drie
2120 2731 2202 2785 ll.
2243 2733 2600 2788 constituitur
2636 2733 2932 2803 episcopus
2969 2731 3276 2787 Demetrius
3318 2729 3478 2785 annis
3505 2727 3596 2784 43.

1953 2820 2286 2877 Commodus
2341 2821 2660 2890 imperator,
2709 2821 2915 2878 colossi
2968 2820 3148 2891 capite
3195 2819 3434 2886 sublato,
3481 2831 3599 2875 sua:

1953 2907 2207 2979 imaginis
2243 2917 2408 2979 caput
2437 2910 2604 2979 jussit
2642 2910 2874 2980 imponi.

2028 2996 2148 3052 198.
2197 2997 2278 3053 ll.
2325 2999 2552 3069 [CLXXVI]
2601 3001 2799 3070 (Ηιειι.)
2847 2998 3158 3056 Commodus
3212 2996 3267 3053 6.
3325 3003 3374 3054 et
3426 2998 3603 3069 Septi-

213 3083 542 3156 magniﬁcus
577 3084 698 3152 fuit,
740 3091 800 3140 ut
837 3093 1056 3142 centum
1095 3085 1256 3143 simul
1295 3087 1488 3144 leones
1524 3088 1857 3145 exhibuerit.
1881 3088 1926 3149 α
1949 3086 2174 3142 mium.
2231 3088 2460 3156 Serapio
2516 3087 2570 3143 9.
2628 3087 2938 3150 Antiochiae
3004 3089 3302 3158 episcopus
3366 3087 3602 3144 ordina-

213 3173 554 3230 Commodus
606 3189 637 3230 a
691 3181 885 3230 senatu
942 3181 1205 3246 angustus
1260 3177 1588 3247 appellatur.
1652 3180 1866 3236 Zmirna

214 3264 345 3319 urbs
377 3264 553 3320 Assite
583 3269 730 3320 terre
762 3268 914 3321 motu
945 3265 1092 3332 ruit;
1125 3266 1192 3322 ad
1223 3267 1381 3336 cujus
1409 3267 1864 3325 instaurationem

212 3350 540 3406 decennalis
586 3350 916 3407 tributorum
965 3351 1280 3409 immunitas
1315 3353 1444 3410 data
1491 3361 1592 3410 est.
1635 3355 1867 3412 Alexan-

213 3439 346 3496 dria:
407 3438 640 3496 aaclesiae
687 3439 1065 3510 episcOpatum
1112 3443 1344 3498 sortitus
1372 3449 1458 3498 est
1494 3443 1743 3500 Julianus
1779 3443 1862 3498 10.

211 3528 375 3584 annis
415 3527 496 3583 10.
527 3528 720 3599 (Cass)
771 3528 868 3584 His
891 3527 951 3561 ’⁸⁷
980 3529 1321 3596 consulibus,
1353 3536 1493 3586 teste
1539 3531 1863 3600 Casiodoro,

210 3617 529 3676 Antoninus
555 3617 613 3674 in
643 3619 924 3675 Pannonia
953 3616 1148 3674 morbo
1180 3619 1363 3688 periit,
1387 3632 1531 3675 anno
1561 3620 1738 3676 aetatis
1762 3620 1862 3688 61;

211 3707 296 3763 cui
324 3709 605 3766 successit
624 3707 977 3774 Commodus,
1002 3707 1147 3763 ﬁlius
1175 3722 1326 3764 suus.
1356 3709 1466 3765 Sub
1491 3723 1602 3779 quo
1631 3723 1868 3779 sequen-

212 3801 292 3853 tes
319 3797 590 3854 consules
618 3797 860 3865 fuerunt,
894 3801 1033 3853 teste
1064 3797 1417 3855 Cassiodoro.

279 3889 647 3944 Romanorum
682 3887 764 3942 18.
797 3886 1107 3944 Commodus
1141 3887 1426 3942 secundum
1465 3901 1642 3944 omnes
1677 3901 1869 3957 regna-

216 3976 281 4032 uit
509 3974 594 4044 13,
623 3974 888 4032 mensibus
917 3975 1038 4032 item
1066 3975 1122 4043 8,
1172 3976 1320 4033 iuxta
1358 3977 1634 4033 historiam
1679 3979 1870 4034 Roma-

215 4080 354 4134 nam,
403 4065 500 4122 hoc
545 4070 623 4122 est
667 4064 798 4124 Kal.
838 4065 1081 4135 Augusti,
1120 4066 1176 4122 in
1222 4082 1362 4122 anno
1405 4066 1526 4124 167.
1573 4071 1690 4140 post
1731 4083 1866 4139 pas-

213 4156 438 4212 sionem.

289 4243 418 4299 188.
469 4243 514 4297 1.
561 4243 752 4314 [CLXVI]
795 4243 996 4314 (11mm)
1034 4245 1253 4300 Presens
1283 4248 1331 4299 et
1371 4244 1670 4302 Gordianus
1708 4246 1867 4304 Com-

215 4333 416 4390 modus
444 4331 513 4388 de
540 4331 823 4389 Germanis
851 4331 1186 4402 triumpavit.

1950 3179 2057 3231 tus.

2025 3263 2144 3318 199.
2192 3264 2274 3319 l2.
2328 3265 2577 3337 [CLXXVII]
2630 3266 2829 3335 (11mm)
2876 3267 3213 3338 Apronianus
3258 3268 3308 3320 et
3353 3264 3596 3321 Bradua.

1947 3355 2209 3412 lncendio
2243 3357 2432 3412 Romae
2470 3355 2636 3421 facto,
2671 3356 2932 3426 palatium
2962 3361 3018 3410 et
3056 3355 3189 3410 edes
3217 3352 3598 3431 Vestmgluri—

1948 3457 2147 3513 maque
2185 3444 2347 3500 Urbis
2393 3457 2520 3512 pars
2557 3443 2677 3500 solo
2725 3447 3049 3511 coequatur.
3100 3441 3410 3498 Eleuterius
3456 3454 3596 3512 papa

1949 3533 2152 3589 obiit8
2182 3533 2299 3588 Kal.
2328 3533 2496 3589 Junii.
2530 3531 2649 3603 (An.
2681 3532 2869 3598 Mart.)

2031 3621 2203 3676 Victor
2237 3621 2320 3688 12,
2347 3635 2492 3691 papa
2522 3621 2675 3676 annis
2709 3619 2795 3685 10,
2825 3633 2990 3674 mens.
3029 3617 3112 3672 16.

2017 3707 2144 3764 200.
2194 3706 2276 3764 l3.
2323 3707 2572 3779 [CLXXVII]
2631 3709 2705 3779 (p.
2774 3705 2910 3769 103.)
2981 3705 3290 3764 Commodus
3338 3705 3394 3762 7.
3431 3705 3493 3738 "°
3549 3711 3598 3761 et

1951 3797 2196 3855 Gravius.
2238 3797 2538 3855 Decretalis
2568 3798 2624 3830 ¹⁷¹
2665 3797 2898 3869 epistola
2938 3797 3175 3854 Victoris
3213 3809 3412 3867 papae:
3447 3810 3478 3851 α
3511 3797 3600 3852 Vi-

1950 3894 2074 3945 ctor
2125 3889 2368 3945 Romane
2407 3902 2472 3944 ac
2510 3887 2836 3944 universalis
2874 3887 3108 3944 aeclesiae
3148 3887 3601 3957 archiepiscopus

1949 3977 2254 4049 Theophlio
2284 3977 2548 4048 episcopo
2595 3985 2650 4034 et
2683 3978 2898 4035 cunctis
2944 3976 3207 4034 fratribus
3251 3977 3597 4034 Alexandria:

1948 4069 2166 4125 Christo
2203 4067 2613 4136 famulantibus,
2659 4069 2895 4125 salutem
2939 4068 3000 4124 in
3046 4069 3300 4135 Domino,
3335 4087 3364 4121 ιο
3414 4075 3470 4124 et
3513 4081 3597 4124 re-

1949 4158 2122 4228 liqua.
2163 4159 2294 4214 Haec
2328 4157 2564 4228 epistola
2613 4158 2740 4213 data
2783 4163 2866 4213 est
2919 4155 2984 4210 13
3030 4156 3302 4212 Kalendas
3343 4157 3595 4228 Augusti,

1948 4246 2248 4303 Commodo
2298 4253 2353 4303 et
2398 4247 2593 4303 Gravia
2640 4246 2774 4300 viris
2823 4245 3231 4300 venerabilibus
3277 4245 3598 4301 clarissimis

1951 4335 2292 4392 consulibus.
2325 4336 2498 4406 (Bac)
2539 4334 2689 4391 Multi
2716 4333 2776 4388 in
2805 4338 3052 4401 tempore
3093 4333 3255 4400 hujus
3294 4333 3438 4400 passi
3467 4338 3599 4387 sunt

291 4423 416 4478 189.
467 4422 520 4478 2.
587 4421 796 4494 [CLXVII]
861 4421 1055 4493 (Ηιειι.)
1116 4421 1425 4480 Commodus
1470 4421 1524 4478 3.
1576 4428 1625 4480 et
1677 4412 2015 4495 Rufamne):
2043 4425 2130 4481 his
2149 4424 2298 4495 quod
2327 4438 2493 4494 supra
2514 4422 2772 4480 diximus.
2794 4421 2900 4478 Sed
2932 4427 3160 4491 propter
3179 4420 3594 4476 similitudinem

218 4512 500 4584 Templum
538 4511 820 4582 Sarapidis
854 4510 1237 4568 Alexandrinae
1273 4511 1582 4569 incensum.

544 4600 690 4672 [Cod.
723 4601 774 4655 in
805 4615 998 4670 marg.,
1029 4599 1214 4656 Ciclus
1243 4599 1378 4656 solis
1409 4600 1537 4671 inc.]

292 4687 417 4745 190.
459 4687 514 4746 3.
576 4688 810 4761 [CLXVIII]
857 4688 1068 4761 (11mm)
1126 4689 1521 4745 Hammertinus
1575 4695 1624 4745 et
1679 4691 1862 4761 Rufus.

224 4777 461 4834 llirenus
552 4778 847 4849 episcopus
930 4777 1312 4849 Lugdunensis
1381 4777 1618 4850 insignis
1691 4777 1866 4836 habe-

226 4871 331 4924 tur.

298 4954 422 5012 191.
454 4955 508 5014 4.
553 4955 742 5028 [ωαχ]
785 4957 987 5027 (11mm)
1026 4956 1333 5016 Commodus
1370 4956 1426 5013 4.
1465 4961 1515 5014 et
1554 4957 1866 5016 Victorinus.

225 5044 472 5104 Thermat
507 5045 898 5104 Commodiane
936 5047 1124 5104 Rome
1159 5044 1341 5105 factae.

302 5133 424 5191 192.
489 5135 544 5190 5.
617 5135 784 5207 [cm]
853 5133 1071 5207 illisu.)
1139 5133 1402 5193 Marullus
1463 5139 1514 5192 et
1588 5134 1864 5195 Heliam.

1949 4515 2230 4572 nominum
2287 4514 2678 4582 imperatorum
2747 4511 2969 4568 minime
3035 4510 3321 4581 passiones
3388 4510 3598 4566 discer-

1950 4609 2173 4660 nuntur.
2222 4602 2422 4659 Dicunt
2459 4609 2640 4658 tamen
2689 4601 2843 4672 quod
2901 4600 3160 4656 Hirenius
3213 4598 3595 4670 Lugdunensis

1949 4694 2245 4764 episcopus
2281 4692 2384 4749 sub
2419 4692 2529 4748 isto
2568 4705 2780 4762 passus.

2019 4781 2144 4837 201.
2193 4780 2275 4836 l4.
2321 4780 2568 4852 [CLXXIX]
2613 4779 2917 4837 Commodus
2937 4777 2999 4810 ¹⁷³
3023 4776 3081 4832 8.
3108 4781 3163 4833 et
3191 4778 3468 4833 Pertinae.
3501 4777 3599 4834 His

1951 4871 2291 4937 consulibus,
2323 4869 2624 4926 Casiodoro
2657 4873 2818 4936 teste,
2857 4866 3189 4924 Commodus
3225 4866 3599 4938 strangulatur

1949 4959 2006 5016 in
2045 4960 2210 5017 domo
2241 4958 2563 5026 Vestiliani;
2603 4957 2694 5016 cui
2730 4957 2999 5015 successit
3027 4955 3304 5013 Pertinax.
3335 4956 3447 5012 Sub
3483 4969 3597 5027 quo

1949 5047 2006 5106 hi
2036 5049 2294 5107 consules
2323 5048 2566 5106 fuerunt.

2018 5142 2368 5197 Romanorum
2420 5139 2504 5194 19.
2545 5137 2727 5195 Helius
2781 5137 3041 5197 Partim
3091 5136 3374 5194 secundum
3424 5145 3598 5196 0mm

1578 5264 1802 5320 VARLE
1855 5263 2242 5322 LECTIONES.

302 5355 626 5433 '“Aeducius
653 5356 700 5412 1.
777 5357 840 5433 ξ⁶⁷
877 5357 934 5433 in
963 5371 1136 5433 gnarg.
1183 5373 1299 5433 sup.
1349 5359 1458 5433 hac]
1498 5361 1708 5431 regione
1752 5360 1978 5433 legitur:
2014 5363 2136 5433 1d,;

1050 5430 1077 5504 ἱ-
1100 5430 1324 5504 codices.
1403 5431 1464 5463 ¹⁷⁰
1501 5430 1572 5486 7(
1592 5438 1732 5504 post.
1779 5430 1906 5491 add.
1947 5436 1995 5491 1.
2075 5431 2134 5468 ⁸⁷⁸

236 5425 284 5481 1.
361 5426 424 5458 ¹⁶⁹
453 5427 529 5483 ita
558 5428 719 5485 etiam
757 5429 1062 5488 Οτιδεὶοὰοή
1088 5425 1324 5485 codices.
1403 5431 1464 5463 ¹⁷⁰
1501 5433 1556 5486 7.

2223 5403 2237 5419 .
2278 5360 2416 5420 feria
2445 5361 2499 5418 2.
2533 5376 2648 5434 qua:
2685 5361 2858 5418 nescio
2893 5377 2992 5433 quo
3029 5362 3343 5434 pertineant.
3423 5362 3485 5399 ¹⁶⁸
3532 5378 3599 5420 ex
3651 5341 3658 5346 l

2214 5477 2227 5490 .
2264 5448 2314 5489 e.
2348 5436 2411 5490 V.
2445 5448 2500 5504 p.
2533 5433 2733 5506 scripta
2761 5439 2881 5490 sunt
2911 5449 2965 5490 a.
3005 5433 3124 5506 199.
3182 5433 3262 5506 Α¹⁷²
3301 5435 3418 5491 Hoc
3463 5451 3600 5491 anno

232 5496 414 5579 iterant
455 5513 564 5556 sec.
615 5515 772 5579 manu
817 5501 872 5558 in
907 5501 1142 5572 margine
1182 5501 1432 5576 scriptum
1466 5507 1544 5561 est
1566 5496 1676 5561 :'ut
1710 5505 1858 5564 Beda
1892 5506 2035 5566 dicit
2059 5505 2118 5565 in
2157 5505 2392 5567 historia
2417 5496 2760 5578 Anglorum;
2810 5520 2926 5579 quin
2955 5505 3140 5564 «td-res
3175 5504 3230 5564 Ii.
3262 5522 3313 5563 a.
3347 5512 3600 5565 narratas

231 5575 464 5642 spectare
492 5576 769 5646 nequeunt.
