4000 6158
363 331 462 388 671

1777 329 2058 387 MARIANI
2096 328 2325 385 SCOTTI

3627 321 3732 377 672

360 460 596 530 regnavit
641 456 905 514 mensibus
947 472 1065 525 sex,
1097 456 1193 513 hoc
1221 460 1298 512 est
1324 469 1485 527 usque
1529 454 1656 511 Kal.
1708 452 2495 521 Februarii,Arosolimorum,
2539 450 2842 509 Policrates
2888 462 3112 520 quoque
3140 455 3196 505 et
3235 448 3472 506 Hirenus
3509 454 3567 505 et
3603 450 3731 505 Bac-

362 550 420 604 in
455 563 593 604 anno
638 547 756 604 168.
788 550 912 619 post
944 547 1257 618 passionem.

434 637 561 695 202.
610 638 655 691 1.
703 637 904 709 [CLXXX]
948 635 1146 708 (Ηιειι.)
1184 633 1406 691 Flaccus
1434 638 1483 689 et
1512 632 1718 691 Clarus.
1750 633 2008 689 Pertinax

362 727 720 798 sexagenario
770 727 963 794 major,
996 738 1118 780 cum
1170 722 1535 792 profecturam
1585 723 1747 779 Urbis
1796 728 2004 793 ageret,

366 831 434 873 ex
481 822 704 872 senatus
751 814 1004 870 consultu
1050 812 1323 883 imperare
1367 814 1553 882 jussus
1582 819 1685 868 est.
1728 812 2004 880 PertiuaX,

366 905 690 961 obsecrante
747 909 938 957 senatu
994 906 1055 956 ut
1111 913 1337 965 uxorem
1395 906 1679 972 augustam
1726 908 1781 956 et
1838 900 2008 956 ﬁlium

365 1008 633 1050 cessarem
664 991 984 1063 appellaret,
1017 991 1388 1057 contradixit;
1430 989 1681 1047 sufﬁcere
1707 991 1813 1046 sibi
1844 995 2009 1046 testa-

364 1088 455 1139 tur
483 1082 631 1153 quod
679 1083 797 1151 ipse
828 1085 1085 1151 regnaret
1123 1081 1347 1136 invitus.
1385 1080 1587 1150 (Βεω.)
1626 1081 1816 1135 Victor
1845 1094 2005 1150 papa,

364 1169 506 1227 datis
536 1171 642 1226 late
689 1169 913 1235 libellis,
947 1170 1236 1225 constituit
1266 1175 1326 1224 ut
1369 1183 1531 1238 pasca
1560 1169 1652 1225 die
1700 1169 2005 1235 Dominico,

361 1260 504 1315 sicut
550 1264 600 1314 et
651 1272 943 1328 precessor
990 1259 1109 1327 ejus
1156 1258 1445 1325 Eleterius,
1488 1273 1517 1314 a
1554 1257 1635 1311 14.
1679 1258 1807 1314 luna
1847 1257 2008 1328 primi

365 1347 568 1403 mensis
624 1361 799 1417 usque
846 1347 903 1402 in
951 1345 1040 1402 21.
1092 1346 1487 1402 celebraretur.
1548 1347 1715 1416 Cujus
1770 1346 2012 1402 decretis

362 1436 718 1506 Theophilus,
751 1438 999 1492 Cesareze
1039 1435 1345 1491 Palaestinae
1384 1435 1677 1504 episcopus
1714 1435 2006 1505 adjuvavit.

361 1525 459 1580 His
497 1524 839 1590 consulibus,
881 1530 1021 1581 teste
1059 1524 1411 1591 Cassiodoro,
1446 1524 1701 1580 Pertinax
1738 1524 2012 1581 occiditur

361 1613 418 1668 in
451 1613 674 1683 palatio,
708 1613 917 1668 scelere
948 1612 1148 1667 Juliani
1182 1612 1510 1682 jurisperiti.

437 1702 523 1771 (Η.
558 1702 642 1770 11.)
692 1704 1043 1757 Romanorum
1071 1700 1161 1755 20.
1195 1700 1408 1757 Salvius
1443 1700 1685 1756 Julianus
1731 1700 2012 1757 secundum

2088 542 2268 598 chilus
2319 541 2652 613 plurimique
2708 540 3051 596 aeclesiarum
3106 542 3376 608 pastores,
3428 537 3563 608 quid
3612 552 3733 608 pro-

2089 631 2271 688 babile
2300 632 2474 687 visum
2521 629 2705 696 fuerit,
2735 628 2936 685 litteris
2965 627 3297 694 ediderunt;
3350 640 3581 697 quarum
3622 640 3730 683 me-

2089 721 2262 777 moria
2307 720 2376 776 ad
2425 734 2529 776 nos
2573 732 2748 789 usque
2806 717 3088 788 perdurat.
3147 716 3446 772 Decretalis
3502 714 3733 784 epistola

2090 810 2327 866 Victoris
2355 823 2510 880 papae
2541 807 2651 878 (ep.
2677 807 2733 873 2,
2761 821 2816 877 p.
2853 804 2966 876 105)
3001 805 3128 861 data
3157 807 3424 862 Laterano
3455 810 3511 861 et
3538 805 3735 861 Ruﬁno

2092 900 2175 953 W.
2208 899 2311 954 CC.

2161 986 2287 1041 207.
2327 986 2383 1040 5.
2420 984 2659 1057 [CLXXXV]
2706 983 2898 1055 (HIER.]
2942 982 3290 1040 Scoturninus
3326 986 3375 1038 et
3405 980 3610 1040 Gallus.
3647 985 3739 1039 Ju-

2092 1075 2309 1132 daicum
2338 1081 2394 1131 et
2422 1073 2812 1130 Samaraticum
2843 1072 3048 1128 bellum
3078 1078 3308 1128 motum.
3455 1097 3485 1122 ο

2161 1164 2288 1218 208.
2346 1164 2401 1217 6.
2474 1161 2735 1234 [CLXXXVI]
2809 1160 3025 1232 (Ηιεῐι.)
3091 1160 3350 1217 Anulinus
3405 1165 3456 1215 et
3518 1162 3740 1218 Fronto.

2090 1256 2322 1310 Severus
2369 1253 2600 1309 Parthos
2644 1257 2700 1308 et
2745 1252 3058 1308 Adiabenos
3094 1250 3393 1321 superavit,
3424 1250 3741 1320 Arabasque

2092 1343 2389 1399 interiores
2427 1342 2502 1397 ita
2539 1341 2763 1408 cecidit,
2797 1346 2857 1396 ut
2895 1341 3177 1412 regionem
3215 1353 3404 1396 eorum
3445 1340 3743 1395 Romanam

2093 1432 2428 1503 provinciam
2476 1429 2692 1486 fecerit.

2163 1521 2287 1576 209.
2327 1521 2381 1576 7.
2439 1519 2721 1590 [CLXXXVII]
2773 1520 3000 1576 Seuerus
3047 1519 3083 1572 2
3119 1521 3169 1573 et
3214 1518 3528 1574 Victorinus.
3578 1516 3659 1574 Ob
3681 1517 3745 1550 ¹⁷⁷

2093 1626 2218 1681 quae
2257 1610 2563 1676 Parthicus,
2603 1609 2889 1676 Arabicus,
2934 1608 3283 1674 Diabenicus,
3325 1607 3746 1678 cognominatus

2094 1706 2197 1757 est.

365 1790 637 1845 historiam
705 1792 990 1846 Romanam
1046 1795 1169 1861 post
1230 1791 1555 1846 Pertinacem
1617 1791 1844 1847 invassit
1895 1785 2079 1846 remB
2166 1786 2292 1842 210.
2332 1786 2387 1841 8.
2433 1787 2736 1858 [CLXXXVIII]
2782 1785 2983 1857 (illum)
3033 1783 3301 1841 Fabianus
3340 1790 3389 1842 et
3449 1786 3743 1843 Mutianus.

366 1877 663 1946 publicam,
711 1879 796 1933 vir
850 1878 1053 1935 nobilis
1109 1885 1165 1934 et
1218 1880 1342 1948 jure
1401 1878 1786 1948 peritissimus,
1837 1892 2013 1949 nepos

365 1965 510 2021 Salvi
560 1966 783 2033 Juliani,
824 1966 919 2037 qui
966 1967 1068 2021 sub
1101 1968 1159 2020 D.
1192 1966 1433 2022 Adriano
1483 1973 1808 2037 perpetuum
1856 1981 2015 2023 com-

369 2053 582 2123 possuit
629 2053 889 2109 edictum.
939 2053 1165 2109 Orosius
1211 2054 1292 2110 sic
1345 2056 1459 2124 (VII,
1499 2054 1582 2125 16)
1619 2075 1630 2110 :
1676 2073 1703 2105 «
1742 2055 2009 2121 Julianus,

366 2141 658 2198 interfecto
709 2141 1013 2207 Pertinacc,
1046 2142 1272 2197 invassit
1318 2142 1629 2212 imperium,
1660 2143 1759 2199 sed
1807 2158 1934 2200 mox
1981 2158 2012 2198 a

365 2233 565 2286 Severo
624 2231 767 2301 apud
826 2237 1049 2303 pontem
1104 2230 1359 2286 Mulvium
1411 2231 1557 2288 bello
1612 2232 1759 2287 civili
1814 2234 2011 2299 victus,

365 2317 689 2375 interfectus
737 2327 841 2387 est,
892 2333 1078 2375 mense
1115 2320 1151 2371 7
1188 2326 1476 2391 postquam
1533 2322 1804 2391 imperare
1852 2336 2012 2392 cepe-

366 2416 488 2475 rat;
529 2413 585 2465 et
620 2408 697 2464 ita
736 2409 883 2464 inter
914 2408 977 2441 ¹⁷³
1033 2410 1374 2465 Pertinacem
1432 2415 1488 2466 et
1541 2410 1815 2466 lulianum
1874 2424 2016 2467 unus

366 2511 543 2553 annus
591 2504 894 2567 asumptus.
926 2516 956 2550 »
1006 2500 1138 2554 Haec
1175 2498 1417 2555 Orosius.
1467 2500 1534 2555 Et
1570 2500 1677 2556 hoc
1709 2506 1793 2556 est
1840 2514 2015 2570 usque

308 2644 312 2648 ,
369 2586 641 2641 Kalendas
678 2586 1036 2655 Septembris,
1068 2587 1126 2642 in
1165 2587 1358 2643 eodem
1399 2600 1544 2643 anno
1582 2588 1680 2642 169
1720 2596 1846 2659 post
1885 2603 2015 2659 pas-

368 2675 601 2731 sionem.

444 2761 641 2834 (Cass.)
685 2764 1032 2819 Romanorum
1076 2763 1167 2818 21.
1218 2765 1465 2832 Severus,
1508 2766 1781 2836 provincia
1823 2765 2014 2838 Tripo-

370 2851 580 2917 litanus,
621 2856 777 2908 natus
823 2852 1013 2924 oppido
1060 2854 1230 2925 Lepti,
1271 2854 1508 2923 regnavit
1557 2856 1710 2910 annis
1763 2853 1847 2920 18,
1889 2859 2018 2911 teste

372 2941 709 3010 Cassiodoro,
756 2941 1016 2997 mensibus
1071 2944 1229 2998 etiam
1282 2942 1317 2996 3
1370 2943 1673 2999 secundum
1729 2943 2016 3001 historiam

372 3030 693 3095 Romanam,
743 3030 849 3085 hoc
898 3035 982 3086 est
1030 3044 1205 3100 usque
1253 3029 1525 3087 Kalendas
1574 3033 1909 3101 Decembris,
1958 3035 2014 3089 in

2094 1878 2283 1933 Victor
2329 1890 2471 1947 papa
2520 1877 2659 1932 obiit
2714 1875 2848 1948 [KaL
2889 1878 2991 1946 Ag.
3025 1873 3127 1945 '7‘].
3180 1877 3381 1931 Severo
3439 1876 3746 1946 imperante

2094 1967 2323 2023 thermae
2369 1968 2679 2024 Severiana).
2725 1964 3033 2023 Antiochiae
3062 1970 3119 2020 et
3155 1966 3343 2023 Romae
3372 1966 3744 2037 Septizonium

2096 2061 2456 2111 exstructum.
3187 2105 3192 2110 .

2168 2143 2304 2214 (Lib.
2330 2146 2498 2216 poni.)
2528 2142 2856 2215 Zepherinus
2883 2142 2967 2200 13.
2995 2158 3141 2216 papa
3169 2143 3326 2200 annis
3354 2143 3412 2212 9,
3441 2144 3531 2215 qui
3555 2145 3747 2199 consti-

2096 2233 2191 2288 tuit
2235 2238 2291 2287 ut
2335 2231 2675 2303 praesentibus
2723 2231 2959 2287 omnibus
2997 2230 3202 2287 clericis
3231 2237 3279 2287 et
3309 2230 3461 2287 laicis
3508 2230 3748 2302 ﬁdelibus

2095 2323 2205 2377 sive
2240 2321 2492 2376 diaconus
2530 2319 2612 2375 uel
2655 2320 2907 2376 sacerdos
2957 2319 3312 2389 ordinaretur,
3344 2324 3394 2377 et
3423 2335 3459 2375 a
3485 2320 3746 2376 stantibus

2095 2409 2456 2465 sacerdotibus
2494 2411 2665 2470 missa;
2701 2408 3106 2466 celebrarentur.

2102 2501 2248 2572 [Cod.
2269 2501 2324 2556 in
2347 2501 2601 2571 margine,
2624 2500 2942 2557 Persecutio
2964 2502 3156 2571 quinta
3177 2500 3361 2559 Ciclus
3385 2499 3468 2567 11,
3492 2500 3613 2557 ind.
3641 2500 3742 2570 14.]

2168 2588 2295 2643 211.
2344 2588 2400 2643 9.
2456 2589 2716 2661 [CLXXXIX]
2774 2591 3001 2647 Seuerus
3049 2589 3084 2647 3
3129 2594 3178 2644 et
3222 2590 3501 2646 Antonius.
3549 2590 3748 2658 Quinta

2100 2678 2484 2749 persecutione
2523 2680 2755 2735 Severus
2792 2679 3145 2749 persequitur
3179 2679 3541 2735 Christianos.

2168 2766 2294 2823 212.
2344 2765 2427 2823 10.
2491 2767 2625 2839 [CXC]
2689 2766 2886 2838 (HIER.)
2943 2768 3073 2825 Geta
3131 2772 3179 2822 et
3237 2766 3566 2824 Plautianus.
3615 2769 3744 2824 Leo-

2099 2854 2278 2923 nides,
2308 2854 2561 2927 Origenis
2610 2862 2785 2927 pater,
2827 2856 3069 2927 gloriosa
3107 2857 3317 2913 martiri
3354 2861 3532 2914 morte
3572 2864 3748 2913 trans-

2098 2945 2295 3002 fertur.

2169 3033 2295 3090 213.
2342 3033 2430 3089 ll.
2484 3033 2639 3105 [CXCI]
2701 3032 2897 3106 'HIER.]
2953 3034 3100 3092 Chilo
3155 3040 3203 3091 et
3260 3034 3382 3091 libo.
3440 3034 3749 3092 Alexander

375 3130 520 3172 anno
555 3115 656 3171 186
702 3124 828 3187 post
858 3117 920 3150 ¹⁷⁸
968 3119 1299 3188 passionem.
1340 3120 1450 3175 Sub
1498 3134 1609 3191 quo
1656 3121 1713 3176 hi
1764 3115 2080 3180 consulesC
2101 3124 2173 3181 ob
2230 3122 2634 3181 confessionem
2689 3124 2959 3181 Dominici
3006 3124 3245 3182 nominis
3298 3125 3534 3197 insignis
3582 3124 3749 3181 habe~

373 3203 617 3262 fuerunt.

446 3292 571 3347 203.
609 3294 656 3347 l.
686 3292 908 3364 [CLXXXI]
944 3292 1141 3365 (HIsu.)
1172 3295 1397 3352 Severus
1426 3295 1731 3353 etAlbiaus.
1764 3300 2018 3370 Severus,

377 3381 658 3454 provimia
703 3382 1039 3452 Tripolitana
1085 3383 1291 3454 oppido
1340 3385 1518 3456 Lepti,
1558 3386 1709 3443 solus
1746 3402 1814 3444 ex
1840 3388 2022 3447 Africa

377 3484 550 3541 usque
598 3472 655 3527 in
705 3478 1014 3541 presentem
1062 3472 1207 3529 diem
1253 3475 1531 3531 Romanus
1566 3476 1868 3546 imperator
1895 3479 2019 3548 luit,

376 3563 432 3613 et
459 3558 517 3614 in
557 3559 824 3616 honorem
868 3560 1194 3628 Pertinacis,
1227 3576 1391 3633 quem
1435 3563 1686 3620 Julianus
1715 3566 2017 3636 occiderat,

375 3648 716 3705 Pertinacem
753 3663 813 3705 se
842 3651 1218 3721 co‘gnominari
1251 3652 1434 3721 jussit,
1473 3653 1556 3724 [eo
1578 3653 1639 3685 ¹⁷⁸
1676 3656 1824 3726 quod
1854 3671 2023 3727 super

379 3734 444 3788 18
473 3751 648 3793 annos
676 3752 807 3794 suos
844 3739 880 3793 6
916 3739 1198 3795 mensibus
1245 3741 1492 3812 regnavit
1534 3744 1731 3815 (litem)
1770 3744 2022 3802 Clemens

374 3823 761 3885 Alexandrina:
805 3826 1039 3882 aeclesiae
1087 3828 1362 3895 presbiter
1399 3834 1455 3884 et
1492 3831 1768 3887 Pantheus
1804 3835 2022 3891 Stoicus

377 3912 742 3982 philosophus
769 3913 825 3968 in
862 3913 1235 3984 disputatione
1264 3915 1536 3987 dogmatis
1573 3919 1747 3974 nostri
1778 3921 2023 3980 disertis-

375 4000 500 4055 simi
540 4000 830 4056 habentur.

447 4087 573 4143 204.
613 4089 670 4144 2.
716 4090 962 4162 [CLXXXII]
999 4091 1169 4164 (Ism.)
1211 4094 1472 4151 Tertullus
1508 4101 1558 4152 et
1594 4096 1847 4157 Clemens.
1886 4101 2021 4158 Sim-

376 4177 602 4233 machus
656 4177 933 4249 interpres
978 4188 1206 4250 quartus
1254 4183 1505 4239 habetur.
1553 4185 1737 4257 (Jonn.
1774 4189 1839 4243 de
1867 4207 1916 4245 r.
1946 4190 2022 4261 s.)

380 4267 693 4338 [Samarites
724 4268 784 4300 ¹⁷⁶
830 4269 1052 4339 quidam
1107 4272 1447 4330 Simmachus
1498 4275 1798 4332 Judeorum
1843 4277 2021 4335 factus

374 4358 694 4427 proselitus,
722 4359 933 4415 divinas
978 4360 1290 4431 Scripturas
1318 4377 1385 4419 ex
1415 4364 1633 4422 Hebreo
1679 4380 1934 4424 sermone
1963 4369 2018 4425 in

2102 3219 2212 3270 tur.

2172 3301 2296 3356 214.
2345 3300 2428 3355 12.
2493 3302 2667 3373 [CXCII]
2724 3302 2918 3374 (Ηιιςιι.)
2964 3303 3226 3359 Antonius
3273 3302 3328 3357 2.
3378 3307 3429 3359 et
3477 3302 3646 3360 Getha
3691 3302 3745 3360 2.

2103 3389 2354 3445 Clemens
2383 3389 2551 3446 multa
2577 3396 2631 3446 et
2659 3392 2809 3447 varia
2837 3391 3160 3448 conscribit.

2173 3477 2300 3533 215.
2347 3477 2430 3534 l3.
2477 3479 2672 3550 [CXCIII]
2718 3480 2916 3550 (illum)
2958 3480 3179 3537 Albinus
3224 3486 3274 3537 et
3319 3479 3589 3537 .Elianus.
3641 3482 3748 3537 llu-

2103 3581 2269 3623 sanus
2308 3573 2512 3623 nostrae
2552 3568 2917 3639 philosophiae
2957 3570 3198 3640 scriptor
3232 3570 3568 3642 agnoscitur.

2173 3656 2299 3711 216.
2348 3655 2431 3710 l4.
2477 3657 2669 3728 [CXCIV]
2715 3658 2912 3731 (Hum)
2956 3660 3101 3731 Aper
3137 3664 3186 3715 et
3222 3660 3514 3717 Maximus.
3555 3659 3746 3717 Clodio

2101 3747 2322 3814 Albino,
2354 3748 2449 3817 qui
2487 3762 2547 3803 se
2578 3749 2634 3803 in
2663 3748 2834 3805 Gallia
2863 3763 3137 3806 cessarem
3175 3748 3399 3817 fecerat,
3432 3750 3581 3821 apud
3614 3752 3745 3821 Lug-

2103 3836 2310 3892 dunum
2346 3835 2660 3894 interfecto.

2171 3923 2299 3979 217.
2347 3925 2428 3981 15.
2474 3926 2644 3998 [CXCV]
2677 3927 2936 3983 Antonius
2962 3926 3018 3984 3.
3050 3932 3099 3985 et
3129 3927 3315 3986 Getha.
3346 3929 3583 3985 Severus
3603 3928 3666 3961 "’
3695 3930 3744 3985 in

2101 4014 2378 4071 Brittanos
2423 4014 2628 4071 bellum
2677 4015 2956 4081 transfert,
2991 4017 3084 4074 ubi
3131 4025 3192 4073 ut
3240 4022 3491 4089 receptas
3528 4019 3745 4089 provin-

2102 4103 2216 4159 cias
2280 4104 2348 4159 ab
2412 4104 2728 4161 incursione
2793 4105 3080 4162 barbarica
3143 4104 3349 4162 faceret
3413 4107 3741 4173 securiores,

2103 4191 2300 4248 vallum
2349 4206 2449 4263 per
2499 4191 2599 4246 132
2655 4207 2911 4264 passuum
2960 4194 3107 4252 milia
3164 4209 3197 4251 a
3252 4209 3421 4262 mare,
3471 4196 3542 4252 ad
3603 4210 3743 4254 mare

2103 4280 2276 4336 duxit.

2172 4369 2298 4425 218.
2367 4368 2451 4425 16.
2514 4370 2707 4443 [CXCVI]
2775 4371 2974 4444 (Ιῐιειι.)
3042 4373 3388 4445 Pompeianus
3441 4379 3492 4430 et
3540 4376 3739 4432 Avitus.

370 4447 599 4502 Grecam
646 4447 888 4518 linguam
936 4449 1252 4519 transfudit,
1287 4466 1551 4524 suamque
1598 4455 1848 4513 condidit
1902 4445 2470 4516 edi-DTertullianus
2518 4459 2665 4528 Afer,
2715 4462 3056 4518 centurionis
3110 4463 3525 4532 proconsularis
3581 4465 3739 4531 ﬁlius,

371 4535 621 4607 tionem.]

440 4624 568 4681 205.
605 4624 660 4680 3.
707 4625 973 4697 [CLXXXIII]
1029 4628 1223 4698 [HIER.)
1271 4630 1473 4686 Denter
1517 4637 1567 4687 et
1611 4634 1843 4691 Priscus.
1882 4637 2018 4692 Nar-

371 4712 548 4768 cissus
592 4712 889 4784 episcopus
929 4714 1414 4773 Hierosolimarum
1445 4723 1501 4775 et
1528 4720 1864 4791 Theophilus
1891 4725 2019 4780 Ces-

369 4800 651 4868 sariensis,
692 4802 1014 4873 Policarpus
1050 4817 1273 4874 quoque
1324 4812 1380 4862 et
1434 4809 1723 4865 Bacchilus
1774 4812 2018 4868 Assianaa

371 4888 671 4959 provincia:
709 4892 1005 4962 episcopus
1041 4893 1288 4965 insignes
1323 4895 1617 4953 habentur.

438 4975 567 5033 206.
625 4977 681 5033 4.
744 4979 1005 5052 [CLXXXIV]
1065 4982 1264 5054 (Hum)
1328 4987 1620 5042 Lateranus
1676 4993 1726 5044 et
1780 4990 2013 5060 Ruﬁnus.

2101 4549 2342 4605 omnium
2393 4548 2592 4621 [Ciclus
2627 4549 2761 4607 solis
2798 4550 2904 4621 inc]
2949 4550 3324 4609 tecclesiarum
3368 4567 3628 4611 sermone
3664 4569 3743 4611 ce-

2101 4635 2365 4694 lebratur.

2169 4726 2292 4781 219.
2350 4726 2435 4782 l7.
2489 4728 2702 4800 [CXCVII]
2757 4728 2956 4801 (litum)
3001 4732 3288 4787 Faustinus
3325 4736 3373 4788 et
3403 4732 3590 4804 Rufus.
3630 4731 3741 4789 Ori-

2098 4815 2257 4886 genis
2292 4816 2637 4874 Alexandria
2675 4818 2874 4875 studiis
2911 4819 3183 4885 eruditur,

2169 4905 2294 4963 220.
2362 4905 2445 4961 l8.
2508 4907 2743 4979 [CXCVIII]
2808 4908 3006 4979 (HIER.)
3074 4909 3362 4966 Gentium
3417 4914 3467 4967 et
3524 4913 3737 4975 Bassus,

2099 4995 2331 5052 Severus
2360 4996 2594 5053 moritur
2616 4997 2872 5054 Eburaici
2910 4998 2966 5054 in
2997 4998 3316 5066 Britannia;
3356 4998 3447 5054 cui
3475 4998 3740 5056 successit

366 5067 681 5155 Quaestione
711 5074 832 5125 orta
859 5070 917 5125 in
940 5069 1066 5126 Asia
1095 5070 1241 5128 inter
1267 5074 1580 5145 episcopos,
1612 5089 1681 5131 an
1709 5078 2012 5136 secundum
2095 5084 2240 5140 ﬁlius
2285 5099 2417 5141 suus
2463 5086 2759 5143 Caracalla.
2799 5090 3148 5155 Romanorum
3185 5087 3276 5143 22.
3318 5089 3614 5145 Bassianus
3640 5092 3739 5145 An-

366 5153 543 5246 legem
593 5157 751 5215 Moisi
806 5156 891 5215 l4.
932 5159 1138 5216 mensis
1193 5161 1396 5231 pascha
1452 5164 1854 5223 observandum
1905 5174 2009 5236 est,
2093 5173 2320 5241 toninus,
2360 5175 2448 5246 qui
2495 5179 2544 5230 et
2582 5173 2887 5245 Caraealla,
2937 5153 3178 5246 regnauit
3229 5176 3515 5232 secundum
3568 5190 3735 5233 omnes

364 5245 553 5304 Victor
596 5248 857 5307 Romanae
894 5248 1050 5306 urbis
1094 5251 1408 5323 episcopus,
1441 5259 1499 5310 et
1542 5255 1828 5313 Narcissus
1876 5258 2011 5315 Hie-

2092 5261 2251 5317 annis
2278 5261 2333 5329 7,
2366 5263 2646 5321 mensibus
2674 5265 2805 5322 item
2833 5263 2888 5332 2,
2921 5267 3077 5337 juxta
3105 5265 3392 5324 historiam
3421 5266 3737 5331 Romanam,

1738 5410 1963 5469 VARUS
2000 5412 2284 5469 LECTION
2287 5413 2368 5470 ES

398 5539 500 5623 .¹⁷³
527 5541 583 5623 θη
607 5539 677 5623 ¹.τ
740 5542 815 5623 .¹.⁷⁴
844 5544 1068 5623 ᾆδε-ἰαὶ·
1148 5545 1290 5623 ¹⁷⁸,ίη
1316 5549 1713 5623 Mamurra

439 5565 499 5573 ην
527 5565 629 5596 τηι
655 5565 677 5598 r
755 5565 815 5576 ’τ’
844 5565 986 5602 aeest
1023 5565 1068 5599 ι.
1149 5565 1208 5602 ¹ῗ¹¹
1234 5565 1290 5603 in
1316 5565 1611 5618 margtnea

363 5611 510 5682 signa
550 5611 654 5669 loci
683 5614 912 5684 adjecto.
991 5617 1051 5649 ⁸⁷⁷
1080 5618 1340 5690 pertinent
1370 5620 1441 5676 ad
1469 5637 1524 5677 a.

1848 5559 1966 5636 sunt
1992 5554 2163 5636 prima
2184 5571 2359 5636 manu.
2419 5556 2501 5636 ς¹⁷⁶
2529 5558 2630 5636 imo
2661 5561 2715 5636 in
2747 5563 2981 5636 margine
3003 5563 3181 5635 prima
3209 5577 3366 5621 manu
3383 5563 3583 5636 scripta
3600 5567 3729 5629 sunt,

1761 5624 1822 5657 ⁸⁷⁸
1849 5631 1966 5697 post
1994 5624 2340 5702 subscriptum
2362 5634 2460 5690 est.
2538 5630 2600 5663 ¹⁷⁹
2629 5633 2702 5689 ad
2722 5649 2777 5691 a.
2810 5624 2939 5690 21'6.
2956 5624 3240 5709 pértincnl.
