4000 6158
258 276 359 333 673

1474 314 1487 321 -
1530 276 1939 334 CHRONICON.
1978 305 2051 318 —
2087 277 2212 333 LIB.
2253 277 2344 333 111.

3523 284 3631 340 674

261 407 361 462 hoc
385 411 471 463 est
510 403 628 461 Kal.
662 402 966 472 Februarii,
989 403 1045 458 in
1075 414 1224 459 anno
1256 400 1377 458 194.
1410 408 1537 472 post
1566 403 1896 473 passionem.
1921 403 1974 464 A
2055 401 2181 459 231.
2213 401 2269 460 2.
2301 401 2455 474 [ccrx]
2494 401 2660 475 (1811).)
2693 403 2888 461 Gratus
2916 409 2966 461 et
2994 404 3244 462 Seleucus
3284 411 3343 463 V.
3374 412 3433 467 0.
3467 411 3628 468 Sexta

260 494 365 551 Sub
394 508 505 566 quo
531 493 587 549 hi
618 492 876 550 consules
911 490 1155 559 fuerunt,
1186 496 1326 548 teste
1355 491 1705 548 Cassiodoro.

324 583 448 639 221.
483 584 535 640 1.
576 583 766 655 [cxcrx]
812 585 1011 651 (ιιιειι.)
1055 585 1170 638 Duo
1200 586 1248 637 et
1285 581 1464 653 Aspri.
1506 581 1811 638 Antiochia
1840 580 1895 638 9.

258 674 551 744 episcopus
589 673 947 729 constituitur
982 671 1353 742 Asclepiades.

321 762 448 816 222.
497 762 552 818 2.
618 762 715 833 [cc]
754 764 948 831 (Hum)
990 762 1283 816 Antoninus
1338 765 1387 815 et
1443 758 1716 816 Balbinus.
1767 758 1898 815 Ale-

253 852 462 908 xander
515 850 608 906 35.
675 851 1162 907 Hierosolimarum
1239 850 1537 920 episcopus
1588 849 1896 915 ordinatur,

249 942 428 998 adhuc
492 941 707 996 vivente
772 942 1049 1006 Narcisso,
1100 946 1157 997 et
1201 954 1324 996 cum
1366 953 1434 995 eo
1475 940 1681 1009 pariter
1709 938 1901 993 acele-

252 1032 386 1087 siam
419 1031 581 1101 regit.

319 1119 447 1175 223.
496 1118 552 1172 3.
599 1118 721 1190 [CCI]
766 1117 963 1189 (Hum)
1011 1116 1250 1175 Messala
1305 1122 1356 1174 et
1388 1117 1639 1175 Sabinus.
1672 1117 1901 1173 Antoni-

250 1223 353 1266 nus
418 1208 664 1265 Carcalla
720 1207 1138 1279 cognominatus
1194 1212 1423 1277 propter
1477 1221 1652 1278 genus
1705 1207 1896 1271 vestis,

249 1298 400 1370 quod
440 1300 630 1354 Roma
668 1303 1017 1369 erogaverat;
1064 1302 1119 1353 et
1156 1311 1187 1352 e
1224 1296 1505 1353 contrario
1544 1296 1804 1353 Carcalla
1835 1310 1900 1351 ex

251 1391 374 1459 ejus
404 1389 625 1443 nomine
653 1387 959 1444 Antoniano
999 1387 1184 1442 dicta.

316 1476 447 1533 224.
496 1476 551 1531 4.
584 1476 723 1548 [ccn]
756 1478 901 1547 (lsm.
935 1507 1004 1517 —
1031 1474 1215 1546 Jonn.)
1245 1477 1419 1530 Latus
1455 1480 1503 1530 et
1543 1473 1795 1532 Cerealis.
1841 1477 1900 1531 In

247 1564 513 1621 Hiericho
560 1566 753 1635 quinta
793 1565 965 1621 editio
1005 1564 1311 1619 divinarum
1349 1565 1756 1633 Seripturarum
1794 1563 1904 1633 [in-

246 1650 417 1710 venta'
442 1654 507 1685 ¹⁶⁶
536 1660 622 1711 est
658 1655 714 1710 in
753 1653 948 1723 dolio],
982 1654 1139 1723 cujus
1178 1659 1373 1709 auctor
1411 1666 1520 1709 non
1560 1659 1808 1723 apparet.

314 1742 446 1798 225.
500 1744 555 1798 5.
612 1743 775 1814 [ccur]
838 1742 1041 1813 (11mm)
1086 1741 1318 1799 Sabinus
1383 1742 1438 1797 2.
1507 1747 1556 1798 et
1630 1745 1970 1811 Venustus];

245 1833 520 1889 Antonius
548 1834 737 1889 Roma
768 1832 1010 1889 thermas
1038 1833 1122 1888 sui
1145 1832 1385 1888 nominis
1400 1832 1657 1889 adiﬁcat.
1687 1832 1899 1905 (Bson

248 1923 522 1993 Perpetua
578 1928 634 1979 et
691 1922 946 1979 Felicitas
991 1922 1137 1993 apud
1203 1923 1551 1993 Kartaginem
1599 1921 1797 1978 Atriea
1844 1922 1900 1977 in

247 2013 447 2068 castris
476 2014 668 2069 bestia
699 2012 978 2083 deputata
1005 2026 1105 2083 pro
1134 2011 1353 2068 Christo
1385 2014 1568 2069 Nonas
1590 2012 1791 2067 Martii.

316 2101 448 2156 226.
488 2102 542 2157 6.
588 2103 746 2173 [ccxv]
787 2101 999 2174 (Ηιειι.)
1067 2104 1288 2157 Presens
1334 2106 1383 2156 et
1426 2102 1755 2157 Extricatus.
1786 2103 1903 2155 An-

247 2192 477 2248 toninus
513 2196 680 2248 tanta
738 2192 985 2247 libidinis
1040 2190 1164 2256 fuit,
1210 2196 1272 2246 ut
1300 2203 1589 2246 novercam
1621 2202 1775 2245 suam
1811 2190 1902 2245 Ju-

248 2279 381 2335 liam
410 2294 635 2337 uxorem
662 2280 838 2337 duxit.

322 2368 450 2424 227.
483 2370 540 2424 7.
586 2368 721 2439 [ccv]
762 2367 984 2439 (Onos.)
1017 2367 1311 2423 Antoninus
1366 2369 1426 2422 ν.
1476 2369 1534 2424 0.
1578 2383 1748 2423 conss.
1790 2371 1907 2423 An-

249 2458 485 2513 toninus
522 2456 784 2512 adversus
830 2456 1064 2512 Parthos
1100 2456 1506 2525 expeditionem
1545 2456 1770 2511 molitus
1798 2462 1902 2511 est.

331 2543 459 2598 228.
500 2544 554 2597 8.
600 2544 756 2615 [ccvl]
821 2546 1018 2613 (Cass)
1073 2545 1341 2600 Adventus
1398 2546 1455 2599 ν.
1497 2545 1556 2600 0.
1597 2559 1770 2599 conss.
1811 2545 1909 2599 His

253 2632 583 2689 consulibus
610 2635 941 2691 Cassiodoro
1007 2640 1148 2690 teste
1203 2633 1513 2705 Antoninus
1540 2633 1599 2687 in
1626 2632 1908 2688 Ordroena

251 2721 406 2777 inter
434 2721 707 2777 Edessam
750 2729 807 2778 et
834 2723 1031 2778 Carras
1060 2721 1390 2777 interﬁcitur
1416 2733 1560 2777 anno
1590 2720 1769 2777 atatis
1800 2719 1907 2787 43;

257 2811 370 2882 [cui
410 2812 684 2867 Macrinus
710 2811 1019 2881 successit.]

327 2900 422 2965 (Η.
471 2901 557 2971 R.)
608 2902 958 2955 Romanorum
1008 2899 1099 2955 23.
1160 2898 1377 2971 Ophilus
1428 2901 1633 2965 Macer,
1675 2899 1761 2969 qui
1794 2913 1913 2969 pre-

253 2990 429 3061 fectus
462 2989 696 3061 prelorio
746 2994 883 3055 erat,
925 3004 1038 3044 cum
1081 2987 1189 3059 filio
1246 2988 1573 3044 Diadumene
1627 2990 1915 3059 imperator

1983 492 2155 549 editio
2190 493 2408 550 inventa
2440 501 2524 549 est
2551 494 2833 564 Neeapoli.

2093 582 2238 651 [00d.
2272 583 2326 637 in
2340 597 2508 652 marg.
2531 582 2715 639 Cielus
2739 582 2823 638 12.
2847 583 3149 639 decennov.
3184 584 3296 641 inc.
3328 587 3445 642 ind.
3478 588 3552 657 2.]

2053 669 2178 726 232.
2216 671 2269 726 3.
2325 671 2459 742 [ccx]
2521 671 2637 741 (Er.
2696 671 2745 739 1,
2795 687 2849 742 p.
2897 671 3037 742 109.)
3086 671 3397 729 Alexander
3441 682 3491 732 et
3519 681 3631 734 An-

1981 758 2190 815 toninus
2218 776 2342 829 aug.
2387 777 2416 814 «
2448 760 2660 816 Calizus
2707 775 2847 832 papa
2876 761 3377 831 archipresbiteris,
3408 782 3436 815 »
3469 771 3526 820 et
3549 780 3633 822 re-

1983 847 2151 917 liqua.
2185 849 2311 904 data
2356 850 2637 906 Antonino
2688 854 2745 905 et
2797 850 3106 905 Alexandro
3145 851 3277 906 viris
3314 851 3633 909 clarissimis

1982 936 2325 1003 consulibus,
2364 938 2445 990 11.
2484 939 2603 994 Kal.
2637 938 2975 1005 Decembris,
3007 940 3063 994 in
3096 953 3205 1009 qua
3247 941 3480 1011 epistola
3511 956 3633 1013 pre-

1982 1027 2188 1082 dictum
2237 1028 2525 1083 constituit
2575 1029 2863 1097 jejunium.
2925 1028 3302 1098 Eliogabulum
3368 1031 3628 1101 templum

1982 1118 2170 1172 Roma
2236 1115 2549 1171 ediﬁeatum
2604 1116 2827 1186 (Hum).
2879 1118 2937 1172 1n
3004 1117 3275 1173 Palestina
3330 1120 3629 1191 Nicapolis,

1983 1219 2107 1275 qua
2165 1204 2318 1274 prius
2375 1205 2630 1259 Emmaus
2674 1205 2992 1272 vocabatur,
3063 1208 3196 1263 urbs
3251 1208 3473 1264 condita
3525 1217 3630 1278 est,

1982 1292 2275 1363 legationis
2338 1292 2610 1348 industria
2667 1307 2768 1362 pro
2809 1308 2872 1349 ea
2920 1295 3257 1366 suscipiente
3292 1297 3438 1353 Julio
3474 1297 3633 1354 Aﬁ‘ri-

1984 1396 2123 1439 cano
2152 1382 2425 1452 scriptore
2464 1388 2792 1451 temporum.

2053 1480 2180 1535 233.
2226 1483 2279 1536 4.
2323 1480 2477 1551 [ccxr]
2540 1480 2809 1536 Maximus
2859 1486 2908 1536 et
2963 1480 3240 1539 Helianus.
3292 1485 3389 1540 His
3434 1496 3636 1541 consu-

1984 1570 2129 1625 libus
2188 1570 2518 1626 Cassiodoro
2579 1575 2720 1625 teste
2778 1570 3087 1626 Antoninus
3126 1573 3314 1629 Roma
3352 1574 3628 1630 occiditur

1984 1658 2220 1715 tumultu
2252 1658 2495 1723 militari,
2527 1666 2650 1713 eum
2689 1664 2862 1714 matre
2890 1659 3191 1715 Simiasira.

2056 1750 2148 1810 (Η.
2191 1747 2274 1816 R.)
2316 1749 2667 1803 Romanorum
2710 1746 2800 1803 25.
2834 1746 3161 1817 Alexander,
3192 1752 3440 1805 Mamma
3466 1750 3627 1820 ﬁlius,

1982 1837 2264 1892 secundum
2293 1851 2469 1893 omnes
2497 1837 2734 1905 regnauit
2763 1838 2921 1893 annis
2949 1837 3011 1891 13
3039 1842 3088 1892 et
3117 1836 3377 1908 aliquibus
3406 1838 3587 1894 diebus
3608 1864 3625 1906 ,-

1985 1926 2092 1983 hoc
2130 1933 2214 1983 est
2262 1941 2434 1996 usque
2468 1926 2741 1982 Kalendas
2786 1927 3051 1986 Januarii.
3092 1927 3147 1980 in
3177 1940 3323 1982 anno
3362 1925 3488 1980 212.
3520 1928 3631 1983 Sub

1984 2030 2096 2085 quo
2124 2016 2182 2070 hi
2220 2014 2478 2071 consules
2504 2012 2747 2081 fuerunt,
2789 2021 2929 2070 teste
2957 2014 3308 2071 Cassiodoro.

2055 2111 2181 2169 234.
2222 2113 2269 2168 1.
2308 2112 2483 2183 [ccm]
2524 2110 2738 2183 (Hum)
2786 2112 3029 2169 Julianus
3071 2118 3121 2168 et
3168 2114 3437 2184 Crispinus
3476 2116 3534 2170 V.
3569 2116 3629 2171 0.

1985 2200 2294 2257 Alaxander
2356 2203 2587 2256 Xerxem
2646 2215 2829 2272 regem
2890 2204 3174 2257 Persarum
3239 2201 3634 2272 gloriosissime

1985 2291 2137 2346 vicit.
2166 2290 2400 2346 Calistus
2451 2303 2590 2360 papa
2630 2304 2824 2360 passus
2868 2290 3047 2361 pridie
3095 2289 3225 2345 ldus
3252 2290 3508 2347 Octobris
3541 2292 3629 2361 (cf.

1987 2380 2195 2449 Mart.),
2218 2379 2321 2435 sub
2350 2378 2661 2435 Alexandro
2693 2378 3046 2448 imperatore.

2065 2468 2309 2524 Urbanus
2341 2467 2425 2521 15.
2450 2483 2595 2540 papa
2624 2469 2777 2524 annis
2804 2467 2858 2523 9.

2060 2565 2187 2622 235.
2229 2566 2282 2622 2.
2331 2566 2538 2637 [ccxm]
2593 2565 2799 2637 (111123.)
2852 2568 3053 2622 Fuscus
3097 2570 3147 2621 et
3185 2566 3402 2621 Dexter.
3465 2567 3523 2621 V.
3577 2567 3637 2623 0.

1992 2655 2299 2711 Alexander
2335 2655 2645 2725 disciplina
2685 2662 2794 2712 tam
2842 2670 3067 2712 severus
3109 2660 3396 2711 corrector
3422 2653 3545 2723 fuit,
3580 2661 3640 2711 ut

1993 2743 2256 2813 quasdam
2284 2744 2641 2799 tumultantes
2705 2744 2952 2815 legiones
3006 2745 3250 2815 integras
3292 2750 3642 2801 exsauctora-

1995 2832 2155 2887 verit.

2065 2927 2192 2982 236.
2225 2927 2279 2985 3.
2317 2928 2508 3000 [ccxrv]
2559 2928 2869 2985 Alexander
2895 2930 2948 2985 2.
2981 2934 3031 2984 et
3066 2927 3372 2984 Marcellus.
3407 2947 3435 2980 α
3469 2929 3639 2985 Urba-

1998 3032 2102 3073 nus
2131 3031 2290 3088 papa,
2329 3036 2357 3069 »
2389 3024 2444 3073 et
2492 3018 2704 3087 reliqua
2734 3018 2911 3089 (Conc.
2955 3018 2997 3085 1,
3032 3033 3085 3088 p.
3134 3016 3272 3089 113),
3300 3016 3428 3073 data
3456 3018 3643 3075 Nonas

248 3080 432 3150 factus
468 3084 566 3143 est,
586 3079 690 3138 sed
718 3077 847 3133 nihil
866 3076 1198 3133 memorabile
1236 3092 1303 3133 ex
1341 3077 1606 3147 temporis
1644 3077 1902 3133 brevitate

2016 3106 2367 3177 ieptembres,
2397 3106 2708 3163 Alexandro
2732 3107 2849 3164 viro
2879 3106 3184 3163 clarissimo
3214 3076 3463 3163 consule.

252 3169 394 3241 egit.
436 3170 568 3224 Nam
598 3168 888 3239 imperium
933 3169 1096 3223 unius
1127 3167 1257 3223 anni
1297 3173 1353 3223 et
1381 3168 1612 3223 duorum
1644 3167 1911 3222 mensium

253 3257 475 3325 habuit,
525 3263 664 3313 teste
714 3256 945 3312 historia
994 3258 1271 3322 Romana;
1304 3256 1410 3311 hoc
1461 3261 1546 3311 est
1575 3269 1749 3324 usque
1784 3256 1913 3310 Ka—

254 3346 459 3403 lendas
502 3345 726 3416 Aprilis,
782 3346 839 3400 in
892 3358 1036 3401 anno
1090 3344 1209 3399 195.
1261 3350 1388 3413 post
1436 3345 1767 3413 passionem.
1800 3342 1911 3400 Sub

255 3448 374 3506 quo
409 3435 466 3490 bi
495 3434 754 3491 consules
779 3432 1020 3501 fuerunt,
1052 3439 1192 3489 teste
1221 3433 1545 3501 Casiodoro.

328 3524 553 3596 (Hum)
584 3523 893 3579 Antiochia
946 3522 1030 3576 10.
1062 3522 1359 3591 episcopus
1386 3521 1745 3599 constituitur
1781 3520 1914 3575 Phi-

256 3613 430 3670 letus.
497 3612 852 3669 Circensibus
932 3611 1376 3668 Vulcanaliorum
1458 3611 1632 3665 Bome
1705 3608 1917 3678 amphi-

256 3708 502 3759 teatrum
562 3703 865 3759 incensum.
934 3701 1183 3771 Abgarus
1246 3699 1330 3755 vir
1392 3703 1616 3753 sanctus
1670 3696 1918 3768 regnavit

258 3792 494 3860 Edessa,
534 3797 595 3848 ut
622 3791 739 3848 vult
765 3789 1096 3846 Aﬁricanus.
1126 3787 1411 3845 Zeferinus
1440 3801 1579 3857 papa
1608 3786 1768 3843 obiit.

332 3881 475 3954 (Lib.
528 3880 699 3953 pont.)
766 3878 1006 3937 Calixtus
1060 3894 1206 3950 papa
1260 3876 1341 3933 14.
1381 3881 1502 3948 post
1557 3878 1767 3932 Petrum
1813 3889 1916 3929 an-

258 3972 340 4027 nis
374 3972 433 4025 5.
468 3972 567 4026 Hic
596 3970 885 4027 constituit
941 3974 1179 4039 quatuor
1228 3972 1537 4037 temporum
1562 3965 1831 4035 jejunium
1859 3964 1917 4019 in

260 4074 416 4117 anno
444 4060 585 4129 ﬁeri,
619 4065 850 4131 propter
878 4057 1335 4114 habundantiam
1365 4055 1499 4124 vini,
1558 4053 1820 4111 frumenti
1864 4058 1920 4108 et

263 4149 402 4215 olei,
430 4150 587 4219 juxta
616 4147 965 4219 prothetiam.

331 4238 470 4295 2‘29.
508 4238 557 4294 1.
603 4236 780 4309 [ccvn]
819 4236 1004 4308 (Cass.
1034 4265 1106 4276 —
1149 4233 1348 4303 Onos.)
1398 4232 1690 4289 Antoninus
1737 4236 1786 4286 et
1815 4231 1921 4287 Sa-

266 4330 478 4385 cerdos.
528 4329 628 4383 His
677 4326 998 4383 consulibus
1044 4324 1317 4380 Macrinus
1353 4335 1476 4377 eum
1506 4320 1621 4376 ﬁlio
1651 4321 1797 4390 apud
1822 4322 1922 4374 Ar-

2064 3202 2191 3259 237.
2249 3201 2306 3256 4.
2367 3203 2537 3273 [ccxv]
2626 3203 2838 3273 (Hilam)
2888 3204 3162 3259 Annianus
3235 3209 3284 3259 et
3347 3204 3639 3261 Maximus.

1994 3292 2260 3363 Ulpianus
2282 3292 2713 3363 jurisconsultus
2758 3293 3017 3349 adsessor
3060 3292 3357 3349 Alexandri
3385 3292 3644 3364 insignis-

1994 3383 2164 3437 simus
2201 3381 2453 3437 habetur.

2066 3479 2192 3535 238.
2234 3479 2289 3534 5.
2328 3478 2519 3549 [ccxvi]
2578 3477 2781 3549 (Ηιειι.)
2820 3476 3040 3532 Albinus
3068 3481 3117 3532 et
3147 3478 3441 3533 Maximus.
3484 3479 3543 3533 ν.
3580 3479 3640 3535 0.

1995 3568 2243 3622 Therma
2272 3566 2655 3621 Alexandrina
2685 3566 2873 3620 Roma
2900 3563 3205 3620 adiﬁcata.

2068 3663 2194 3719 239.
2235 3663 2290 3717 6.
2328 3662 2541 3734 [ccxvn]
2576 3664 2776 3727 (Hii-1H.)
2808 3660 3081 3718 Modestus
3130 3666 3179 3716 ct
3226 3659 3427 3716 Probus
3482 3664 3541 3717 V.
3582 3664 3643 3719 0.

1996 3753 2256 3810 Geminus
2293 3752 2571 3823 prespiter
2598 3751 2976 3807 Antiochenus
2996 3757 3051 3806 et
3079 3748 3353 3820 Hipolitus
3392 3757 3448 3806 et
3476 3751 3648 3807 Beril-

2000 3842 2087 3898 lus
2135 3841 2433 3911 episcopus
2494 3840 2709 3897 Arabia
2775 3841 3077 3897 Postrenus
3142 3838 3275 3895 clari
3341 3841 3646 3911 scriptores

2000 3932 2294 3988 habentur.

2070 4030 2197 4085 240.
2235 4030 2291 4086 7.
2337 4030 2573 4101 [ccxvm]
2606 4030 2806 4100 (Hum)
2834 4028 3144 4085 Alexander
3168 4026 3224 4081 3.
3249 4033 3297 4084 et
3328 4028 3464 4084 Dion
3499 4030 3556 4084 V.
3583 4031 3644 4087 0.

1998 4119 2305 4176 Antiochia
2352 4118 2434 4175 ll.
2467 4118 2822 4174 constituitur
2851 4118 3146 4187 episcopus
3182 4117 3512 4173 Zebennius.

2071 4208 2198 4261 241.
2240 4206 2293 4263 8.
2340 4206 2530 4277 [ccxrx]
2585 4204 2786 4277 (Hum)
2842 4207 3037 4262 Gratus
3086 4210 3136 4260 et
3177 4204 3430 4261 Seleucus
3496 4207 3554 4260 V.
3586 4207 3647 4262 0.

2001 4295 2346 4353 Alexandria
2394 4295 2662 4352 acclesia
2714 4293 2799 4348 12.
2832 4295 3129 4363 episcopus
3158 4293 3449 4348 ordinatur
3485 4294 3652 4348 Hera-

267 4384 567 4475 cbilaidem
624 4415 860 4470 militare
915 4412 1150 4468 tumultu
1190 4410 1483 4477 occiditur,
1525 4384 1704 4479 quasi
1735 4387 2118 4464 menseDClas
2154 4386 2313 4440 annis
2349 4384 2433 4438 16-

270 4507 576 4565 Februario
601 4526 615 4574 ;
644 4506 731 4561 cui
764 4505 975 4559 Marcus
1005 4500 1291 4557 successit.

342 4601 697 4655 Romanorum
742 4593 831 4647 24.
888 4595 1105 4649 Marcus
1160 4587 1404 4646 Aurelius
1458 4588 1717 4643 Antonius
1754 4588 1922 4643 0ara-

272 4686 421 4743 cella
463 4684 601 4755 ﬁlius
645 4685 882 4753 regnauit
923 4682 1076 4737 annis
1104 4680 1160 4747 4,
1194 4676 1454 4734 mensibus
1482 4690 1681 4747 quoque
1709 4675 1743 4729 8
1762 4676 1923 4745 juxta

274 4775 549 4831 historiam
577 4775 903 4836 Romanam;
935 4770 1034 4825 hoc
1088 4773 1164 4823 est
1218 4781 1381 4838 usque
1432 4763 1560 4821 Kal.
1603 4762 1922 4829 Decembris,

274 4866 330 4920 in
376 4878 512 4919 anno
566 4861 685 4917 199.
738 4865 859 4931 post
901 4859 1219 4930 passionem.
1280 4854 1392 4913 Sub
1434 4869 1534 4925 quo
1582 4852 1637 4908 hi
1690 4850 1927 4908 consules

274 4953 505 5022 fuerunt,
540 4955 668 5006 teste
696 4948 1035 5005 Cassiodoro.

350 5039 538 5096 230.1
577 5036 776 5109 [ccvm]
832 5034 1046 5108 (11133.)
1096 5033 1389 5089 Antoninus
1436 5030 1490 5086 3.
1540 5034 1589 5086 et
1641 5031 1920 5086 Comazon.

280 5130 349 5185 H.
381 5127 654 5195 Aurelius,
703 5126 964 5182 sacerdos
993 5121 1291 5194 Eliogabali
1326 5119 1535 5190 templi,
1576 5119 1715 5175 adeo
1747 5119 1923 5189 impu-

280 5219 403 5275 dice
460 5220 517 5274 in
572 5216 805 5287 imperio
835 5228 937 5273 suo
973 5212 1130 5280 vixit,
1184 5218 1245 5268 ut
1283 5210 1492 5267 nullum
1530 5223 1704 5281 genus
1733 5208 1927 5265 obsce-

282 5308 471 5366 nitatis
501 5306 798 5365 omisserit.

2072 4482 2198 4539 242.
2230 4482 2284 4538 9.
2322 4480 2489 4553 [ccxx]
2517 4479 2718 4551 (ΒΕοΑ.)
2739 4479 3086 4549 Pompeianus
3115 4482 3164 4531 et
3184 4476 3504 4532 Felicianus.
3531 4474 3653 4531 Ala-

2003 4571 2212 4629 xander
2241 4571 2297 4625 in
2327 4576 2555 4625 matrem
2584 4570 2789 4624 Mamea
2832 4565 2891 4597 ¹⁸¹
2922 4566 3050 4636 quia
3092 4565 3214 4634 pius
3242 4563 3365 4630 fuit,
3398 4568 3453 4619 et
3482 4563 3554 4619 ob
3593 4563 3649 4618 id

2006 4660 2262 4718 omnibus
2308 4658 2581 4714 amabilis.
2633 4657 2883 4714 Urbanus
2933 4669 3091 4725 papa,
3126 4663 3417 4724 postquam
3448 4652 3652 4708 multos

2006 4750 2274 4807 nobilium
2312 4748 2381 4804 ad
2421 4748 2584 4804 ﬁdem
2627 4747 2829 4803 Christi
2880 4744 3157 4815 perduxit,
3201 4758 3395 4814 passus
3432 4747 3517 4799 est
3548 4741 3651 4797 sub

2006 4838 2336 4903 Alexandro,
2365 4838 2419 4893 8.
2454 4837 2571 4892 Kal.
2604 4836 2751 4892 Junii
2784 4837 2905 4907 (An.
2946 4834 3156 4899 Mart.),
3200 4840 3254 4889 et
3278 4832 3530 4903 sepultus
3568 4837 3653 4887 est

2008 4930 2065 4985 in
2094 4928 2367 4985 cimiterio
2398 4924 2717 4982 Pretextati.

2077 5018 2364 5074 Pontianus
2400 5016 2482 5071 ld.
2511 5029 2655 5086 papa
2685 5013 2836 5068 annis
2864 5010 2920 5067 5.

2078 5115 2205 5169 243.
2251 5113 2335 5168 10.
2381 5112 2570 5185 [ccxxx]
2631 5110 2833 5181 (HIER.)
2880 5112 3057 5181 Lupus
3103 5108 3450 5166 etMaximus
3500 5109 3557 5162 V.
3588 5109 3650 5165 0.

2006 5204 2259 5275 Origines
2315 5203 2385 5259 de
2458 5198 2787 5258 Alexandria
2858 5198 2927 5254 ad
3001 5198 3289 5254 Cesaream
3360 5197 3653 5254 Palestina
3738 5278 3751 5287 Α

2007 5293 2226 5352 transit.

1630 5449 1855 5506 VARIE
1902 5444 2290 5504 LECTIONES.

355 5557 414 5591 ’⁸⁸
432 5563 553 5633 post
581 5556 710 5614 add.
730 5557 785 5613 in
812 5568 983 5624 marg.
1018 5550 1190 5623 prima
1219 5561 1404 5606 manu.
1483 5546 1541 5579 1“
1575 5549 1721 5604 maia
1756 5546 1804 5601 1.
