4000 6158
415 306 523 368 675

1831 299 2111 358 ΜᾹΚΙΑΝῙ
2147 299 2384 360 SCUI’T-i

3687 307 3786 364 676

489 436 617 492 244.
675 434 756 491 ll.
812 433 1026 506 [ccxxn]
1101 433 1302 505 (Beas)
1359 430 1629 490 Maximus
1683 433 1732 485 ct
1787 428 2489 498 Paternus.Aconsulibus,
2521 425 2824 486 Casiodom
2872 435 3031 498 teste,
3065 428 3394 487 Maximinus
3430 433 3731 507 Aquilegia:
3756 451 3782 491 a

418 527 671 598 Origenis
709 524 1055 582 Alexandria:
1085 523 1222 578 etin
1264 524 1383 578 toto
1421 519 1542 576 orbi
1574 519 1773 574 clarus.

491 614 618 671 245.
666 614 750 669 12.
797 611 1029 685 [ccxxul]
1093 609 1292 681 (BEDA.)
1353 609 1623 666 Maximus
1680 613 1728 663 et
1799 606 2060 662 Urbanus.

421 706 647 771 Mamea,
698 709 872 759 mater
915 699 1230 766 Alexandri,
1271 712 1394 754 cum
1450 697 1740 768 Origenem
1777 695 1942 753 vellet
1971 710 2066 750 au-

422 795 564 862 dire,
595 791 937 849 Antiochiam
1003 788 1260 854 accitum,
1317 801 1530 843 summo
1587 787 1800 842 honore
1851 785 2062 841 habuit.

423 882 601 955 (Ριεα.)
640 883 826 938 Romae
886 879 1030 948 passi
1085 877 1321 934 Calistus
1369 882 1423 932 et
1452 866 1704 932 Urbanus
1734 889 1893 946 papa,
1924 873 2066 930 Cici-

422 971 497 1026 lia
533 971 708 1041 virgo,
765 966 1073 1033 Tiburcius,
1105 965 1456 1031 Valerianus,
1486 963 1817 1034 Galepodius
1855 961 2067 1034 presbi-

423 1065 527 1127 ter,
599 1057 884 1115 Austerius
956 1056 1249 1126 presbiter,
1319 1053 1615 1110 Palmatius
1688 1052 1881 1109 consul
1941 1066 2064 1108 cum

423 1162 591 1205 uxore
631 1154 685 1204 et
714 1146 859 1214 ﬁliis,
892 1145 1207 1216 Simplicius
1234 1148 1477 1200 senator.

700 1235 844 1307 [00d.
876 1237 932 1290 in
955 1249 1148 1303 marg.,
1181 1233 1366 1289 Ciclus
1396 1232 1532 1290 solis
1559 1230 1795 1302 incipit]

489 1323 615 1381 246.
681 1325 764 1379 13.
811 1323 1040 1395 [ccxxrv]
1106 1321 1304 1394 (Cass)
1344 1323 1572 1378 Severus
1626 1326 1675 1377 et
1732 1319 2063 1387 Quintianus.

421 1417 515 1472 His
546 1415 867 1472 consulibus
913 1413 1220 1470 Alexander
1248 1413 1305 1466 in
1335 1412 1524 1477 Gallia,
1565 1410 1620 1466 id
1655 1415 1738 1465 est
1767 1409 2064 1480 Mogontia,

419 1505 654 1561 tumultu
729 1503 949 1560 militari
1026 1501 1373 1558 interficitur.
1454 1499 1769 1572 [Decretalis
1833 1498 2066 1568 epistola

418 1595 673 1650 Pontiani
730 1607 887 1664 papae
935 1593 1114 1655 (Cone.
1164 1593 1208 1659 Ι,
1241 1607 1296 1661 p.
1335 1589 1435 1643 115
1472 1599 1618 1661 sqq.)
1655 1589 1782 1646 data
1825 1587 1910 1642 10.
1945 1588 2062 1643 Kal.

420 1683 722 1750 Februarii,
754 1683 956 1738 Severo
995 1687 1050 1737 et
1077 1680 1370 1748 Quintiano
1393 1680 1498 1735 V'V.
1532 1680 1634 1734 CC.
1778 1700 1792 1746 ;
1825 1682 1881 1733 et
1909 1676 2064 1743 alia*,

417 1773 546 1829 data
573 1773 630 1828 in
661 1772 778 1828 Kal.
813 1773 936 1828 Maii
966 1771 1180 1827 hisdem
1209 1769 1572 1839 consulibus.]

492 1861 589 1933 (H.
630 1860 724 1932 Β.)
758 1863 1108 1918 Romanorum
1143 1859 1234 1914 26.
1283 1858 1610 1916 Maximinus
1635 1858 1876 1928 regnauit
1912 1856 2065 1910 annis

416 1949 473 2018 3,
513 1965 686 2006 mense
729 1966 832 2006 uno
880 1955 928 2005 et
969 1950 1156 2021 paucis
1203 1948 1403 2014 diebus,
1454 1947 1560 2002 hoc
1591 1955 1674 2002 est
1719 1959 1893 2016 usque
1942 1945 2062 2001 Kal.

419 2039 722 2106 Februarii,
754 2039 810 2094 in
841 2051 986 2094 anno
1033 2037 1158 2091 216.
1198 2043 1322 2107 post
1351 2035 1682 2106 passionem.
1715 2035 1826 2090 Sub
1865 2047 1975 2105 quo
2006 2033 2063 2088 hi

418 2129 676 2185 consules
704 2127 946 2193 fuerunt,
989 2133 1128 2183 teste
1158 2125 1508 2182 Cassiodoro.

487 2215 612 2272 247.
680 2217 731 2274 l.
793 2217 1000 2287 [ccxxv]
1045 2215 1242 2286 (Hum)
1309 2214 1582 2271 Maximus
1638 2216 1687 2267 el
1740 2210 2060 2282 Alfrioanus.

415 2306 757 2372 Maximinus,
789 2307 999 2376 primus
1027 2319 1094 2361 ex
1133 2317 1367 2374 corpore
1397 2302 1642 2368 militari,
1681 2301 1802 2357 sine
1839 2304 2064 2357 senatus

413 2395 762 2462 auctoritate,
796 2396 864 2451 ab
904 2395 1149 2451 exercitu
1203 2394 1504 2464 imperator
1549 2391 1759 2447 electus
1803 2395 1905 2445 est.
1941 2388 2058 2459 (An.

413 2483 600 2554 Mart.)
625 2485 927 2541 Pontianus
959 2498 1098 2554 papa
1120 2497 1243 2538 cum
1275 2481 1474 2553 lpolito
1505 2485 1828 2551 prespetero
1856 2478 1914 2533 in
1940 2480 2064 2534 Sar-

414 2573 621 2628 diniam
678 2573 912 2629 insulam
960 2587 992 2629 a
1030 2572 1320 2628 Maximino
1369 2571 1692 2640 deportatus
1737 2573 1841 2634 est,
1873 2568 2061 2637 ibique

411 2659 650 2717 fustibus
684 2661 767 2717 12.
809 2661 928 2717 Kal.
965 2661 1294 2717 Decembres
1326 2665 1632 2723 mactatus;
1675 2659 1832 2727 cujus
1860 2671 2063 2727 corpus

412 2751 608 2807 beatus
636 2751 904 2808 Favianus
941 2765 1083 2823 papa
1112 2750 1330 2807 reduxit
1367 2755 1424 2806 et
1473 2750 1531 2806 in
1562 2747 1835 2806 cimiterio
1873 2747 2062 2804 Calisti

409 2841 684 2910 sepelivit.

478 2931 741 2987 Antherus
783 2929 865 2988 l7.
895 2946 1044 3002 papa
1094 2945 1268 2986 mense
1318 2944 1442 2985 uno.
1487 2927 1789 2984 Decretalis
1826 2925 2061 2996 epistola

407 3019 637 3075 Antheri
669 3021 856 3089 papae"
889 3041 901 3075 :
940 3040 966 3068 α
1001 3019 1316 3075 Karissimis
1344 3024 1510 3088 atque
1549 3015 1925 3073 dilectissimis
1958 3013 2062 3070 fra-

2143 519 2389 588 Pupieno
2419 518 2730 586 occiditur;
2764 519 2853 574 cui
2882 519 3152 575 successit
3179 520 3507 577 Gordianus.

2216 609 2566 664 Romanorum
2612 607 2702 663 27.
2743 609 2980 678 regnauit
3028 608 3328 664 Gordianus
3375 610 3529 666 annis
3575 611 3647 677 6;
3695 612 3784 668 hoc

2145 700 2222 750 est
2248 711 2409 766 usque
2437 695 2565 752 Kal.
2594 696 2893 764 Februarii,
2925 697 2983 776 in.
3007 712 3145 752 anno
3174 697 3301 752 222.
3328 704 3447 771 post
3470 701 3778 771 passionem.

2144 785 2256 842 Sub
2285 802 2382 858 quo
2412 787 2463 842 hi
2493 787 2728 843 consules
2753 789 2982 858 fuerunt,
3014 793 3141 843 teste
3169 789 3503 846 Cassiodoro.

2216 876 2342 932 251.
2380 877 2428 933 l.
2465 878 2691 949 [ccxxrx]
2730 877 2943 949 (Hum)
2989 879 3290 934 Gordianus
3321 885 3370 934 et
3406 879 3597 936 Aviola
3637 884 3694 935 ν.
3725 884 3782 940 0.

2145 968 2420 1024 Gordiano
2451 969 2676 1023 Romam
2715 968 2987 1038 ingresso,
3022 969 3300 1038 Pupienus
3331 975 3386 1025 et
3414 970 3662 1039 Albinus,
3695 973 3784 1043 qui

2146 1056 2434 1126 imperium
2460 1059 2828 1127 arripuerunt,
2863 1059 2919 1113 in
2952 1057 3154 1128 palatio
3186 1059 3407 1115 occissi.

2218 1144 2344 1198 252.
2375 1146 2429 1200 2.
2470 1146 2672 1217 [ccxxx]
2721 1145 2942 1218 (BEDA.)
2984 1147 3216 1205 Sabinus
3253 1153 3302 1204 et
3342 1151 3592 1204 Venustus
3629 1151 3686 1204 V.
3724 1152 3780 1207 0.

2145 1235 2408 1305 Origenes
2438 1244 2630 1292 contra
2671 1237 2944 1306 quendam
2989 1236 3208 1294 Celsum
3258 1238 3553 1308 Epicurum
3605 1239 3787 1309 philo-

2147 1324 2402 1393 sophum,
2444 1325 2538 1395 qui
2582 1332 2775 1381 contra
2823 1339 2927 1382 nos
2975 1326 3149 1382 libros
3195 1328 3623 1399 conscripserat,
3664 1335 3785 1385 octo

2145 1411 2515 1469 voluminibus
2556 1415 2866 1484 respondit.

2218 1500 2344 1556 253.
2376 1501 2430 1558 3.
2467 1502 2694 1573 [CCXXXI]
2739 1503 2914 1573 (1510.)
2946 1504 3246 1560 Gordianus
3282 1504 3336 1561 2.
3368 1509 3420 1560 et
3445 1507 3788 1577 Pompeianus

2151 1590 2456 1661 [Flavianus
2486 1606 2645 1662 papa,
2677 1594 2995 1650 testimonio
3024 1594 3262 1663 Spiritus
3289 1595 3487 1664 sancti,
3518 1596 3575 1650 in
3607 1597 3786 1666 specie

2148 1679 2417 1736 columbae
2459 1694 2629 1750 super
2664 1686 2830 1751 caput
2867 1684 2987 1751 ejus
3023 1681 3432 1750 descendentis,
3474 1684 3665 1740 Romae
3694 1699 3785 1741 ve-

2083 1760 2328 1835 Bniens,
2362 1769 2652 1825 ordinatur
2690 1771 3025 1841 episcopus;
3065 1771 3195 1830 licet
3222 1771 3443 1842 quidam
3475 1770 3582 1828 hoc
3610 1775 3788 1830 verius

2146 1857 2216 1914 de
2243 1858 2506 1915 Severino
2536 1859 2864 1930 adﬁrment]

2216 1947 2342 2002 254.
2390 1947 2446 2002 4.
2501 1948 2750 2020 [ccxxxn]
2813 1951 3023 2015 (ΒιωΑ.)
3075 1952 3280 2006 Atticus
3333 1956 3386 2008 et
3434 1954 3785 2009 Praemium.

2144 2036 2409 2106 Origenes
2456 2042 2564 2092 tam
2611 2038 2891 2093 scribendi
2939 2038 3166 2094 sedulus
3211 2038 3332 2106 iuit,
3376 2046 3438 2095 ut
3474 2041 3784 2098 Hironimus

2145 2122 2282 2178 dicit
2327 2125 2384 2178 in
2423 2125 2661 2193 quodam
2708 2125 2854 2194 loco,
2885 2124 3029 2181 5000
3057 2127 3325 2184 librorum
3355 2130 3475 2198 ejus
3502 2143 3566 2184 se
3594 2129 3785 2200 legisse

2145 2213 2487 2269 memineret.

2214 2303 2340 2358 255.
2399 2304 2453 2359 5.
2520 2303 2790 2374 [CCXXXIII]
2855 2304 3052 2373 (Hum)
3115 2307 3379 2362 Arrianus
3442 2313 3494 2363 et
3557 2310 3779 2380 Puppis.

2143 2391 2450 2448 Gordianus
2488 2392 2782 2448 admodum
2820 2392 3169 2463 adolescens,
3201 2395 3526 2451 Parthorum
3567 2397 3780 2452 natione

2145 2486 2420 2550 superata,
2455 2494 2578 2536 cum
2606 2481 2785 2537 victor
2812 2488 3182 2539 reverteretur
3211 2483 3278 2539 ad
3312 2483 3564 2553 patriam,
3599 2483 3778 2540 fraude

2146 2567 2345 2638 Philipi
2393 2568 2639 2639 praefecti
2688 2570 2934 2640 praetorii
2971 2571 3102 2628 haut
3132 2570 3296 2643 longe
3325 2585 3356 2627 a
3393 2573 3643 2630 Romano
3671 2575 3780 2631 solo

2144 2656 2467 2714 interfectus
2495 2663 2598 2714 est.

2215 2745 2340 2801 256.
2372 2749 2427 2802 6.
2464 2747 2729 2819 [ccxxxrv]
2763 2748 3076 2819 Peregrinus
3103 2753 3154 2805 et
3181 2749 3496 2807 Emilianus.
3531 2752 3632 2807 His
3657 2764 3784 2808 con-

2143 2835 2376 2904 sulibus,
2410 2841 2550 2892 teste
2588 2837 2939 2904 Cassiodoro,
2969 2839 3246 2895 Gordiano
3285 2839 3488 2894 milites
3523 2840 3780 2896 tumulum

2144 2924 2438 2992 aediﬁcant,
2489 2927 2584 2994 qui
2632 2925 2841 2982 Eufrati
2887 2927 3051 2984 ﬂuvio
3100 2927 3366 2994 imminet,
3409 2929 3630 2984 ossibus
3672 2931 3783 2999 ejus

2143 3015 2369 3070 Romam
2409 3015 2662 3070 revectis.

408 3106 586 3161 tribus
614 3087 890 3163 Antherus
940 3121 1100 3177 papa,
1144 3125 1172 3159 »
1233 3113 1287 3162 et
1352 3087 1566 3175 reliqua
1611 3103 1780 3175 (ibid.,
1815 3119 1870 3174 p.
1902 3101 2017 3172 119)
2043 3087 2121 3172 ;C
2210 3107 2560 3162 Romanorum
2579 3103 2669 3160 28.
2693 3103 2961 3177 Philippus
2979 3121 3096 3162 cum
3113 3106 3351 3179 Philippo
3379 3107 3489 3179 ﬁlio
3508 3108 3781 3164 secundum

407 3190 535 3251 data
568 3193 652 3248 13.
713 3195 986 3251 Kalendas
1040 3194 1247 3264 Aprilis
1293 3195 1383 3264 (cf.
1443 3192 1630 3263 Mart.)
1681 3193 1972 3248 Maximino
2003 3198 2058 3248 et

401 3281 661 3340 Africano
720 3283 1063 3339 consulibus.
1131 3283 1216 3354 [Et
1271 3281 1377 3337 alia
1444 3280 1680 3353 epistola
1739 3281 1880 3353 (124)
1931 3281 2056 3336 data

403 3372 522 3428 Kal.
558 3373 688 3428 Julii
736 3372 950 3428 hisdem
1005 3371 1365 3441 consulibus.]
1407 3370 1540 3442 (Lib.
1570 3370 1743 3442 Poni.)
1780 3370 2056 3427 Antherus

403 3477 542 3534 papa
608 3477 802 3534 passus
854 3461 909 3518 3.
969 3463 1246 3518 Nonarum
1293 3460 1559 3530 Januarii,
1601 3461 1750 3517 etin
1781 3461 2052 3516 cimiterio

397 3551 609 3620 Calisti,
642 3553 730 3608 via
765 3551 940 3622 Appia
969 3551 1240 3622 sepultus.

469 3641 738 3698 Fabianus
791 3656 939 3713 papa
990 3639 1075 3698 18.
1127 3646 1248 3712 post
1288 3642 1499 3697 Petrum
1547 3639 1698 3695 annis
1733 3638 1818 3692 16.
1854 3641 2050 3695 Decre-

396 3732 524 3788 talis
553 3731 789 3802 epistola
845 3731 1071 3787 Fabiani
1133 3745 1288 3801 papae
1321 3751 1333 3786 :
1371 3748 1400 3782 (ι
1431 3729 1813 3786 Dilectissimis
1842 3729 2049 3799 ubique

395 3821 647 3878 catolicae
697 3819 966 3876 aecclesiae
996 3819 1389 3876 comministris
1433 3819 1706 3874 Fabianus
1735 3831 1874 3888 papa
1903 3817 2050 3874 salu-

395 3917 505 3965 tem
535 3910 592 3964 in
622 3911 875 3974 Domino,
911 3927 939 3960 »
973 3916 1029 3964 et
1058 3896 1272 3977 reliqua
1301 3906 1468 3976 (ibid.,
1511 3922 1566 3976 p.
1607 3907 1741 3978 123).
1772 3908 1841 3963 Et
1880 3912 2042 3978 post:

397 4016 426 4049 ‹‹
449 3997 694 4068 Denique
712 4002 923 4066 septem
945 3996 1199 4051 similiter
1219 3996 1485 4052 diaconos
1523 3995 1915 4063 ordinavimus,
1950 3997 2044 4066 qui

391 4092 603 4154 septem
643 4085 992 4140 imminerent
1022 4084 1233 4140 notaris
1262 4089 1318 4139 et
1373 4091 1526 4155 gesta
1556 4085 1838 4140 martlrum
1881 4099 2046 4140 vera-

391 4174 532 4231 citer
570 4173 625 4229 in
676 4171 879 4243 intigro
931 4173 1259 4242 colligerent
1297 4173 1567 4243 nobisque
1599 4173 1845 4229 rimanda
1875 4174 2044 4229 mani-

389 4255 675 4320 festarent.
709 4261 865 4330 Quod
906 4262 1070 4317 etiam
1091 4275 1283 4318 omnes
1302 4275 1399 4317 vos
1428 4270 1592 4332 agere
1623 4274 1931 4325 monemus,
1972 4276 2041 4317 ne

388 4354 446 4410 in
477 4359 756 4424 posterum
797 4352 980 4422 aliqua
1019 4366 1085 4407 ex
1132 4351 1219 4406 his
1266 4351 1537 4406 dubitatio
1567 4350 1661 4406 ﬁat
1690 4350 2036 4420 quaestioque

387 4443 616 4522 oriatur,
649 4458 680 4498 »
713 4449 767 4498 et
813 4442 1058 4513 reliqua;
1094 4440 1220 4497 data
1261 4439 1534 4496 Kalendas
1561 4437 1714 4505 Julii,
1743 4439 2034 4495 Maximino

387 4537 443 4590 et
463 4530 736 4589 Atfricano
766 4533 827 4588 V.
867 4533 927 4588 C.
960 4532 1011 4586 I.

695 4621 842 4693 [00d.
873 4621 928 4676 in
968 4634 1138 4689 marg.
1170 4620 1333 4675 Sexta
1373 4617 1727 4688 persecutio.]

455 4707 581 4766 248.
632 4709 687 4766 2.
734 4709 964 4782 [ccxxvt]
1001 4707 1210 4780 (Hum)
1241 4707 1526 4780 Perpetuus
1563 4709 1624 4762 V.
1656 4709 1715 4764 0.
1747 4705 1815 4762 cl.
1857 4721 2028 4763 conss.

381 4799 705 4856 Maximinus
758 4799 814 4854 6.
874 4797 1318 4870 persecutionem
1374 4795 1504 4852 facit
1552 4796 1815 4852 adversus
1850 4807 2032 4851 sacer-

383 4888 544 4944 dotes
576 4887 936 4944 aaclesiarum.

452 4976 578 5032 249.
620 4977 673 5031 3.
731 4975 980 5048 [ccxxvu]
1047 4974 1269 5047 (BEDA.)
1324 4971 1596 5032 Cornelius
1651 4976 1710 5029 V.
1755 4976 1812 5031 0.
1852 4974 2031 5045 [Maxi-

381 5067 562 5123 minus
612 5067 962 5138 persequitur
1019 5065 1330 5132 ecclesiam,
1381 5069 1609 5135 propter
1663 5063 2028 5120 Christianam

376 5153 636 5211 familiam
688 5154 1002 5222 Alexandri,
1059 5155 1148 5210 cui
1177 5154 1465 5219 successit,
1499 5161 1554 5209 et
1582 5155 1803 5209 Mameze
1837 5155 2030 5210 matris

378 5247 518 5315 ejus,
557 5245 646 5301 vel
688 5246 949 5315 precipue
1000 5249 1229 5314 propter
1273 5242 1566 5313 Origenem
1615 5240 2020 5314 presbiteru-m.]

489 5334 634 5404 [00d.
666 5335 724 5389 in
751 5347 919 5403 marg.
952 5331 1138 5389 Ciclus
1176 5330 1372 5387 decen.
1421 5330 1505 5386 13.
1538 5331 1649 5387 inc.
1687 5330 1805 5386 ind.
1835 5329 1912 5401 7.]

445 5421 572 5479 250.
620 5422 675 5479 4.
730 5421 1001 5494 [ccxxvm]
1054 5420 1256 5494 (Cass)
1312 5421 1439 5478 Pius
1501 5425 1550 5477 et
1605 5418 1877 5478 Proculus.
1923 5420 2023 5477 His

2140 3209 2315 3250 omnes
2360 3196 2597 3264 regnauit
2639 3194 2791 3250 annis
2817 3193 2889 3263 8;
2939 3195 3037 3251 hoc
3064 3201 3140 3252 est
3175 3211 3337 3268 usque
3373 3197 3650 3253 Kalendas
3678 3199 3778 3254 Fe-

2137 3282 2360 3351 bruarii,
2391 3285 2449 3338 in
2477 3298 2614 3338 anno
2653 3281 2779 3338 230.
2807 3288 2928 3355 post
2957 3286 3278 3356 passionem.
3311 3284 3423 3342 Sub
3452 3301 3553 3358 quo
3582 3285 3638 3342 hi
3665 3301 3779 3342 oon-

2135 3370 2275 3427 sules
2307 3372 2540 3442 fuerunt,
2573 3377 2701 3428 teste
2730 3374 3070 3431 Cassiodoro.

2204 3460 2330 3516 257.
2368 3460 2416 3516 1.
2455 3460 2696 3531 [ccxxxv]
2735 3459 2946 3532 (Ηιειι.)
2982 3461 3250 3534 Philippus
3277 3469 3327 3519 et
3360 3464 3597 3519 Titianus
3630 3466 3688 3519 ν.
3721 3465 3773 3521 0.

2133 3549 2421 3620 Philippus
2458 3550 2733 3620 Philipum
2771 3549 2940 3606 ﬁlium
2979 3565 3137 3606 suum
3168 3558 3483 3608 consortem
3517 3554 3676 3623 regni
3705 3551 3777 3607 fa-

2133 3639 2228 3707 cit,
2267 3641 2589 3710 primusque
2637 3641 2881 3696 omnium
2929 3654 2998 3696 ex
3043 3641 3305 3697 Romanis
3351 3641 3775 3712 imperatoribus

2130 3727 2475 3785 Christianus
2504 3728 2626 3784 fuit.

2200 3816 2326 3872 258.
2358 3817 2411 3871 2.
2451 3817 2714 3888 [ccxxxvr]
2760 3816 2972 3889 (Ηιειι.)
3015 3819 3237 3874 Preseus
3278 3824 3327 3874 et
3363 3818 3588 3874 Albinus
3627 3822 3688 3874 ν.
3716 3822 3773 3876 0.

2128 3907 2613 3976 Regnantibusque
2639 3905 2909 3978 Philippis
2937 3906 3287 3963 millessimus
3312 3921 3489 3964 annus
3516 3909 3776 3965 Romanas

2127 3996 2282 4051 urbis
2310 3995 2583 4065 expletur.

2196 4083 2321 4140 259.
2354 4084 2408 4140 3.
2447 4083 2730 4156 [ccxxxvn]
2773 4084 2974 4155 (Ηιειι.)
3013 4082 3284 4156 Philippus
3310 4083 3366 4140 2.
3396 4090 3445 4141 el
3482 4085 3774 4158 Philippus,

2123 4171 2262 4240 ﬁlius
2299 4173 2430 4242 ejus.
2479 4173 2762 4229 Athlamos
2807 4173 2975 4228 natali
3025 4174 3286 4230 Romamn
3333 4174 3490 4231 urbis
3527 4175 3774 4231 cucurrit

2124 4263 2353 4332 ejusque
2382 4275 2524 4334 agon
2555 4261 2704 4319 mille
2733 4275 3002 4319 annorum
3031 4269 3209 4319 actus.

2193 4350 2319 4408 260.
2375 4350 2432 4406 4.
2495 4350 2799 4422 [ccxxxvm]
2862 4351 3072 4422 (Ηιεκ.)
3133 4351 3405 4424 Philippus
3448 4351 3503 4408 3.
3555 4358 3608 4408 et
3653 4353 3772 4409 Phi-

2055 4423 2292 4512 Dlippus
2319 4440 2373 4497 2.
2424 4441 2711 4511 Philippus
2757 4441 2948 4498 urbem
2996 4423 3346 4513 cognominis
3377 4443 3463 4499 sui
3490 4443 3550 4498 in
3580 4444 3769 4499 Tracia

2115 4531 2443 4587 construxit.

2184 4617 2312 4673 261.
2369 4618 2424 4673 5.
2490 4617 2751 4690 [ccxxxrx]
2809 4618 3129 4675 xEmilianus
3191 4624 3244 4675 et
3304 4619 3604 4692 Aquilinus.
3672 4622 3768 4677 His

2114 4707 2465 4778 consulibus,
2531 4708 2862 4766 Cassiodoro
2927 4714 3103 4776 teste,
3171 4708 3524 4765 millessimus
3589 4723 3767 4766 annus

2113 4799 2300 4854 Roma:
2347 4797 2600 4868 expletus
2645 4803 2775 4867 est;
2819 4797 2890 4854 ob
2933 4811 3095 4868 quam
3143 4797 3547 4854 solemnitatem
3595 4801 3764 4854 innu-

2111 4886 2405 4942 merabiles
2454 4886 2659 4942 bestias
2704 4886 2991 4956 Philippus
3029 4886 3084 4941 in
3116 4887 3265 4942 circo
3304 4900 3502 4958 magno
3533 4887 3762 4952 occidit,

2112 4974 2383 5044 ludosque
2423 4977 2480 5031 in
2511 4989 2704 5046 campo
2753 4977 2946 5031 Martio
2996 4975 3293 5031 theatrales
3339 4976 3520 5031 tribus
3566 4977 3764 5033 diebus

2111 5075 2176 5118 ac
2222 5065 2500 5131 noctibus,
2553 5063 2757 5134 populo
2807 5063 3187 5135 pervigilante,
3238 5063 3562 5121 celebravit.
3613 5066 3760 5133 Qua-

2110 5151 2362 5224 draginta
2409 5154 2573 5210 etiam
2615 5153 2815 5210 missos
2859 5153 3028 5210 natali
3076 5155 3335 5209 Romanae
3373 5153 3530 5210 urbis
3568 5167 3762 5210 cucur-

2107 5248 2300 5298 rerunt
2347 5248 2404 5298 et
2448 5256 2589 5314 agon
2637 5242 2787 5299 mille
2833 5255 3102 5299 annorum
3147 5245 3324 5298 actus.
3366 5243 3500 5298 Haec
3546 5243 3762 5299 Cassio-

2106 5331 2295 5388 dorus.
2336 5334 2466 5388 Cum
2499 5337 2680 5388 autem
2709 5331 3010 5388 secundum
3049 5331 3260 5388 Ebreas
3285 5330 3550 5402 Olimpias
3579 5333 3757 5402 prima

2105 5421 2284 5491 posita
2314 5427 2399 5477 est
2444 5421 2501 5477 in
2540 5435 2685 5479 anno
2724 5422 2901 5493 primo
2930 5420 3186 5490 Joathan,
3218 5425 3274 5478 et
3302 5421 3357 5476 in
3397 5421 3578 5491 primo
3605 5434 3754 5477 anno

450 5605 607 5679 (124)
644 5607 705 5662 In
734 5617 895 5662 conc.
929 5618 1043 5662 non
1071 5604 1293 5677 legitur.
1327 5605 1552 5663 Fabiani
1582 5603 1870 5677 epistolam
1897 5513 2412 5664 inggzrfsidetur.
