4000 6158
235 303 331 358 677

1493 302 1900 360 CIIRONICON.
1941 329 2012 341 —
2048 300 2176 357 LIB.
2217 301 2309 356 III.

3485 313 3593 372 6'78

234 423 538 496 Olimpiadis
583 430 753 482 sexta
809 425 1034 483 condita
1071 423 1175 482 fuit
1212 426 1344 483 urbs
1395 427 1567 484 Roma
1593 471 1606 495 ,
1649 434 1814 498 atque
1840 425 2178 495 ,Aclamans
2216 429 2272 481 et
2301 423 2530 481 dicens:
2567 445 2592 476 α
2621 427 2759 483 Vere
2789 427 3040 485 Christus
3070 437 3154 487 est
3191 435 3286 491 Dei
3327 439 3516 499 Filius.
3561 463 3590 496 »

230 519 360 573 sicut
394 516 746 572 Hieronimus
803 523 857 572 et
895 516 1040 573 Beda
1078 522 1333 584 tractant,
1391 532 1423 573 a
1462 518 1635 587 prima
1692 518 1862 574 Olim-

232 607 378 678 piade
417 620 590 676 usque
630 607 688 661 in
745 607 1057 676 passionem
1112 609 1330 663 Domini
1387 613 1515 662 sunt
1571 608 1700 662 anni
1735 608 1861 673 794,

226 696 412 752 sublati
451 695 523 750 2O
569 697 750 764 annis,
800 696 856 752 id
914 704 996 753 est
1035 699 1194 752 annis
1255 697 1319 750 16
1371 698 1571 753 Jothan
1628 704 1792 766 atque
1829 697 1864 749 4

228 786 410 852 Achaz,
459 785 551 854 qui
601 792 730 841 sunt
777 785 1021 855 quinque
1059 786 1413 855 Olimpiades,
1456 787 1592 841 ﬁunt
1646 800 1678 841 a
1725 799 1863 841 con-

225 874 422 930 ditione
459 875 620 929 Urbis
651 889 824 944 usque
855 875 910 929 in
953 876 1267 944 passionem
1299 875 1515 931 Domini
1555 875 1683 930 anni
1712 874 1818 928 774
1847 895 1862 940 ;

223 977 250 1018 a
279 964 528 1032 passione
557 963 774 1017 Domini
806 978 979 1033 usque
1011 965 1066 1019 in
1108 978 1310 1019 annum
1363 970 1700 1033 postremum
1733 963 1863 1018 Phi-

222 1052 348 1121 liphi
377 1058 507 1107 sunt
546 1052 674 1106 anni
701 1051 840 1117 229;
884 1052 1021 1107 ﬁunt
1050 1052 1210 1108 simul
1264 1068 1296 1108 a
1343 1055 1665 1110 conditione
1704 1054 1865 1110 Urbis

219 1141 280 1197 ad
312 1142 520 1197 obitum
553 1142 790 1211 Philippi
828 1141 961 1195 1003
1000 1143 1148 1198 anni.

283 1229 402 1286 262.
438 1231 494 1286 6.
541 1231 708 1302 [CCXL]
767 1231 982 1303 (Hm-zu.)
1032 1234 1224 1287 Decius
1267 1235 1316 1287 et
1369 1234 1585 1288 Gratus.
1624 1233 1864 1288 Alexan-

216 1320 396 1375 dria4
430 1320 731 1390 episcOpus
764 1321 1044 1378 Dionisius
1082 1323 1240 1377 annis
1276 1321 1358 1377 17.
1396 1322 1509 1391 [His
1544 1322 1866 1379 consulibus

220 1408 486 1464 Fabianus
515 1424 653 1479 papa
694 1425 888 1479 passus
933 1411 994 1463 14
1042 1411 1161 1466 Kal.
1204 1411 1508 1478 Februarii,
1560 1412 1863 1468 secundum

217 1503 358 1566 gesta
391 1498 738 1568 pontiﬁcum.
771 1501 1062 1556 Cornelius
1091 1515 1228 1570 papa
1258 1501 1566 1570 successit.]

281 1585 404 1643 263.
449 1588 504 1642 7.
563 1588 750 1658 [CCXLI]
803 1587 1013 1660 (Cass)
1063 1590 1253 1644 Decius
1293 1590 1327 1641 2
1373 1594 1422 1644 et
1468 1589 1728 1644 Rusticus.
1767 1589 1865 1644 His

219 1677 537 1733 consulibus
576 1678 865 1748 Philippus
911 1680 1100 1735 senior
1130 1681 1362 1747 Verone,
1397 1681 1584 1736 Roma
1613 1693 1744 1735 vero
1768 1680 1862 1749 ju-

1943 517 2010 571 Et
2051 516 2191 571 dixit
2245 515 2407 571 beato
2458 515 2752 572 Cornelio:
2815 534 2844 570 «
2906 518 3123 576 Babtiza
3183 536 3290 590 me,
3331 540 3455 585 nam
3494 546 3595 600 per

1946 605 2220 660 Christum
2252 610 2304 659 te
2336 606 2587 674 conjuro.
2622 625 2648 656 ι
2683 607 2748 660 Et
2777 621 3004 664 currens
3041 609 3287 679 implevit
3315 627 3408 670 vas
3451 633 3594 688 aqua

1947 699 2002 748 et
2039 693 2223 748 attulit
2279 693 2352 749 ei.
2393 695 2542 748 Tunc
2581 694 2876 752 misserunt
2940 713 2998 754 se
3039 711 3231 756 omnes
3285 703 3488 761 milites
3524 708 3594 763 ad

1946 781 2116 850 pedes
2155 783 2294 851 ejus,
2353 788 2576 838 orantes
2622 797 2682 838 se
2720 784 3003 855 baptizari.
3044 789 3192 855 Quos
3238 796 3299 846 ut
3354 793 3596 864 baptiza-

1945 871 2041 937 vit,
2076 871 2276 926 obtulit
2317 885 2416 940 pro
2447 871 2528 927 eis
2573 872 2882 930 sacriﬁcum
2931 875 3129 945 laudis,
3171 885 3224 936 et
3281 883 3594 954 participati

1945 967 2074 1014 sunt
2113 974 2305 1016 omnes
2345 974 2579 1029 corpore
2609 966 2664 1016 et
2694 965 2960 1034 sanguine
2999 965 3207 1022 domini
3255 971 3430 1026 nostri
3465 974 3594 1029 Jesu

1945 1049 2168 1104 Christi.
2210 1049 2452 1104 Audiens
2481 1049 2584 1105 hec
2631 1052 2848 1120 Decius,
2899 1055 3122 1111 mittens
3159 1060 3335 1114 tenuit
3381 1074 3592 1128 omnes,

1947 1144 2002 1193 et
2025 1139 2190 1207 jussit
2229 1144 2287 1193 ut
2335 1152 2456 1193 cum
2507 1139 2670 1195 beato
2708 1142 2964 1199 Cornelio
3012 1145 3347 1203 ducerentur
3383 1150 3450 1204 ad
3500 1164 3594 1206 sa-

1945 1228 2324 1294 criﬁcandum,
2357 1235 2430 1294 et,
2464 1229 2510 1283 si
2542 1229 2753 1285 nollent
2800 1245 3014 1300 parere,
3066 1237 3245 1305 capite
3289 1237 3599 1306 plecteren-

1946 1322 2037 1372 tur
2086 1317 2165 1372 ¹⁸³.
2217 1318 2375 1373 Ducti
2414 1331 2544 1374 vero
2582 1317 2730 1375 foras
2777 1335 2965 1378 muros
3014 1331 3190 1392 porta
3241 1328 3456 1398 Appia,
3506 1345 3599 1385 ex-

1947 1413 2180 1476 puentes
2208 1407 2266 1462 in
2315 1406 2600 1477 templum,
2643 1409 2902 1466 decollati
2939 1419 3068 1467 sunt
3106 1428 3214 1469 una
3260 1431 3383 1471 cum
3435 1417 3598 1474 beato

1945 1496 2223 1564 Cornelio,
2257 1510 2485 1554 numero
2516 1499 2707 1569 viginti
2749 1513 2908 1556 unus.
2950 1501 3056 1557 Sed
3097 1509 3152 1558 et
3189 1505 3432 1562 Cerealis
3470 1521 3596 1562 cum

1946 1601 2117 1642 uxore
2155 1601 2252 1642 sua
2309 1586 2562 1642 Sallustia
2606 1587 2691 1641 18.
2742 1589 2862 1644 Kal.
2909 1591 3184 1648 Octobris.
3225 1595 3427 1650 Eadem
3467 1610 3598 1652 vero

1945 1683 2108 1732 nocte
2165 1678 2316 1733 venit
2374 1677 2532 1732 beata
2589 1678 2793 1733 Lucina
2849 1693 2973 1734 cum
3031 1680 3250 1737 clericis
3301 1690 3358 1738 et
3393 1682 3599 1740 familia

217 1765 334 1820 nior
362 1767 658 1822 occiditur.
690 1769 891 1823 Decius
928 1769 1175 1839 regnavit
1212 1783 1339 1824 ann.
1374 1775 1522 1825 octo.
1564 1768 1864 1824 Decretalis
1878 1781 1925 1838 Β
1947 1781 2063 1834 sua,
2101 1772 2155 1822 et
2180 1767 2362 1837 rapuit
2399 1767 2680 1822 martirum
2716 1781 2973 1837 corpora,
3025 1775 3080 1824 et
3126 1771 3379 1839 sepelivit
3428 1786 3492 1827 ea
3542 1774 3598 1828 in

216 1854 446 1923 epistola
477 1856 704 1911 Fabiani
736 1871 930 1927 papa:
977 1880 1001 1908 α
1037 1857 1411 1914 Dilectissimo
1449 1857 1605 1914 fratri
1652 1859 1862 1914 Hilario

215 1943 507 2014 episcopus
537 1946 810 2000 Fabianus
855 1947 1107 2015 salutem,
1158 1968 1184 1997 ιι
1230 1954 1284 2003 et
1324 1947 1538 2016 reliqua
1567 1947 1674 2018 (ep.
1706 1946 1761 2015 3,
1803 1962 1859 2017 p.

219 2029 372 2101 128);
427 2034 555 2088 data
609 2033 691 2088 17.
743 2035 860 2090 Kal.
909 2036 1251 2104 Novembris,
1301 2035 1557 2092 Africano
1604 2042 1659 2091 et
1696 2037 1861 2091 Decio

209 2119 339 2176 viris
369 2137 529 2179 vene.
562 2125 621 2179 C.
656 2125 696 2178 1’.
730 2126 789 2179 In
821 2126 1200 2195 martirologio
1230 2126 1349 2181 sic:
1387 2144 1415 2176 «
1437 2128 1608 2181 Rome
1637 2125 1862 2180 Fabiani

206 2223 345 2279 pape
377 2213 548 2268 natal.
598 2212 660 2266 13
692 2214 810 2269 Kal.
845 2216 1126 2270 Februarii
1166 2214 1290 2284 (An.
1344 2216 1565 2284 Mart.),
1598 2216 1692 2284 qui
1738 2229 1860 2270 cum

212 2297 273 2351 14
330 2302 515 2368 annis,
558 2316 743 2357 mense
799 2301 882 2368 11,
933 2303 1130 2358 diebus
1172 2302 1236 2354 l2
1275 2304 1542 2359 acclesia
1592 2309 1860 2373 preesset,

203 2401 404 2456 passus
437 2396 521 2444 est
550 2391 651 2444 sub
690 2391 856 2445 Decio
893 2391 966 2459 [in
1009 2391 1284 2460 principio
1322 2393 1406 2447 sui
1446 2393 1677 2461 imperii]
1713 2400 1769 2448 et
1807 2394 1862 2448 in

199 2476 488 2532 cimiterio
513 2477 709 2532 Calixti
739 2478 1008 2547 sepultus.
1037 2498 1063 2530 »
1087 2480 1230 2534 Beda
1259 2482 1339 2534 sic
1366 2482 1524 2550 (Chr.)
1555 2502 1566 2536 :
1595 2483 1862 2549 «Decius,

197 2578 331 2618 cum
365 2564 615 2634 Pilippos
644 2572 853 2635 patrem
886 2573 940 2622 et
973 2567 1141 2623 ﬁlium
1174 2568 1562 2635 interfecisset,
1586 2571 1657 2626 ob
1679 2570 1864 2625 odium

195 2665 405 2706 eorum
425 2652 484 2706 in
506 2653 847 2711 Christianos
877 2656 1322 2726 persequtionem
1344 2664 1543 2724 movet,
1568 2659 1622 2713 in
1646 2673 1751 2728 qua
1771 2660 1868 2713 Fa-

198 2740 409 2795 bianus
450 2742 506 2796 in
538 2744 673 2799 urbe
702 2747 874 2800 Roma
905 2746 1153 2802 martirio
1193 2753 1510 2803 coronatur.
1554 2747 1750 2802 Sedem
1780 2749 1864 2802 sui

198 2829 565 2899 episcopatus
595 2833 853 2889 Cornelio
880 2834 1125 2904 reliquit,
1159 2835 1256 2890 sed
1302 2843 1357 2890 et
1404 2836 1522 2905 ipse
1573 2851 1784 2905 passus.
1835 2855 1862 2887 »

273 2918 554 2974 Cornelius
577 2937 722 2993 papa
752 2924 904 2978 annis
928 2924 982 2991 2,
1016 2925 1274 2980 mensibus
1303 2925 1356 2992 8,
1376 2926 1543 2980 minus
1571 2925 1626 2993 5,
1660 2925 1861 2981 diebus.

274 3009 586 3065 Decretalis
641 3013 928 3068 Cornelii:
992 3029 1021 3066 (ι
1081 3015 1387 3070 Carissimis
1441 3022 1605 3085 atque
1645 3016 1864 3071 dilectis

1941 1870 2074 1926 agro
2115 1871 2215 1912 suo
2273 1857 2331 1912 in
2372 1858 2568 1927 cripta,
2612 1859 2668 1912 in
2714 1857 2989 1914 cimiterio
3028 1859 3238 1915 Calisti.
3281 1862 3448 1928 Cujus
3485 1863 3600 1917 Lu-

1942 1945 2083 2000 cina
2111 1946 2402 2002 Cornelius
2443 1945 2523 1998 sic
2581 1953 2973 2000 commemorat
3028 1947 3324 2002 decretalis
3362 1948 3598 2018 epistola

1941 2035 2181 2090 Cornelii
2222 2049 2417 2103 papa:
2465 2052 2493 2086 «
2537 2034 2847 2089 Carissimis
2872 2040 3037 2104 atque
3069 2036 3444 2093 dilectissimis
3480 2037 3599 2094 fra-

1942 2123 2140 2188 tribus,
2192 2129 2399 2179 sancta
2448 2123 2716 2180 acclesia
2757 2123 2902 2190 ﬁliis,
2942 2126 3231 2180 Cornelius
3281 2127 3594 2198 episcopus.

1940 2210 2166 2264 Decrevi
2199 2212 2356 2266 vobis
2393 2212 2638 2267 scribere
2679 2226 2802 2281 qua
2850 2227 2996 2268 nunc
3030 2215 3296 2283 temporis
3344 2229 3595 2273 necessa-

1944 2299 2024 2353 ria
2045 2306 2174 2354 sunt
2203 2301 2408 2367 sciri,»
2442 2307 2496 2356 et
2524 2302 2736 2370 reliqua
2758 2305 2867 2370 (ep.
2907 2301 2954 2368 1,
2992 2301 3076 2371 ll)
3103 2304 3170 2357 Et
3200 2309 3362 2373 post:
3399 2323 3428 2356 «
3459 2308 3600 2372 Qua-

1942 2394 2174 2458 propter
2210 2403 2345 2460 rogo
2377 2404 2472 2446 vos
2503 2391 2664 2446 nobis
2702 2390 3093 2461 congratulari,
3137 2391 3230 2460 qui
3281 2397 3476 2462 rogatu
3506 2407 3600 2448 cu-

1937 2477 2153 2545 jusdam
2185 2479 2398 2535 devota
2429 2479 2646 2536 feminae
2675 2494 2738 2535 ac
2778 2480 3136 2536 nubilissima
3185 2485 3450 2537 matrona
3499 2483 3602 2537 Lu-

1943 2567 2085 2622 cina
2115 2567 2288 2624 levata
2323 2580 2451 2626 sunt
2482 2583 2718 2640 corpora
2757 2569 3134 2640 apostolorum
3171 2571 3320 2626 Petri
3361 2577 3416 2626 et
3445 2571 3598 2626 Pauli

1946 2654 2014 2708 de
2046 2658 2406 2723 catatumbis;
2451 2665 2506 2714 et
2535 2660 2712 2728 primo
2753 2660 2975 2729 quidem
3016 2660 3164 2716 beati
3212 2659 3365 2715 Pauli
3396 2672 3601 2728 corpus

1944 2742 2179 2799 levatum
2211 2746 2489 2802 silentium
2523 2746 2584 2778 ¹⁸¹ι
2612 2762 2676 2802 ac
2715 2749 2954 2816 positum
3003 2755 3087 2804 est
3138 2749 3196 2803 in
3246 2748 3439 2818 predio
3481 2761 3602 2816 pre-

1945 2831 2109 2888 dicta
2149 2840 2434 2902 matrona,
2470 2837 2553 2891 via
2585 2837 2823 2902 Ostensi,
2863 2836 2931 2891 ad
2980 2836 3123 2892 latus
3161 2837 3256 2891 ubi
3294 2835 3602 2891 decollatus

1945 2927 2047 2978 est.
2081 2925 2279 2979 Postea
2316 2940 2446 2982 vero
2503 2927 2651 2982 beati
2707 2926 3087 2996 apostolorum
3147 2925 3415 2995 principis
3453 2925 3599 2981 Petri

1942 3013 2256 3081 accepimus
2323 3029 2545 3084 corpus,
2606 3020 2660 3071 et
2717 3016 3093 3072 concedenter
3131 3028 3424 3085 possumus
3460 3013 3598 3070 illud

201 3097 498 3153 Cornelius
527 3100 777 3164 salutem,
813 3122 841 3153 »
885 3109 939 3158 et
984 3103 1195 3173 reliqua
1247 3106 1363 3174 (ep.
1419 3103 1468 3171 1,
1526 3103 1681 3174 131);
1734 3106 1922 3186 datac
1937 3102 2091 3170 juxta
2150 3102 2331 3159 locum
2370 3106 2461 3160 ubi
2495 3106 2789 3162 cruciﬁxus
2828 3111 2932 3173 est,
2992 3105 3138 3161 inter
3174 3118 3409 3174 corpora
3465 3117 3597 3160 san-

201 3186 252 3241 7.
287 3187 419 3242 ldus
451 3190 812 3259 Septembris,
843 3194 1009 3248 Decio
1050 3200 1104 3248 et
1150 3195 1379 3250 Maximo
1426 3195 1558 3249 viris
1605 3194 1852 3250 clarissi-
1937 3197 2152 3246 ctorum
2184 3193 2594 3263 episcoporum,
2637 3196 2692 3250 in
2733 3194 2939 3263 templo
2969 3195 3262 3264 Apollinis,
3304 3195 3361 3248 in
3411 3199 3598 3250 monte

202 3276 303 3330 mis
333 3279 684 3335 consulibus.
729 3281 909 3351 (alia):
945 3283 1293 3338 «Cornelius
1331 3283 1625 3354 episcopus
1662 3285 1718 3339 in
1749 3286 1855 3339 Do-
1935 3284 2135 3343 Aureo,
2205 3281 2261 3335 in
2327 3282 2588 3338 Vaticano
2656 3283 2843 3353 palatii
2907 3283 3228 3349 Neroniani,
3286 3282 3450 3337 tertia
3509 3281 3600 3336 die

203 3365 348 3422 mino
401 3368 662 3436 salutem,
704 3389 733 3422 »
774 3376 830 3426 et
859 3371 1070 3441 reliqua
1111 3374 1215 3442 (ep.
1247 3373 1301 3439 2,
1336 3388 1390 3442 p.
1425 3372 1539 3443 132)
1567 3395 1580 3437 ;
1613 3374 1738 3428 data
1768 3373 1851 3428 11.

205 3455 318 3511 Kal.
349 3457 530 3523 Junii,
563 3459 792 3514 Maximo
844 3466 898 3515 et
943 3462 1109 3516 Decio
1155 3461 1288 3516 viris
1342 3461 1661 3516 clarissimis
1717 3476 1855 3518 con-

202 3545 434 3603 sulibus.
485 3549 547 3602 1n
578 3549 970 3619 martyrologio
1001 3551 1113 3605 ita:
1156 3552 1343 3606 Roma
1389 3552 1475 3606 via
1512 3552 1649 3619 Apia
1687 3552 1742 3605 in
1773 3552 1856 3606 ci-

204 3635 419 3692 miterio
461 3635 677 3704 Calisti,
717 3637 797 3692 18.
842 3638 960 3692 Kal.
1002 3639 1259 3694 Octobris
1292 3640 1386 3709 (An
1425 3639 1616 3709 Mart.)
1662 3640 1861 3694 natalis

201 3725 373 3780 sancti
434 3725 685 3781 Cornelii
743 3741 899 3796 papa
948 3727 1050 3782 sub
1110 3727 1494 3797 persecutione
1550 3727 1699 3782 Decii
1739 3742 1860 3782 cum

204 3815 551 3883 prespeteris
581 3823 635 3870 et
668 3815 996 3870 diaconibus
1041 3815 1431 3871 Centumcellis
1477 3816 1641 3871 exilio
1681 3816 1860 3887 depu-

204 3903 328 3958 tatis
363 3904 423 3934 ¹δ²
449 3925 463 3971 ;
506 3904 575 3959 ad
607 3919 768 3974 quem
800 3905 1218 3961 confortandum
1250 3905 1406 3960 multi
1427 3907 1860 3962 Christianorum

203 3993 528 4048 veniebant.
556 3995 672 4059 Quo
714 4000 960 4064 tempore
1000 3995 1194 4050 beatus
1222 3995 1510 4064 Ciprianus
1547 3996 1772 4065 scripsit
1810 3996 1860 4050 ei

203 4080 267 4136 de
297 4083 565 4139 Celerino
605 4083 836 4151 lectore,
870 4091 1073 4154 quanta
1124 4098 1223 4154 pro
1264 4085 1368 4139 ﬁde
1409 4091 1464 4140 et
1502 4085 1858 4142 Confessione

202 4169 401 4228 Christi
435 4173 790 4228 sustinuerit.
832 4174 1028 4229 Decius
1067 4188 1251 4229 cessar
1287 4175 1517 4230 audiens
1545 4176 1672 4244 quia
1703 4176 1857 4230 multi

204 4259 249 4313 ei
289 4262 616 4318 scribebant
671 4262 740 4317 de
789 4263 949 4318 beato
997 4263 1274 4332 Cipriano,
1324 4265 1534 4334 rogavit
1583 4278 1706 4320 eum
1753 4265 1858 4320 sibi

204 4349 475 4407 exhiberi.
545 4351 834 4406 Exhibitus
888 4353 1055 4407 Decio
1105 4353 1489 4422 interroganti,
1541 4367 1640 4407 cur
1689 4367 1719 4407 a
1765 4353 1858 4408 Ci-

207 4438 396 4504 priano
441 4445 646 4496 contra
685 4454 800 4494 rem
833 4439 1106 4509 publicam
1155 4439 1368 4495 litteras
1410 4441 1724 4510 accipisset,
1775 4455 1929 4542 re-D

204 4529 468 4594 spondit:
535 4547 562 4579 «
610 4530 724 4599 Ego
777 4529 845 4584 de
893 4542 1099 4585 corona
1149 4528 1351 4584 Christi
1391 4528 1604 4584 litteras
1650 4530 1862 4599 accepi,

1939 3369 2306 3426 Kalendarum
2361 3372 2658 3438 Juliarum,
2717 3391 2744 3423 »
2796 3377 2851 3426 et
2897 3372 3130 3442 reliqua.
3191 3373 3322 3426 Hac
3361 3369 3595 3439 epistola

1941 3458 2068 3513 data
2105 3465 2190 3514 est
2234 3461 2289 3514 7.
2331 3460 2460 3515 ldus
2498 3461 2844 3529 Septimbris,
2886 3460 3054 3515 Decio
3102 3464 3157 3514 et
3194 3458 3426 3513 Maximo
3464 3455 3598 3512 viris

1942 3548 2262 3604 clarissimis
2289 3550 2631 3605 consulibus.

2015 3639 2311 3706 Postquam
2349 3652 2480 3693 vero
2528 3650 2723 3706 passus
2759 3636 2833 3691 sit
2870 3634 3179 3701 Cornelius,
3223 3634 3425 3690 Lucius
3456 3648 3596 3704 papa

1946 3727 2000 3781 in
2033 3727 2198 3782 tertio
2230 3740 2374 3782 anno
2413 3726 2562 3781 Decii
2593 3726 2888 3795 incipiens,
2929 3725 3074 3780 sedit
3104 3723 3386 3779 mensibus
3421 3723 3476 3792 5,
3510 3737 3601 3778 us-

1946 3830 2052 3885 que
2084 3815 2138 3869 4.
2181 3818 2365 3872 Nonas
2393 3816 2573 3871 Martii
2609 3813 2704 3886 (Cf.
2757 3814 2870 3870 Lib.
2916 3813 3112 3885 p0nt.),
3163 3814 3222 3869 in
3262 3813 3422 3869 initio
3469 3812 3599 3868 anni

1944 3907 2124 3975 quarti
2182 3907 2353 3973 Decii,
2402 3906 2506 3962 sub
2558 3905 2846 3961 Valeriano
2897 3903 3145 3975 prefecto
3186 3903 3411 3974 (Mart).
3462 3903 3596 3959 Inde

1942 3997 2253 4067 Stephanus
2292 4011 2430 4067 papa
2489 3996 2633 4052 sedit
2679 3997 2840 4051 annis
2885 3993 2941 4062 3,
2990 3994 3272 4050 mensibus
3317 3993 3374 4061 5,
3424 4007 3598 4064 usque

1941 4085 1996 4138 4.
2063 4087 2250 4141 Nonas
2295 4085 2546 4156 Augusti,
2597 4098 2708 4156 quo
2777 4099 2972 4155 passus
3028 4089 3112 4140 est
3169 4084 3271 4140 sub
3309 4083 3598 4140 Valeriano

1945 4173 2189 4245 prefecto
2246 4176 2302 4230 in
2369 4188 2514 4229 anno
2570 4181 2728 4229 sexto
2794 4174 2965 4228 Decii.
3006 4172 3310 4228 Decretalis
3365 4171 3599 4242 epistola

1943 4263 2124 4318 Zefani
2187 4277 2342 4332 papa
2385 4283 2411 4312 α
2452 4262 2822 4318 Dilectissimo
2886 4261 3041 4316 fratri
3101 4268 3267 4330 atque
3307 4258 3597 4314 familiario

1943 4353 2120 4408 amico
2169 4353 2398 4419 Hilario,
2449 4351 2681 4408 Zefanus
2731 4363 2872 4419 papa
2919 4348 3172 4414 salutem,
3216 4367 3244 4398 »
3286 4352 3341 4401 et
3386 4347 3600 4415 reliqua

1943 4441 2056 4513 (ep.
2096 4442 2144 4509 1,
2187 4457 2242 4511 p.
2281 4441 2400 4508 141)
2430 4463 2444 4509 ;
2486 4441 2612 4496 data
2638 4441 2692 4495 5.
2725 4440 2866 4494 Non.
2899 4436 3044 4504 Maii,
3077 4435 3366 4490 Valeriano
3399 4441 3456 4511 et
3477 4432 3600 4489 Gal-

1947 4530 2095 4586 liano
2152 4529 2282 4584 viris
2350 4527 2671 4584 clarissimis
2709 4524 3052 4582 consulibus.
3103 4523 3256 4579 Alia:
3303 4540 3331 4574 «
3370 4519 3602 4578 Zefanus

206 4627 313 4671 non
343 4625 551 4674 contra
588 4632 702 4674 rem
735 4617 1030 4687 publicam.
1066 4637 1093 4670 »
1134 4619 1311 4672 Iratus
1348 4617 1544 4672 Decius
1577 4619 1760 4686 jussit,
1803 4625 1862 4674 ut
1944 4623 2151 4674 sancta
2180 4616 2503 4687 apostolica
2543 4622 2598 4672 et
2647 4613 2974 4672 universalis
3019 4615 3282 4669 Romana
3331 4610 3599 4667 acclesia

206 4717 267 4759 os
296 4710 418 4776 ejus
448 4722 581 4764 cum
613 4707 906 4777 plumbatis
937 4708 1246 4774 cederetur,
1269 4706 1469 4763 deinde
1499 4707 1566 4762 ad
1599 4708 1860 4778 templum
1944 4709 2258 4776 episcopus,
2294 4722 2322 4761 »
2352 4711 2406 4761 et
2445 4705 2658 4776 reliqua
2706 4712 2816 4774 (ep.
2867 4705 2920 4759 2.
2969 4717 3026 4772 p.
3073 4699 3228 4771 145);
3282 4699 3408 4755 data
3453 4699 3596 4754 Non.

206 4793 391 4852 Martis
425 4803 491 4852 ut
532 4796 866 4852 sacriﬁcaret
914 4797 1243 4852 duceretur:
1304 4797 1452 4866 quod
1513 4796 1558 4850 si
1606 4805 1858 4851 contem-
1943 4797 2165 4868 Aprilis,
2200 4796 2488 4851 Valeriano
2537 4801 2592 4851 et
2637 4794 2883 4850 Galliano
2929 4791 3063 4846 viris
3100 4788 3420 4846 clarissimis
3467 4800 3601 4844 con-

208 4885 429 4952 psisset,
495 4885 611 4940 illic
651 4886 830 4955 capite
881 4886 1188 4955 puniretur.
1242 4888 1484 4955 Cumque
1543 4885 1860 4952 duceretur,
1945 4887 2176 4942 sulibus.
2211 4889 2330 4952 (An.
2384 4883 2574 4955 Mart.)
2632 4885 2692 4939 In
2750 4880 3129 4950 martirologio
3187 4879 3263 4933 ita
3320 4877 3596 4932 habetur:

209 4987 348 5029 unus
380 4989 451 5031 ex
490 4976 760 5030 militibus
788 4977 1009 5030 nomine
1039 4975 1280 5030 Cerealis
1317 4989 1510 5044 rogare
1551 4976 1698 5044 cepit
1735 4976 1863 5031 bea-
1947 4979 2118 5033 Rome
2184 4977 2242 5031 in
2307 4974 2580 5031 cimiterio
2647 4971 2835 5028 Calisti
2912 4969 3110 5024 natalis
3173 4967 3350 5023 sancti
3415 4963 3599 5021 Zefani

208 5067 320 5119 tum
377 5080 602 5136 papam,
651 5074 711 5120 ut
759 5067 1004 5121 visitaret
1041 5078 1268 5121 uxorem
1317 5066 1473 5133 ejus,
1534 5080 1657 5134 qua
1708 5068 1867 5121 annis
1948 5082 2105 5138 papa
2135 5072 2191 5122 et
2222 5065 2462 5120 martiris
2503 5063 2605 5119 sub
2645 5060 2933 5117 Valeriano
2963 5064 3019 5115 et
3063 5057 3310 5114 Galliano
3358 5056 3602 5125 impera-

208 5153 459 5222 quinque
493 5154 778 5223 paralitica
811 5155 1050 5223 jacebat.
1103 5156 1388 5224 Ingressus
1431 5157 1610 5207 autem
1662 5154 1718 5208 in
1758 5155 1864 5210 do-
1947 5155 2180 5211 toribus.
2223 5155 2346 5221 Qui,
2387 5166 2511 5208 cum
2560 5149 2872 5221 persecutio
2919 5162 3046 5204 seva
3092 5151 3426 5218 grasaretur,
3467 5155 3601 5199 con-

212 5254 360 5296 mum
421 5243 566 5311 ejus,
625 5243 803 5297 tenuit
849 5256 1068 5297 manum
1106 5243 1378 5307 Salustia,
1431 5247 1485 5296 et
1534 5243 1708 5298 erexit
1747 5258 1864 5299 eam
1947 5248 2171 5316 gregato
2212 5243 2468 5298 universo
2500 5240 2650 5296 clero
2681 5252 2804 5305 suo,
2846 5238 3099 5293 hortatus
3147 5243 3232 5291 est
3278 5246 3375 5290 eos
3405 5238 3465 5288 ut
3495 5244 3597 5302 pro

211 5326 444 5384 dicens:
489 5349 515 5379 ι
546 5333 604 5386 In
636 5333 857 5387 nomine
894 5333 1023 5387 Jesu
1060 5331 1261 5386 Christi
1292 5332 1574 5398 Nazareni,
1615 5346 1778 5403 surge
1809 5338 1864 5389 et
1943 5334 2161 5389 Christo
2197 5343 2457 5387 coronam
2512 5327 2745 5383 martirii
2793 5325 3052 5381 alacriter
3098 5323 3468 5393 susciperent.
3501 5322 3601 5377 Or-

208 5421 294 5472 sta
341 5432 522 5489 super
557 5420 726 5491 pedes
761 5426 907 5477 tuos.
957 5438 988 5473 »
1045 5421 1177 5488 Qua
1228 5420 1480 5490 protinus
1531 5423 1706 5477 erexit
1757 5437 1816 5478 se
1845 5466 1860 5491 ,
1943 5423 2224 5479 dinaverat
2288 5424 2404 5477 tres
2462 5416 2805 5490 presbiteros
2867 5420 2925 5473 et
2987 5417 3201 5484 septem
3239 5411 3507 5470 diaconos
3545 5414 3601 5466 et

1583 5519 1808 5577 VARI/E
1853 5519 2240 5579 LECTIONES.

285 5595 349 5629 ¹⁸²
389 5597 588 5668 deputi
617 5599 665 5653 1.
741 5598 805 5632 ¹⁸³
835 5599 1148 5670 plectentur
1181 5598 1252 5653 1?
1327 5596 1388 5629 ‘“
1416 5596 1526 5666 lege
1553 5597 1798 5657 silentio.
